  <div class='ocr_page' id='page_1' title='image "/cluster/home/n/w/nwhite01/storage/ocr_20150623/111/uva.x000827067/229.png"; bbox 0 0 3922 6358; ppageno 0'>
   <div class='ocr_carea' id='block_1_1' title="bbox 449 363 556 420">
    <p class='ocr_par' dir='ltr' id='par_1_1' title="bbox 449 363 556 420">
     <span class='ocr_line' id='line_1_1' title="bbox 449 363 556 420; baseline 0.019 -2"><span class='ocrx_word' id='word_1_1' title='bbox 449 363 556 420; x_wconf 62' lang='grc'><strong>433</strong></span> 
     </span>
    </p>
   </div>
   <div class='ocr_carea' id='block_1_2' title="bbox 1252 468 1712 521">
    <p class='ocr_par' dir='ltr' id='par_1_2' title="bbox 1252 468 1712 521">
     <span class='ocr_line' id='line_1_2' title="bbox 1252 468 1712 521; baseline 0 -1"><span class='ocrx_word' id='word_1_2' title='bbox 1252 468 1390 521; x_wconf 91' lang='lat' dir='ltr'><strong>Tunc</strong></span> <span class='ocrx_word' id='word_1_3' title='bbox 1412 468 1568 520; x_wconf 83' lang='lat' dir='ltr'><strong>lactea</strong></span> <span class='ocrx_word' id='word_1_4' title='bbox 1591 469 1712 520; x_wconf 78' lang='lat' dir='ltr'><strong>colla</strong></span> 
     </span>
    </p>
   </div>
   <div class='ocr_carea' id='block_1_3' title="bbox 705 534 1230 593">
    <p class='ocr_par' dir='ltr' id='par_1_3' title="bbox 705 534 1230 593">
     <span class='ocr_line' id='line_1_3' title="bbox 705 534 1230 593; baseline -0.006 -11"><span class='ocrx_word' id='word_1_5' title='bbox 705 534 834 582; x_wconf 80' lang='lat' dir='ltr'><strong>Auro</strong></span> <span class='ocrx_word' id='word_1_6' title='bbox 871 536 1190 583; x_wconf 82' lang='lat' dir='ltr'><strong>innectuntur</strong></span> <span class='ocrx_word' id='word_1_7' title='bbox 1216 545 1230 593; x_wconf 89' lang='lat'><strong>;</strong></span> 
     </span>
    </p>
   </div>
   <div class='ocr_carea' id='block_1_4' title="bbox 449 632 2040 692">
    <p class='ocr_par' dir='ltr' id='par_1_4' title="bbox 449 632 2040 692">
     <span class='ocr_line' id='line_1_4' title="bbox 449 632 2040 692; baseline -0.004 0"><span class='ocrx_word' id='word_1_8' title='bbox 449 637 746 692; x_wconf 87' lang='lat' dir='ltr'><strong>secundum</strong></span> <span class='ocrx_word' id='word_1_9' title='bbox 779 635 1149 691; x_wconf 85' lang='lat' dir='ltr'><strong>diversitatem</strong></span> <span class='ocrx_word' id='word_1_10' title='bbox 1175 635 1320 689; x_wconf 88' lang='lat' dir='ltr'><strong>enim</strong></span> <span class='ocrx_word' id='word_1_11' title='bbox 1346 633 1471 690; x_wconf 73' lang='lat' dir='ltr'><strong>cceli</strong></span> <span class='ocrx_word' id='word_1_12' title='bbox 1494 643 1550 690; x_wconf 89' lang='lat' dir='ltr'><strong>et</strong></span> <span class='ocrx_word' id='word_1_13' title='bbox 1568 633 1736 690; x_wconf 81' lang='lat' dir='ltr'><strong>facies</strong></span> <span class='ocrx_word' id='word_1_14' title='bbox 1760 632 2040 688; x_wconf 85' lang='lat' dir='ltr'><strong>hominum</strong></span> 
     </span>
    </p>
   </div>
   <div class='ocr_carea' id='block_1_5' title="bbox 446 724 2040 794">
    <p class='ocr_par' dir='ltr' id='par_1_5' title="bbox 446 724 2040 794">
     <span class='ocr_line' id='line_1_5' title="bbox 446 724 2040 794; baseline -0.003 -12"><span class='ocrx_word' id='word_1_15' title='bbox 446 737 500 782; x_wconf 92' lang='lat' dir='ltr'><strong>et</strong></span> <span class='ocrx_word' id='word_1_16' title='bbox 535 727 742 782; x_wconf 87' lang='lat' dir='ltr'><strong>colores</strong></span> <span class='ocrx_word' id='word_1_17' title='bbox 770 736 827 780; x_wconf 90' lang='lat' dir='ltr'><strong>et</strong></span> <span class='ocrx_word' id='word_1_18' title='bbox 853 741 1141 794; x_wconf 84' lang='lat' dir='ltr'><strong>corporum</strong></span> <span class='ocrx_word' id='word_1_19' title='bbox 1170 725 1519 794; x_wconf 71' lang='lat' dir='ltr'><strong>quantitates,</strong></span> <span class='ocrx_word' id='word_1_20' title='bbox 1548 735 1604 779; x_wconf 92' lang='lat' dir='ltr'><strong>et</strong></span> <span class='ocrx_word' id='word_1_21' title='bbox 1629 724 1930 778; x_wconf 89' lang='lat' dir='ltr'><strong>animorum</strong></span> <span class='ocrx_word' id='word_1_22' title='bbox 1958 725 2040 779; x_wconf 85' lang='lat' dir='ltr'><strong>di-</strong></span> 
     </span>
    </p>
   </div>
   <div class='ocr_carea' id='block_1_6' title="bbox 449 815 2040 886">
    <p class='ocr_par' dir='ltr' id='par_1_6' title="bbox 449 815 2040 886">
     <span class='ocr_line' id='line_1_6' title="bbox 449 815 2040 886; baseline 0 -16"><span class='ocrx_word' id='word_1_23' title='bbox 449 818 736 871; x_wconf 86' lang='lat' dir='ltr'><strong>versitates</strong></span> <span class='ocrx_word' id='word_1_24' title='bbox 781 817 1043 870; x_wconf 86' lang='lat' dir='ltr'><strong>existunt.</strong></span> <span class='ocrx_word' id='word_1_25' title='bbox 1087 815 1215 870; x_wconf 87' lang='lat' dir='ltr'><strong>lude</strong></span> <span class='ocrx_word' id='word_1_26' title='bbox 1261 815 1539 871; x_wconf 83' lang='lat' dir='ltr'><strong>Romanos</strong></span> <span class='ocrx_word' id='word_1_27' title='bbox 1571 832 1792 886; x_wconf 81' lang='lat' dir='ltr'><strong>graves,</strong></span> <span class='ocrx_word' id='word_1_28' title='bbox 1823 815 2040 871; x_wconf 58' lang='lat' dir='ltr'><strong>Graecos</strong></span> 
     </span>
    </p>
   </div>
   <div class='ocr_carea' id='block_1_7' title="bbox 446 905 2041 978">
    <p class='ocr_par' dir='ltr' id='par_1_7' title="bbox 446 905 2041 978">
     <span class='ocr_line' id='line_1_7' title="bbox 446 905 2041 978; baseline 0.001 -18"><span class='ocrx_word' id='word_1_29' title='bbox 446 908 610 970; x_wconf 87' lang='lat' dir='ltr'><strong>leves,</strong></span> <span class='ocrx_word' id='word_1_30' title='bbox 629 907 788 961; x_wconf 81' lang='lat' dir='ltr'><strong>Afros</strong></span> <span class='ocrx_word' id='word_1_31' title='bbox 817 908 1146 978; x_wconf 83' lang='lat' dir='ltr'><strong>versipelles,</strong></span> <span class='ocrx_word' id='word_1_32' title='bbox 1178 905 1360 961; x_wconf 82' lang='lat' dir='ltr'><strong>Gallos</strong></span> <span class='ocrx_word' id='word_1_33' title='bbox 1389 916 1578 961; x_wconf 85' lang='lat' dir='ltr'><strong>natura</strong></span> <span class='ocrx_word' id='word_1_34' title='bbox 1613 907 1839 973; x_wconf 80' lang='lat' dir='ltr'><strong>feroces,</strong></span> <span class='ocrx_word' id='word_1_35' title='bbox 1868 909 2041 962; x_wconf 89' lang='lat' dir='ltr'><strong>acrio-</strong></span> 
     </span>
    </p>
   </div>
   <div class='ocr_carea' id='block_1_8' title="bbox 447 997 2037 1069">
    <p class='ocr_par' dir='ltr' id='par_1_8' title="bbox 447 997 2037 1069">
     <span class='ocr_line' id='line_1_8' title="bbox 447 997 2037 1069; baseline 0 -17"><span class='ocrx_word' id='word_1_36' title='bbox 447 1014 534 1052; x_wconf 91' lang='lat' dir='ltr'><strong>res</strong></span> <span class='ocrx_word' id='word_1_37' title='bbox 592 999 807 1069; x_wconf 86' lang='lat' dir='ltr'><strong>ingenio</strong></span> <span class='ocrx_word' id='word_1_38' title='bbox 865 999 1243 1068; x_wconf 81' lang='lat' dir='ltr'><strong>pervidemus;</strong></span> <span class='ocrx_word' id='word_1_39' title='bbox 1307 997 1450 1068; x_wconf 89' lang='lat' dir='ltr'><strong>quod</strong></span> <span class='ocrx_word' id='word_1_40' title='bbox 1509 1007 1706 1053; x_wconf 90' lang='lat' dir='ltr'><strong>natura</strong></span> <span class='ocrx_word' id='word_1_41' title='bbox 1759 998 2037 1053; x_wconf 82' lang='lat' dir='ltr'><strong>climatum</strong></span> 
     </span>
    </p>
   </div>
   <div class='ocr_carea' id='block_1_9' title="bbox 447 1088 600 1140">
    <p class='ocr_par' dir='ltr' id='par_1_9' title="bbox 447 1088 600 1140">
     <span class='ocr_line' id='line_1_9' title="bbox 447 1088 600 1140; baseline -0.007 0"><span class='ocrx_word' id='word_1_42' title='bbox 447 1088 552 1140; x_wconf 75' lang='lat' dir='ltr'><strong>fuci</strong></span> <span class='ocrx_word' id='word_1_43' title='bbox 565 1097 600 1139; x_wconf 95' lang='lat' dir='ltr'><strong>t.</strong></span> 
     </span>
    </p>
   </div>
   <div class='ocr_carea' id='block_1_10' title="bbox 516 1176 2032 1249">
    <p class='ocr_par' dir='ltr' id='par_1_10' title="bbox 516 1176 2032 1249">
     <span class='ocr_line' id='line_1_10' title="bbox 516 1176 2032 1249; baseline 0.001 -18"><span class='ocrx_word' id='word_1_44' title='bbox 516 1176 652 1231; x_wconf 89' lang='lat' dir='ltr'><strong>Galli</strong></span> <span class='ocrx_word' id='word_1_45' title='bbox 677 1187 856 1232; x_wconf 87' lang='lat' dir='ltr'><strong>autem</strong></span> <span class='ocrx_word' id='word_1_46' title='bbox 883 1177 1145 1244; x_wconf 86' lang='lat' dir='ltr'><strong>Senones,</strong></span> <span class='ocrx_word' id='word_1_47' title='bbox 1176 1178 1476 1249; x_wconf 89' lang='lat' dir='ltr'><strong>antiquitus</strong></span> <span class='ocrx_word' id='word_1_48' title='bbox 1502 1177 1755 1234; x_wconf 82' lang='lat' dir='ltr'><strong>Xenones</strong></span> <span class='ocrx_word' id='word_1_49' title='bbox 1783 1179 2032 1234; x_wconf 89' lang='lat' dir='ltr'><strong>diceban-</strong></span> 
     </span>
    </p>
   </div>
   <div class='ocr_carea' id='block_1_11' title="bbox 444 1269 2036 1341">
    <p class='ocr_par' dir='ltr' id='par_1_11' title="bbox 444 1269 2036 1341">
     <span class='ocr_line' id='line_1_11' title="bbox 444 1269 2036 1341; baseline 0.002 -19"><span class='ocrx_word' id='word_1_50' title='bbox 444 1275 553 1332; x_wconf 86' lang='lat' dir='ltr'><strong>tur,</strong></span> <span class='ocrx_word' id='word_1_51' title='bbox 589 1269 732 1336; x_wconf 90' lang='lat' dir='ltr'><strong>quod</strong></span> <span class='ocrx_word' id='word_1_52' title='bbox 769 1269 1024 1323; x_wconf 88' lang='lat' dir='ltr'><strong>Liberum</strong></span> <span class='ocrx_word' id='word_1_53' title='bbox 1049 1270 1282 1340; x_wconf 90' lang='lat' dir='ltr'><strong>hospitio</strong></span> <span class='ocrx_word' id='word_1_54' title='bbox 1310 1270 1640 1341; x_wconf 87' lang='lat' dir='ltr'><strong>recepissent</strong></span> <span class='ocrx_word' id='word_1_55' title='bbox 1665 1289 1678 1324; x_wconf 90' lang='lat'><strong>:</strong></span> <span class='ocrx_word' id='word_1_56' title='bbox 1707 1279 1894 1340; x_wconf 90' lang='lat' dir='ltr'><strong>postea</strong></span> <span class='ocrx_word' id='word_1_57' title='bbox 1920 1286 1956 1323; x_wconf 57' lang='lat' dir='ltr'><strong>at</strong></span> <span class='ocrx_word' id='word_1_58' title='bbox 1981 1271 2036 1325; x_wconf 81' lang='lat' dir='ltr'><strong>in</strong></span> 
     </span>
    </p>
   </div>
   <div class='ocr_carea' id='block_1_12' title="bbox 441 1359 1222 1416">
    <p class='ocr_par' dir='ltr' id='par_1_12' title="bbox 441 1359 1222 1416">
     <span class='ocr_line' id='line_1_12' title="bbox 441 1359 1222 1416; baseline 0.006 -5"><span class='ocrx_word' id='word_1_59' title='bbox 441 1377 467 1412; x_wconf 72' lang='grc' dir='ltr'><strong><em>ε</em></strong></span> <span class='ocrx_word' id='word_1_60' title='bbox 492 1359 726 1414; x_wconf 84' lang='lat' dir='ltr'><strong>litteram</strong></span> <span class='ocrx_word' id='word_1_61' title='bbox 757 1369 1088 1416; x_wconf 89' lang='lat' dir='ltr'><strong>commutata</strong></span> <span class='ocrx_word' id='word_1_62' title='bbox 1119 1371 1222 1416; x_wconf 91' lang='lat' dir='ltr'><strong>est.</strong></span> 
     </span>
    </p>
   </div>
   <div class='ocr_carea' id='block_1_13' title="bbox 514 1452 2040 1524">
    <p class='ocr_par' dir='ltr' id='par_1_13' title="bbox 514 1452 2040 1524">
     <span class='ocr_line' id='line_1_13' title="bbox 514 1452 2040 1524; baseline 0.001 -18"><span class='ocrx_word' id='word_1_63' title='bbox 514 1452 693 1506; x_wconf 80' lang='lat' dir='ltr'><strong>Vacca</strong></span> <span class='ocrx_word' id='word_1_64' title='bbox 723 1453 979 1521; x_wconf 80' lang='lat' dir='ltr'><strong>oppidum</strong></span> <span class='ocrx_word' id='word_1_65' title='bbox 1025 1453 1123 1507; x_wconf 79' lang='lat' dir='ltr'><strong>fuit</strong></span> <span class='ocrx_word' id='word_1_66' title='bbox 1142 1454 1297 1524; x_wconf 82' lang='lat' dir='ltr'><strong>juxta</strong></span> <span class='ocrx_word' id='word_1_67' title='bbox 1325 1453 1638 1524; x_wconf 66' lang='lat' dir='ltr'><strong>Pyrenaeum</strong></span> <span class='ocrx_word' id='word_1_68' title='bbox 1661 1495 1675 1519; x_wconf 95' lang='lat'><strong>,</strong></span> <span class='ocrx_word' id='word_1_69' title='bbox 1712 1469 1740 1507; x_wconf 93' lang='lat' dir='ltr'><strong>a</strong></span> <span class='ocrx_word' id='word_1_70' title='bbox 1777 1469 1885 1524; x_wconf 89' lang='lat' dir='ltr'><strong>quo</strong></span> <span class='ocrx_word' id='word_1_71' title='bbox 1912 1463 2040 1509; x_wconf 89' lang='lat' dir='ltr'><strong>sunt</strong></span> 
     </span>
    </p>
   </div>
   <div class='ocr_carea' id='block_1_14' title="bbox 443 1545 2034 1617">
    <p class='ocr_par' dir='ltr' id='par_1_14' title="bbox 443 1545 2034 1617">
     <span class='ocr_line' id='line_1_14' title="bbox 443 1545 2034 1617; baseline 0.003 -19"><span class='ocrx_word' id='word_1_72' title='bbox 443 1547 816 1615; x_wconf 88' lang='lat' dir='ltr'><strong>cognominati</strong></span> <span class='ocrx_word' id='word_1_73' title='bbox 863 1545 1070 1602; x_wconf 66' lang='lat' dir='ltr'><strong>Vaccaei</strong></span> <span class='ocrx_word' id='word_1_74' title='bbox 1099 1587 1113 1612; x_wconf 95' lang='lat'><strong>,</strong></span> <span class='ocrx_word' id='word_1_75' title='bbox 1172 1547 1239 1602; x_wconf 87' lang='lat' dir='ltr'><strong>de</strong></span> <span class='ocrx_word' id='word_1_76' title='bbox 1292 1548 1491 1617; x_wconf 88' lang='lat' dir='ltr'><strong>quibus</strong></span> <span class='ocrx_word' id='word_1_77' title='bbox 1547 1548 1788 1601; x_wconf 90' lang='lat' dir='ltr'><strong>creditur</strong></span> <span class='ocrx_word' id='word_1_78' title='bbox 1835 1548 2034 1603; x_wconf 76' lang='lat' dir='ltr'><strong>dixisse</strong></span> 
     </span>
    </p>
   </div>
   <div class='ocr_carea' id='block_1_15' title="bbox 441 1647 646 1706">
    <p class='ocr_par' dir='ltr' id='par_1_15' title="bbox 441 1647 646 1706">
     <span class='ocr_line' id='line_1_15' title="bbox 441 1647 646 1706; baseline 0 -16"><span class='ocrx_word' id='word_1_79' title='bbox 441 1647 599 1706; x_wconf 82' lang='lat' dir='ltr'><strong>poeta</strong></span> <span class='ocrx_word' id='word_1_80' title='bbox 634 1657 646 1690; x_wconf 90' lang='lat'><strong>:</strong></span> 
     </span>
    </p>
   </div>
   <div class='ocr_carea' id='block_1_16' title="bbox 1156 1727 1635 1792">
    <p class='ocr_par' dir='ltr' id='par_1_16' title="bbox 1156 1727 1635 1792">
     <span class='ocr_line' id='line_1_16' title="bbox 1156 1727 1635 1792; baseline -0.004 -13"><span class='ocrx_word' id='word_1_81' title='bbox 1156 1727 1375 1792; x_wconf 82' lang='lat' dir='ltr'><strong>Lateque</strong></span> <span class='ocrx_word' id='word_1_82' title='bbox 1402 1735 1635 1789; x_wconf 75' lang='lat' dir='ltr'><strong>vagantes</strong></span> 
     </span>
    </p>
   </div>
   <div class='ocr_carea' id='block_1_17' title="bbox 693 1789 900 1841">
    <p class='ocr_par' dir='ltr' id='par_1_17' title="bbox 693 1789 900 1841">
     <span class='ocr_line' id='line_1_17' title="bbox 693 1789 900 1841; baseline 0.024 -5"><span class='ocrx_word' id='word_1_83' title='bbox 693 1789 900 1841; x_wconf 72' lang='lat' dir='ltr'><strong>VaCCII.</strong></span> 
     </span>
    </p>
   </div>
   <div class='ocr_carea' id='block_1_18' title="bbox 440 1892 2026 1963">
    <p class='ocr_par' dir='ltr' id='par_1_18' title="bbox 440 1892 2026 1963">
     <span class='ocr_line' id='line_1_18' title="bbox 440 1892 2026 1963; baseline 0 -17"><span class='ocrx_word' id='word_1_84' title='bbox 440 1892 502 1946; x_wconf 82' lang='lat' dir='ltr'><strong>Hi</strong></span> <span class='ocrx_word' id='word_1_85' title='bbox 533 1893 773 1962; x_wconf 88' lang='lat' dir='ltr'><strong>Pyrenaei</strong></span> <span class='ocrx_word' id='word_1_86' title='bbox 795 1893 942 1963; x_wconf 88' lang='lat' dir='ltr'><strong>jugis</strong></span> <span class='ocrx_word' id='word_1_87' title='bbox 976 1892 1308 1962; x_wconf 89' lang='lat' dir='ltr'><strong>peramplam</strong></span> <span class='ocrx_word' id='word_1_88' title='bbox 1342 1893 1543 1946; x_wconf 91' lang='lat' dir='ltr'><strong>montis</strong></span> <span class='ocrx_word' id='word_1_89' title='bbox 1565 1892 1815 1947; x_wconf 88' lang='lat' dir='ltr'><strong>habitant</strong></span> <span class='ocrx_word' id='word_1_90' title='bbox 1842 1893 2026 1948; x_wconf 91' lang='lat' dir='ltr'><strong>solitu-</strong></span> 
     </span>
    </p>
   </div>
   <div class='ocr_carea' id='block_1_19' title="bbox 435 1982 2026 2053">
    <p class='ocr_par' dir='ltr' id='par_1_19' title="bbox 435 1982 2026 2053">
     <span class='ocr_line' id='line_1_19' title="bbox 435 1982 2026 2053; baseline 0.003 -17"><span class='ocrx_word' id='word_1_91' title='bbox 435 1982 616 2036; x_wconf 90' lang='lat' dir='ltr'><strong>dinem</strong></span> <span class='ocrx_word' id='word_1_92' title='bbox 646 1998 660 2036; x_wconf 92' lang='lat'><strong>:</strong></span> <span class='ocrx_word' id='word_1_93' title='bbox 694 1984 856 2038; x_wconf 92' lang='lat' dir='ltr'><strong>iidem</strong></span> <span class='ocrx_word' id='word_1_94' title='bbox 897 1993 951 2038; x_wconf 90' lang='lat' dir='ltr'><strong>et</strong></span> <span class='ocrx_word' id='word_1_95' title='bbox 989 1985 1297 2050; x_wconf 73' lang='lat' dir='ltr'><strong>Vascones,</strong></span> <span class='ocrx_word' id='word_1_96' title='bbox 1338 1985 1490 2053; x_wconf 90' lang='lat' dir='ltr'><strong>quasi</strong></span> <span class='ocrx_word' id='word_1_97' title='bbox 1523 1986 1798 2040; x_wconf 84' lang='lat' dir='ltr'><strong>Vacconcs</strong></span> <span class='ocrx_word' id='word_1_98' title='bbox 1818 2028 1832 2052; x_wconf 93' lang='lat'><strong>,</strong></span> <span class='ocrx_word' id='word_1_99' title='bbox 1860 2003 1887 2039; x_wconf 76' lang='grc' dir='ltr'><strong><em>ο</em></strong></span> <span class='ocrx_word' id='word_1_100' title='bbox 1917 1987 1978 2040; x_wconf 85' lang='lat' dir='ltr'><strong>in</strong></span> <span class='ocrx_word' id='word_1_101' title='bbox 2000 2003 2026 2039; x_wconf 72' lang='grc' dir='ltr'><strong><em>δ</em></strong></span> 
     </span>
    </p>
   </div>
   <div class='ocr_carea' id='block_1_20' title="bbox 436 2071 2019 2146">
    <p class='ocr_par' dir='ltr' id='par_1_20' title="bbox 436 2071 2019 2146">
     <span class='ocr_line' id='line_1_20' title="bbox 436 2071 2019 2146; baseline 0.003 -20"><span class='ocrx_word' id='word_1_102' title='bbox 436 2071 672 2127; x_wconf 90' lang='lat' dir='ltr'><strong>litteram</strong></span> <span class='ocrx_word' id='word_1_103' title='bbox 720 2075 1031 2139; x_wconf 89' lang='lat' dir='ltr'><strong>demutata;</strong></span> <span class='ocrx_word' id='word_1_104' title='bbox 1080 2091 1218 2144; x_wconf 91' lang='lat' dir='ltr'><strong>quos</strong></span> <span class='ocrx_word' id='word_1_105' title='bbox 1271 2075 1450 2130; x_wconf 89' lang='lat' dir='ltr'><strong>Cneus</strong></span> <span class='ocrx_word' id='word_1_106' title='bbox 1511 2076 1832 2146; x_wconf 87' lang='lat' dir='ltr'><strong>Pompeius,</strong></span> <span class='ocrx_word' id='word_1_107' title='bbox 1897 2077 2019 2132; x_wconf 81' lang='lat' dir='ltr'><strong>edo—</strong></span> 
     </span>
    </p>
   </div>
   <div class='ocr_carea' id='block_1_21' title="bbox 437 2163 2026 2234">
    <p class='ocr_par' dir='ltr' id='par_1_21' title="bbox 437 2163 2026 2234">
     <span class='ocr_line' id='line_1_21' title="bbox 437 2163 2026 2234; baseline 0.003 -19"><span class='ocrx_word' id='word_1_108' title='bbox 437 2163 566 2216; x_wconf 90' lang='lat' dir='ltr'><strong>mita</strong></span> <span class='ocrx_word' id='word_1_109' title='bbox 600 2163 893 2233; x_wconf 82' lang='lat' dir='ltr'><strong>Hispania,</strong></span> <span class='ocrx_word' id='word_1_110' title='bbox 942 2163 1008 2217; x_wconf 90' lang='lat' dir='ltr'><strong>ad</strong></span> <span class='ocrx_word' id='word_1_111' title='bbox 1053 2163 1388 2234; x_wconf 86' lang='lat' dir='ltr'><strong>triumphum</strong></span> <span class='ocrx_word' id='word_1_112' title='bbox 1424 2167 1602 2219; x_wconf 89' lang='lat' dir='ltr'><strong>redire</strong></span> <span class='ocrx_word' id='word_1_113' title='bbox 1645 2165 1930 2231; x_wconf 82' lang='lat' dir='ltr'><strong>festinans,</strong></span> <span class='ocrx_word' id='word_1_114' title='bbox 1959 2165 2026 2220; x_wconf 89' lang='lat' dir='ltr'><strong>de</strong></span> 
     </span>
    </p>
   </div>
   <div class='ocr_carea' id='block_1_22' title="bbox 440 2251 2026 2324">
    <p class='ocr_par' dir='ltr' id='par_1_22' title="bbox 440 2251 2026 2324">
     <span class='ocr_line' id='line_1_22' title="bbox 440 2251 2026 2324; baseline 0.003 -20"><span class='ocrx_word' id='word_1_115' title='bbox 440 2251 680 2321; x_wconf 67' lang='lat' dir='ltr'><strong>Pyrentei</strong></span> <span class='ocrx_word' id='word_1_116' title='bbox 703 2253 849 2323; x_wconf 88' lang='lat' dir='ltr'><strong>jngis</strong></span> <span class='ocrx_word' id='word_1_117' title='bbox 879 2254 1146 2321; x_wconf 85' lang='lat' dir='ltr'><strong>deposuit,</strong></span> <span class='ocrx_word' id='word_1_118' title='bbox 1173 2261 1227 2305; x_wconf 85' lang='lat' dir='ltr'><strong>et</strong></span> <span class='ocrx_word' id='word_1_119' title='bbox 1251 2253 1303 2305; x_wconf 90' lang='lat' dir='ltr'><strong>in</strong></span> <span class='ocrx_word' id='word_1_120' title='bbox 1329 2269 1495 2306; x_wconf 91' lang='lat' dir='ltr'><strong>unum</strong></span> <span class='ocrx_word' id='word_1_121' title='bbox 1522 2254 1777 2322; x_wconf 88' lang='lat' dir='ltr'><strong>oppidum</strong></span> <span class='ocrx_word' id='word_1_122' title='bbox 1799 2269 2026 2324; x_wconf 87' lang='lat' dir='ltr'><strong>congre-</strong></span> 
     </span>
    </p>
   </div>
   <div class='ocr_carea' id='block_1_23' title="bbox 434 2343 2020 2413">
    <p class='ocr_par' dir='ltr' id='par_1_23' title="bbox 434 2343 2020 2413">
     <span class='ocr_line' id='line_1_23' title="bbox 434 2343 2020 2413; baseline 0.003 -20"><span class='ocrx_word' id='word_1_123' title='bbox 434 2343 619 2410; x_wconf 88' lang='lat' dir='ltr'><strong>gavit:</strong></span> <span class='ocrx_word' id='word_1_124' title='bbox 654 2343 796 2395; x_wconf 90' lang='lat' dir='ltr'><strong>unde</strong></span> <span class='ocrx_word' id='word_1_125' title='bbox 841 2350 896 2396; x_wconf 84' lang='lat' dir='ltr'><strong>et</strong></span> <span class='ocrx_word' id='word_1_126' title='bbox 939 2357 1307 2396; x_wconf 79' lang='lat' dir='ltr'><strong>convenarum</strong></span> <span class='ocrx_word' id='word_1_127' title='bbox 1368 2343 1498 2395; x_wconf 89' lang='lat' dir='ltr'><strong>urbs</strong></span> <span class='ocrx_word' id='word_1_128' title='bbox 1550 2358 1744 2397; x_wconf 90' lang='lat' dir='ltr'><strong>nomen</strong></span> <span class='ocrx_word' id='word_1_129' title='bbox 1793 2345 2020 2413; x_wconf 88' lang='lat' dir='ltr'><strong>accepit.</strong></span> 
     </span>
    </p>
   </div>
   <div class='ocr_carea' id='block_1_24' title="bbox 434 2431 2022 2502">
    <p class='ocr_par' dir='ltr' id='par_1_24' title="bbox 434 2431 2022 2502">
     <span class='ocr_line' id='line_1_24' title="bbox 434 2431 2022 2502; baseline 0.003 -18"><span class='ocrx_word' id='word_1_130' title='bbox 434 2431 656 2500; x_wconf 85' lang='lat' dir='ltr'><strong>Hispani</strong></span> <span class='ocrx_word' id='word_1_131' title='bbox 709 2433 775 2485; x_wconf 90' lang='lat' dir='ltr'><strong>ab</strong></span> <span class='ocrx_word' id='word_1_132' title='bbox 823 2431 979 2486; x_wconf 86' lang='lat' dir='ltr'><strong>Ibero</strong></span> <span class='ocrx_word' id='word_1_133' title='bbox 1031 2447 1188 2486; x_wconf 87' lang='lat' dir='ltr'><strong>amne</strong></span> <span class='ocrx_word' id='word_1_134' title='bbox 1238 2431 1473 2500; x_wconf 90' lang='lat' dir='ltr'><strong>primum</strong></span> <span class='ocrx_word' id='word_1_135' title='bbox 1520 2431 1686 2498; x_wconf 88' lang='lat' dir='ltr'><strong>lberi,</strong></span> <span class='ocrx_word' id='word_1_136' title='bbox 1724 2441 1910 2502; x_wconf 87' lang='lat' dir='ltr'><strong>postea</strong></span> <span class='ocrx_word' id='word_1_137' title='bbox 1954 2434 2022 2488; x_wconf 91' lang='lat' dir='ltr'><strong>ab</strong></span> 
     </span>
    </p>
   </div>
   <div class='ocr_carea' id='block_1_25' title="bbox 434 2520 1466 2592">
    <p class='ocr_par' dir='ltr' id='par_1_25' title="bbox 434 2520 1466 2592">
     <span class='ocr_line' id='line_1_25' title="bbox 434 2520 1466 2592; baseline 0 -18"><span class='ocrx_word' id='word_1_138' title='bbox 434 2520 652 2590; x_wconf 80' lang='lat' dir='ltr'><strong>Hispalo</strong></span> <span class='ocrx_word' id='word_1_139' title='bbox 679 2520 900 2590; x_wconf 89' lang='lat' dir='ltr'><strong>Hispani</strong></span> <span class='ocrx_word' id='word_1_140' title='bbox 931 2521 1294 2592; x_wconf 77' lang='lat' dir='ltr'><strong>cognominati</strong></span> <span class='ocrx_word' id='word_1_141' title='bbox 1319 2530 1466 2575; x_wconf 88' lang='lat' dir='ltr'><strong>sunt.</strong></span> 
     </span>
    </p>
   </div>
   <div class='ocr_carea' id='block_1_26' title="bbox 501 2613 2022 2685">
    <p class='ocr_par' dir='ltr' id='par_1_26' title="bbox 501 2613 2022 2685">
     <span class='ocr_line' id='line_1_26' title="bbox 501 2613 2022 2685; baseline 0.001 -19"><span class='ocrx_word' id='word_1_142' title='bbox 501 2613 707 2667; x_wconf 90' lang='lat' dir='ltr'><strong>Galleci</strong></span> <span class='ocrx_word' id='word_1_143' title='bbox 752 2629 782 2666; x_wconf 92' lang='lat' dir='ltr'><strong>a</strong></span> <span class='ocrx_word' id='word_1_144' title='bbox 826 2614 1063 2667; x_wconf 90' lang='lat' dir='ltr'><strong>candore</strong></span> <span class='ocrx_word' id='word_1_145' title='bbox 1105 2614 1268 2677; x_wconf 89' lang='lat' dir='ltr'><strong>dicti,</strong></span> <span class='ocrx_word' id='word_1_146' title='bbox 1310 2613 1452 2667; x_wconf 91' lang='lat' dir='ltr'><strong>unde</strong></span> <span class='ocrx_word' id='word_1_147' title='bbox 1499 2621 1554 2668; x_wconf 91' lang='lat' dir='ltr'><strong>et</strong></span> <span class='ocrx_word' id='word_1_148' title='bbox 1595 2613 1766 2679; x_wconf 84' lang='lat' dir='ltr'><strong>Galli;</strong></span> <span class='ocrx_word' id='word_1_149' title='bbox 1801 2614 2022 2685; x_wconf 82' lang='lat' dir='ltr'><strong>reliquis</strong></span> 
     </span>
    </p>
   </div>
   <div class='ocr_carea' id='block_1_27' title="bbox 431 2694 2024 2772">
    <p class='ocr_par' dir='ltr' id='par_1_27' title="bbox 431 2694 2024 2772">
     <span class='ocr_line' id='line_1_27' title="bbox 431 2694 2024 2772; baseline 0.004 -18"><span class='ocrx_word' id='word_1_150' title='bbox 431 2701 574 2755; x_wconf 89' lang='lat' dir='ltr'><strong>enim</strong></span> <span class='ocrx_word' id='word_1_151' title='bbox 600 2700 868 2770; x_wconf 67' lang='lat' dir='ltr'><strong>llispanire</strong></span> <span class='ocrx_word' id='word_1_152' title='bbox 893 2694 1104 2772; x_wconf 76' lang='lat' dir='ltr'><strong>p&#39;opulis</strong></span> <span class='ocrx_word' id='word_1_153' title='bbox 1128 2703 1467 2758; x_wconf 89' lang='lat' dir='ltr'><strong>candidiores</strong></span> <span class='ocrx_word' id='word_1_154' title='bbox 1490 2704 1749 2758; x_wconf 89' lang='lat' dir='ltr'><strong>existunt.</strong></span> <span class='ocrx_word' id='word_1_155' title='bbox 1778 2705 1842 2760; x_wconf 95' lang='lat' dir='ltr'><strong>Hi</strong></span> <span class='ocrx_word' id='word_1_156' title='bbox 1869 2705 2024 2764; x_wconf 63' lang='lat' dir='ltr'><strong>Grae-</strong></span> 
     </span>
    </p>
   </div>
   <div class='ocr_carea' id='block_1_28' title="bbox 429 2792 2017 2866">
    <p class='ocr_par' dir='ltr' id='par_1_28' title="bbox 429 2792 2017 2866">
     <span class='ocr_line' id='line_1_28' title="bbox 429 2792 2017 2866; baseline 0.004 -20"><span class='ocrx_word' id='word_1_157' title='bbox 429 2806 550 2846; x_wconf 88' lang='lat' dir='ltr'><strong>cam</strong></span> <span class='ocrx_word' id='word_1_158' title='bbox 583 2792 684 2846; x_wconf 90' lang='lat' dir='ltr'><strong>sibi</strong></span> <span class='ocrx_word' id='word_1_159' title='bbox 719 2793 982 2863; x_wconf 84' lang='lat' dir='ltr'><strong>originem</strong></span> <span class='ocrx_word' id='word_1_160' title='bbox 1013 2802 1304 2859; x_wconf 91' lang='lat' dir='ltr'><strong>asserunt,</strong></span> <span class='ocrx_word' id='word_1_161' title='bbox 1339 2797 1481 2849; x_wconf 91' lang='lat' dir='ltr'><strong>unde</strong></span> <span class='ocrx_word' id='word_1_162' title='bbox 1508 2805 1564 2851; x_wconf 92' lang='lat' dir='ltr'><strong>et</strong></span> <span class='ocrx_word' id='word_1_163' title='bbox 1594 2797 1826 2851; x_wconf 87' lang='lat' dir='ltr'><strong>naturali</strong></span> <span class='ocrx_word' id='word_1_164' title='bbox 1868 2798 2017 2866; x_wconf 85' lang='lat' dir='ltr'><strong>inge-</strong></span> 
     </span>
    </p>
   </div>
   <div class='ocr_carea' id='block_1_29' title="bbox 431 2886 2019 2956">
    <p class='ocr_par' dir='ltr' id='par_1_29' title="bbox 431 2886 2019 2956">
     <span class='ocr_line' id='line_1_29' title="bbox 431 2886 2019 2956; baseline 0.003 -19"><span class='ocrx_word' id='word_1_165' title='bbox 431 2886 523 2939; x_wconf 89' lang='lat' dir='ltr'><strong>nio</strong></span> <span class='ocrx_word' id='word_1_166' title='bbox 553 2886 750 2941; x_wconf 89' lang='lat' dir='ltr'><strong>callent</strong></span> <span class='ocrx_word' id='word_1_167' title='bbox 775 2905 788 2941; x_wconf 90' lang='lat'><strong>:</strong></span> <span class='ocrx_word' id='word_1_168' title='bbox 815 2888 858 2940; x_wconf 92' lang='lat' dir='ltr'><strong>si</strong></span> <span class='ocrx_word' id='word_1_169' title='bbox 899 2887 1115 2956; x_wconf 88' lang='lat' dir='ltr'><strong>quidem</strong></span> <span class='ocrx_word' id='word_1_170' title='bbox 1143 2896 1261 2956; x_wconf 92' lang='lat' dir='ltr'><strong>post</strong></span> <span class='ocrx_word' id='word_1_171' title='bbox 1287 2887 1446 2942; x_wconf 79' lang='lat' dir='ltr'><strong>tinem</strong></span> <span class='ocrx_word' id='word_1_172' title='bbox 1473 2887 1687 2956; x_wconf 83' lang='lat' dir='ltr'><strong>Trojani</strong></span> <span class='ocrx_word' id='word_1_173' title='bbox 1725 2887 1849 2943; x_wconf 85' lang='lat' dir='ltr'><strong>belli</strong></span> <span class='ocrx_word' id='word_1_174' title='bbox 1879 2889 2019 2942; x_wconf 89' lang='lat' dir='ltr'><strong>Teu-</strong></span> 
     </span>
    </p>
   </div>
   <div class='ocr_carea' id='block_1_30' title="bbox 430 2978 2017 3048">
    <p class='ocr_par' dir='ltr' id='par_1_30' title="bbox 430 2978 2017 3048">
     <span class='ocr_line' id='line_1_30' title="bbox 430 2978 2017 3048; baseline 0 -16"><span class='ocrx_word' id='word_1_175' title='bbox 430 2994 584 3032; x_wconf 90' lang='lat' dir='ltr'><strong>crum</strong></span> <span class='ocrx_word' id='word_1_176' title='bbox 609 2988 781 3032; x_wconf 90' lang='lat' dir='ltr'><strong>morte</strong></span> <span class='ocrx_word' id='word_1_177' title='bbox 821 2978 1002 3048; x_wconf 85' lang='lat' dir='ltr'><strong>Ajacis</strong></span> <span class='ocrx_word' id='word_1_178' title='bbox 1043 2979 1226 3033; x_wconf 81' lang='lat' dir='ltr'><strong>fratris</strong></span> <span class='ocrx_word' id='word_1_179' title='bbox 1267 2979 1498 3033; x_wconf 88' lang='lat' dir='ltr'><strong>invisum</strong></span> <span class='ocrx_word' id='word_1_180' title='bbox 1538 2981 1679 3048; x_wconf 90' lang='lat' dir='ltr'><strong>patri</strong></span> <span class='ocrx_word' id='word_1_181' title='bbox 1712 2980 2017 3046; x_wconf 88' lang='lat' dir='ltr'><strong>Telamoni,</strong></span> 
     </span>
    </p>
   </div>
   <div class='ocr_carea' id='block_1_31' title="bbox 430 3069 2018 3141">
    <p class='ocr_par' dir='ltr' id='par_1_31' title="bbox 430 3069 2018 3141">
     <span class='ocr_line' id='line_1_31' title="bbox 430 3069 2018 3141; baseline 0.001 -19"><span class='ocrx_word' id='word_1_182' title='bbox 430 3069 558 3123; x_wconf 88' lang='lat' dir='ltr'><strong>dum</strong></span> <span class='ocrx_word' id='word_1_183' title='bbox 605 3085 711 3122; x_wconf 90' lang='lat' dir='ltr'><strong>non</strong></span> <span class='ocrx_word' id='word_1_184' title='bbox 753 3070 1088 3137; x_wconf 90' lang='lat' dir='ltr'><strong>reciperetur</strong></span> <span class='ocrx_word' id='word_1_185' title='bbox 1131 3070 1184 3123; x_wconf 93' lang='lat' dir='ltr'><strong>in</strong></span> <span class='ocrx_word' id='word_1_186' title='bbox 1221 3085 1441 3139; x_wconf 80' lang='lat' dir='ltr'><strong>regnum</strong></span> <span class='ocrx_word' id='word_1_187' title='bbox 1468 3111 1481 3134; x_wconf 96' lang='lat'><strong>,</strong></span> <span class='ocrx_word' id='word_1_188' title='bbox 1512 3070 1745 3141; x_wconf 80' lang='lat' dir='ltr'><strong>Cyprum</strong></span> <span class='ocrx_word' id='word_1_189' title='bbox 1794 3085 2018 3126; x_wconf 90' lang='lat' dir='ltr'><strong>conces-</strong></span> 
     </span>
    </p>
   </div>
   <div class='ocr_carea' id='block_1_32' title="bbox 1090 356 3070 420">
    <p class='ocr_par' dir='ltr' id='par_1_32' title="bbox 1090 356 3070 420">
     <span class='ocr_line' id='line_1_32' title="bbox 1090 356 3070 420; baseline 0 -2"><span class='ocrx_word' id='word_1_190' title='bbox 1090 361 1156 420; x_wconf 84' lang='lat' dir='ltr'><strong>B.</strong></span> <span class='ocrx_word' id='word_1_191' title='bbox 1194 360 1448 417; x_wconf 74' lang='lat' dir='ltr'><strong>MBANI</strong></span> <span class='ocrx_word' id='word_1_192' title='bbox 1489 359 1710 418; x_wconf 77' lang='lat' dir='ltr'><strong>MAURI</strong></span> <span class='ocrx_word' id='word_1_193' title='bbox 1746 356 2067 415; x_wconf 83' lang='lat' dir='ltr'><strong>ARCHIEP.</strong></span> <span class='ocrx_word' id='word_1_194' title='bbox 2112 356 2422 415; x_wconf 84' lang='lat' dir='ltr'><strong>MOGUNT.</strong></span> <span class='ocrx_word' id='word_1_195' title='bbox 2463 358 2751 418; x_wconf 79' lang='lat' dir='ltr'><strong>OPERUM</strong></span> <span class='ocrx_word' id='word_1_196' title='bbox 2789 359 2968 418; x_wconf 81' lang='lat' dir='ltr'><strong>PARS</strong></span> <span class='ocrx_word' id='word_1_197' title='bbox 3005 361 3070 418; x_wconf 88' lang='lat' dir='ltr'><strong>ll.</strong></span> 
     </span>
    </p>
   </div>
   <div class='ocr_carea' id='block_1_33' title="bbox 3627 369 3754 430">
    <p class='ocr_par' dir='ltr' id='par_1_33' title="bbox 3627 369 3754 430">
     <span class='ocr_line' id='line_1_33' title="bbox 3627 369 3754 430; baseline 0.024 -2"><span class='ocrx_word' id='word_1_198' title='bbox 3627 369 3754 430; x_wconf 63' lang='grc' dir='ltr'><strong>ιεὶἂ·</strong></span> 
     </span>
    </p>
   </div>
   <div class='ocr_carea' id='block_1_34' title="bbox 2070 469 3748 541">
    <p class='ocr_par' dir='ltr' id='par_1_34' title="bbox 2070 469 3748 541">
     <span class='ocr_line' id='line_1_34' title="bbox 2070 469 3748 541; baseline 0.008 -18"><span class='ocrx_word' id='word_1_199' title='bbox 2070 472 2118 530; x_wconf 78' lang='grc' dir='ltr'><strong>Α</strong></span> <span class='ocrx_word' id='word_1_200' title='bbox 2146 469 2612 538; x_wconf 84' lang='lat' dir='ltr'><strong>consanguinitate</strong></span> <span class='ocrx_word' id='word_1_201' title='bbox 2647 472 2976 541; x_wconf 87' lang='lat' dir='ltr'><strong>prepinquos</strong></span> <span class='ocrx_word' id='word_1_202' title='bbox 2999 474 3100 528; x_wconf 86' lang='lat' dir='ltr'><strong>sibi</strong></span> <span class='ocrx_word' id='word_1_203' title='bbox 3130 489 3344 532; x_wconf 85' lang='lat' dir='ltr'><strong>vocare.</strong></span> <span class='ocrx_word' id='word_1_204' title='bbox 3371 478 3609 534; x_wconf 80' lang='lat' dir='ltr'><strong>Africam</strong></span> <span class='ocrx_word' id='word_1_205' title='bbox 3636 498 3748 537; x_wconf 87' lang='lat' dir='ltr'><strong>au-</strong></span> 
     </span>
    </p>
   </div>
   <div class='ocr_carea' id='block_1_35' title="bbox 2145 562 3752 644">
    <p class='ocr_par' dir='ltr' id='par_1_35' title="bbox 2145 562 3752 644">
     <span class='ocr_line' id='line_1_35' title="bbox 2145 562 3752 644; baseline 0.01 -30"><span class='ocrx_word' id='word_1_206' title='bbox 2145 569 2252 616; x_wconf 87' lang='lat' dir='ltr'><strong>tem</strong></span> <span class='ocrx_word' id='word_1_207' title='bbox 2282 562 2510 616; x_wconf 91' lang='lat' dir='ltr'><strong>in&#39;initio</strong></span> <span class='ocrx_word' id='word_1_208' title='bbox 2531 579 2726 619; x_wconf 91' lang='lat' dir='ltr'><strong>nomen</strong></span> <span class='ocrx_word' id='word_1_209' title='bbox 2744 566 2981 622; x_wconf 85' lang='lat' dir='ltr'><strong>habuere</strong></span> <span class='ocrx_word' id='word_1_210' title='bbox 3003 567 3217 640; x_wconf 81' lang='lat' dir='ltr'><strong>Libyes,</strong></span> <span class='ocrx_word' id='word_1_211' title='bbox 3243 572 3434 628; x_wconf 87' lang='lat' dir='ltr'><strong>deinde</strong></span> <span class='ocrx_word' id='word_1_212' title='bbox 3449 573 3588 639; x_wconf 79' lang='lat' dir='ltr'><strong>Afri,</strong></span> <span class='ocrx_word' id='word_1_213' title='bbox 3613 585 3752 644; x_wconf 77' lang='lat' dir='ltr'><strong>post</strong></span> 
     </span>
    </p>
   </div>
   <div class='ocr_carea' id='block_1_36' title="bbox 2144 651 3750 731">
    <p class='ocr_par' dir='ltr' id='par_1_36' title="bbox 2144 651 3750 731">
     <span class='ocr_line' id='line_1_36' title="bbox 2144 651 3750 731; baseline 0.007 -25"><span class='ocrx_word' id='word_1_214' title='bbox 2144 652 2246 706; x_wconf 93' lang='lat' dir='ltr'><strong>hoc</strong></span> <span class='ocrx_word' id='word_1_215' title='bbox 2268 651 2760 723; x_wconf 87' lang='lat' dir='ltr'><strong>Getuli,postremo</strong></span> <span class='ocrx_word' id='word_1_216' title='bbox 2784 656 2954 710; x_wconf 88' lang='lat' dir='ltr'><strong>Mauri</strong></span> <span class='ocrx_word' id='word_1_217' title='bbox 2983 666 3037 712; x_wconf 94' lang='lat' dir='ltr'><strong>et</strong></span> <span class='ocrx_word' id='word_1_218' title='bbox 3062 657 3324 715; x_wconf 80' lang='lat' dir='ltr'><strong>Numidae.</strong></span> <span class='ocrx_word' id='word_1_219' title='bbox 3356 662 3528 718; x_wconf 86' lang='lat' dir='ltr'><strong>Mauri</strong></span> <span class='ocrx_word' id='word_1_220' title='bbox 3553 674 3606 718; x_wconf 92' lang='lat' dir='ltr'><strong>et</strong></span> <span class='ocrx_word' id='word_1_221' title='bbox 3625 664 3750 731; x_wconf 76' lang='grc' dir='ltr'><strong>¹Νυ-</strong></span> 
     </span>
    </p>
   </div>
   <div class='ocr_carea' id='block_1_37' title="bbox 2142 740 3750 816">
    <p class='ocr_par' dir='ltr' id='par_1_37' title="bbox 2142 740 3750 816">
     <span class='ocr_line' id='line_1_37' title="bbox 2142 740 3750 816; baseline 0.008 -21"><span class='ocrx_word' id='word_1_222' title='bbox 2142 740 2299 795; x_wconf 70' lang='grc' dir='ltr'><strong>ηιὶίιω</strong></span> <span class='ocrx_word' id='word_1_223' title='bbox 2322 741 2401 812; x_wconf 84' lang='grc' dir='ltr'><strong>(ιιι</strong></span> <span class='ocrx_word' id='word_1_224' title='bbox 2419 742 2532 797; x_wconf 80' lang='lat' dir='ltr'><strong>Afri</strong></span> <span class='ocrx_word' id='word_1_225' title='bbox 2553 745 2769 814; x_wconf 89' lang='lat' dir='ltr'><strong>putant)</strong></span> <span class='ocrx_word' id='word_1_226' title='bbox 2792 745 2870 799; x_wconf 91' lang='lat' dir='ltr'><strong>sic</strong></span> <span class='ocrx_word' id='word_1_227' title='bbox 2893 755 3242 816; x_wconf 90' lang='lat' dir='ltr'><strong>sumpserunt</strong></span> <span class='ocrx_word' id='word_1_228' title='bbox 3262 740 3544 806; x_wconf 79' lang='lat' dir='ltr'><strong>exordium</strong></span> <span class='ocrx_word' id='word_1_229' title='bbox 3569 762 3623 806; x_wconf 89' lang='lat' dir='ltr'><strong>et</strong></span> <span class='ocrx_word' id='word_1_230' title='bbox 3643 769 3750 807; x_wconf 86' lang='lat' dir='ltr'><strong>vo-</strong></span> 
     </span>
    </p>
   </div>
   <div class='ocr_carea' id='block_1_38' title="bbox 2140 831 3714 908">
    <p class='ocr_par' dir='ltr' id='par_1_38' title="bbox 2140 831 3714 908">
     <span class='ocr_line' id='line_1_38' title="bbox 2140 831 3714 908; baseline 0.008 -20"><span class='ocrx_word' id='word_1_231' title='bbox 2140 831 2412 888; x_wconf 90' lang='lat' dir='ltr'><strong>cabulum.</strong></span> <span class='ocrx_word' id='word_1_232' title='bbox 2433 832 2567 888; x_wconf 77' lang='lat' dir='ltr'><strong>Nam</strong></span> <span class='ocrx_word' id='word_1_233' title='bbox 2586 847 2866 905; x_wconf 88' lang='lat' dir='ltr'><strong>postquam</strong></span> <span class='ocrx_word' id='word_1_234' title='bbox 2883 839 2936 892; x_wconf 90' lang='lat' dir='ltr'><strong>in</strong></span> <span class='ocrx_word' id='word_1_235' title='bbox 2955 838 3209 908; x_wconf 83' lang='lat' dir='ltr'><strong>Hispania</strong></span> <span class='ocrx_word' id='word_1_236' title='bbox 3228 839 3488 900; x_wconf 79' lang='lat' dir='ltr'><strong>Hercules</strong></span> <span class='ocrx_word' id='word_1_237' title='bbox 3503 847 3714 902; x_wconf 80' lang='lat' dir='ltr'><strong>interiit</strong></span> 
     </span>
    </p>
   </div>
   <div class='ocr_carea' id='block_1_39' title="bbox 2140 915 3714 1001">
    <p class='ocr_par' dir='ltr' id='par_1_39' title="bbox 2140 915 3714 1001">
     <span class='ocr_line' id='line_1_39' title="bbox 2140 915 3714 1001; baseline 0.012 -26"><span class='ocrx_word' id='word_1_238' title='bbox 2140 923 2601 991; x_wconf 80' lang='lat' dir='ltr'><strong>etexercitusejus</strong></span> <span class='ocrx_word' id='word_1_239' title='bbox 2617 928 2952 997; x_wconf 88' lang='lat' dir='ltr'><strong>compositus</strong></span> <span class='ocrx_word' id='word_1_240' title='bbox 2975 945 3042 984; x_wconf 87' lang='lat' dir='ltr'><strong>ex</strong></span> <span class='ocrx_word' id='word_1_241' title='bbox 3065 931 3231 985; x_wconf 87' lang='lat' dir='ltr'><strong>variis</strong></span> <span class='ocrx_word' id='word_1_242' title='bbox 3244 915 3511 1001; x_wconf 81' lang='lat' dir='ltr'><strong>gentibus,</strong></span> <span class='ocrx_word' id='word_1_243' title='bbox 3531 938 3714 994; x_wconf 70' lang='lat' dir='ltr'><strong>antisst</strong></span> 
     </span>
    </p>
   </div>
   <div class='ocr_carea' id='block_1_40' title="bbox 2140 1013 3726 1087">
    <p class='ocr_par' dir='ltr' id='par_1_40' title="bbox 2140 1013 3726 1087">
     <span class='ocr_line' id='line_1_40' title="bbox 2140 1013 3726 1087; baseline 0.009 -20"><span class='ocrx_word' id='word_1_244' title='bbox 2140 1013 2305 1078; x_wconf 89' lang='lat' dir='ltr'><strong>duce,</strong></span> <span class='ocrx_word' id='word_1_245' title='bbox 2331 1016 2529 1084; x_wconf 88' lang='lat' dir='ltr'><strong>passim</strong></span> <span class='ocrx_word' id='word_1_246' title='bbox 2559 1017 2663 1070; x_wconf 87' lang='lat' dir='ltr'><strong>sibi</strong></span> <span class='ocrx_word' id='word_1_247' title='bbox 2691 1017 2844 1072; x_wconf 90' lang='lat' dir='ltr'><strong>sedes</strong></span> <span class='ocrx_word' id='word_1_248' title='bbox 2865 1019 3194 1087; x_wconf 61' lang='lat' dir='ltr'><strong>quaerebant,</strong></span> <span class='ocrx_word' id='word_1_249' title='bbox 3231 1031 3284 1076; x_wconf 90' lang='lat' dir='ltr'><strong>et</strong></span> <span class='ocrx_word' id='word_1_250' title='bbox 3311 1039 3376 1077; x_wconf 83' lang='lat' dir='ltr'><strong>ex</strong></span> <span class='ocrx_word' id='word_1_251' title='bbox 3408 1038 3474 1078; x_wconf 92' lang='lat' dir='ltr'><strong>eo</strong></span> <span class='ocrx_word' id='word_1_252' title='bbox 3503 1039 3726 1082; x_wconf 67' lang='lat' dir='ltr'><strong>numeri</strong></span> 
     </span>
    </p>
   </div>
   <div class='ocr_carea' id='block_1_41' title="bbox 2143 1103 3737 1179">
    <p class='ocr_par' dir='ltr' id='par_1_41' title="bbox 2143 1103 3737 1179">
     <span class='ocr_line' id='line_1_41' title="bbox 2143 1103 3737 1179; baseline 0.008 -23"><span class='ocrx_word' id='word_1_253' title='bbox 2143 1103 2301 1168; x_wconf 92' lang='lat' dir='ltr'><strong>Medi,</strong></span> <span class='ocrx_word' id='word_1_254' title='bbox 2327 1103 2502 1159; x_wconf 58' lang='lat' dir='ltr'><strong>Persae</strong></span> <span class='ocrx_word' id='word_1_255' title='bbox 2527 1115 2580 1159; x_wconf 92' lang='lat' dir='ltr'><strong>et</strong></span> <span class='ocrx_word' id='word_1_256' title='bbox 2619 1107 2840 1162; x_wconf 82' lang='lat' dir='ltr'><strong>Arntcni</strong></span> <span class='ocrx_word' id='word_1_257' title='bbox 2868 1110 3094 1165; x_wconf 78' lang='lat' dir='ltr'><strong>navibus</strong></span> <span class='ocrx_word' id='word_1_258' title='bbox 3120 1111 3360 1168; x_wconf 78' lang='lat' dir='ltr'><strong>Africam</strong></span> <span class='ocrx_word' id='word_1_259' title='bbox 3391 1117 3691 1170; x_wconf 85' lang='lat' dir='ltr'><strong>transvecti</strong></span> <span class='ocrx_word' id='word_1_260' title='bbox 3720 1156 3737 1179; x_wconf 94' lang='lat'><strong>,</strong></span> 
     </span>
    </p>
   </div>
   <div class='ocr_carea' id='block_1_42' title="bbox 2138 1195 3745 1269">
    <p class='ocr_par' dir='ltr' id='par_1_42' title="bbox 2138 1195 3745 1269">
     <span class='ocr_line' id='line_1_42' title="bbox 2138 1195 3745 1269; baseline 0.009 -22"><span class='ocrx_word' id='word_1_261' title='bbox 2138 1195 2382 1264; x_wconf 81' lang='lat' dir='ltr'><strong>proxima</strong></span> <span class='ocrx_word' id='word_1_262' title='bbox 2403 1197 2537 1251; x_wconf 89' lang='lat' dir='ltr'><strong>mari</strong></span> <span class='ocrx_word' id='word_1_263' title='bbox 2565 1197 2685 1254; x_wconf 92' lang='lat' dir='ltr'><strong>loca</strong></span> <span class='ocrx_word' id='word_1_264' title='bbox 2707 1215 3057 1269; x_wconf 87' lang='lat' dir='ltr'><strong>occupavere.</strong></span> <span class='ocrx_word' id='word_1_265' title='bbox 3076 1201 3180 1257; x_wconf 86' lang='lat' dir='ltr'><strong>Sed</strong></span> <span class='ocrx_word' id='word_1_266' title='bbox 3204 1203 3384 1258; x_wconf 74' lang='lat' dir='ltr'><strong>Persa:</strong></span> <span class='ocrx_word' id='word_1_267' title='bbox 3408 1207 3533 1259; x_wconf 89' lang='lat' dir='ltr'><strong>dum</strong></span> <span class='ocrx_word' id='word_1_268' title='bbox 3561 1216 3745 1260; x_wconf 88' lang='lat' dir='ltr'><strong>mate-</strong></span> 
     </span>
    </p>
   </div>
   <div class='ocr_carea' id='block_1_43' title="bbox 2140 1286 3743 1358">
    <p class='ocr_par' dir='ltr' id='par_1_43' title="bbox 2140 1286 3743 1358">
     <span class='ocr_line' id='line_1_43' title="bbox 2140 1286 3743 1358; baseline 0.007 -19"><span class='ocrx_word' id='word_1_269' title='bbox 2140 1286 2276 1340; x_wconf 85' lang='lat' dir='ltr'><strong>riam</strong></span> <span class='ocrx_word' id='word_1_270' title='bbox 2302 1287 2353 1340; x_wconf 93' lang='lat' dir='ltr'><strong>in</strong></span> <span class='ocrx_word' id='word_1_271' title='bbox 2385 1289 2532 1356; x_wconf 80' lang='lat' dir='ltr'><strong>agris</strong></span> <span class='ocrx_word' id='word_1_272' title='bbox 2558 1305 2656 1358; x_wconf 89' lang='lat' dir='ltr'><strong>pro</strong></span> <span class='ocrx_word' id='word_1_273' title='bbox 2680 1291 3054 1346; x_wconf 89' lang='lat' dir='ltr'><strong>construendis</strong></span> <span class='ocrx_word' id='word_1_274' title='bbox 3075 1293 3357 1350; x_wconf 90' lang='lat' dir='ltr'><strong>domiciliis</strong></span> <span class='ocrx_word' id='word_1_275' title='bbox 3385 1311 3488 1349; x_wconf 91' lang='lat' dir='ltr'><strong>non</strong></span> <span class='ocrx_word' id='word_1_276' title='bbox 3516 1296 3743 1350; x_wconf 85' lang='lat' dir='ltr'><strong>inveni-</strong></span> 
     </span>
    </p>
   </div>
   <div class='ocr_carea' id='block_1_44' title="bbox 2139 1378 3741 1454">
    <p class='ocr_par' dir='ltr' id='par_1_44' title="bbox 2139 1378 3741 1454">
     <span class='ocr_line' id='line_1_44' title="bbox 2139 1378 3741 1454; baseline 0.007 -25"><span class='ocrx_word' id='word_1_277' title='bbox 2139 1385 2289 1441; x_wconf 89' lang='lat' dir='ltr'><strong>rent,</strong></span> <span class='ocrx_word' id='word_1_278' title='bbox 2315 1387 2370 1430; x_wconf 94' lang='lat' dir='ltr'><strong>et</strong></span> <span class='ocrx_word' id='word_1_279' title='bbox 2401 1378 2580 1445; x_wconf 84' lang='lat' dir='ltr'><strong>ignota</strong></span> <span class='ocrx_word' id='word_1_280' title='bbox 2609 1380 2786 1450; x_wconf 84' lang='lat' dir='ltr'><strong>lingua</strong></span> <span class='ocrx_word' id='word_1_281' title='bbox 2821 1383 3206 1437; x_wconf 85' lang='lat' dir='ltr'><strong>commercium</strong></span> <span class='ocrx_word' id='word_1_282' title='bbox 3252 1387 3569 1453; x_wconf 85' lang='lat' dir='ltr'><strong>prohiberet</strong></span> <span class='ocrx_word' id='word_1_283' title='bbox 3593 1405 3604 1439; x_wconf 92' lang='lat'>:</span> <span class='ocrx_word' id='word_1_284' title='bbox 3632 1402 3741 1454; x_wconf 88' lang='lat' dir='ltr'><strong>per</strong></span> 
     </span>
    </p>
   </div>
   <div class='ocr_carea' id='block_1_45' title="bbox 2137 1475 3738 1548">
    <p class='ocr_par' dir='ltr' id='par_1_45' title="bbox 2137 1475 3738 1548">
     <span class='ocr_line' id='line_1_45' title="bbox 2137 1475 3738 1548; baseline 0.006 -23"><span class='ocrx_word' id='word_1_285' title='bbox 2137 1480 2384 1541; x_wconf 88' lang='lat' dir='ltr'><strong>patentes</strong></span> <span class='ocrx_word' id='word_1_286' title='bbox 2409 1490 2567 1544; x_wconf 86' lang='lat' dir='ltr'><strong>agros</strong></span> <span class='ocrx_word' id='word_1_287' title='bbox 2592 1485 2645 1529; x_wconf 88' lang='lat' dir='ltr'><strong>et</strong></span> <span class='ocrx_word' id='word_1_288' title='bbox 2679 1475 2918 1530; x_wconf 89' lang='lat' dir='ltr'><strong>diversas</strong></span> <span class='ocrx_word' id='word_1_289' title='bbox 2941 1475 3257 1533; x_wconf 87' lang='lat' dir='ltr'><strong>solitudines</strong></span> <span class='ocrx_word' id='word_1_290' title='bbox 3289 1481 3651 1548; x_wconf 81' lang='lat' dir='ltr'><strong>vagabantur,</strong></span> <span class='ocrx_word' id='word_1_291' title='bbox 3672 1490 3738 1534; x_wconf 90' lang='lat' dir='ltr'><strong>et</strong></span> 
     </span>
    </p>
   </div>
   <div class='ocr_carea' id='block_1_46' title="bbox 2136 1561 3735 1641">
    <p class='ocr_par' dir='ltr' id='par_1_46' title="bbox 2136 1561 3735 1641">
     <span class='ocr_line' id='line_1_46' title="bbox 2136 1561 3735 1641; baseline 0.003 -21"><span class='ocrx_word' id='word_1_292' title='bbox 2136 1561 2694 1634; x_wconf 78' lang='lat' dir='ltr'><strong>perambulatio‘nibus</strong></span> <span class='ocrx_word' id='word_1_293' title='bbox 2734 1569 3100 1638; x_wconf 89' lang='lat' dir='ltr'><strong>vagahundis,</strong></span> <span class='ocrx_word' id='word_1_294' title='bbox 3146 1572 3465 1639; x_wconf 90' lang='lat' dir='ltr'><strong>semetipsos</strong></span> <span class='ocrx_word' id='word_1_295' title='bbox 3509 1573 3735 1641; x_wconf 85' lang='lat' dir='ltr'><strong>propria</strong></span> 
     </span>
    </p>
   </div>
   <div class='ocr_carea' id='block_1_47' title="bbox 2135 1657 3741 1730">
    <p class='ocr_par' dir='ltr' id='par_1_47' title="bbox 2135 1657 3741 1730">
     <span class='ocr_line' id='line_1_47' title="bbox 2135 1657 3741 1730; baseline 0.004 -18"><span class='ocrx_word' id='word_1_296' title='bbox 2135 1657 2318 1727; x_wconf 86' lang='lat' dir='ltr'><strong>lingua</strong></span> <span class='ocrx_word' id='word_1_297' title='bbox 2356 1657 2615 1713; x_wconf 78' lang='lat' dir='ltr'><strong>Numidas</strong></span> <span class='ocrx_word' id='word_1_298' title='bbox 2660 1660 3087 1730; x_wconf 87' lang='lat' dir='ltr'><strong>appellaverunt,</strong></span> <span class='ocrx_word' id='word_1_299' title='bbox 3125 1660 3176 1714; x_wconf 92' lang='lat' dir='ltr'><strong>id</strong></span> <span class='ocrx_word' id='word_1_300' title='bbox 3201 1669 3314 1719; x_wconf 88' lang='lat' dir='ltr'><strong>est.</strong></span> <span class='ocrx_word' id='word_1_301' title='bbox 3363 1661 3480 1716; x_wconf 90' lang='lat' dir='ltr'><strong>sine</strong></span> <span class='ocrx_word' id='word_1_302' title='bbox 3531 1663 3741 1730; x_wconf 89' lang='lat' dir='ltr'><strong>oppido</strong></span> 
     </span>
    </p>
   </div>
   <div class='ocr_carea' id='block_1_48' title="bbox 2137 1759 2671 1821">
    <p class='ocr_par' dir='ltr' id='par_1_48' title="bbox 2137 1759 2671 1821">
     <span class='ocr_line' id='line_1_48' title="bbox 2137 1759 2671 1821; baseline 0.004 -17"><span class='ocrx_word' id='word_1_303' title='bbox 2137 1766 2303 1821; x_wconf 84' lang='lat' dir='ltr'><strong>vagos</strong></span> <span class='ocrx_word' id='word_1_304' title='bbox 2331 1759 2384 1804; x_wconf 91' lang='lat' dir='ltr'><strong>et</strong></span> <span class='ocrx_word' id='word_1_305' title='bbox 2407 1760 2671 1806; x_wconf 90' lang='lat' dir='ltr'><strong>errantes.</strong></span> 
     </span>
    </p>
   </div>
   <div class='ocr_carea' id='block_1_49' title="bbox 2061 1814 3734 1915">
    <p class='ocr_par' dir='ltr' id='par_1_49' title="bbox 2061 1814 3734 1915">
     <span class='ocr_line' id='line_1_49' title="bbox 2061 1814 3734 1915; baseline 0.002 -21"><span class='ocrx_word' id='word_1_306' title='bbox 2061 1814 2110 1873; x_wconf 81' lang='grc' dir='ltr'><strong>Β</strong></span> <span class='ocrx_word' id='word_1_307' title='bbox 2208 1841 2346 1895; x_wconf 83' lang='lat' dir='ltr'><strong>Medi</strong></span> <span class='ocrx_word' id='word_1_308' title='bbox 2378 1832 2558 1895; x_wconf 83' lang='lat' dir='ltr'><strong>autem</strong></span> <span class='ocrx_word' id='word_1_309' title='bbox 2587 1858 2708 1915; x_wconf 90' lang='lat' dir='ltr'><strong>cum</strong></span> <span class='ocrx_word' id='word_1_310' title='bbox 2738 1841 2924 1913; x_wconf 89' lang='lat' dir='ltr'><strong>Libyis</strong></span> <span class='ocrx_word' id='word_1_311' title='bbox 2950 1859 3009 1898; x_wconf 92' lang='lat' dir='ltr'><strong>se</strong></span> <span class='ocrx_word' id='word_1_312' title='bbox 3034 1846 3391 1910; x_wconf 87' lang='lat' dir='ltr'><strong>miscuerunt,</strong></span> <span class='ocrx_word' id='word_1_313' title='bbox 3421 1846 3513 1914; x_wconf 88' lang='lat' dir='ltr'><strong>qui</strong></span> <span class='ocrx_word' id='word_1_314' title='bbox 3538 1843 3734 1913; x_wconf 72' lang='lat' dir='ltr'><strong>proxi-</strong></span> 
     </span>
    </p>
   </div>
   <div class='ocr_carea' id='block_1_50' title="bbox 2129 1931 3737 2006">
    <p class='ocr_par' dir='ltr' id='par_1_50' title="bbox 2129 1931 3737 2006">
     <span class='ocr_line' id='line_1_50' title="bbox 2129 1931 3737 2006; baseline 0.001 -19"><span class='ocrx_word' id='word_1_315' title='bbox 2129 1947 2272 1987; x_wconf 90' lang='lat' dir='ltr'><strong>mam</strong></span> <span class='ocrx_word' id='word_1_316' title='bbox 2302 1931 2614 2001; x_wconf 88' lang='lat' dir='ltr'><strong>Hispaniam</strong></span> <span class='ocrx_word' id='word_1_317' title='bbox 2638 1935 3036 2001; x_wconf 88' lang='lat' dir='ltr'><strong>inhabitabant,</strong></span> <span class='ocrx_word' id='word_1_318' title='bbox 3053 1952 3299 2006; x_wconf 80' lang='lat' dir='ltr'><strong>quorum</strong></span> <span class='ocrx_word' id='word_1_319' title='bbox 3323 1953 3518 1992; x_wconf 90' lang='lat' dir='ltr'><strong>nomen</strong></span> <span class='ocrx_word' id='word_1_320' title='bbox 3546 1935 3737 2006; x_wconf 86' lang='lat' dir='ltr'><strong>paula-</strong></span> 
     </span>
    </p>
   </div>
   <div class='ocr_carea' id='block_1_51' title="bbox 2132 2022 3733 2097">
    <p class='ocr_par' dir='ltr' id='par_1_51' title="bbox 2132 2022 3733 2097">
     <span class='ocr_line' id='line_1_51' title="bbox 2132 2022 3733 2097; baseline 0.004 -21"><span class='ocrx_word' id='word_1_321' title='bbox 2132 2023 2226 2076; x_wconf 89' lang='lat' dir='ltr'><strong>tim</strong></span> <span class='ocrx_word' id='word_1_322' title='bbox 2251 2022 2446 2092; x_wconf 83' lang='lat' dir='ltr'><strong>Libyes</strong></span> <span class='ocrx_word' id='word_1_323' title='bbox 2485 2034 2866 2092; x_wconf 87' lang='lat' dir='ltr'><strong>corrnperunt,</strong></span> <span class='ocrx_word' id='word_1_324' title='bbox 2906 2026 3137 2080; x_wconf 84' lang='lat' dir='ltr'><strong>barbara</strong></span> <span class='ocrx_word' id='word_1_325' title='bbox 3173 2027 3348 2097; x_wconf 89' lang='lat' dir='ltr'><strong>lingua</strong></span> <span class='ocrx_word' id='word_1_326' title='bbox 3382 2027 3600 2082; x_wconf 88' lang='lat' dir='ltr'><strong>Mauros</strong></span> <span class='ocrx_word' id='word_1_327' title='bbox 3627 2042 3733 2097; x_wconf 90' lang='lat' dir='ltr'><strong>pro</strong></span> 
     </span>
    </p>
   </div>
   <div class='ocr_carea' id='block_1_52' title="bbox 2129 2112 3730 2184">
    <p class='ocr_par' dir='ltr' id='par_1_52' title="bbox 2129 2112 3730 2184">
     <span class='ocr_line' id='line_1_52' title="bbox 2129 2112 3730 2184; baseline 0.004 -18"><span class='ocrx_word' id='word_1_328' title='bbox 2129 2112 2299 2170; x_wconf 84' lang='lat' dir='ltr'><strong>Medis</strong></span> <span class='ocrx_word' id='word_1_329' title='bbox 2335 2116 2666 2184; x_wconf 89' lang='lat' dir='ltr'><strong>appellantes</strong></span> <span class='ocrx_word' id='word_1_330' title='bbox 2692 2157 2706 2181; x_wconf 92' lang='lat'><strong>,</strong></span> <span class='ocrx_word' id='word_1_331' title='bbox 2743 2118 2869 2171; x_wconf 91' lang='lat' dir='ltr'><strong>licet</strong></span> <span class='ocrx_word' id='word_1_332' title='bbox 2906 2117 3075 2171; x_wconf 83' lang='lat' dir='ltr'><strong>Mauri</strong></span> <span class='ocrx_word' id='word_1_333' title='bbox 3118 2119 3188 2173; x_wconf 87' lang='lat' dir='ltr'><strong>ob</strong></span> <span class='ocrx_word' id='word_1_334' title='bbox 3225 2119 3460 2172; x_wconf 88' lang='lat' dir='ltr'><strong>colorem</strong></span> <span class='ocrx_word' id='word_1_335' title='bbox 3497 2134 3529 2171; x_wconf 89' lang='lat' dir='ltr'><strong>a</strong></span> <span class='ocrx_word' id='word_1_336' title='bbox 3567 2117 3730 2172; x_wconf 71' lang='lat' dir='ltr'><strong>Gran-</strong></span> 
     </span>
    </p>
   </div>
   <div class='ocr_carea' id='block_1_53' title="bbox 2127 2201 3728 2276">
    <p class='ocr_par' dir='ltr' id='par_1_53' title="bbox 2127 2201 3728 2276">
     <span class='ocr_line' id='line_1_53' title="bbox 2127 2201 3728 2276; baseline 0.005 -23"><span class='ocrx_word' id='word_1_337' title='bbox 2127 2201 2216 2254; x_wconf 89' lang='lat' dir='ltr'><strong>cis.</strong></span> <span class='ocrx_word' id='word_1_338' title='bbox 2245 2213 2507 2258; x_wconf 87' lang='lat' dir='ltr'><strong>vocentur</strong></span> <span class='ocrx_word' id='word_1_339' title='bbox 2538 2222 2552 2257; x_wconf 89' lang='lat'>:</span> <span class='ocrx_word' id='word_1_340' title='bbox 2585 2205 2757 2259; x_wconf 64' lang='lat' dir='ltr'><strong>Graeci</strong></span> <span class='ocrx_word' id='word_1_341' title='bbox 2796 2207 2939 2260; x_wconf 88' lang='lat' dir='ltr'><strong>enim</strong></span> <span class='ocrx_word' id='word_1_342' title='bbox 2977 2209 3190 2276; x_wconf 83' lang='lat' dir='ltr'><strong>nigrum</strong></span> <span class='ocrx_word' id='word_1_343' title='bbox 3229 2225 3454 2263; x_wconf 87' lang='lat' dir='ltr'><strong>mauron</strong></span> <span class='ocrx_word' id='word_1_344' title='bbox 3503 2217 3728 2262; x_wconf 89' lang='lat' dir='ltr'><strong>vocant.</strong></span> 
     </span>
    </p>
   </div>
   <div class='ocr_carea' id='block_1_54' title="bbox 2129 2289 3735 2366">
    <p class='ocr_par' dir='ltr' id='par_1_54' title="bbox 2129 2289 3735 2366">
     <span class='ocr_line' id='line_1_54' title="bbox 2129 2289 3735 2366; baseline 0.006 -23"><span class='ocrx_word' id='word_1_345' title='bbox 2129 2289 2390 2346; x_wconf 67' lang='lat' dir='ltr'><strong>x’Estifero</strong></span> <span class='ocrx_word' id='word_1_346' title='bbox 2428 2293 2627 2364; x_wconf 88' lang='lat' dir='ltr'><strong>quippe</strong></span> <span class='ocrx_word' id='word_1_347' title='bbox 2663 2294 2846 2350; x_wconf 90' lang='lat' dir='ltr'><strong>calore</strong></span> <span class='ocrx_word' id='word_1_348' title='bbox 2886 2294 3049 2360; x_wconf 81' lang='lat' dir='ltr'><strong>alllati</strong></span> <span class='ocrx_word' id='word_1_349' title='bbox 3097 2296 3335 2366; x_wconf 88' lang='lat' dir='ltr'><strong>speciem</strong></span> <span class='ocrx_word' id='word_1_350' title='bbox 3377 2297 3480 2350; x_wconf 90' lang='lat' dir='ltr'><strong>atri</strong></span> <span class='ocrx_word' id='word_1_351' title='bbox 3524 2297 3735 2352; x_wconf 87' lang='lat' dir='ltr'><strong>coloris</strong></span> 
     </span>
    </p>
   </div>
   <div class='ocr_carea' id='block_1_55' title="bbox 2128 2382 2355 2437">
    <p class='ocr_par' dir='ltr' id='par_1_55' title="bbox 2128 2382 2355 2437">
     <span class='ocr_line' id='line_1_55' title="bbox 2128 2382 2355 2437; baseline -0.004 0"><span class='ocrx_word' id='word_1_352' title='bbox 2128 2382 2355 2437; x_wconf 89' lang='lat' dir='ltr'><strong>ducunt.</strong></span> 
     </span>
    </p>
   </div>
   <div class='ocr_carea' id='block_1_56' title="bbox 2198 2473 3732 2550">
    <p class='ocr_par' dir='ltr' id='par_1_56' title="bbox 2198 2473 3732 2550">
     <span class='ocr_line' id='line_1_56' title="bbox 2198 2473 3732 2550; baseline 0.005 -24"><span class='ocrx_word' id='word_1_353' title='bbox 2198 2473 2431 2529; x_wconf 81' lang='lat' dir='ltr'><strong>Massilia</strong></span> <span class='ocrx_word' id='word_1_354' title='bbox 2461 2476 2652 2531; x_wconf 87' lang='lat' dir='ltr'><strong>civitas</strong></span> <span class='ocrx_word' id='word_1_355' title='bbox 2681 2475 2879 2532; x_wconf 64' lang='lat' dir='ltr'><strong>Africa:</strong></span> <span class='ocrx_word' id='word_1_356' title='bbox 2923 2487 3010 2533; x_wconf 89' lang='lat' dir='ltr'><strong>est</strong></span> <span class='ocrx_word' id='word_1_357' title='bbox 3043 2495 3148 2533; x_wconf 92' lang='lat' dir='ltr'><strong>non</strong></span> <span class='ocrx_word' id='word_1_358' title='bbox 3185 2480 3343 2550; x_wconf 90' lang='lat' dir='ltr'><strong>longe</strong></span> <span class='ocrx_word' id='word_1_359' title='bbox 3391 2480 3460 2533; x_wconf 90' lang='lat' dir='ltr'><strong>ab</strong></span> <span class='ocrx_word' id='word_1_360' title='bbox 3504 2479 3732 2534; x_wconf 78' lang='lat' dir='ltr'><strong>Atlante</strong></span> 
     </span>
    </p>
   </div>
   <div class='ocr_carea' id='block_1_57' title="bbox 2125 2565 3727 2642">
    <p class='ocr_par' dir='ltr' id='par_1_57' title="bbox 2125 2565 3727 2642">
     <span class='ocr_line' id='line_1_57' title="bbox 2125 2565 3727 2642; baseline 0.004 -22"><span class='ocrx_word' id='word_1_361' title='bbox 2125 2574 2181 2620; x_wconf 85' lang='lat' dir='ltr'><strong>et</strong></span> <span class='ocrx_word' id='word_1_362' title='bbox 2214 2565 2384 2620; x_wconf 89' lang='lat' dir='ltr'><strong>hortis</strong></span> <span class='ocrx_word' id='word_1_363' title='bbox 2414 2566 2771 2638; x_wconf 86' lang='lat' dir='ltr'><strong>Hesperidum</strong></span> <span class='ocrx_word' id='word_1_364' title='bbox 2796 2587 2809 2622; x_wconf 91' lang='lat'><strong>:</strong></span> <span class='ocrx_word' id='word_1_365' title='bbox 2837 2586 2866 2622; x_wconf 91' lang='lat' dir='ltr'><strong>a</strong></span> <span class='ocrx_word' id='word_1_366' title='bbox 2897 2585 3002 2638; x_wconf 90' lang='lat' dir='ltr'><strong>qua</strong></span> <span class='ocrx_word' id='word_1_367' title='bbox 3030 2572 3248 2626; x_wconf 90' lang='lat' dir='ltr'><strong>civitate</strong></span> <span class='ocrx_word' id='word_1_368' title='bbox 3275 2571 3516 2642; x_wconf 87' lang='lat' dir='ltr'><strong>Massylii</strong></span> <span class='ocrx_word' id='word_1_369' title='bbox 3543 2572 3727 2626; x_wconf 79' lang='lat' dir='ltr'><strong>vocati</strong></span> 
     </span>
    </p>
   </div>
   <div class='ocr_carea' id='block_1_58' title="bbox 2125 2660 3726 2731">
    <p class='ocr_par' dir='ltr' id='par_1_58' title="bbox 2125 2660 3726 2731">
     <span class='ocr_line' id='line_1_58' title="bbox 2125 2660 3726 2731; baseline 0.006 -22"><span class='ocrx_word' id='word_1_370' title='bbox 2125 2664 2281 2719; x_wconf 92' lang='lat' dir='ltr'><strong>sunt,</strong></span> <span class='ocrx_word' id='word_1_371' title='bbox 2319 2672 2457 2725; x_wconf 88' lang='lat' dir='ltr'><strong>quos</strong></span> <span class='ocrx_word' id='word_1_372' title='bbox 2480 2673 2578 2712; x_wconf 92' lang='lat' dir='ltr'><strong>nos</strong></span> <span class='ocrx_word' id='word_1_373' title='bbox 2605 2668 2858 2728; x_wconf 88' lang='lat' dir='ltr'><strong>corrupte</strong></span> <span class='ocrx_word' id='word_1_374' title='bbox 2881 2660 3144 2716; x_wconf 87' lang='lat' dir='ltr'><strong>Massulas</strong></span> <span class='ocrx_word' id='word_1_375' title='bbox 3171 2677 3428 2716; x_wconf 87' lang='lat' dir='ltr'><strong>vocamus</strong></span> <span class='ocrx_word' id='word_1_376' title='bbox 3455 2679 3468 2714; x_wconf 90' lang='lat'><strong>:</strong></span> <span class='ocrx_word' id='word_1_377' title='bbox 3498 2663 3566 2716; x_wconf 88' lang='lat' dir='ltr'><strong>de</strong></span> <span class='ocrx_word' id='word_1_378' title='bbox 3593 2661 3726 2731; x_wconf 83' lang='lat' dir='ltr'><strong>qui-</strong></span> 
     </span>
    </p>
   </div>
   <div class='ocr_carea' id='block_1_59' title="bbox 2123 2744 2558 2817">
    <p class='ocr_par' dir='ltr' id='par_1_59' title="bbox 2123 2744 2558 2817">
     <span class='ocr_line' id='line_1_59' title="bbox 2123 2744 2558 2817; baseline 0.007 -19"><span class='ocrx_word' id='word_1_379' title='bbox 2123 2745 2227 2799; x_wconf 85' lang='lat' dir='ltr'><strong>bus</strong></span> <span class='ocrx_word' id='word_1_380' title='bbox 2263 2744 2518 2817; x_wconf 78' lang='lat' dir='ltr'><strong>Virgilius</strong></span> <span class='ocrx_word' id='word_1_381' title='bbox 2545 2764 2558 2814; x_wconf 93' lang='lat'><strong>;</strong></span> 
     </span>
    </p>
   </div>
   <div class='ocr_carea' id='block_1_60' title="bbox 2247 2855 3510 2923">
    <p class='ocr_par' dir='ltr' id='par_1_60' title="bbox 2247 2855 3510 2923">
     <span class='ocr_line' id='line_1_60' title="bbox 2247 2855 3510 2923; baseline 0.007 -18"><span class='ocrx_word' id='word_1_382' title='bbox 2247 2855 2376 2906; x_wconf 81' lang='lat' dir='ltr'><strong>Hinc</strong></span> <span class='ocrx_word' id='word_1_383' title='bbox 2397 2857 2515 2910; x_wconf 91' lang='lat' dir='ltr'><strong>mihi</strong></span> <span class='ocrx_word' id='word_1_384' title='bbox 2545 2858 2765 2922; x_wconf 64' lang='lat' dir='ltr'><strong>Hassyue</strong></span> <span class='ocrx_word' id='word_1_385' title='bbox 2789 2864 2953 2923; x_wconf 77' lang='lat' dir='ltr'><strong>gentis</strong></span> <span class='ocrx_word' id='word_1_386' title='bbox 2976 2868 3241 2914; x_wconf 83' lang='lat' dir='ltr'><strong>monstrata</strong></span> <span class='ocrx_word' id='word_1_387' title='bbox 3265 2864 3510 2914; x_wconf 79' lang='lat' dir='ltr'><strong>sacerdos.</strong></span> 
     </span>
    </p>
   </div>
   <div class='ocr_carea' id='block_1_61' title="bbox 2193 2955 3723 3034">
    <p class='ocr_par' dir='ltr' id='par_1_61' title="bbox 2193 2955 3723 3034">
     <span class='ocr_line' id='line_1_61' title="bbox 2193 2955 3723 3034; baseline 0.005 -22"><span class='ocrx_word' id='word_1_388' title='bbox 2193 2955 2423 3013; x_wconf 91' lang='lat' dir='ltr'><strong>Ganlalii</strong></span> <span class='ocrx_word' id='word_1_389' title='bbox 2472 2970 2660 3030; x_wconf 84' lang='lat' dir='ltr'><strong>gentes</strong></span> <span class='ocrx_word' id='word_1_390' title='bbox 2697 2971 2824 3016; x_wconf 88' lang='lat' dir='ltr'><strong>sunt</strong></span> <span class='ocrx_word' id='word_1_391' title='bbox 2863 2979 2894 3016; x_wconf 90' lang='lat' dir='ltr'><strong>a</strong></span> <span class='ocrx_word' id='word_1_392' title='bbox 2940 2965 3166 3019; x_wconf 85' lang='lat' dir='ltr'><strong>meridie</strong></span> <span class='ocrx_word' id='word_1_393' title='bbox 3215 2981 3386 3034; x_wconf 87' lang='lat' dir='ltr'><strong>usque</strong></span> <span class='ocrx_word' id='word_1_394' title='bbox 3435 2965 3723 3021; x_wconf 89' lang='lat' dir='ltr'><strong>Oceanum</strong></span> 
     </span>
    </p>
   </div>
   <div class='ocr_carea' id='block_1_62' title="bbox 2123 3045 3724 3120">
    <p class='ocr_par' dir='ltr' id='par_1_62' title="bbox 2123 3045 3724 3120">
     <span class='ocr_line' id='line_1_62' title="bbox 2123 3045 3724 3120; baseline 0.006 -21"><span class='ocrx_word' id='word_1_395' title='bbox 2123 3045 2479 3116; x_wconf 82' lang='lat' dir='ltr'><strong>HeSperidum</strong></span> <span class='ocrx_word' id='word_1_396' title='bbox 2513 3059 2870 3120; x_wconf 85' lang='lat' dir='ltr'><strong>pervagantes</strong></span> <span class='ocrx_word' id='word_1_397' title='bbox 2899 3069 2910 3104; x_wconf 89' lang='lat'><strong>:</strong></span> <span class='ocrx_word' id='word_1_398' title='bbox 2945 3053 3030 3106; x_wconf 91' lang='lat' dir='ltr'><strong>his</strong></span> <span class='ocrx_word' id='word_1_399' title='bbox 3059 3069 3256 3108; x_wconf 89' lang='lat' dir='ltr'><strong>nomen</strong></span> <span class='ocrx_word' id='word_1_400' title='bbox 3303 3053 3509 3109; x_wconf 85' lang='lat' dir='ltr'><strong>Gauloe</strong></span> <span class='ocrx_word' id='word_1_401' title='bbox 3541 3055 3724 3108; x_wconf 85' lang='lat' dir='ltr'><strong>insula</strong></span> 
     </span>
    </p>
   </div>
   <div class='ocr_carea' id='block_1_63' title="bbox 429 3136 3726 3230">
    <p class='ocr_par' dir='ltr' id='par_1_63' title="bbox 429 3136 3726 3230">
     <span class='ocr_line' id='line_1_63' title="bbox 429 3136 3726 3230; baseline 0.001 -14"><span class='ocrx_word' id='word_1_402' title='bbox 429 3161 588 3226; x_wconf 88' lang='lat' dir='ltr'><strong>sisse,</strong></span> <span class='ocrx_word' id='word_1_403' title='bbox 625 3161 807 3230; x_wconf 86' lang='lat' dir='ltr'><strong>ibique</strong></span> <span class='ocrx_word' id='word_1_404' title='bbox 834 3136 1021 3215; x_wconf 81' lang='lat' dir='ltr'><strong>urbem</strong></span> <span class='ocrx_word' id='word_1_405' title='bbox 1054 3136 1758 3230; x_wconf 28' lang='lat' dir='ltr'><strong>nomineVantiqutevpatrim</strong></span> <span class='ocrx_word' id='word_1_406' title='bbox 1787 3160 2020 3214; x_wconf 85' lang='lat' dir='ltr'><strong>Salami-</strong></span> <span class='ocrx_word' id='word_1_407' title='bbox 2050 3162 2096 3225; x_wconf 88' lang='lat' dir='ltr'><strong>C</strong></span> <span class='ocrx_word' id='word_1_408' title='bbox 2127 3136 2272 3230; x_wconf 52' lang='grc' dir='ltr'><strong>δεξίῆ</strong></span> <span class='ocrx_word' id='word_1_409' title='bbox 2297 3152 2416 3206; x_wconf 48' lang='lat' dir='ltr'><strong>quin</strong></span> <span class='ocrx_word' id='word_1_410' title='bbox 2444 3147 2526 3193; x_wconf 61' lang='grc' dir='ltr'><strong>θεῖ</strong></span> <span class='ocrx_word' id='word_1_411' title='bbox 2545 3136 2698 3230; x_wconf 35' lang='lat' dir='ltr'><strong>ius”</strong></span> <span class='ocrx_word' id='word_1_412' title='bbox 2721 3139 3052 3211; x_wconf 54' lang='lat' dir='ltr'><strong>Ethiopian]</strong></span> <span class='ocrx_word' id='word_1_413' title='bbox 3073 3182 3088 3208; x_wconf 69' lang='grc' dir='ltr'><strong>ν</strong></span> <span class='ocrx_word' id='word_1_414' title='bbox 3123 3143 3212 3196; x_wconf 62' lang='lat' dir='ltr'><strong>&quot;bi</strong></span> <span class='ocrx_word' id='word_1_415' title='bbox 3244 3158 3342 3198; x_wconf 65' lang='lat' dir='ltr'><strong>nec</strong></span> <span class='ocrx_word' id='word_1_416' title='bbox 3365 3157 3593 3212; x_wconf 56' lang='lat' dir='ltr'><strong>serpe“</strong></span> <span class='ocrx_word' id='word_1_417' title='bbox 3629 3159 3726 3196; x_wconf 62' lang='lat'><strong>&quot;3‘</strong></span> 
     </span>
    </p>
   </div>
   <div class='ocr_carea' id='block_1_64' title="bbox 430 3249 2022 3320">
    <p class='ocr_par' dir='ltr' id='par_1_64' title="bbox 430 3249 2022 3320">
     <span class='ocr_line' id='line_1_64' title="bbox 430 3249 2022 3320; baseline -0.001 -16"><span class='ocrx_word' id='word_1_418' title='bbox 430 3267 557 3305; x_wconf 89' lang='lat' dir='ltr'><strong>nam</strong></span> <span class='ocrx_word' id='word_1_419' title='bbox 580 3251 886 3306; x_wconf 88' lang='lat' dir='ltr'><strong>condidisse</strong></span> <span class='ocrx_word' id='word_1_420' title='bbox 923 3252 1120 3312; x_wconf 83' lang='lat' dir='ltr'><strong>ferunt,</strong></span> <span class='ocrx_word' id='word_1_421' title='bbox 1149 3251 1270 3304; x_wconf 91' lang='lat' dir='ltr'><strong>inde</strong></span> <span class='ocrx_word' id='word_1_422' title='bbox 1307 3253 1370 3305; x_wconf 89' lang='lat' dir='ltr'><strong>ad</strong></span> <span class='ocrx_word' id='word_1_423' title='bbox 1403 3251 1666 3304; x_wconf 84' lang='lat' dir='ltr'><strong>Galatiam</strong></span> <span class='ocrx_word' id='word_1_424' title='bbox 1701 3249 2022 3320; x_wconf 83' lang='lat' dir='ltr'><strong>profectum,</strong></span> 
     </span>
    </p>
   </div>
   <div class='ocr_carea' id='block_1_65' title="bbox 427 3339 1851 3410">
    <p class='ocr_par' dir='ltr' id='par_1_65' title="bbox 427 3339 1851 3410">
     <span class='ocr_line' id='line_1_65' title="bbox 427 3339 1851 3410; baseline -0.001 -16"><span class='ocrx_word' id='word_1_425' title='bbox 427 3342 689 3410; x_wconf 89' lang='lat' dir='ltr'><strong>expositis</strong></span> <span class='ocrx_word' id='word_1_426' title='bbox 719 3341 937 3395; x_wconf 89' lang='lat' dir='ltr'><strong>sedibus</strong></span> <span class='ocrx_word' id='word_1_427' title='bbox 968 3354 1033 3394; x_wconf 80' lang='lat' dir='ltr'><strong>ex</strong></span> <span class='ocrx_word' id='word_1_428' title='bbox 1068 3340 1188 3394; x_wconf 90' lang='lat' dir='ltr'><strong>loco</strong></span> <span class='ocrx_word' id='word_1_429' title='bbox 1217 3342 1359 3408; x_wconf 86' lang='lat' dir='ltr'><strong>genti</strong></span> <span class='ocrx_word' id='word_1_430' title='bbox 1392 3355 1585 3394; x_wconf 90' lang='lat' dir='ltr'><strong>nomen</strong></span> <span class='ocrx_word' id='word_1_431' title='bbox 1617 3339 1851 3393; x_wconf 84' lang='lat' dir='ltr'><strong>dedisse.</strong></span> 
     </span>
    </p>
   </div>
   <div class='ocr_carea' id='block_1_66' title="bbox 503 3430 2024 3500">
    <p class='ocr_par' dir='ltr' id='par_1_66' title="bbox 503 3430 2024 3500">
     <span class='ocr_line' id='line_1_66' title="bbox 503 3430 2024 3500; baseline 0 -16"><span class='ocrx_word' id='word_1_432' title='bbox 503 3432 729 3484; x_wconf 85' lang='lat' dir='ltr'><strong>Astures</strong></span> <span class='ocrx_word' id='word_1_433' title='bbox 751 3447 884 3500; x_wconf 86' lang='lat' dir='ltr'><strong>gens</strong></span> <span class='ocrx_word' id='word_1_434' title='bbox 906 3430 1198 3500; x_wconf 77' lang='lat' dir='ltr'><strong>Hispaniae,</strong></span> <span class='ocrx_word' id='word_1_435' title='bbox 1223 3431 1398 3485; x_wconf 89' lang='lat' dir='ltr'><strong>vocati</strong></span> <span class='ocrx_word' id='word_1_436' title='bbox 1424 3445 1511 3494; x_wconf 92' lang='lat' dir='ltr'><strong>eo,</strong></span> <span class='ocrx_word' id='word_1_437' title='bbox 1535 3431 1660 3499; x_wconf 87' lang='lat' dir='ltr'><strong>quia</strong></span> <span class='ocrx_word' id='word_1_438' title='bbox 1686 3431 1831 3484; x_wconf 90' lang='lat' dir='ltr'><strong>circa</strong></span> <span class='ocrx_word' id='word_1_439' title='bbox 1862 3430 2024 3485; x_wconf 84' lang='lat' dir='ltr'><strong>Astu-</strong></span> 
     </span>
    </p>
   </div>
   <div class='ocr_carea' id='block_1_67' title="bbox 431 3513 2027 3592">
    <p class='ocr_par' dir='ltr' id='par_1_67' title="bbox 431 3513 2027 3592">
     <span class='ocr_line' id='line_1_67' title="bbox 431 3513 2027 3592; baseline 0.001 -17"><span class='ocrx_word' id='word_1_440' title='bbox 431 3537 544 3575; x_wconf 88' lang='lat' dir='ltr'><strong>rcm</strong></span> <span class='ocrx_word' id='word_1_441' title='bbox 579 3523 808 3590; x_wconf 75' lang='lat' dir='ltr'><strong>tlunwn,</strong></span> <span class='ocrx_word' id='word_1_442' title='bbox 848 3523 984 3592; x_wconf 88' lang='lat' dir='ltr'><strong>septi</strong></span> <span class='ocrx_word' id='word_1_443' title='bbox 1026 3524 1298 3577; x_wconf 89' lang='lat' dir='ltr'><strong>montibus</strong></span> <span class='ocrx_word' id='word_1_444' title='bbox 1335 3513 1590 3592; x_wconf 69' lang='lat' dir='ltr'><strong>silt’isque</strong></span> <span class='ocrx_word' id='word_1_445' title='bbox 1629 3525 1834 3579; x_wconf 86' lang='lat' dir='ltr'><strong>crebris</strong></span> <span class='ocrx_word' id='word_1_446' title='bbox 1871 3524 2027 3577; x_wconf 91' lang='lat' dir='ltr'><strong>inha-</strong></span> 
     </span>
    </p>
   </div>
   <div class='ocr_carea' id='block_1_68' title="bbox 431 3615 624 3669">
    <p class='ocr_par' dir='ltr' id='par_1_68' title="bbox 431 3615 624 3669">
     <span class='ocr_line' id='line_1_68' title="bbox 431 3615 624 3669; baseline -0.005 0"><span class='ocrx_word' id='word_1_447' title='bbox 431 3615 624 3669; x_wconf 82' lang='lat' dir='ltr'><strong>bitcut.</strong></span> 
     </span>
    </p>
   </div>
   <div class='ocr_carea' id='block_1_69' title="bbox 503 3707 2021 3777">
    <p class='ocr_par' dir='ltr' id='par_1_69' title="bbox 503 3707 2021 3777">
     <span class='ocr_line' id='line_1_69' title="bbox 503 3707 2021 3777; baseline 0.001 -16"><span class='ocrx_word' id='word_1_448' title='bbox 503 3707 760 3762; x_wconf 88' lang='lat' dir='ltr'><strong>Cantahri</strong></span> <span class='ocrx_word' id='word_1_449' title='bbox 788 3724 918 3777; x_wconf 89' lang='lat' dir='ltr'><strong>gcns</strong></span> <span class='ocrx_word' id='word_1_450' title='bbox 950 3709 1239 3777; x_wconf 71' lang='lat' dir='ltr'><strong>Hispanite,</strong></span> <span class='ocrx_word' id='word_1_451' title='bbox 1271 3725 1301 3762; x_wconf 91' lang='lat' dir='ltr'><strong>a</strong></span> <span class='ocrx_word' id='word_1_452' title='bbox 1331 3709 1591 3763; x_wconf 89' lang='lat' dir='ltr'><strong>vocabulo</strong></span> <span class='ocrx_word' id='word_1_453' title='bbox 1620 3709 1769 3763; x_wconf 89' lang='lat' dir='ltr'><strong>urbis</strong></span> <span class='ocrx_word' id='word_1_454' title='bbox 1795 3718 1848 3763; x_wconf 92' lang='lat' dir='ltr'><strong>et</strong></span> <span class='ocrx_word' id='word_1_455' title='bbox 1883 3710 2021 3763; x_wconf 82' lang='lat' dir='ltr'><strong>lberi</strong></span> 
     </span>
    </p>
   </div>
   <div class='ocr_carea' id='block_1_70' title="bbox 433 3799 2018 3868">
    <p class='ocr_par' dir='ltr' id='par_1_70' title="bbox 433 3799 2018 3868">
     <span class='ocr_line' id='line_1_70' title="bbox 433 3799 2018 3868; baseline -0.001 -19"><span class='ocrx_word' id='word_1_456' title='bbox 433 3799 643 3862; x_wconf 89' lang='lat' dir='ltr'><strong>amnis,</strong></span> <span class='ocrx_word' id='word_1_457' title='bbox 675 3799 760 3852; x_wconf 90' lang='lat' dir='ltr'><strong>cui</strong></span> <span class='ocrx_word' id='word_1_458' title='bbox 801 3799 1041 3852; x_wconf 90' lang='lat' dir='ltr'><strong>insidunt</strong></span> <span class='ocrx_word' id='word_1_459' title='bbox 1079 3799 1369 3868; x_wconf 86' lang='lat' dir='ltr'><strong>appellati:</strong></span> <span class='ocrx_word' id='word_1_460' title='bbox 1405 3800 1595 3852; x_wconf 88' lang='lat' dir='ltr'><strong>horum</strong></span> <span class='ocrx_word' id='word_1_461' title='bbox 1639 3799 1852 3851; x_wconf 89' lang='lat' dir='ltr'><strong>animus</strong></span> <span class='ocrx_word' id='word_1_462' title='bbox 1897 3815 2018 3867; x_wconf 38' lang='lat' dir='ltr'><strong>pert</strong></span> 
     </span>
    </p>
   </div>
   <div class='ocr_carea' id='block_1_71' title="bbox 434 3886 2025 3958">
    <p class='ocr_par' dir='ltr' id='par_1_71' title="bbox 434 3886 2025 3958">
     <span class='ocr_line' id='line_1_71' title="bbox 434 3886 2025 3958; baseline -0.001 -18"><span class='ocrx_word' id='word_1_463' title='bbox 434 3889 583 3942; x_wconf 86' lang='lat' dir='ltr'><strong>tiuax</strong></span> <span class='ocrx_word' id='word_1_464' title='bbox 623 3890 795 3958; x_wconf 90' lang='lat' dir='ltr'><strong>magis</strong></span> <span class='ocrx_word' id='word_1_465' title='bbox 829 3891 895 3942; x_wconf 86' lang='lat' dir='ltr'><strong>ad</strong></span> <span class='ocrx_word' id='word_1_466' title='bbox 923 3889 1352 3942; x_wconf 88' lang='lat' dir='ltr'><strong>latrocinandum</strong></span> <span class='ocrx_word' id='word_1_467' title='bbox 1385 3898 1439 3942; x_wconf 89' lang='lat' dir='ltr'><strong>ct</strong></span> <span class='ocrx_word' id='word_1_468' title='bbox 1469 3889 1534 3941; x_wconf 91' lang='lat' dir='ltr'><strong>ad</strong></span> <span class='ocrx_word' id='word_1_469' title='bbox 1569 3887 1916 3952; x_wconf 90' lang='lat' dir='ltr'><strong>bellandum,</strong></span> <span class='ocrx_word' id='word_1_470' title='bbox 1942 3886 2025 3942; x_wconf 91' lang='lat' dir='ltr'><strong>vel</strong></span> 
     </span>
    </p>
   </div>
   <div class='ocr_carea' id='block_1_72' title="bbox 434 3979 1664 4050">
    <p class='ocr_par' dir='ltr' id='par_1_72' title="bbox 434 3979 1664 4050">
     <span class='ocr_line' id='line_1_72' title="bbox 434 3979 1664 4050; baseline -0.003 -16"><span class='ocrx_word' id='word_1_471' title='bbox 434 3982 501 4034; x_wconf 90' lang='lat' dir='ltr'><strong>ad</strong></span> <span class='ocrx_word' id='word_1_472' title='bbox 533 3981 940 4050; x_wconf 89' lang='lat' dir='ltr'><strong>perpetiendum</strong></span> <span class='ocrx_word' id='word_1_473' title='bbox 968 3980 1191 4034; x_wconf 90' lang='lat' dir='ltr'><strong>verbera</strong></span> <span class='ocrx_word' id='word_1_474' title='bbox 1222 3993 1437 4048; x_wconf 89' lang='lat' dir='ltr'><strong>semper</strong></span> <span class='ocrx_word' id='word_1_475' title='bbox 1469 3979 1664 4047; x_wconf 91' lang='lat' dir='ltr'><strong>parati.</strong></span> 
     </span>
    </p>
   </div>
   <div class='ocr_carea' id='block_1_73' title="bbox 508 4087 2024 4154">
    <p class='ocr_par' dir='ltr' id='par_1_73' title="bbox 508 4087 2024 4154">
     <span class='ocr_line' id='line_1_73' title="bbox 508 4087 2024 4154; baseline -0.003 -12"><span class='ocrx_word' id='word_1_476' title='bbox 508 4090 766 4144; x_wconf 82' lang='lat' dir='ltr'><strong>Celtiberi</strong></span> <span class='ocrx_word' id='word_1_477' title='bbox 788 4105 855 4143; x_wconf 87' lang='lat' dir='ltr'><strong>ex</strong></span> <span class='ocrx_word' id='word_1_478' title='bbox 884 4089 1050 4143; x_wconf 87' lang='lat' dir='ltr'><strong>Gallis</strong></span> <span class='ocrx_word' id='word_1_479' title='bbox 1071 4088 1290 4141; x_wconf 83' lang='lat' dir='ltr'><strong>Celticis</strong></span> <span class='ocrx_word' id='word_1_480' title='bbox 1316 4087 1551 4150; x_wconf 80' lang='lat' dir='ltr'><strong>fuerunt,</strong></span> <span class='ocrx_word' id='word_1_481' title='bbox 1575 4101 1804 4154; x_wconf 91' lang='lat' dir='ltr'><strong>quorum</strong></span> <span class='ocrx_word' id='word_1_482' title='bbox 1830 4102 1896 4140; x_wconf 85' lang='lat' dir='ltr'><strong>ex</strong></span> <span class='ocrx_word' id='word_1_483' title='bbox 1928 4101 2024 4139; x_wconf 94' lang='lat' dir='ltr'><strong>no-</strong></span> 
     </span>
    </p>
   </div>
   <div class='ocr_carea' id='block_1_74' title="bbox 438 4175 2025 4250">
    <p class='ocr_par' dir='ltr' id='par_1_74' title="bbox 438 4175 2025 4250">
     <span class='ocr_line' id='line_1_74' title="bbox 438 4175 2025 4250; baseline -0.003 -17"><span class='ocrx_word' id='word_1_484' title='bbox 438 4182 584 4234; x_wconf 90' lang='lat' dir='ltr'><strong>mine</strong></span> <span class='ocrx_word' id='word_1_485' title='bbox 612 4180 879 4250; x_wconf 90' lang='lat' dir='ltr'><strong>appellata</strong></span> <span class='ocrx_word' id='word_1_486' title='bbox 910 4188 993 4233; x_wconf 92' lang='lat' dir='ltr'><strong>est</strong></span> <span class='ocrx_word' id='word_1_487' title='bbox 1014 4179 1163 4248; x_wconf 90' lang='lat' dir='ltr'><strong>regio</strong></span> <span class='ocrx_word' id='word_1_488' title='bbox 1193 4177 1503 4231; x_wconf 88' lang='lat' dir='ltr'><strong>Celtiberia.</strong></span> <span class='ocrx_word' id='word_1_489' title='bbox 1530 4176 1664 4228; x_wconf 88' lang='lat' dir='ltr'><strong>Nam</strong></span> <span class='ocrx_word' id='word_1_490' title='bbox 1707 4190 1770 4228; x_wconf 85' lang='lat' dir='ltr'><strong>ex</strong></span> <span class='ocrx_word' id='word_1_491' title='bbox 1805 4175 2025 4229; x_wconf 84' lang='lat' dir='ltr'><strong>ﬂumine</strong></span> 
     </span>
    </p>
   </div>
   <div class='ocr_carea' id='block_1_75' title="bbox 436 4263 2021 4338">
    <p class='ocr_par' dir='ltr' id='par_1_75' title="bbox 436 4263 2021 4338">
     <span class='ocr_line' id='line_1_75' title="bbox 436 4263 2021 4338; baseline -0.004 -15"><span class='ocrx_word' id='word_1_492' title='bbox 436 4270 708 4338; x_wconf 73' lang='lat' dir='ltr'><strong>Hispania:</strong></span> <span class='ocrx_word' id='word_1_493' title='bbox 736 4270 889 4322; x_wconf 91' lang='lat' dir='ltr'><strong>lbcro</strong></span> <span class='ocrx_word' id='word_1_494' title='bbox 910 4309 924 4333; x_wconf 93' lang='lat'><strong>,</strong></span> <span class='ocrx_word' id='word_1_495' title='bbox 964 4269 1052 4321; x_wconf 89' lang='lat' dir='ltr'><strong>ubi</strong></span> <span class='ocrx_word' id='word_1_496' title='bbox 1086 4267 1476 4330; x_wconf 88' lang='lat' dir='ltr'><strong>consederunt,</strong></span> <span class='ocrx_word' id='word_1_497' title='bbox 1520 4274 1572 4318; x_wconf 92' lang='lat' dir='ltr'><strong>et</strong></span> <span class='ocrx_word' id='word_1_498' title='bbox 1602 4279 1668 4317; x_wconf 89' lang='lat' dir='ltr'><strong>ex</strong></span> <span class='ocrx_word' id='word_1_499' title='bbox 1695 4263 1862 4318; x_wconf 90' lang='lat' dir='ltr'><strong>Gallis</strong></span> <span class='ocrx_word' id='word_1_500' title='bbox 1886 4303 1900 4327; x_wconf 96' lang='lat'><strong>,</strong></span> <span class='ocrx_word' id='word_1_501' title='bbox 1929 4264 2021 4331; x_wconf 92' lang='lat' dir='ltr'><strong>qui</strong></span> 
     </span>
    </p>
   </div>
   <div class='ocr_carea' id='block_1_76' title="bbox 433 4355 2018 4425">
    <p class='ocr_par' dir='ltr' id='par_1_76' title="bbox 433 4355 2018 4425">
     <span class='ocr_line' id='line_1_76' title="bbox 433 4355 2018 4425; baseline -0.003 -11"><span class='ocrx_word' id='word_1_502' title='bbox 433 4361 623 4415; x_wconf 86' lang='lat' dir='ltr'><strong>Celtici</strong></span> <span class='ocrx_word' id='word_1_503' title='bbox 648 4361 988 4424; x_wconf 89' lang='lat' dir='ltr'><strong>dicebantur,</strong></span> <span class='ocrx_word' id='word_1_504' title='bbox 1014 4359 1179 4414; x_wconf 89' lang='lat' dir='ltr'><strong>misto</strong></span> <span class='ocrx_word' id='word_1_505' title='bbox 1208 4366 1439 4425; x_wconf 89' lang='lat' dir='ltr'><strong>utroque</strong></span> <span class='ocrx_word' id='word_1_506' title='bbox 1455 4355 1741 4420; x_wconf 87' lang='lat' dir='ltr'><strong>vocabulo,</strong></span> <span class='ocrx_word' id='word_1_507' title='bbox 1765 4355 2018 4410; x_wconf 88' lang='lat' dir='ltr'><strong>Celtiberi</strong></span> 
     </span>
    </p>
   </div>
   <div class='ocr_carea' id='block_1_77' title="bbox 435 4452 898 4518">
    <p class='ocr_par' dir='ltr' id='par_1_77' title="bbox 435 4452 898 4518">
     <span class='ocr_line' id='line_1_77' title="bbox 435 4452 898 4518; baseline -0.004 -14"><span class='ocrx_word' id='word_1_508' title='bbox 435 4452 727 4518; x_wconf 90' lang='lat' dir='ltr'><strong>nuncupati</strong></span> <span class='ocrx_word' id='word_1_509' title='bbox 754 4458 898 4502; x_wconf 89' lang='lat' dir='ltr'><strong>sunt.</strong></span> 
     </span>
    </p>
   </div>
   <div class='ocr_carea' id='block_1_78' title="bbox 508 4534 2021 4606">
    <p class='ocr_par' dir='ltr' id='par_1_78' title="bbox 508 4534 2021 4606">
     <span class='ocr_line' id='line_1_78' title="bbox 508 4534 2021 4606; baseline -0.001 -15"><span class='ocrx_word' id='word_1_510' title='bbox 508 4540 622 4593; x_wconf 84' lang='lat' dir='ltr'><strong>Afri</strong></span> <span class='ocrx_word' id='word_1_511' title='bbox 651 4538 900 4606; x_wconf 88' lang='lat' dir='ltr'><strong>appellati</strong></span> <span class='ocrx_word' id='word_1_512' title='bbox 933 4538 1000 4589; x_wconf 90' lang='lat' dir='ltr'><strong>ab</strong></span> <span class='ocrx_word' id='word_1_513' title='bbox 1030 4552 1137 4588; x_wconf 91' lang='lat' dir='ltr'><strong>uno</strong></span> <span class='ocrx_word' id='word_1_514' title='bbox 1169 4552 1233 4589; x_wconf 80' lang='lat' dir='ltr'><strong>ex</strong></span> <span class='ocrx_word' id='word_1_515' title='bbox 1261 4535 1492 4606; x_wconf 87' lang='lat' dir='ltr'><strong>posteris</strong></span> <span class='ocrx_word' id='word_1_516' title='bbox 1513 4535 1746 4588; x_wconf 76' lang='lat' dir='ltr'><strong>Abrahze</strong></span> <span class='ocrx_word' id='word_1_517' title='bbox 1765 4574 1779 4598; x_wconf 93' lang='lat'><strong>,</strong></span> <span class='ocrx_word' id='word_1_518' title='bbox 1801 4534 1893 4602; x_wconf 90' lang='lat' dir='ltr'><strong>qui</strong></span> <span class='ocrx_word' id='word_1_519' title='bbox 1923 4550 2021 4590; x_wconf 84' lang='lat' dir='ltr'><strong>vo-</strong></span> 
     </span>
    </p>
   </div>
   <div class='ocr_carea' id='block_1_79' title="bbox 435 4624 2024 4694">
    <p class='ocr_par' dir='ltr' id='par_1_79' title="bbox 435 4624 2024 4694">
     <span class='ocr_line' id='line_1_79' title="bbox 435 4624 2024 4694; baseline -0.003 -10"><span class='ocrx_word' id='word_1_520' title='bbox 435 4631 662 4684; x_wconf 90' lang='lat' dir='ltr'><strong>cabatur</strong></span> <span class='ocrx_word' id='word_1_521' title='bbox 689 4627 840 4691; x_wconf 81' lang='lat' dir='ltr'><strong>Afer,</strong></span> <span class='ocrx_word' id='word_1_522' title='bbox 882 4627 971 4693; x_wconf 90' lang='lat' dir='ltr'><strong>qui</strong></span> <span class='ocrx_word' id='word_1_523' title='bbox 1012 4626 1212 4680; x_wconf 91' lang='lat' dir='ltr'><strong>dicitur</strong></span> <span class='ocrx_word' id='word_1_524' title='bbox 1247 4625 1462 4678; x_wconf 78' lang='lat' dir='ltr'><strong>duxisse</strong></span> <span class='ocrx_word' id='word_1_525' title='bbox 1502 4624 1761 4678; x_wconf 87' lang='lat' dir='ltr'><strong>adversus</strong></span> <span class='ocrx_word' id='word_1_526' title='bbox 1798 4625 2024 4694; x_wconf 90' lang='lat' dir='ltr'><strong>Libyam</strong></span> 
     </span>
    </p>
   </div>
   <div class='ocr_carea' id='block_1_80' title="bbox 435 4714 2026 4781">
    <p class='ocr_par' dir='ltr' id='par_1_80' title="bbox 435 4714 2026 4781">
     <span class='ocr_line' id='line_1_80' title="bbox 435 4714 2026 4781; baseline -0.004 -7"><span class='ocrx_word' id='word_1_527' title='bbox 435 4719 766 4781; x_wconf 83' lang='lat' dir='ltr'><strong>exercitum,</strong></span> <span class='ocrx_word' id='word_1_528' title='bbox 806 4726 860 4770; x_wconf 91' lang='lat' dir='ltr'><strong>et</strong></span> <span class='ocrx_word' id='word_1_529' title='bbox 896 4717 968 4770; x_wconf 90' lang='lat' dir='ltr'><strong>ibi</strong></span> <span class='ocrx_word' id='word_1_530' title='bbox 1019 4715 1174 4768; x_wconf 89' lang='lat' dir='ltr'><strong>victis</strong></span> <span class='ocrx_word' id='word_1_531' title='bbox 1222 4716 1466 4768; x_wconf 85' lang='lat' dir='ltr'><strong>hostibus</strong></span> <span class='ocrx_word' id='word_1_532' title='bbox 1505 4714 1849 4776; x_wconf 90' lang='lat' dir='ltr'><strong>consedisse,</strong></span> <span class='ocrx_word' id='word_1_533' title='bbox 1883 4715 2026 4779; x_wconf 87' lang='lat' dir='ltr'><strong>ejus-</strong></span> 
     </span>
    </p>
   </div>
   <div class='ocr_carea' id='block_1_81' title="bbox 436 4800 2022 4877">
    <p class='ocr_par' dir='ltr' id='par_1_81' title="bbox 436 4800 2022 4877">
     <span class='ocr_line' id='line_1_81' title="bbox 436 4800 2022 4877; baseline -0.003 -16"><span class='ocrx_word' id='word_1_534' title='bbox 436 4824 542 4877; x_wconf 85' lang='lat' dir='ltr'><strong>que</strong></span> <span class='ocrx_word' id='word_1_535' title='bbox 584 4815 832 4876; x_wconf 85' lang='lat' dir='ltr'><strong>posteros</strong></span> <span class='ocrx_word' id='word_1_536' title='bbox 868 4819 935 4859; x_wconf 81' lang='lat' dir='ltr'><strong>ex</strong></span> <span class='ocrx_word' id='word_1_537' title='bbox 982 4806 1198 4859; x_wconf 91' lang='lat' dir='ltr'><strong>nomine</strong></span> <span class='ocrx_word' id='word_1_538' title='bbox 1234 4803 1428 4858; x_wconf 82' lang='lat' dir='ltr'><strong>Atavi.</strong></span> <span class='ocrx_word' id='word_1_539' title='bbox 1476 4811 1530 4856; x_wconf 88' lang='lat' dir='ltr'><strong>et</strong></span> <span class='ocrx_word' id='word_1_540' title='bbox 1574 4800 1736 4856; x_wconf 78' lang='lat' dir='ltr'><strong>Afros</strong></span> <span class='ocrx_word' id='word_1_541' title='bbox 1784 4803 2022 4857; x_wconf 81' lang='lat' dir='ltr'><strong>Africam</strong></span> 
     </span>
    </p>
   </div>
   <div class='ocr_carea' id='block_1_82' title="bbox 438 4912 801 4966">
    <p class='ocr_par' dir='ltr' id='par_1_82' title="bbox 438 4912 801 4966">
     <span class='ocr_line' id='line_1_82' title="bbox 438 4912 801 4966; baseline -0.011 -14"><span class='ocrx_word' id='word_1_542' title='bbox 438 4912 801 4966; x_wconf 68' lang='lat' dir='ltr'><strong>nuncupasse.</strong></span> 
     </span>
    </p>
   </div>
   <div class='ocr_carea' id='block_1_83' title="bbox 511 4978 2024 5055">
    <p class='ocr_par' dir='ltr' id='par_1_83' title="bbox 511 4978 2024 5055">
     <span class='ocr_line' id='line_1_83' title="bbox 511 4978 2024 5055; baseline -0.002 -13"><span class='ocrx_word' id='word_1_543' title='bbox 511 4990 662 5042; x_wconf 89' lang='lat' dir='ltr'><strong>Poeni</strong></span> <span class='ocrx_word' id='word_1_544' title='bbox 705 4996 884 5043; x_wconf 89' lang='lat' dir='ltr'><strong>autem</strong></span> <span class='ocrx_word' id='word_1_545' title='bbox 929 4985 1385 5055; x_wconf 87' lang='lat' dir='ltr'><strong>Carthagincnses</strong></span> <span class='ocrx_word' id='word_1_546' title='bbox 1433 4993 1558 5039; x_wconf 93' lang='lat' dir='ltr'><strong>sunt</strong></span> <span class='ocrx_word' id='word_1_547' title='bbox 1602 5000 1632 5039; x_wconf 90' lang='lat' dir='ltr'><strong>a</strong></span> <span class='ocrx_word' id='word_1_548' title='bbox 1678 4978 2024 5039; x_wconf 70' lang='lat' dir='ltr'><strong>thnicibus</strong></span> 
     </span>
    </p>
   </div>
   <div class='ocr_carea' id='block_1_84' title="bbox 440 5076 2022 5148">
    <p class='ocr_par' dir='ltr' id='par_1_84' title="bbox 440 5076 2022 5148">
     <span class='ocr_line' id='line_1_84' title="bbox 440 5076 2022 5148; baseline -0.003 -16"><span class='ocrx_word' id='word_1_549' title='bbox 440 5081 753 5148; x_wconf 86' lang='lat' dir='ltr'><strong>nuncupati,</strong></span> <span class='ocrx_word' id='word_1_550' title='bbox 799 5080 892 5147; x_wconf 89' lang='lat' dir='ltr'><strong>qui</strong></span> <span class='ocrx_word' id='word_1_551' title='bbox 943 5095 1065 5132; x_wconf 90' lang='lat' dir='ltr'><strong>cum</strong></span> <span class='ocrx_word' id='word_1_552' title='bbox 1114 5079 1317 5131; x_wconf 90' lang='lat' dir='ltr'><strong>Didone</strong></span> <span class='ocrx_word' id='word_1_553' title='bbox 1365 5076 1591 5145; x_wconf 79' lang='lat' dir='ltr'><strong>profecti</strong></span> <span class='ocrx_word' id='word_1_554' title='bbox 1646 5083 1770 5130; x_wconf 89' lang='lat' dir='ltr'><strong>sunt</strong></span> <span class='ocrx_word' id='word_1_555' title='bbox 1814 5095 1827 5129; x_wconf 89' lang='lat'>:</span> <span class='ocrx_word' id='word_1_556' title='bbox 1877 5076 2022 5145; x_wconf 87' lang='lat' dir='ltr'><strong>Tyrii</strong></span> 
     </span>
    </p>
   </div>
   <div class='ocr_carea' id='block_1_85' title="bbox 441 5165 2026 5236">
    <p class='ocr_par' dir='ltr' id='par_1_85' title="bbox 441 5165 2026 5236">
     <span class='ocr_line' id='line_1_85' title="bbox 441 5165 2026 5236; baseline 0.001 -20"><span class='ocrx_word' id='word_1_557' title='bbox 441 5183 570 5220; x_wconf 83' lang='lat' dir='ltr'><strong>vero</strong></span> <span class='ocrx_word' id='word_1_558' title='bbox 603 5183 631 5219; x_wconf 91' lang='lat' dir='ltr'><strong>a</strong></span> <span class='ocrx_word' id='word_1_559' title='bbox 662 5167 806 5236; x_wconf 83' lang='lat' dir='ltr'><strong>Tyro</strong></span> <span class='ocrx_word' id='word_1_560' title='bbox 839 5168 971 5220; x_wconf 88' lang='lat' dir='ltr'><strong>urbe</strong></span> <span class='ocrx_word' id='word_1_561' title='bbox 994 5167 1309 5219; x_wconf 58' lang='lat' dir='ltr'><strong>Phoenicum</strong></span> <span class='ocrx_word' id='word_1_562' title='bbox 1341 5165 1626 5229; x_wconf 89' lang='lat' dir='ltr'><strong>nominati,</strong></span> <span class='ocrx_word' id='word_1_563' title='bbox 1666 5165 1734 5219; x_wconf 92' lang='lat' dir='ltr'><strong>de</strong></span> <span class='ocrx_word' id='word_1_564' title='bbox 1773 5181 1877 5234; x_wconf 90' lang='lat' dir='ltr'><strong>qua</strong></span> <span class='ocrx_word' id='word_1_565' title='bbox 1901 5180 2026 5234; x_wconf 91' lang='lat' dir='ltr'><strong>pro-</strong></span> 
     </span>
    </p>
   </div>
   <div class='ocr_carea' id='block_1_86' title="bbox 441 5255 1633 5316">
    <p class='ocr_par' dir='ltr' id='par_1_86' title="bbox 441 5255 1633 5316">
     <span class='ocr_line' id='line_1_86' title="bbox 441 5255 1633 5316; baseline -0.001 -8"><span class='ocrx_word' id='word_1_566' title='bbox 441 5257 566 5311; x_wconf 80' lang='lat' dir='ltr'><strong>fecti</strong></span> <span class='ocrx_word' id='word_1_567' title='bbox 604 5266 748 5316; x_wconf 91' lang='lat' dir='ltr'><strong>sunt,</strong></span> <span class='ocrx_word' id='word_1_568' title='bbox 777 5266 829 5310; x_wconf 90' lang='lat' dir='ltr'><strong>et</strong></span> <span class='ocrx_word' id='word_1_569' title='bbox 862 5257 912 5309; x_wconf 89' lang='lat' dir='ltr'><strong>in</strong></span> <span class='ocrx_word' id='word_1_570' title='bbox 941 5255 1138 5309; x_wconf 77' lang='lat' dir='ltr'><strong>Africae</strong></span> <span class='ocrx_word' id='word_1_571' title='bbox 1168 5256 1318 5308; x_wconf 87' lang='lat' dir='ltr'><strong>littus</strong></span> <span class='ocrx_word' id='word_1_572' title='bbox 1349 5263 1633 5309; x_wconf 87' lang='lat' dir='ltr'><strong>venerunt.</strong></span> 
     </span>
    </p>
   </div>
   <div class='ocr_carea' id='block_1_87' title="bbox 510 5327 2026 5414">
    <p class='ocr_par' dir='ltr' id='par_1_87' title="bbox 510 5327 2026 5414">
     <span class='ocr_line' id='line_1_87' title="bbox 510 5327 2026 5414; baseline -0.005 -12"><span class='ocrx_word' id='word_1_573' title='bbox 510 5346 687 5402; x_wconf 87' lang='lat' dir='ltr'><strong>Getuli</strong></span> <span class='ocrx_word' id='word_1_574' title='bbox 721 5348 869 5400; x_wconf 79' lang='lat' dir='ltr'><strong>Geta:</strong></span> <span class='ocrx_word' id='word_1_575' title='bbox 904 5346 1158 5398; x_wconf 90' lang='lat' dir='ltr'><strong>dicuntur</strong></span> <span class='ocrx_word' id='word_1_576' title='bbox 1201 5345 1392 5409; x_wconf 77' lang='lat' dir='ltr'><strong>fuisse,</strong></span> <span class='ocrx_word' id='word_1_577' title='bbox 1435 5327 1527 5413; x_wconf 85' lang='lat' dir='ltr'><strong>qui</strong></span> <span class='ocrx_word' id='word_1_578' title='bbox 1571 5343 1772 5414; x_wconf 90' lang='lat' dir='ltr'><strong>ingenti</strong></span> <span class='ocrx_word' id='word_1_579' title='bbox 1811 5344 2026 5413; x_wconf 88' lang='lat' dir='ltr'><strong>agmine</strong></span> 
     </span>
    </p>
   </div>
   <div class='ocr_carea' id='block_1_88' title="bbox 440 5431 2024 5502">
    <p class='ocr_par' dir='ltr' id='par_1_88' title="bbox 440 5431 2024 5502">
     <span class='ocr_line' id='line_1_88' title="bbox 440 5431 2024 5502; baseline -0.004 -11"><span class='ocrx_word' id='word_1_580' title='bbox 440 5453 471 5491; x_wconf 90' lang='lat' dir='ltr'><strong>a</strong></span> <span class='ocrx_word' id='word_1_581' title='bbox 501 5438 633 5492; x_wconf 91' lang='lat' dir='ltr'><strong>locis</strong></span> <span class='ocrx_word' id='word_1_582' title='bbox 659 5438 770 5493; x_wconf 90' lang='lat' dir='ltr'><strong>suis</strong></span> <span class='ocrx_word' id='word_1_583' title='bbox 799 5437 1026 5490; x_wconf 86' lang='lat' dir='ltr'><strong>navibus</strong></span> <span class='ocrx_word' id='word_1_584' title='bbox 1074 5434 1500 5488; x_wconf 86' lang='lat' dir='ltr'><strong>conscendentes</strong></span> <span class='ocrx_word' id='word_1_585' title='bbox 1544 5435 1661 5487; x_wconf 88' lang='lat' dir='ltr'><strong>loca</strong></span> <span class='ocrx_word' id='word_1_586' title='bbox 1697 5431 1937 5502; x_wconf 86' lang='lat' dir='ltr'><strong>Syrtium</strong></span> <span class='ocrx_word' id='word_1_587' title='bbox 1970 5431 2024 5484; x_wconf 92' lang='lat' dir='ltr'><strong>in</strong></span> 
     </span>
    </p>
   </div>
   <div class='ocr_carea' id='block_1_89' title="bbox 442 5520 2026 5598">
    <p class='ocr_par' dir='ltr' id='par_1_89' title="bbox 442 5520 2026 5598">
     <span class='ocr_line' id='line_1_89' title="bbox 442 5520 2026 5598; baseline -0.005 -17"><span class='ocrx_word' id='word_1_588' title='bbox 442 5529 608 5598; x_wconf 89' lang='lat' dir='ltr'><strong>Libya</strong></span> <span class='ocrx_word' id='word_1_589' title='bbox 632 5534 1034 5595; x_wconf 85' lang='lat' dir='ltr'><strong>occupaverunt</strong></span> <span class='ocrx_word' id='word_1_590' title='bbox 1062 5544 1072 5578; x_wconf 92' lang='lat'><strong>:</strong></span> <span class='ocrx_word' id='word_1_591' title='bbox 1099 5534 1152 5578; x_wconf 91' lang='lat' dir='ltr'><strong>et</strong></span> <span class='ocrx_word' id='word_1_592' title='bbox 1180 5524 1304 5592; x_wconf 89' lang='lat' dir='ltr'><strong>quia</strong></span> <span class='ocrx_word' id='word_1_593' title='bbox 1333 5540 1397 5577; x_wconf 89' lang='lat' dir='ltr'><strong>ex</strong></span> <span class='ocrx_word' id='word_1_594' title='bbox 1421 5522 1569 5575; x_wconf 89' lang='lat' dir='ltr'><strong>Getis</strong></span> <span class='ocrx_word' id='word_1_595' title='bbox 1596 5529 1874 5585; x_wconf 88' lang='lat' dir='ltr'><strong>venerant,</strong></span> <span class='ocrx_word' id='word_1_596' title='bbox 1902 5520 2026 5573; x_wconf 85' lang='lat' dir='ltr'><strong>inde</strong></span> 
     </span>
    </p>
   </div>
   <div class='ocr_carea' id='block_1_90' title="bbox 444 5609 2025 5683">
    <p class='ocr_par' dir='ltr' id='par_1_90' title="bbox 444 5609 2025 5683">
     <span class='ocr_line' id='line_1_90' title="bbox 444 5609 2025 5683; baseline -0.008 -10"><span class='ocrx_word' id='word_1_597' title='bbox 444 5619 691 5673; x_wconf 87' lang='lat' dir='ltr'><strong>derivato</strong></span> <span class='ocrx_word' id='word_1_598' title='bbox 718 5618 934 5671; x_wconf 88' lang='lat' dir='ltr'><strong>nomine</strong></span> <span class='ocrx_word' id='word_1_599' title='bbox 964 5615 1138 5670; x_wconf 88' lang='lat' dir='ltr'><strong>Getuli</strong></span> <span class='ocrx_word' id='word_1_600' title='bbox 1181 5614 1547 5683; x_wconf 85' lang='lat' dir='ltr'><strong>cognominati</strong></span> <span class='ocrx_word' id='word_1_601' title='bbox 1598 5619 1725 5664; x_wconf 85' lang='lat' dir='ltr'><strong>sunt</strong></span> <span class='ocrx_word' id='word_1_602' title='bbox 1753 5625 1765 5662; x_wconf 92' lang='lat'><strong>:</strong></span> <span class='ocrx_word' id='word_1_603' title='bbox 1793 5609 1935 5662; x_wconf 87' lang='lat' dir='ltr'><strong>unde</strong></span> <span class='ocrx_word' id='word_1_604' title='bbox 1970 5616 2025 5661; x_wconf 89' lang='lat' dir='ltr'><strong>et</strong></span> 
     </span>
    </p>
   </div>
   <div class='ocr_carea' id='block_1_91' title="bbox 445 5702 2022 5782">
    <p class='ocr_par' dir='ltr' id='par_1_91' title="bbox 445 5702 2022 5782">
     <span class='ocr_line' id='line_1_91' title="bbox 445 5702 2022 5782; baseline -0.005 -20"><span class='ocrx_word' id='word_1_605' title='bbox 445 5711 623 5764; x_wconf 69' lang='grc' dir='ltr'><strong>υιιίιιίυ</strong></span> <span class='ocrx_word' id='word_1_606' title='bbox 640 5717 740 5774; x_wconf 84' lang='lat' dir='ltr'><strong>est,</strong></span> <span class='ocrx_word' id='word_1_607' title='bbox 760 5708 898 5775; x_wconf 85' lang='lat' dir='ltr'><strong>apud</strong></span> <span class='ocrx_word' id='word_1_608' title='bbox 921 5708 1122 5762; x_wconf 85' lang='lat' dir='ltr'><strong>Gothos</strong></span> <span class='ocrx_word' id='word_1_609' title='bbox 1146 5706 1212 5760; x_wconf 87' lang='lat' dir='ltr'><strong>ab</strong></span> <span class='ocrx_word' id='word_1_610' title='bbox 1230 5706 1451 5782; x_wconf 85' lang='lat' dir='ltr'><strong>antiqua</strong></span> <span class='ocrx_word' id='word_1_611' title='bbox 1467 5705 1787 5772; x_wconf 82' lang='lat' dir='ltr'><strong>cognatione</strong></span> <span class='ocrx_word' id='word_1_612' title='bbox 1808 5702 2022 5755; x_wconf 85' lang='lat' dir='ltr'><strong>Mauros</strong></span> 
     </span>
    </p>
   </div>
   <div class='ocr_carea' id='block_1_92' title="bbox 2129 3226 2680 3295">
    <p class='ocr_par' dir='ltr' id='par_1_92' title="bbox 2129 3226 2680 3295">
     <span class='ocr_line' id='line_1_92' title="bbox 2129 3226 2680 3295; baseline 0.002 -15"><span class='ocrx_word' id='word_1_613' title='bbox 2129 3226 2299 3280; x_wconf 90' lang='lat' dir='ltr'><strong>scitur</strong></span> <span class='ocrx_word' id='word_1_614' title='bbox 2329 3242 2501 3295; x_wconf 89' lang='lat' dir='ltr'><strong>neque</strong></span> <span class='ocrx_word' id='word_1_615' title='bbox 2531 3228 2680 3281; x_wconf 84' lang='lat' dir='ltr'><strong>vivit.</strong></span> 
     </span>
    </p>
   </div>
   <div class='ocr_carea' id='block_1_93' title="bbox 2197 3315 3756 3390">
    <p class='ocr_par' dir='ltr' id='par_1_93' title="bbox 2197 3315 3756 3390">
     <span class='ocr_line' id='line_1_93' title="bbox 2197 3315 3756 3390; baseline 0.004 -20"><span class='ocrx_word' id='word_1_616' title='bbox 2197 3315 2555 3371; x_wconf 89' lang='lat' dir='ltr'><strong>Garamantes</strong></span> <span class='ocrx_word' id='word_1_617' title='bbox 2591 3319 2770 3388; x_wconf 88' lang='lat' dir='ltr'><strong>populi</strong></span> <span class='ocrx_word' id='word_1_618' title='bbox 2812 3318 3006 3373; x_wconf 71' lang='lat' dir='ltr'><strong>Africae</strong></span> <span class='ocrx_word' id='word_1_619' title='bbox 3037 3335 3204 3390; x_wconf 89' lang='lat' dir='ltr'><strong>prope</strong></span> <span class='ocrx_word' id='word_1_620' title='bbox 3225 3321 3468 3390; x_wconf 82' lang='lat' dir='ltr'><strong>Cyrenas</strong></span> <span class='ocrx_word' id='word_1_621' title='bbox 3498 3322 3718 3376; x_wconf 81' lang='lat' dir='ltr'><strong>inhahi-</strong></span> <span class='ocrx_word' id='word_1_622' title='bbox 3747 3339 3756 3364; x_wconf 77' lang='grc' dir='ltr'>ι</span> 
     </span>
    </p>
   </div>
   <div class='ocr_carea' id='block_1_94' title="bbox 2130 3406 3728 3478">
    <p class='ocr_par' dir='ltr' id='par_1_94' title="bbox 2130 3406 3728 3478">
     <span class='ocr_line' id='line_1_94' title="bbox 2130 3406 3728 3478; baseline 0.002 -17"><span class='ocrx_word' id='word_1_623' title='bbox 2130 3414 2341 3470; x_wconf 89' lang='lat' dir='ltr'><strong>tantes,</strong></span> <span class='ocrx_word' id='word_1_624' title='bbox 2388 3422 2417 3460; x_wconf 89' lang='lat' dir='ltr'><strong>a</strong></span> <span class='ocrx_word' id='word_1_625' title='bbox 2449 3406 2776 3463; x_wconf 77' lang='lat' dir='ltr'><strong>Garamante</strong></span> <span class='ocrx_word' id='word_1_626' title='bbox 2807 3409 3228 3478; x_wconf 80' lang='lat' dir='ltr'><strong>regeApollinis</strong></span> <span class='ocrx_word' id='word_1_627' title='bbox 3264 3409 3371 3463; x_wconf 80' lang='lat' dir='ltr'><strong>filio</strong></span> <span class='ocrx_word' id='word_1_628' title='bbox 3408 3412 3681 3464; x_wconf 71' lang='lat' dir='ltr'><strong>nominati</strong></span> <span class='ocrx_word' id='word_1_629' title='bbox 3706 3451 3728 3475; x_wconf 81' lang='lat'><strong>,</strong></span> 
     </span>
    </p>
   </div>
   <div class='ocr_carea' id='block_1_95' title="bbox 2128 3495 3721 3566">
    <p class='ocr_par' dir='ltr' id='par_1_95' title="bbox 2128 3495 3721 3566">
     <span class='ocr_line' id='line_1_95' title="bbox 2128 3495 3721 3566; baseline 0.003 -17"><span class='ocrx_word' id='word_1_630' title='bbox 2128 3496 2219 3564; x_wconf 86' lang='lat' dir='ltr'><strong>qui</strong></span> <span class='ocrx_word' id='word_1_631' title='bbox 2249 3495 2319 3549; x_wconf 89' lang='lat' dir='ltr'><strong>ibi</strong></span> <span class='ocrx_word' id='word_1_632' title='bbox 2367 3511 2434 3551; x_wconf 84' lang='lat' dir='ltr'><strong>ex</strong></span> <span class='ocrx_word' id='word_1_633' title='bbox 2480 3511 2577 3551; x_wconf 91' lang='lat' dir='ltr'><strong>suo</strong></span> <span class='ocrx_word' id='word_1_634' title='bbox 2615 3498 2830 3551; x_wconf 91' lang='lat' dir='ltr'><strong>nomine</strong></span> <span class='ocrx_word' id='word_1_635' title='bbox 2861 3497 3092 3564; x_wconf 85' lang='lat' dir='ltr'><strong>Garama</strong></span> <span class='ocrx_word' id='word_1_636' title='bbox 3133 3499 3386 3566; x_wconf 89' lang='lat' dir='ltr'><strong>oppidum</strong></span> <span class='ocrx_word' id='word_1_637' title='bbox 3434 3501 3721 3565; x_wconf 89' lang='lat' dir='ltr'><strong>condidit;</strong></span> 
     </span>
    </p>
   </div>
   <div class='ocr_carea' id='block_1_96' title="bbox 2128 3585 3725 3658">
    <p class='ocr_par' dir='ltr' id='par_1_96' title="bbox 2128 3585 3725 3658">
     <span class='ocr_line' id='line_1_96' title="bbox 2128 3585 3725 3658; baseline 0.003 -18"><span class='ocrx_word' id='word_1_638' title='bbox 2128 3597 2255 3640; x_wconf 91' lang='lat' dir='ltr'><strong>sunt</strong></span> <span class='ocrx_word' id='word_1_639' title='bbox 2283 3596 2461 3640; x_wconf 91' lang='lat' dir='ltr'><strong>autem</strong></span> <span class='ocrx_word' id='word_1_640' title='bbox 2489 3588 2722 3658; x_wconf 75' lang='lat' dir='ltr'><strong>proximi</strong></span> <span class='ocrx_word' id='word_1_641' title='bbox 2760 3587 3008 3658; x_wconf 87' lang='lat' dir='ltr'><strong>gentibus</strong></span> <span class='ocrx_word' id='word_1_642' title='bbox 3037 3585 3375 3656; x_wconf 67' lang='lat' dir='ltr'><strong>AithiOpum.</strong></span> <span class='ocrx_word' id='word_1_643' title='bbox 3404 3588 3480 3642; x_wconf 89' lang='lat' dir='ltr'><strong>De</strong></span> <span class='ocrx_word' id='word_1_644' title='bbox 3518 3589 3725 3658; x_wconf 88' lang='lat' dir='ltr'><strong>quibus</strong></span> 
     </span>
    </p>
   </div>
   <div class='ocr_carea' id='block_1_97' title="bbox 2134 3679 2430 3747">
    <p class='ocr_par' dir='ltr' id='par_1_97' title="bbox 2134 3679 2430 3747">
     <span class='ocr_line' id='line_1_97' title="bbox 2134 3679 2430 3747; baseline -0.01 -14"><span class='ocrx_word' id='word_1_645' title='bbox 2134 3679 2389 3747; x_wconf 77' lang='lat' dir='ltr'><strong>Virgilius</strong></span> <span class='ocrx_word' id='word_1_646' title='bbox 2417 3694 2430 3729; x_wconf 70' lang='grc' dir='ltr'><strong>τ</strong></span> 
     </span>
    </p>
   </div>
   <div class='ocr_carea' id='block_1_98' title="bbox 2315 3791 2904 3842">
    <p class='ocr_par' dir='ltr' id='par_1_98' title="bbox 2315 3791 2904 3842">
     <span class='ocr_line' id='line_1_98' title="bbox 2315 3791 2904 3842; baseline -0.002 -3"><span class='ocrx_word' id='word_1_647' title='bbox 2315 3791 2533 3840; x_wconf 82' lang='lat' dir='ltr'><strong>Extremi</strong></span> <span class='ocrx_word' id='word_1_648' title='bbox 2568 3791 2904 3842; x_wconf 83' lang='lat' dir='ltr'><strong>Garamantes.</strong></span> 
     </span>
    </p>
   </div>
   <div class='ocr_carea' id='block_1_99' title="bbox 2129 3895 3724 3965">
    <p class='ocr_par' dir='ltr' id='par_1_99' title="bbox 2129 3895 3724 3965">
     <span class='ocr_line' id='line_1_99' title="bbox 2129 3895 3724 3965; baseline 0.003 -17"><span class='ocrx_word' id='word_1_649' title='bbox 2129 3895 2366 3953; x_wconf 82' lang='lat' dir='ltr'><strong>Extremi</strong></span> <span class='ocrx_word' id='word_1_650' title='bbox 2395 3905 2598 3960; x_wconf 89' lang='lat' dir='ltr'><strong>autem,</strong></span> <span class='ocrx_word' id='word_1_651' title='bbox 2620 3897 2745 3965; x_wconf 88' lang='lat' dir='ltr'><strong>quia</strong></span> <span class='ocrx_word' id='word_1_652' title='bbox 2773 3897 2899 3950; x_wconf 69' lang='lat' dir='ltr'><strong>saevi</strong></span> <span class='ocrx_word' id='word_1_653' title='bbox 2928 3903 2980 3951; x_wconf 90' lang='lat' dir='ltr'><strong>et</strong></span> <span class='ocrx_word' id='word_1_654' title='bbox 3003 3911 3030 3949; x_wconf 93' lang='lat' dir='ltr'><strong>a</strong></span> <span class='ocrx_word' id='word_1_655' title='bbox 3059 3896 3333 3952; x_wconf 90' lang='lat' dir='ltr'><strong>consortio</strong></span> <span class='ocrx_word' id='word_1_656' title='bbox 3361 3897 3724 3957; x_wconf 87' lang='lat' dir='ltr'><strong>humanitatis</strong></span> 
     </span>
    </p>
   </div>
   <div class='ocr_carea' id='block_1_100' title="bbox 2126 3990 2340 4052">
    <p class='ocr_par' dir='ltr' id='par_1_100' title="bbox 2126 3990 2340 4052">
     <span class='ocr_line' id='line_1_100' title="bbox 2126 3990 2340 4052; baseline 0 -10"><span class='ocrx_word' id='word_1_657' title='bbox 2126 3990 2340 4052; x_wconf 89' lang='lat' dir='ltr'><strong>remoti.</strong></span> 
     </span>
    </p>
   </div>
   <div class='ocr_carea' id='block_1_101' title="bbox 2197 4078 3720 4151">
    <p class='ocr_par' dir='ltr' id='par_1_101' title="bbox 2197 4078 3720 4151">
     <span class='ocr_line' id='line_1_101' title="bbox 2197 4078 3720 4151; baseline 0.003 -19"><span class='ocrx_word' id='word_1_658' title='bbox 2197 4078 2442 4149; x_wconf 86' lang='lat' dir='ltr'><strong>Hesperii</strong></span> <span class='ocrx_word' id='word_1_659' title='bbox 2469 4097 2598 4137; x_wconf 90' lang='lat' dir='ltr'><strong>vero</strong></span> <span class='ocrx_word' id='word_1_660' title='bbox 2625 4090 2782 4147; x_wconf 86' lang='lat' dir='ltr'><strong>sunt,</strong></span> <span class='ocrx_word' id='word_1_661' title='bbox 2810 4082 2902 4151; x_wconf 91' lang='lat' dir='ltr'><strong>qui</strong></span> <span class='ocrx_word' id='word_1_662' title='bbox 2939 4081 3092 4146; x_wconf 89' lang='lat' dir='ltr'><strong>circa</strong></span> <span class='ocrx_word' id='word_1_663' title='bbox 3120 4081 3436 4150; x_wconf 84' lang='lat' dir='ltr'><strong>Hispaniam</strong></span> <span class='ocrx_word' id='word_1_664' title='bbox 3466 4097 3720 4137; x_wconf 86' lang='lat' dir='ltr'><strong>commo-</strong></span> 
     </span>
    </p>
   </div>
   <div class='ocr_carea' id='block_1_102' title="bbox 2125 4167 3317 4237">
    <p class='ocr_par' dir='ltr' id='par_1_102' title="bbox 2125 4167 3317 4237">
     <span class='ocr_line' id='line_1_102' title="bbox 2125 4167 3317 4237; baseline 0.002 -17"><span class='ocrx_word' id='word_1_665' title='bbox 2125 4175 2346 4230; x_wconf 90' lang='lat' dir='ltr'><strong>rantur;</strong></span> <span class='ocrx_word' id='word_1_666' title='bbox 2377 4183 2500 4221; x_wconf 90' lang='lat' dir='ltr'><strong>nam</strong></span> <span class='ocrx_word' id='word_1_667' title='bbox 2530 4168 2783 4237; x_wconf 86' lang='lat' dir='ltr'><strong>Hispania</strong></span> <span class='ocrx_word' id='word_1_668' title='bbox 2809 4167 3069 4237; x_wconf 85' lang='lat' dir='ltr'><strong>Hesperia</strong></span> <span class='ocrx_word' id='word_1_669' title='bbox 3100 4169 3317 4223; x_wconf 88' lang='lat' dir='ltr'><strong>dicitur.</strong></span> 
     </span>
    </p>
   </div>
   <div class='ocr_carea' id='block_1_103' title="bbox 2194 4253 3722 4326">
    <p class='ocr_par' dir='ltr' id='par_1_103' title="bbox 2194 4253 3722 4326">
     <span class='ocr_line' id='line_1_103' title="bbox 2194 4253 3722 4326; baseline 0.003 -18"><span class='ocrx_word' id='word_1_670' title='bbox 2194 4253 2479 4325; x_wconf 69' lang='lat' dir='ltr'><strong>EthiOpes</strong></span> <span class='ocrx_word' id='word_1_671' title='bbox 2500 4257 2628 4310; x_wconf 89' lang='lat' dir='ltr'><strong>dicti</strong></span> <span class='ocrx_word' id='word_1_672' title='bbox 2665 4273 2694 4310; x_wconf 88' lang='lat' dir='ltr'><strong>a</strong></span> <span class='ocrx_word' id='word_1_673' title='bbox 2721 4256 2829 4310; x_wconf 85' lang='lat' dir='ltr'><strong>tilio</strong></span> <span class='ocrx_word' id='word_1_674' title='bbox 2849 4257 3043 4321; x_wconf 89' lang='lat' dir='ltr'><strong>Cham,</strong></span> <span class='ocrx_word' id='word_1_675' title='bbox 3069 4257 3160 4326; x_wconf 90' lang='lat' dir='ltr'><strong>qui</strong></span> <span class='ocrx_word' id='word_1_676' title='bbox 3185 4266 3410 4311; x_wconf 90' lang='lat' dir='ltr'><strong>vocatus</strong></span> <span class='ocrx_word' id='word_1_677' title='bbox 3434 4267 3520 4311; x_wconf 88' lang='lat' dir='ltr'><strong>est</strong></span> <span class='ocrx_word' id='word_1_678' title='bbox 3540 4257 3722 4323; x_wconf 84' lang='lat' dir='ltr'><strong>Chus,</strong></span> 
     </span>
    </p>
   </div>
   <div class='ocr_carea' id='block_1_104' title="bbox 2121 4342 3717 4414">
    <p class='ocr_par' dir='ltr' id='par_1_104' title="bbox 2121 4342 3717 4414">
     <span class='ocr_line' id='line_1_104' title="bbox 2121 4342 3717 4414; baseline 0 -16"><span class='ocrx_word' id='word_1_679' title='bbox 2121 4360 2190 4398; x_wconf 88' lang='lat' dir='ltr'><strong>ex</strong></span> <span class='ocrx_word' id='word_1_680' title='bbox 2218 4359 2324 4412; x_wconf 92' lang='lat' dir='ltr'><strong>quo</strong></span> <span class='ocrx_word' id='word_1_681' title='bbox 2358 4343 2620 4414; x_wconf 88' lang='lat' dir='ltr'><strong>originem</strong></span> <span class='ocrx_word' id='word_1_682' title='bbox 2652 4345 2891 4398; x_wconf 88' lang='lat' dir='ltr'><strong>trahunt.</strong></span> <span class='ocrx_word' id='word_1_683' title='bbox 2922 4342 3066 4398; x_wconf 91' lang='lat' dir='ltr'><strong>Chus</strong></span> <span class='ocrx_word' id='word_1_684' title='bbox 3106 4344 3251 4397; x_wconf 85' lang='lat' dir='ltr'><strong>enim</strong></span> <span class='ocrx_word' id='word_1_685' title='bbox 3295 4343 3562 4398; x_wconf 87' lang='lat' dir='ltr'><strong>Hebraica</strong></span> <span class='ocrx_word' id='word_1_686' title='bbox 3607 4345 3717 4398; x_wconf 81' lang='lat' dir='ltr'><strong>lin—</strong></span> 
     </span>
    </p>
   </div>
   <div class='ocr_carea' id='block_1_105' title="bbox 2124 4432 3720 4504">
    <p class='ocr_par' dir='ltr' id='par_1_105' title="bbox 2124 4432 3720 4504">
     <span class='ocr_line' id='line_1_105' title="bbox 2124 4432 3720 4504; baseline 0 -17"><span class='ocrx_word' id='word_1_687' title='bbox 2124 4450 2225 4503; x_wconf 89' lang='lat' dir='ltr'><strong>gua</strong></span> <span class='ocrx_word' id='word_1_688' title='bbox 2252 4433 2499 4504; x_wconf 64' lang='lat' dir='ltr'><strong>[Ethiops</strong></span> <span class='ocrx_word' id='word_1_689' title='bbox 2530 4435 2931 4504; x_wconf 84' lang='lat' dir='ltr'><strong>interpretatur.</strong></span> <span class='ocrx_word' id='word_1_690' title='bbox 2969 4433 3032 4488; x_wconf 90' lang='lat' dir='ltr'><strong>Hi</strong></span> <span class='ocrx_word' id='word_1_691' title='bbox 3066 4435 3335 4502; x_wconf 88' lang='lat' dir='ltr'><strong>quondam</strong></span> <span class='ocrx_word' id='word_1_692' title='bbox 3363 4434 3432 4487; x_wconf 91' lang='lat' dir='ltr'><strong>ab</strong></span> <span class='ocrx_word' id='word_1_693' title='bbox 3460 4434 3589 4488; x_wconf 87' lang='lat' dir='ltr'><strong>Indo</strong></span> <span class='ocrx_word' id='word_1_694' title='bbox 3613 4432 3720 4487; x_wconf 83' lang='lat' dir='ltr'><strong>ﬂu-</strong></span> 
     </span>
    </p>
   </div>
   <div class='ocr_carea' id='block_1_106' title="bbox 2129 4521 3722 4592">
    <p class='ocr_par' dir='ltr' id='par_1_106' title="bbox 2129 4521 3722 4592">
     <span class='ocr_line' id='line_1_106' title="bbox 2129 4521 3722 4592; baseline 0 -16"><span class='ocrx_word' id='word_1_695' title='bbox 2129 4523 2272 4576; x_wconf 90' lang='lat' dir='ltr'><strong>mine</strong></span> <span class='ocrx_word' id='word_1_696' title='bbox 2309 4532 2696 4591; x_wconf 85' lang='lat' dir='ltr'><strong>consurgentes</strong></span> <span class='ocrx_word' id='word_1_697' title='bbox 2734 4521 2890 4589; x_wconf 80' lang='lat' dir='ltr'><strong>juxta</strong></span> <span class='ocrx_word' id='word_1_698' title='bbox 2936 4521 3228 4592; x_wconf 60' lang='lat' dir='ltr'><strong>JEgyptum</strong></span> <span class='ocrx_word' id='word_1_699' title='bbox 3270 4523 3411 4577; x_wconf 88' lang='lat' dir='ltr'><strong>inter</strong></span> <span class='ocrx_word' id='word_1_700' title='bbox 3447 4521 3628 4575; x_wconf 82' lang='lat' dir='ltr'><strong>Nilum</strong></span> <span class='ocrx_word' id='word_1_701' title='bbox 3664 4532 3722 4576; x_wconf 90' lang='lat' dir='ltr'><strong>et</strong></span> 
     </span>
    </p>
   </div>
   <div class='ocr_carea' id='block_1_107' title="bbox 2127 4607 3722 4680">
    <p class='ocr_par' dir='ltr' id='par_1_107' title="bbox 2127 4607 3722 4680">
     <span class='ocr_line' id='line_1_107' title="bbox 2127 4607 3722 4680; baseline -0.001 -13"><span class='ocrx_word' id='word_1_702' title='bbox 2127 4611 2400 4667; x_wconf 88' lang='lat' dir='ltr'><strong>Oceanum</strong></span> <span class='ocrx_word' id='word_1_703' title='bbox 2432 4613 2483 4666; x_wconf 95' lang='lat' dir='ltr'><strong>in</strong></span> <span class='ocrx_word' id='word_1_704' title='bbox 2513 4612 2734 4666; x_wconf 82' lang='lat' dir='ltr'><strong>Meridie</strong></span> <span class='ocrx_word' id='word_1_705' title='bbox 2767 4613 2867 4666; x_wconf 91' lang='lat' dir='ltr'><strong>sub</strong></span> <span class='ocrx_word' id='word_1_706' title='bbox 2898 4613 3012 4680; x_wconf 88' lang='lat' dir='ltr'><strong>ipsa</strong></span> <span class='ocrx_word' id='word_1_707' title='bbox 3040 4612 3169 4666; x_wconf 90' lang='lat' dir='ltr'><strong>solis</strong></span> <span class='ocrx_word' id='word_1_708' title='bbox 3193 4607 3472 4666; x_wconf 81' lang='lat' dir='ltr'><strong>vicinitate</strong></span> <span class='ocrx_word' id='word_1_709' title='bbox 3500 4612 3722 4666; x_wconf 83' lang='lat' dir='ltr'><strong>insede-</strong></span> 
     </span>
    </p>
   </div>
   <div class='ocr_carea' id='block_1_108' title="bbox 2128 4700 3720 4769">
    <p class='ocr_par' dir='ltr' id='par_1_108' title="bbox 2128 4700 3720 4769">
     <span class='ocr_line' id='line_1_108' title="bbox 2128 4700 3720 4769; baseline -0.001 -13"><span class='ocrx_word' id='word_1_710' title='bbox 2128 4711 2283 4767; x_wconf 88' lang='lat' dir='ltr'><strong>runt;</strong></span> <span class='ocrx_word' id='word_1_711' title='bbox 2313 4717 2538 4769; x_wconf 90' lang='lat' dir='ltr'><strong>quorum</strong></span> <span class='ocrx_word' id='word_1_712' title='bbox 2570 4709 2681 4755; x_wconf 90' lang='lat' dir='ltr'><strong>tres</strong></span> <span class='ocrx_word' id='word_1_713' title='bbox 2711 4711 2838 4755; x_wconf 87' lang='lat' dir='ltr'><strong>sunt</strong></span> <span class='ocrx_word' id='word_1_714' title='bbox 2867 4702 3047 4769; x_wconf 89' lang='lat' dir='ltr'><strong>populi</strong></span> <span class='ocrx_word' id='word_1_715' title='bbox 3077 4719 3089 4753; x_wconf 87' lang='lat'><strong>:</strong></span> <span class='ocrx_word' id='word_1_716' title='bbox 3117 4701 3374 4768; x_wconf 84' lang='lat' dir='ltr'><strong>Hesperi,</strong></span> <span class='ocrx_word' id='word_1_717' title='bbox 3409 4700 3720 4755; x_wconf 87' lang='lat' dir='ltr'><strong>Garaman-</strong></span> 
     </span>
    </p>
   </div>
   <div class='ocr_carea' id='block_1_109' title="bbox 2130 4789 3719 4861">
    <p class='ocr_par' dir='ltr' id='par_1_109' title="bbox 2130 4789 3719 4861">
     <span class='ocr_line' id='line_1_109' title="bbox 2130 4789 3719 4861; baseline -0.003 -14"><span class='ocrx_word' id='word_1_718' title='bbox 2130 4802 2210 4847; x_wconf 88' lang='lat' dir='ltr'><strong>tes</strong></span> <span class='ocrx_word' id='word_1_719' title='bbox 2258 4802 2314 4847; x_wconf 91' lang='lat' dir='ltr'><strong>et</strong></span> <span class='ocrx_word' id='word_1_720' title='bbox 2357 4793 2491 4848; x_wconf 90' lang='lat' dir='ltr'><strong>lndi.</strong></span> <span class='ocrx_word' id='word_1_721' title='bbox 2523 4792 2744 4861; x_wconf 86' lang='lat' dir='ltr'><strong>Hesperi</strong></span> <span class='ocrx_word' id='word_1_722' title='bbox 2794 4800 2918 4845; x_wconf 88' lang='lat' dir='ltr'><strong>sunt</strong></span> <span class='ocrx_word' id='word_1_723' title='bbox 2957 4791 3294 4854; x_wconf 87' lang='lat' dir='ltr'><strong>Occidentis;</strong></span> <span class='ocrx_word' id='word_1_724' title='bbox 3347 4789 3719 4845; x_wconf 85' lang='lat' dir='ltr'><strong>Garamantes</strong></span> 
     </span>
    </p>
   </div>
   <div class='ocr_carea' id='block_1_110' title="bbox 2130 4881 2799 4952">
    <p class='ocr_par' dir='ltr' id='par_1_110' title="bbox 2130 4881 2799 4952">
     <span class='ocr_line' id='line_1_110' title="bbox 2130 4881 2799 4952; baseline -0.007 -14"><span class='ocrx_word' id='word_1_725' title='bbox 2130 4881 2382 4952; x_wconf 89' lang='lat' dir='ltr'><strong>Tripolis,</strong></span> <span class='ocrx_word' id='word_1_726' title='bbox 2409 4882 2522 4936; x_wconf 87' lang='lat' dir='ltr'><strong>Indi</strong></span> <span class='ocrx_word' id='word_1_727' title='bbox 2546 4881 2799 4936; x_wconf 91' lang='lat' dir='ltr'><strong>Orientis.</strong></span> 
     </span>
    </p>
   </div>
   <div class='ocr_carea' id='block_1_111' title="bbox 2199 4968 3717 5042">
    <p class='ocr_par' dir='ltr' id='par_1_111' title="bbox 2199 4968 3717 5042">
     <span class='ocr_line' id='line_1_111' title="bbox 2199 4968 3717 5042; baseline -0.005 -14"><span class='ocrx_word' id='word_1_728' title='bbox 2199 4973 2480 5042; x_wconf 66' lang='lat' dir='ltr'><strong>Ethiopes</strong></span> <span class='ocrx_word' id='word_1_729' title='bbox 2516 4970 3213 5040; x_wconf 68' lang='lat' dir='ltr'><strong>interpretanturltenebrw</strong></span> <span class='ocrx_word' id='word_1_730' title='bbox 3263 4968 3347 5022; x_wconf 90' lang='lat' dir='ltr'><strong>vel</strong></span> <span class='ocrx_word' id='word_1_731' title='bbox 3400 4968 3600 5036; x_wconf 80' lang='lat' dir='ltr'><strong>caligo,</strong></span> <span class='ocrx_word' id='word_1_732' title='bbox 3662 4968 3717 5021; x_wconf 90' lang='lat' dir='ltr'><strong>id</strong></span> 
     </span>
    </p>
   </div>
   <div class='ocr_carea' id='block_1_112' title="bbox 2127 5057 3712 5132">
    <p class='ocr_par' dir='ltr' id='par_1_112' title="bbox 2127 5057 3712 5132">
     <span class='ocr_line' id='line_1_112' title="bbox 2127 5057 3712 5132; baseline -0.006 -13"><span class='ocrx_word' id='word_1_733' title='bbox 2127 5073 2210 5120; x_wconf 90' lang='lat' dir='ltr'><strong>est</strong></span> <span class='ocrx_word' id='word_1_734' title='bbox 2237 5065 2420 5132; x_wconf 92' lang='lat' dir='ltr'><strong>impii,</strong></span> <span class='ocrx_word' id='word_1_735' title='bbox 2449 5064 2644 5132; x_wconf 92' lang='lat' dir='ltr'><strong>quibus</strong></span> <span class='ocrx_word' id='word_1_736' title='bbox 2677 5060 2950 5124; x_wconf 90' lang='lat' dir='ltr'><strong>diabolus,</strong></span> <span class='ocrx_word' id='word_1_737' title='bbox 2988 5060 3137 5114; x_wconf 91' lang='lat' dir='ltr'><strong>velut</strong></span> <span class='ocrx_word' id='word_1_738' title='bbox 3183 5057 3422 5113; x_wconf 89' lang='lat' dir='ltr'><strong>tenebris</strong></span> <span class='ocrx_word' id='word_1_739' title='bbox 3468 5057 3712 5112; x_wconf 87' lang='lat' dir='ltr'><strong>circum-</strong></span> 
     </span>
    </p>
   </div>
   <div class='ocr_carea' id='block_1_113' title="bbox 2125 5153 2572 5223">
    <p class='ocr_par' dir='ltr' id='par_1_113' title="bbox 2125 5153 2572 5223">
     <span class='ocr_line' id='line_1_113' title="bbox 2125 5153 2572 5223; baseline -0.009 -13"><span class='ocrx_word' id='word_1_740' title='bbox 2125 5163 2328 5223; x_wconf 89' lang='lat' dir='ltr'><strong>septus,</strong></span> <span class='ocrx_word' id='word_1_741' title='bbox 2358 5153 2572 5208; x_wconf 90' lang='lat' dir='ltr'><strong>incedit.</strong></span> 
     </span>
    </p>
   </div>
   <div class='ocr_carea' id='block_1_114' title="bbox 2199 5235 3719 5314">
    <p class='ocr_par' dir='ltr' id='par_1_114' title="bbox 2199 5235 3719 5314">
     <span class='ocr_line' id='line_1_114' title="bbox 2199 5235 3719 5314; baseline -0.007 -16"><span class='ocrx_word' id='word_1_742' title='bbox 2199 5243 2536 5314; x_wconf 63' lang='lat' dir='ltr'><strong>Troglodytas</strong></span> <span class='ocrx_word' id='word_1_743' title='bbox 2557 5254 2688 5312; x_wconf 89' lang='lat' dir='ltr'><strong>gens</strong></span> <span class='ocrx_word' id='word_1_744' title='bbox 2719 5238 3036 5307; x_wconf 60' lang='lat' dir='ltr'><strong>{Ethiopum</strong></span> <span class='ocrx_word' id='word_1_745' title='bbox 3077 5237 3196 5291; x_wconf 91' lang='lat' dir='ltr'><strong>ideo</strong></span> <span class='ocrx_word' id='word_1_746' title='bbox 3225 5235 3521 5302; x_wconf 88' lang='lat' dir='ltr'><strong>nuncupati</strong></span> <span class='ocrx_word' id='word_1_747' title='bbox 3560 5237 3719 5298; x_wconf 84' lang='lat' dir='ltr'><strong>sunt,</strong></span> 
     </span>
    </p>
   </div>
   <div class='ocr_carea' id='block_1_115' title="bbox 2129 5321 3720 5404">
    <p class='ocr_par' dir='ltr' id='par_1_115' title="bbox 2129 5321 3720 5404">
     <span class='ocr_line' id='line_1_115' title="bbox 2129 5321 3720 5404; baseline -0.007 -15"><span class='ocrx_word' id='word_1_748' title='bbox 2129 5334 2272 5404; x_wconf 89' lang='lat' dir='ltr'><strong>quod</strong></span> <span class='ocrx_word' id='word_1_749' title='bbox 2305 5341 2450 5388; x_wconf 91' lang='lat' dir='ltr'><strong>tanta</strong></span> <span class='ocrx_word' id='word_1_750' title='bbox 2478 5332 2753 5387; x_wconf 88' lang='lat' dir='ltr'><strong>celeritate</strong></span> <span class='ocrx_word' id='word_1_751' title='bbox 2788 5329 3009 5399; x_wconf 89' lang='lat' dir='ltr'><strong>pollent,</strong></span> <span class='ocrx_word' id='word_1_752' title='bbox 3038 5336 3097 5380; x_wconf 91' lang='lat' dir='ltr'><strong>ut</strong></span> <span class='ocrx_word' id='word_1_753' title='bbox 3134 5326 3275 5379; x_wconf 81' lang='lat' dir='ltr'><strong>feras</strong></span> <span class='ocrx_word' id='word_1_754' title='bbox 3307 5339 3471 5378; x_wconf 90' lang='lat' dir='ltr'><strong>cursu</strong></span> <span class='ocrx_word' id='word_1_755' title='bbox 3509 5321 3720 5390; x_wconf 87' lang='lat' dir='ltr'><strong>pedum</strong></span> 
     </span>
    </p>
   </div>
   <div class='ocr_carea' id='block_1_116' title="bbox 2131 5433 2511 5494">
    <p class='ocr_par' dir='ltr' id='par_1_116' title="bbox 2131 5433 2511 5494">
     <span class='ocr_line' id='line_1_116' title="bbox 2131 5433 2511 5494; baseline -0.008 -14"><span class='ocrx_word' id='word_1_756' title='bbox 2131 5433 2511 5494; x_wconf 89' lang='lat' dir='ltr'><strong>assequantur.</strong></span> 
     </span>
    </p>
   </div>
   <div class='ocr_carea' id='block_1_117' title="bbox 2198 5499 3722 5584">
    <p class='ocr_par' dir='ltr' id='par_1_117' title="bbox 2198 5499 3722 5584">
     <span class='ocr_line' id='line_1_117' title="bbox 2198 5499 3722 5584; baseline -0.009 -16"><span class='ocrx_word' id='word_1_757' title='bbox 2198 5514 2439 5584; x_wconf 82' lang='lat' dir='ltr'><strong>Pant‘agii</strong></span> <span class='ocrx_word' id='word_1_758' title='bbox 2470 5522 2522 5566; x_wconf 92' lang='lat' dir='ltr'><strong>et</strong></span> <span class='ocrx_word' id='word_1_759' title='bbox 2543 5509 2661 5563; x_wconf 88' lang='lat' dir='ltr'><strong>Hini</strong></span> <span class='ocrx_word' id='word_1_760' title='bbox 2694 5508 2822 5578; x_wconf 56' lang='grc' dir='ltr'><strong>[ΛΑ.</strong></span> <span class='ocrx_word' id='word_1_761' title='bbox 2856 5505 2934 5578; x_wconf 87' lang='lat' dir='ltr'><strong>hi]</strong></span> <span class='ocrx_word' id='word_1_762' title='bbox 2959 5507 3012 5559; x_wconf 90' lang='lat' dir='ltr'><strong>in</strong></span> <span class='ocrx_word' id='word_1_763' title='bbox 3039 5502 3308 5572; x_wconf 70' lang='lat' dir='ltr'><strong>Aithiopia</strong></span> <span class='ocrx_word' id='word_1_764' title='bbox 3339 5517 3487 5563; x_wconf 87' lang='lat' dir='ltr'><strong>sunt,</strong></span> <span class='ocrx_word' id='word_1_765' title='bbox 3517 5499 3722 5568; x_wconf 85' lang='lat' dir='ltr'><strong>quibus</strong></span> 
     </span>
    </p>
   </div>
   <div class='ocr_carea' id='block_1_118' title="bbox 2128 5586 3721 5670">
    <p class='ocr_par' dir='ltr' id='par_1_118' title="bbox 2128 5586 3721 5670">
     <span class='ocr_line' id='line_1_118' title="bbox 2128 5586 3721 5670; baseline -0.013 -12"><span class='ocrx_word' id='word_1_766' title='bbox 2128 5618 2250 5658; x_wconf 87' lang='lat' dir='ltr'><strong>esca</strong></span> <span class='ocrx_word' id='word_1_767' title='bbox 2271 5610 2377 5669; x_wconf 92' lang='lat' dir='ltr'><strong>est,</strong></span> <span class='ocrx_word' id='word_1_768' title='bbox 2404 5598 2659 5670; x_wconf 90' lang='lat' dir='ltr'><strong>quidquid</strong></span> <span class='ocrx_word' id='word_1_769' title='bbox 2683 5596 2859 5650; x_wconf 82' lang='lat' dir='ltr'><strong>niandi</strong></span> <span class='ocrx_word' id='word_1_770' title='bbox 2884 5602 3073 5663; x_wconf 89' lang='lat' dir='ltr'><strong>potest,</strong></span> <span class='ocrx_word' id='word_1_771' title='bbox 3102 5602 3155 5646; x_wconf 90' lang='lat' dir='ltr'><strong>et</strong></span> <span class='ocrx_word' id='word_1_772' title='bbox 3179 5589 3358 5644; x_wconf 79' lang='lat' dir='ltr'><strong>munia</strong></span> <span class='ocrx_word' id='word_1_773' title='bbox 3388 5586 3614 5641; x_wconf 82' lang='lat' dir='ltr'><strong>fortuitu</strong></span> <span class='ocrx_word' id='word_1_774' title='bbox 3643 5588 3721 5654; x_wconf 84' lang='lat' dir='ltr'><strong>gi-</strong></span> 
     </span>
    </p>
   </div>
   <div class='ocr_carea' id='block_1_119' title="bbox 2129 5677 3719 5766">
    <p class='ocr_par' dir='ltr' id='par_1_119' title="bbox 2129 5677 3719 5766">
     <span class='ocr_line' id='line_1_119' title="bbox 2129 5677 3719 5766; baseline -0.014 -19"><span class='ocrx_word' id='word_1_775' title='bbox 2129 5695 2344 5766; x_wconf 88' lang='lat' dir='ltr'><strong>gnentia</strong></span> <span class='ocrx_word' id='word_1_776' title='bbox 2375 5712 2386 5746; x_wconf 89' lang='lat'><strong>:</strong></span> <span class='ocrx_word' id='word_1_777' title='bbox 2423 5689 2562 5744; x_wconf 88' lang='lat' dir='ltr'><strong>unde</strong></span> <span class='ocrx_word' id='word_1_778' title='bbox 2601 5697 2654 5742; x_wconf 92' lang='lat' dir='ltr'><strong>ct</strong></span> <span class='ocrx_word' id='word_1_779' title='bbox 2687 5683 2956 5755; x_wconf 88' lang='lat' dir='ltr'><strong>appellati.</strong></span> <span class='ocrx_word' id='word_1_780' title='bbox 3009 5677 3412 5749; x_wconf 73' lang='lat' dir='ltr'><strong>lchthyophagi,</strong></span> <span class='ocrx_word' id='word_1_781' title='bbox 3444 5677 3591 5744; x_wconf 88' lang='lat' dir='ltr'><strong>quod</strong></span> <span class='ocrx_word' id='word_1_782' title='bbox 3627 5690 3719 5726; x_wconf 71' lang='lat' dir='ltr'><strong>vc-</strong></span> 
     </span>
    </p>
   </div>
  </div>
