3922 6328
194 323 298 379 ωδ

1143 321 1232 383 DE
1271 322 1618 383 UNIVERSO
1650 318 1833 380 LIBRI
1873 319 2036 378 XXII.
2074 350 2148 366 -—
2179 317 2307 380 LIB.
2343 320 2478 380 XVI.

3325 325 3432 383 “6

196 444 364 498 nando
389 443 439 496 ἱι.
455 439 590 496 mari
609 439 838 504 valeant,
867 449 921 496 et
943 440 1178 510 piscibus
1200 449 1406 493 tantum
1423 440 1656 492 alantur.
1681 434 1746 488 lli
1777 437 1826 495 Α
1850 444 2094 504 paratum
2117 442 2193 488 est
2219 436 2282 487 ab
2306 435 2503 503 origine
2534 435 2712 487 mundi
2741 433 2958 504 (JIatt/i.
2991 435 3140 504 xxv).
3165 435 3429 494 Caeterum

193 543 307 602 post
332 533 484 588 Indos
515 541 795 586 montanas
819 531 1065 598 regiones
1098 539 1310 591 tenent,
1340 545 1476 598 quos
1507 527 1760 580 subactos

195 621 488 674 Alexander
519 620 740 690 Magnus
766 620 1006 688 piscibus
1041 619 1183 672 vesci
1224 618 1516 687 prohibuit.

256 709 721 780 Anthmpophagi,
761 724 892 776 gens
919 708 1216 775 asperrima
1251 707 1351 760 sub
1378 706 1596 772 regione
1637 702 1759 774 Syri

197 797 425 871 {Serum}
451 799 658 852 consita
682 816 694 852 :
723 798 812 866 qui
840 797 963 865 quia
989 797 1236 850 humanis
1256 795 1511 850 carnibus
1533 807 1761 847 vescun-

197 897 308 951 tur,
344 888 462 940 ideo
506 888 945 956 Anthropophagi
988 888 1357 941 nominantur.
1399 886 1584 954 Itaque
1622 885 1761 938 sicut

194 969 293 1039 his,
311 977 381 1028 ita
404 977 872 1046 caeterisgentibus
894 991 990 1043 per
1009 977 1222 1040 smcula,
1249 984 1340 1028 aut
1362 989 1390 1026 a
1417 974 1649 1042 regibus,
1668 979 1760 1025 aut

195 1082 222 1120 a
249 1066 390 1129 locis,
424 1077 514 1120 aut
538 1084 566 1120 a
599 1067 860 1131 moribus,
889 1076 980 1120 aut
1000 1082 1064 1121 ex
1087 1051 1414 1135 quibuslibet
1436 1063 1553 1117 aliis
1582 1063 1760 1116 causis

195 1157 464 1210 immutata
499 1157 756 1212 vocabula
783 1166 905 1211 sunt
930 1175 942 1210 :
973 1158 1044 1210 ita
1070 1166 1129 1210 ut
1160 1157 1330 1225 prima
1354 1155 1504 1222 origo
1529 1151 1759 1205 nominis

192 1263 368 1300 eorum
397 1255 699 1315 temporum
727 1256 995 1302 vetustate
1020 1261 1126 1301 non
1164 1255 1364 1316 pateat.
1403 1244 1521 1298 Jain
1546 1258 1672 1297 vero
1701 1243 1757 1296 hi

192 1337 274 1404 qui
303 1337 596 1404 Autipodes
631 1337 880 1390 dicuntur
909 1353 973 1390 eo
999 1337 1141 1404 quod
1171 1334 1429 1390 contrarii
1457 1347 1578 1387 esse
1600 1331 1762 1385 vesti-

192 1424 286 1493 giis
331 1427 529 1479 nostris
583 1434 862 1494 putantur,
913 1424 998 1478 vel
1046 1424 1201 1492 quasi
1243 1423 1342 1477 sub
1388 1421 1547 1475 terris
1597 1418 1759 1488 positi

190 1517 404 1569 adversa
426 1517 654 1584 pedibus
679 1515 878 1568 nostris
899 1513 1107 1568 calcent
1122 1512 1367 1582 vestigia,
1387 1511 1528 1564 nulla
1552 1509 1759 1562 ratione

190 1606 509 1659 credendum
539 1628 550 1659 ;
580 1608 704 1675 quia
734 1620 834 1658 nec
864 1604 1108 1658 soliditas
1134 1603 1355 1671 patitur,
1384 1614 1483 1654 nec
1511 1606 1756 1652 centrum

190 1702 356 1748 terra.
388 1693 494 1749 Sed
539 1710 639 1748 nec
672 1694 775 1747 ulla
818 1695 922 1747 hoc
950 1692 1194 1746 historia:
1228 1687 1537 1760 cognitione
1574 1686 1758 1739 ﬁrma-

1864 527 1917 581 in
1944 527 2046 582 hoc
2076 527 2274 580 mundo
2303 525 2388 577 illa
2418 541 2579 594 regna
2613 526 2900 579 laudabilia
2930 536 3054 580 sunt
3079 568 3088 589 ,
3119 543 3236 595 quae
3271 529 3435 596 subji-

1862 615 2080 670 ciuntur
2115 616 2226 684 regi
2257 629 2412 678 vero,
2446 615 2670 668 Domino
2701 615 2950 669 videlicet
2982 615 3196 680 Christo
3216 658 3228 680 ,
3258 619 3346 685 qui
3380 619 3431 671 ia

1860 712 1978 761 toto
2005 705 2134 760 orbe
2155 715 2422 758 terrarum
2452 704 2504 756 in
2533 705 2780 773 gentibus
2811 713 2860 758 et
2901 704 3033 757 locis
3058 705 3281 758 diversis
3304 706 3429 760 dila-

1863 806 1982 852 tans
2012 797 2308 851 Ecclesiam
2340 798 2602 865 gubernat
2633 812 2695 850 ac
2722 797 2860 864 regit
2906 796 3203 849 secundum
3246 796 3433 848 volun-

1861 892 2025 938 tatem
2077 901 2252 938 suam.
2298 885 2378 937 Ad
2410 901 2528 952 qure
2576 900 2738 954 regna
2791 886 3026 955 loquitur
3066 885 3337 953 Propheta
3377 885 3431 938 in

1859 976 2097 1045 psalmo,
2133 976 2352 1030 dicens:
2385 975 2558 1044 Regna
2604 987 2775 1038 terra’,
2815 986 3018 1028 cantate
3061 976 3201 1039 Deo,
3233 976 3437 1043 psallite

1858 1069 2111 1131 Domino,
2146 1068 2350 1137 psallite
2379 1068 2510 1130 Deo,
2541 1069 2627 1138 qui
2655 1069 2887 1120 ascendit
2918 1084 3070 1136 super
3093 1069 3242 1119 caelos
3275 1067 3432 1120 ecclo-

1861 1175 1975 1210 rum
2005 1157 2073 1211 ad
2115 1155 2380 1211 Orientem
2417 1155 2588 1225 (Psal.
2624 1157 2810 1228 ιιι-ιι).
2845 1157 3037 1210 Dicens
3074 1157 3213 1210 enim
3236 1197 3248 1219 ,
3283 1173 3437 1224 regna

1859 1258 2031 1312 terra,
2055 1262 2214 1301 omne
2241 1263 2408 1314 genus
2443 1247 2734 1299 humanum
2764 1245 3067 1314 signiﬁcare
3093 1245 3288 1307 voluit;
3315 1244 3440 1312 quia

1861 1338 1988 1392 licet
2014 1338 2124 1391 sint
2152 1345 2360 1403 gentes,
2393 1351 2511 1402 qum
2546 1351 2647 1386 nou
2678 1335 2910 1387 habeant
2934 1350 3110 1402 rcges,
3138 1343 3315 1386 tamen
3340 1333 3440 1386 hoc

1861 1428 2026 1481 verbo
2055 1425 2413 1487 concluditur,
2457 1424 2714 1492 quidquid
2747 1424 2982 1489 gentium
3025 1438 3142 1476 esse
3173 1422 3436 1485 sentitur;

1860 1516 2004 1584 quod
2029 1514 2247 1578 dicitur,
2275 1522 2509 1575 cantate,
2539 1513 2603 1563 ad
2642 1512 2834 1563 animm
2860 1511 3077 1578 respicit
3113 1511 3438 1578 puritatem;

1858 1603 2083 1672 psallite,
2114 1603 2181 1656 ad
2203 1617 2364 1671 Opera
2396 1601 2733 1655 sanctissima
2755 1640 2768 1664 ,
2791 1616 3014 1669 quicque
3052 1599 3276 1661 Domino
3313 1613 3437 1666 pro-

1859 1692 2056 1746 bantur
2101 1700 2342 1760 accepta.
2377 1690 2478 1756 Qui
2517 1691 2747 1743 ascendit
2793 1707 2946 1759 super
2972 1689 3121 1742 caalos
3145 1687 3434 1741 caelorum:

190 1792 306 1836 tur:
341 1785 434 1838 sed
481 1786 586 1839 hoc
627 1793 799 1854 poeta:
828 1784 980 1854 quasi
1025 1781 1396 1836 ratiocinando
1429 1778 1752 1847 coniectant.
1787 1794 1834 1851 Β
1861 1783 2120 1836 Dominus
2152 1783 2357 1850 utique,
2389 1782 2479 1848 qui
2515 1780 2581 1834 de
2615 1781 2752 1834 cmlo
2784 1780 3059 1853 descendit
3107 1780 3171 1831 ad
3209 1779 3442 1831 libera"-

188 1870 398 1925 Titanes
449 1881 632 1938 autem
684 1873 945 1940 quosdam
993 1872 1046 1924 in
1102 1870 1309 1925 Grmcia
1365 1867 1546 1922 ferunt
1594 1865 1760 1919 fuisse

186 1961 427 2013 robustos
458 1971 514 2014 et
537 1961 864 2015 excellentes
892 1961 1095 2014 viribus
1124 1960 1350 2028 populos
1373 1999 1388 2024 ,
1411 1973 1549 2026 quos
1581 1956 1763 2015 ferunt.

187 2048 371 2102 fabula:
403 2051 471 2102 ab
501 2051 642 2104 irata
669 2059 857 2104 contra
888 2050 1014 2104 deos
1048 2059 1189 2103 terra
1235 2050 1303 2102 ad
1334 2047 1463 2116 'ejus
1501 2048 1761 2106 ultionem

184 2149 388 2191 creatos
414 2158 426 2190 :
456 2139 598 2193 unde
635 2139 857 2193 Titanes
892 2139 1018 2193 dicti
1043 2147 1186 2203 sunt,
1221 2154 1324 2207 apo
1372 2147 1452 2191 tes
1485 2138 1676 2202 tiseos,
1708 2136 1761 2190 id

184 2235 280 2287 est,
307 2228 373 2280 ab
406 2227 637 2291 ultione,
665 2228 807 2295 quod
850 2228 1004 2295 quasi
1031 2226 1350 2280 ulciscenda:
1385 2225 1573 2278 matris
1603 2233 1761 2277 terra:

180 2330 331 2370 causa
361 2315 413 2368 in
446 2315 581 2369 deos
609 2315 800 2368 armati
831 2315 1157 2389 existerent,
1194 2329 1330 2384 quos
1353 2313 1545 2368 fabula:
1580 2328 1610 2366 a
1629 2312 1760 2367 Jove

180 2403 310 2458 bello
348 2403 519 2457 fuisse
542 2412 821 2472 superatos
844 2411 1005 2471 atque
1033 2404 1334 2457 exstinctos
1361 2401 1600 2471 ﬁngunt,
1630 2415 1758 2469 pro-

180 2500 293 2562 pter
327 2491 472 2561 quod
513 2492 579 2547 de
615 2491 754 2546 coelo
786 2491 948 2560 jactis
982 2489 1296 2545 fulminibus
1334 2489 1676 2544 interierunt.

789 2621 1016 2676 CAPUT
1055 2621 1142 2675 lll.

536 2734 610 2788 De
647 2735 816 2804 regnis
843 2744 889 2787 et
918 2733 1119 2788 militiw
1141 2731 1425 2788 vocabulis.

243 2843 486 2918 Regnum
531 2863 562 2901 a
597 2847 814 2916 regibus
841 2846 1084 2900 dictum:
1110 2860 1233 2899 nam
1265 2845 1406 2898 sicut
1441 2858 1593 2913 reges
1618 2858 1648 2897 a
1676 2856 1759 2897 re-

174 2940 381 3008 gnaudo
410 2938 590 2992 vocati
619 2955 630 2989 :
659 2938 732 2990 ita
765 2951 990 3005 regnum
1027 2951 1059 2987 a
1097 2934 1330 3003 regibus.
1361 2933 1606 3001 Regnum
1635 2931 1758 2985 uni-

180 3043 340 3081 versae
371 3028 626 3081 nationes
657 3026 769 3080 suis
797 3039 1023 3094 quaeque
1060 3023 1394 3092 temporibus
1419 3023 1756 3087 habuerunt,

1864 1873 1990 1927 dum
2021 1871 2352 1924 inﬁrmitatis
2385 1879 2580 1923 nostra:
2617 1879 2865 1922 naturam
2887 1911 2900 1934 ,
2934 1871 3047 1938 ipse
3083 1871 3243 1922 etiam
3282 1884 3443 1936 super

1863 1961 2122 2016 caelorum
2166 1960 2333 2014 cmlos
2377 1959 2617 2013 ascendit
2653 1977 2664 2011 :
2702 1960 2826 2027 quia
2869 1959 3014 2012 sedet
3059 1961 3123 2011 ad
3167 1960 3442 2012 dexteram

1861 2051 2059 2106 Patris.
2090 2050 2165 2103 Ab
2196 2048 2426 2115 Oriente,
2452 2049 2601 2103 velut
2627 2051 2764 2118 quod
2800 2049 2958 2114 dixit,
2992 2033 3289 2102 Jerusalem
3326 2049 3441 2103 evi-

1862 2141 2052 2195 denter
2076 2140 2336 2204 ostendit,
2362 2155 2481 2209 quae
2510 2149 2591 2194 est
2635 2141 2687 2193 in
2717 2139 2954 2193 Orientis
2991 2140 3236 2208 partibus
3274 2139 3442 2193 coll0~

1861 2239 2004 2284 cata.
2037 2229 2189 2284 Unde
2210 2229 2468 2284 Dominus
2498 2231 2759 2298 apostolis
2784 2230 3090 2284 videntibus
3115 2230 3356 2284 ascendit
3377 2231 3444 2286 ad

1861 2321 2049 2376 caelos.
2082 2319 2259 2390 Reges
2287 2336 2316 2374 a
2345 2321 2582 2389 regendo
2609 2321 2817 2381 vocali;
2850 2320 2991 2375 sicut
3018 2320 3159 2373 enim
3195 2321 3445 2375 sacerdos

1863 2423 1893 2461 a
1923 2407 2328 2472 sanctiﬁcando,
2353 2408 2427 2461 ita
2451 2417 2504 2462 et
2536 2425 2628 2462 rex
2656 2425 2685 2462 a
2711 2410 2961 2478 regendo.
2994 2408 3109 2464 Non
3144 2419 3322 2463 autem
3354 2415 3444 2464 re-

1864 2499 1964 2568 git,
1991 2499 2082 2567 qui
2115 2513 2222 2553 non
2257 2499 2500 2568 corrigit.
2535 2499 2702 2553 Recte
2751 2500 2917 2570 igitur
2958 2499 3204 2554 faciendo
3245 2514 3444 2554 nomen

1863 2595 2093 2650 tenetur,
2137 2586 2412 2655 peccando
2456 2586 2736 2640 amittitur.
2789 2585 2936 2641 Unde
2969 2593 3024 2640 et
3065 2587 3204 2656 apud
3234 2594 3446 2641 veteres

1861 2677 1970 2732 tale
1994 2686 2106 2732 erat
2132 2677 2475 2746 proverbium
2503 2696 2514 2730 :
2543 2677 2652 2731 Rea:
2677 2680 2798 2743 eris,
2822 2679 2868 2731 si
2892 2689 3026 2732 recte
3048 2679 3250 2748 facias;
3271 2680 3318 2732 si
3340 2695 3444 2734 non

1863 2769 2050 2838 facias,
2085 2786 2188 2823 non
2209 2771 2331 2823 eris.
2361 2769 2539 2839 Regia:
2567 2768 2794 2823 virtutes
2820 2770 3106 2838 praecipua:
3128 2809 3140 2833 ,
3159 2766 3366 2836 justitia
3391 2779 3446 2824 et

1861 2861 2066 2931 pietas;
2090 2861 2208 2930 plus
2243 2868 2424 2915 autem
2464 2861 2518 2914 in
2543 2861 2759 2929 regibus
2799 2861 3050 2913 laudatur
3078 2861 3280 2930 pietas;
3315 2876 3443 2922 nam

1857 2950 2068 3020 justitia
2105 2965 2202 3018 per
2228 2965 2285 3004 se
2312 2965 2500 3004 severa
2529 2960 2630 3004 est.
2658 2950 2832 3019 Reges
2858 2959 3034 3004 autem
3061 2951 3129 3004 ob
3153 2951 3290 3004 hanc
3312 2967 3441 3005 cau-

1862 3057 1978 3096 sam
2002 3041 2143 3112 apud
2171 3040 2392 3096 Grtccos
2431 3040 2639 3094 basileis
2669 3050 2950 3104 vocantur,
2985 3041 3108 3109 quia
3131 3081 3144 3104 ,
3186 3049 3440 3110 tanquam

176 3127 232 3170 υῑ
253 3118 482 3187 Assyriia
511 3117 670 3182 Medi:
697 3116 870 3180 Ρθτείι
895 3114 1160 3185 Egypt“,
1183 3114 1390 3179 ῧΐωείῖ
1419 3128 1646 3180 quorum
1672 3111 1752 3165 Vi’
1783 3121 1831 3182 Ο
1861 3134 2007 3186 bases
2031 3111 2287 3202 populum
2321 3134 2610 3196 sustinent,
2644 3133 2794 3186 unde
2812 3141 2867 3185 et
2902 3134 3061 3187 bases
3093 3147 3320 3186 coronas
3351 3134 3444 3187 ha-

177 3222 262 3263 ωε
281 3223 401 3262 sors
430 3219 738 3275 temporum
764 3207 835 3259 ita
857 3205 1138 3271 volutavit,
1160 3215 1221 3260 ut
1243 3205 1473 3259 alterum
1499 3206 1567 3259 ab
1590 3203 1758 3258 altero

177 3298 496 3352 solveretur.
532 3296 676 3350 lnter
703 3296 886 3350 omnia
937 3305 1117 3350 autem
1151 3310 1316 3364 regna
1359 3303 1626 3348 terrarum
1656 3293 1760 3348 duo

179 3400 336 3454 regna
387 3385 606 3438 czeteris
655 3383 972 3452 gloriosiora
1031 3385 1313 3438 traduntur
1355 3401 1367 3436 :
1413 3382 1759 3452 Assyriorum

174 3475 367 3542 primo,
397 3473 602 3528 deinde
631 3473 1035 3537 Romanorum,
1071 3474 1402 3541 temporibus
1431 3485 1484 3526 et
1516 3473 1649 3526 locis
1680 3473 1761 3525 in-

178 3571 255 3616 ter
278 3579 336 3618 se
359 3565 616 3617 ordinata
645 3572 805 3630 atque
827 3563 1100 3617 distincta.
1125 3563 1258 3616 Nam
1283 3563 1422 3616 sicut
1447 3563 1575 3616 illud
1601 3563 1756 3631 prius

173 3655 345 3708 ethoc
375 3656 690 3724 posterius:
726 3656 800 3707 ita
836 3654 966 3708 illud
1011 3655 1064 3708 in
1107 3656 1328 3710 Oriente
1349 3694 1362 3717 ,
1392 3654 1495 3707 hoc
1519 3653 1570 3706 in
1599 3652 1762 3708 Occi-

175 3745 325 3799 dente
356 3755 614 3799 exortum
643 3753 759 3809 est;
786 3747 1016 3814 denique
1047 3747 1099 3799 in
1136 3746 1278 3800 illius
1309 3744 1436 3808 ﬁne,
1470 3743 1630 3812 hujus
1661 3744 1762 3798 ini-

173 3833 300 3885 tium
337 3833 630 3889 confestim
661 3832 761 3886 fuit
791 3849 804 3886 :
840 3850 1001 3903 regna
1033 3843 1227 3888 cmtera
1249 3874 1263 3897 ,
1289 3834 1575 3901 caeterique
1607 3848 1759 3901 reges

173 3922 310 3975 velut
340 3923 674 3993 appendices
704 3925 930 3978 istorum
957 3925 1242 3978 habentur.
1276 3925 1380 3978 Sed
1420 3924 1561 3977 inter
1594 3938 1757 3991 regna

170 4014 346 4066 omnia
378 4014 515 4067 illud
543 4014 776 4067 maxime
807 4012 1169 4084 appetendum
1209 4022 1292 4067 est
1322 4027 1546 4082 regnum
1567 4051 1580 4073 ,
1615 4011 1758 4080 quod

169 4103 359 4156 stabile
382 4112 439 4157 et
464 4102 631 4156 ﬁxum
653 4112 958 4172 permanet,
985 4111 1145 4171 atque
1174 4102 1226 4156 in
1250 4110 1450 4156 mterna
1475 4115 1606 4168 pace
1629 4115 1758 4152 con-

168 4192 394 4258 sistens,
428 4192 636 4246 nullum
668 4193 890 4246 habebit
935 4192 1129 4257 ﬁnem,
1172 4191 1325 4260 cujus
1357 4190 1508 4259 regni
1539 4204 1634 4242 rex
1673 4197 1758 4242 est

167 4280 452 4347 Christus,
499 4282 566 4336 de
603 4296 709 4350 quo
733 4282 994 4352 propheta
1023 4283 1134 4335 ait:
1170 4279 1608 4350 Multiplicabitur
1641 4280 1753 4347 ejus

166 4371 468 4440 imperium,
499 4380 547 4423 et
571 4372 714 4440 pacis
741 4387 841 4424 non
871 4373 966 4423 erit
997 4372 1118 4438 ﬁnis
1154 4387 1308 4438 super
1342 4369 1530 4420 solium
1559 4367 1748 4433 David,

1859 3223 1988 3278 bent
2014 3241 2028 3276 :
2059 3232 2259 3292 quanto
2284 3223 2428 3277 enim
2451 3223 2678 3291 quisque
2704 3223 2879 3291 magis
2909 3209 3257 3291 pra‘ponitur,
3291 3232 3441 3276 tanto

1862 3310 2092 3379 amplius
2121 3311 2356 3380 pondere
2382 3310 2626 3364 laborum
2671 3320 2946 3379 gravatur.
2985 3311 3220 3380 Tyranni
3259 3311 3444 3366 Grzecc

1861 3400 2132 3464 dicuntur,
2169 3400 2332 3454 iidem
2371 3399 2560 3462 Latine
2592 3409 2647 3454 et
2699 3415 2878 3469 reges;
2916 3416 3037 3453 nam
3066 3403 3203 3468 apud
3236 3410 3443 3456 veteres

1862 3489 2005 3544 inter
2035 3504 2216 3558 regem
2245 3498 2301 3543 et
2331 3498 2619 3558 tyrannum
2649 3490 2793 3542 nulla
2823 3489 3078 3543 discretio
3101 3498 3207 3552 est,
3231 3499 3290 3541 ut
3315 3507 3326 3540 :

1985 3623 2104 3672 Pars
2127 3623 2242 3672 mihi
2268 3623 2394 3680 pacis
2417 3624 2512 3672 erit
2531 3623 2752 3672 dextram
2781 3623 3003 3684 tetigiSIe
3031 3625 3243 3682 tyranni.

1862 3744 1957 3800 Vel
1989 3754 2205 3815 tyrones
2227 3746 2575 3799 vocabantur.
2619 3744 2753 3797 Nam
2794 3745 2896 3796 tiro
2926 3742 3079 3797 fortis
3099 3784 3113 3806 ,
3147 3744 3211 3796 dc
3260 3744 3436 3812 quali-

1860 3835 1960 3887 bus
1992 3835 2248 3888 Dominus
2276 3834 2512 3902 loquitur
2542 3834 2724 3886 dicens
2751 3852 2762 3885 :
2796 3830 2900 3883 Per
2925 3848 3002 3884 me
3028 3848 3167 3900 reges
3198 3842 3434 3899 regnant,

1858 3933 1906 3977 et
1931 3923 2139 3993 tyranni
2167 3925 2392 3976 obtinent
2418 3933 2611 3976 terram
2646 3919 2826 3992 (Prov.
2852 3921 2992 3988 vm).
3016 3919 3133 3973 Jam
3167 3931 3349 3992 postea
3383 3923 3436 3975 iu

1858 4026 2014 4065 usum
2056 4011 2282 4074 accedit,
2310 4019 2569 4081 tyrannos
2605 4011 2782 4065 vocari
2825 4011 3090 4078 pessimos
3129 4018 3288 4077 atque
3339 4010 3438 4063 im-

1856 4100 2056 4168 probos
2085 4113 2259 4169 reges,
2291 4099 2574 4153 luxuriosm
2599 4083 2979 4153 dominationis
3006 4099 3355 4166 cupiditatem
3382 4107 3437 4152 et

1858 4190 2282 4244 crudelissimam
2321 4189 2738 4242 dominationem
2775 4189 2827 4240 in
2860 4187 3067 4256 populis
3094 4197 3430 4243 exercentes.

1857 4280 1971 4334 Rex
2001 4280 2226 4349 mystice
2247 4279 2388 4333 Deus
2411 4278 2744 4347 intelligitur,
2770 4287 2826 4331 ut
2845 4290 2922 4331 est
2957 4279 3082 4331 illud
3113 4279 3165 4331 in
3190 4279 3428 4347 psalmo:

1856 4371 1996 4424 Deus
2021 4381 2191 4424 autem
2217 4386 2305 4423 rea:
2329 4379 2499 4422 noster
2524 4379 2642 4422 ante
2668 4368 2860 4422 sarcula
2889 4366 3061 4438 (Psal.
3088 4370 3300 4438 Lxxm).
3326 4369 3432 4424 Rc-

163 4470 207 4512 et
234 4477 392 4528 super
418 4476 634 4528 regnum
663 4459 796 4526 ejus,
825 4470 871 4512 et
902 4460 1169 4526 conﬁrmet
1194 4458 1327 4511 illud
1354 4467 1402 4511 et
1430 4458 1746 4521 corroboret,
1777 4464 1830 4525 D
1854 4462 1976 4530 gina
2006 4470 2088 4515 est
2118 4469 2296 4513 autem
2328 4469 2510 4513 sancta
2544 4460 2802 4521 Ecclesia,
2839 4469 2894 4512 ut
2923 4468 3004 4513 cst
3043 4460 3172 4512 illud
3207 4460 3432 4529 in‘psal-

163 4549 446 4616 injudicio
490 4548 610 4616 ejus
631 4548 846 4616 justitia
875 4549 1064 4601 amodo
1099 4558 1146 4602 et
1193 4565 1356 4618 usque
1393 4548 1446 4600 in
1478 4549 1750 4616 sempiter-

163 4653 282 4689 num
316 4636 460 4707 (Isa.
492 4638 594 4705 ιι).
619 4638 694 4691 De
715 4653 822 4707 quo
849 4639 1010 4692 etiam
1047 4639 1269 4707 angelus
1295 4640 1361 4693 ad
1386 4638 1606 4692 Mariam
1633 4638 1706 4690 ait
1734 4656 1746 4690 :

160 4723 317 4777 Dabit
344 4725 428 4778 illi
457 4727 712 4781 Dominus
757 4728 895 4782 Deus
932 4730 1102 4783 sedem
1132 4731 1301 4783 David
1350 4731 1632 4800 patris'sui
1653 4771 1666 4795 ,
1703 4740 1750 4783 et

159 4814 394 4881 regnabit
426 4817 480 4867 in
507 4815 661 4869 domo
686 4815 852 4869 Jacob
880 4819 936 4870 in
962 4828 1230 4882 veternum,
1255 4828 1302 4871 et
1330 4820 1472 4887 regni
1493 4820 1607 4886 ejus
1647 4835 1750 4872 non

159 4902 253 4951 erit
284 4902 414 4967 ﬁnis
443 4902 595 4970 (Luc.
629 4904 690 4973 ι).
719 4904 802 4959 Ad
834 4905 986 4973 cujus
1023 4907 1172 4976 regni
1201 4907 1594 4976 possessionem
1635 4907 1747 4974 ipse

160 5004 255 5042 nos
282 4991 532 5057 quotidie
560 5001 714 5047 vocat
740 5010 837 5062 per
861 4995 1167 5066 Scripturas
1193 5011 1379 5049 sacras
1408 5003 1459 5048 et
1483 4996 1744 5066 praedica-

163 5084 308 5131 tores
337 5078 648 5148 Evangelii,
677 5090 738 5134 ut
763 5098 1044 5152 speremus
1074 5094 1128 5140 et
1169 5083 1535 5138 desideremus
1579 5085 1745 5138 caele-

160 5167 297 5232 stia,
336 5167 576 5236 illucque
615 5174 900 5238 pervenire
946 5191 1042 5243 per
1083 5183 1285 5229 rectam
1318 5174 1476 5227 ﬁdem
1506 5183 1560 5227 et
1604 5175 1744 5228 bona

158 5271 322 5324 opera
354 5258 748 5314 contendamus
774 5279 786 5314 :
821 5263 887 5316 ad
908 5265 1049 5331 quod
1083 5265 1134 5317 in
1165 5264 1248 5318 die
1270 5261 1457 5330 iudicii
1487 5263 1599 5330 ipse
1630 5263 1742 5317 Rex

159 5356 350 5414 regunt
363 5361 490 5399 cum
508 5346 708 5401 sederit
731 5349 782 5402 in
807 5351 932 5405 sedc
964 5353 1264 5422 majestatis
1287 5367 1418 5416 suae,
1441 5360 1495 5404 et
1519 5368 1742 5422 congre-

158 5437 433 5504 gabantur
471 5446 598 5490 ante
637 5453 758 5492 eum
786 5456 972 5496 omnes
1002 5451 1212 5512 gentes,
1256 5451 1310 5496 et
1338 5442 1537 5497 electos
1581 5459 1737 5508 suos,

158 5527 308 5592 quia
340 5530 549 5585 dextris
594 5530 712 5598 ejus
754 5541 938 5596 erunt,
991 5533 1216 5596 invitat,
1255 5533 1480 5587 dicens:
1523 5532 1734 5597 Venite,

157 5617 417 5673 benedicti
462 5620 644 5676 Patris
686 5624 818 5690 mei,
860 5625 1102 5693 pcreipite
1151 5641 1372 5698 regnum
1409 5626 1546 5693 quod
1592 5626 1731 5680 vobis

1855 4567 1944 4605 m0
1967 4566 1982 4604 :
2005 4551 2180 4604 Astitit
2203 4550 2401 4619 Regina
2433 4569 2462 4602 (ι
2491 4551 2685 4602 dextris
2708 4553 2827 4601 tuis.
2852 4549 2980 4601 ltem
3006 4564 3157 4617 reges
3186 4550 3432 4617 apostoli,

1855 4640 1967 4693 sive
2013 4639 2183 4693 sancti
2231 4639 2408 4692 caeteri
2439 4647 2592 4702 sunt,
2627 4647 2683 4692 ut
2707 4638 2901 4708 legitur
2931 4639 2983 4691 in
3012 4639 3218 4706 psalmo
3249 4658 3258 4691 :
3297 4639 3434 4693 Deus

1852 4722 1943 4792 qui
1971 4730 2059 4782 dat
2083 4729 2358 4792 vindictas,
2381 4739 2428 4781 et
2453 4729 2504 4781 in
2531 4745 2742 4797 regnum
2769 4740 2947 4798 potens
2971 4739 3044 4782 est
3078 4740 3124 4782 et
3151 4731 3241 4781 dat
3265 4732 3431 4783 virtu-

1853 4827 1952 4870 tem
1981 4817 2183 4886 regibus
2230 4819 2416 4870 nostris
2469 4814 2639 4887 (Psal.
2697 4817 2850 4887 xvu).
2894 4817 3023 4869 ltem
3074 4819 3271 4888 reginre
3310 4828 3434 4872 sunt

1855 4910 2046 4962 animm
2073 4907 2454 4977 perfectorum,
2481 4924 2598 4976 qua:
2623 4926 2730 4962 non
2760 4918 2886 4961 sunt
2931 4909 3142 4962 ancilla:
3189 4911 3430 4978 peccati,

1852 5008 1911 5052 ut
1955 5000 2006 5051 in
2049 4998 2285 5051 Canticis
2330 5000 2661 5053 canticorum
2710 5000 2905 5051 dicitur
2937 5017 2948 5052 ε
2980 4999 3263 5068 Sexaginta
3310 5011 3431 5053 sunt

1854 5091 2044 5158 regiiue
2074 5087 2247 5157 (Cant.
2269 5090 2365 5157 vt).
2392 5089 2565 5157 Reges
2595 5088 2738 5141 enim
2770 5096 2915 5141 recte
2963 5089 3134 5142 sancti
3185 5089 3433 5144 homines

1853 5180 2122 5241 dicuntur,
2163 5179 2252 5247 qui
2297 5179 2517 5246 spiritus
2549 5179 2870 5232 auctoritate
2902 5179 3197 5232 secundum
3241 5179 3430 5231 volun-

1851 5279 2013 5322 tatem
2047 5269 2138 5322 Dei
2167 5269 2375 5321 animas
2403 5284 2528 5322 suas
2561 5277 2768 5337 regunt,
2804 5279 2858 5321 et
2881 5270 2995 5339 regi
3021 5284 3223 5338 regum,
3251 5269 3430 5320 Domi-

1848 5374 1918 5412 no
1945 5358 2192 5411 videlicet
2218 5357 2436 5412 ChriSto
2461 5360 2760 5412 obediendo
2782 5358 3072 5426 subjiciunt
3105 5376 3116 5410 :
3140 5359 3250 5425 qui,
3273 5358 3428 5427 juxta

1848 5447 2143 5502 Psalmistm
2167 5461 2350 5500 vocem
2381 5465 2392 5500 :
2418 5448 2786 5501 Dominabitur
2815 5466 2845 5499 α
2884 5448 3018 5499 mari
3056 5464 3217 5516 usque
3249 5463 3392 5500 mare
3413 5487 3428 5510 ,

1842 5546 1889 5590 et
1917 5553 1947 5588 a
1969 5536 2182 5604 [lumine
2205 5551 2363 5606 usque
2389 5537 2457 5589 ad
2487 5537 2730 5589 terminos
2773 5536 2910 5590 orbis
2940 5547 3092 5589 terrm
3120 5550 3136 5585 :
3172 5537 3254 5589 cui
3284 5551 3428 5603 reges

1845 5625 2055 5680 Tharsis
2084 5633 2128 5678 ct
2167 5625 2350 5680 insula'
2382 5643 2595 5680 munera
2640 5628 2887 5696 o/fercnt,
2933 5643 3070 5696 reges
3103 5626 3329 5678 Arabum
3380 5637 3428 5678 et
