3922 6364
428 310 538 369 “7

431 428 579 486 Saba
620 432 761 481 dona
791 426 1077 491 adducent,
1100 433 1147 480 et
1171 424 1467 479 adorabunt
1508 441 1625 478 eum
1667 439 1843 478 omnes
1882 437 2026 492 reges
2054 420 2107 481 Α

430 532 604 585 ειη-ιε,
630 536 806 574 omnes
837 528 1011 589 gentes
1036 519 1256 573 servient
1284 518 1332 571 ei
1359 514 1531 590 (Psal.
1555 516 1726 588 ωιχι).
1764 516 2020 572 Domina-

430 613 579 670 bitur
600 612 751 677 dicit,
779 611 929 666 cultu
958 612 1232 682 religionis
1271 610 1431 665 latius
1472 603 1795 677 innotescet,
1834 610 2022 680 utique

433 705 693 761 Dominus
717 703 984 769 Chribtus,
1012 704 1077 757 de
1102 719 1209 772 quo
1240 703 1519 771 superiora
1547 711 1770 769 canunt,
1803 711 1857 756 et
1881 702 2018 756 infe-

430 796 575 851 riora
610 796 821 851 dictura
851 802 996 849 sunt.
1017 794 1166 849 istud
1190 801 1371 848 autem
1395 793 1461 848 ad
1479 792 1824 849 Salomonem
1852 794 2022 849 ﬁlium

430 885 602 943 David
636 884 961 939 omnimodis
991 898 1099 937 non
1128 890 1307 954 potest
1340 883 1636 952 pertinere,
1678 884 1767 953 qui
1812 891 2023 937 tantum

431 978 488 1033 in
515 985 671 1048 gente
694 975 878 1031 Jndzea
910 992 1004 1029 rex
1036 975 1204 1030 fuisse
1229 975 1591 1042 cognoscitur.
1618 974 1753 1031 Nam
1780 974 1821 1027 si
1850 974 2023 1029 maria

430 1067 535 1121 ista
566 1074 749 1121 nostra
766 1065 910 1121 'velis
945 1065 1242 1134 intelligere
1265 1105 1279 1129 ,
1307 1064 1473 1119 totius
1505 1063 1689 1120 mundi
1722 1064 2021 1130 ambitum,

430 1171 594 1227 quem
622 1171 813 1211 versus
846 1157 948 1210 iste
978 1155 1246 1226 signiﬁcat
1271 1196 1286 1221 ,
1334 1172 1440 1210 non
1486 1155 1804 1229 praevalebis
1833 1156 2024 1211 adver-

431 1257 567 1302 tere.
591 1247 769 1317 Reges
792 1262 920 1317 ergo
949 1247 1161 1304 Arabiae
1185 1257 1341 1309 sunt,
1370 1247 1461 1320 qui
1490 1246 1854 1300 blandimenta
1902 1260 2024 1299 cor-

428 1354 625 1409 porum
658 1338 843 1407 rigidze
867 1336 1160 1404 subjiciunt
1189 1338 1508 1408 discipliuze.
1543 1336 1808 1390 Similiter
1842 1336 1982 1390 Saba
2003 1374 2018 1399 ,

391 1453 393 1455 ι
429 1426 574 1480 unde
630 1424 807 1479 Salirei
853 1426 983 1479 dicti
1020 1434 1178 1490 sunt,
1208 1427 1456 1495 quamvis
1491 1425 1759 1495 corporali
1790 1425 2023 1479 delecta-

433 1518 577 1573 tione
618 1517 929 1587 prazvaleat,
979 1525 1034 1571 et
1070 1517 1328 1585 jucundis
1365 1516 1649 1593 odoribus~
1671 1516 1743 1570 sit
1783 1515 2019 1581 refecta;

430 1607 679 1662 suaviora
724 1616 902 1661 tamen
933 1608 1181 1661 conversi
1232 1605 1347 1674 ejus
1387 1606 1567 1676 populi
1614 1605 1847 1660 olTerunt
1882 1606 2023 1659 dona

427 1698 716 1753 virtutum.
743 1696 894 1763 Quod
920 1706 1103 1752 autem
1132 1696 1209 1750 ait
1240 1715 1252 1749 :
1284 1694 1349 1748 Et
1373 1694 1669 1748 adorabunt
1695 1711 1813 1747 eum
1845 1711 2021 1748 omnes

1105 308 1170 365 Β.
1209 306 1465 363 RABANI
1499 305 1722 365 MAURI
1758 303 2079 361 ARCHIEP.
2119 303 2430 365 MOGUNT.
2470 308 2759 368 OPERUM
2798 312 2979 371 PARS
3017 313 3083 369 Il.

3617 316 3727 375 M8

2256 423 2496 485 Princeps
2521 425 2776 477 ardentem
2804 428 3018 489 conjecit
3053 427 3270 491 lampada
3291 427 3502 493 Turnus,

2124 530 2243 585 pro,
2279 516 2499 585 primus.
2552 516 2739 573 Dictus
2776 526 2956 572 autem
2999 519 3247 589 princeps
3290 535 3321 574 a
3362 521 3609 591 capiendi
3646 522 3725 578 si-

2120 607 2496 677 gniﬁcatione,
2514 624 2597 664 eo
2619 610 2762 679 quod
2786 610 2993 679 primus
3023 610 3206 679 capiat
3231 630 3243 664 :
3283 612 3423 666 sicut
3442 614 3729 685 municeps

2124 701 2192 754 ab
2231 714 2299 754 eo
2325 700 2470 770 quod
2501 702 2682 756 munia
2713 702 2964 771 accipiat.
2987 702 3210 773 Legitur
3229 718 3357 773 ergo
3380 704 3431 758 in
3453 704 3731 775 Propheta

2124 792 2190 847 de
2216 791 2430 848 Christo
2478 793 2614 862 (Isa.
2656 795 2759 867 ιιι),
2804 794 2949 865 quod
2999 794 3114 863 ipse.
3150 795 3219 849 sit
3250 796 3503 866 princeps
3553 798 3729 868 pacis,

2125 882 2277 951 Cujus
2302 883 2637 953 principatus
2666 891 2750 938 est
2797 898 2959 953 super
3003 884 3287 939 humerum
3314 883 3468 952 ejus;
3515 887 3641 955 quia
3670 886 3730 940 in

2124 987 2287 1028 cruce
2310 973 2491 1027 omnia
2532 974 2699 1027 trahit
2746 975 2813 1027 ad
2841 973 3079 1042 seipsum
3128 972 3309 1044 (Joan.
3348 974 3480 1046 xu);
3511 984 3568 1048 et
3608 975 3732 1031 ideo

2126 1063 2202 1119 illi
2236 1071 2493 1117 curvatur
2539 1078 2699 1117 omne
2726 1078 2890 1133 genu,
2936 1057 2992 1116 et
3019 1064 3368 1118 conlitebitur
3400 1065 3580 1120 innuis
3622 1065 3731 1120 lin-

2126 1170 2250 1225 gua,
2283 1154 2407 1223 quia
2442 1155 2556 1223 ipse
2584 1154 2637 1207 in
2672 1154 2841 1220 gloria
2871 1153 2964 1206 Dei
2991 1152 3169 1208 Patris
3197 1154 3327 1208 vivit
3356 1163 3411 1209 et
3454 1164 3649 1226 regnat
3670 1154 3730 1210 in

2127 1244 2323 1299 saecula
2356 1242 2522 1315 (Phil.
2552 1245 2614 1313 ιι)
2640 1260 2654 1309 ;
2684 1243 2749 1297 de
2770 1259 2877 1312 quo
2911 1243 3156 1313 principe
3178 1245 3249 1298 ita
3280 1245 3473 1315 legitur
3497 1246 3547 1298 in
3585 1245 3732 1301 Eze-

2125 1336 2338 1391 chiele:
2391 1334 2643 1404 Princeps
2694 1334 2886 1388 sedebit
2937 1335 2991 1388 in
3030 1352 3111 1400 ea,
3163 1336 3265 1391 hoc
3316 1344 3420 1399 est,
3479 1336 3532 1387 in
3568 1345 3731 1405 porta

2128 1426 2332 1493 clausa,
2361 1438 2407 1480 et
2433 1426 2661 1480 comedet
2684 1443 2869 1496 panem
2899 1443 3051 1480 suum
3078 1426 3293 1497 (Ezech.
3323 1425 3489 1497 xuv).
3520 1426 3730 1481 Dicun-

2130 1528 2216 1572 tur
2252 1528 2306 1571 et
2332 1517 2571 1587 ,apostoli
2610 1517 2881 1586 principes
2926 1526 2979 1570 et
3018 1517 3269 1571 doctores
3310 1517 3568 1572 Ecclesia:
3607 1517 3728 1578 Dei.

2128 1608 2194 1662 de
2221 1609 2415 1676 quibus
2445 1608 2707 1677 scriptum
2735 1615 2817 1660 est
2856 1607 2909 1660 in
2930 1606 3194 1675 psalmo:
3231 1605 3505 1676 Principes
3546 1604 3731 1677 populi

2130 1707 2474 1754 con‘renerunt
2504 1683 2619 1751 cum
2645 1698 2752 1751 Deo
2779 1695 3245 1766 Abraham.(Psal.
3273 1696 3443 1767 XLVI).
3474 1697 3543 1751 Et
3562 1698 3727 1751 item:

429 1804 572 1856 rcges
594 1797 766 1852 terrm,
798 1802 897 1857 per
927 1803 1117 1842 omnes
1162 1802 1317 1855 reges
1347 1801 1445 1839 nos
1467 1786 1635 1840 voluit
1675 1797 1903 1841 cunctas
1933 1787 2019 1839 in-
2056 1767 2097 1823 Β
2128 1786 2454 1853 Constituas,
2481 1788 2681 1856 inquit,
2706 1802 2793 1839 eos
2815 1787 3071 1855 principes
3098 1802 3254 1855 super
3278 1803 3483 1840 onmem
3508 1798 3729 1852 terram,

436 1878 681 1948 tclligere
708 1878 956 1932 nationes
980 1895 993 1941 ;
1022 1879 1148 1947 quia
1176 1876 1318 1930 nulla
1342 1892 1473 1947 gens
1497 1885 1579 1930 est
1597 1916 1611 1939 ,
1634 1892 1754 1945 qua:
1783 1877 1835 1931 in
1872 1885 2027 1945 parte

428 1967 611 2039 populi
635 1968 715 2022 sui
740 1969 1017 2036 proprium
1044 1983 1147 2021 non
1171 1968 1360 2022 adoret
1384 1978 1679 2023 auctorem.
1696 1966 1828 2021 ltem
1853 1982 2025 2037 reges,

428 2057 580 2127 pravi
643 2057 896 2111 doctores
942 2056 1334 2126 intelliguntur,
1367 2062 1426 2109 ut
1476 2064 1560 2109 est
1616 2056 1743 2110 illud
1790 2057 2029 2125 Prophe-

430 2156 499 2202 ta:
529 2162 544 2199 :
579 2147 692 2217 Ipsi
722 2147 1036 2213 regnabant,
1066 2157 1112 2199 et
1140 2164 1245 2200 non
1280 2163 1343 2198 ea:
1369 2163 1448 2199 me
1472 2146 1618 2215 (Ose.
1653 2146 1795 2217 vm).
1823 2147 2030 2217 Tyran-

431 2254 534 2293 nus
561 2246 741 2291 autem
770 2238 853 2292 vel
884 2236 1156 2290 diabolum
1202 2236 1379 2307 typice
1421 2244 1599 2306 potest
1642 2237 1910 2305 ﬁgurare,
1944 2236 2026 2290 vel

432 2328 851 2393 Antichristum,
883 2329 974 2398 qui
1012 2329 1290 2383 contraria
1320 2343 1534 2397 semper
1555 2318 1759 2383 Christi
1797 2327 2025 2396 imperio

432 2434 595 2489 agere
619 2420 935 2483 moliuntur,
961 2427 1015 2472 et
1041 2420 1138 2472 hos
1162 2427 1463 2487 sequuntur
1484 2400 1726 2487 perversi
1756 2418 2023 2482 homines,

431 2510 523 2578 qui
545 2509 896 2578 cupiditatem
920 2518 1190 2562 terrenam
1214 2517 1508 2571 sectantes.
1538 2508 1833 2561 crudeliter
1854 2506 2027 2574 magis

431 2610 680 2667 premere
697 2597 951 2667 populum
967 2598 1333 2651 Christianum
1359 2596 1585 2666 eligunt,
1601 2612 1763 2665 quam
1786 2596 2027 2650 modesta

433 2688 786 2755 dispositione
815 2703 1020 2757 regere,
1058 2696 1113 2741 et
1145 2688 1245 2739 rite
1275 2702 1340 2741 ac
1374 2687 1621 2741 consulte
1656 2687 1732 2740 illi
1769 2701 2021 2757 przeesse.

429 2778 694 2833 Consules
722 2778 1062 2851 appellantur
1088 2794 1119 2831 a
1149 2778 1498 2840 consulendo,
1529 2779 1671 2832 sicut
1700 2791 1856 2849 reges
1885 2793 1915 2831 a
1941 2793 2027 2831 re-

428 2873 637 2941 gendo,
684 2872 796 2926 sive
840 2887 869 2923 a
923 2870 1171 2939 legendo,
1208 2885 1331 2922 nam
1390 2883 1513 2923 cum
1551 2870 1782 2924 Romani
1833 2884 2022 2940 regum

420 2956 719 3029 superbam
753 2959 1177 3029 dominationem
1218 2975 1323 3011 non
1363 2956 1602 3021 ferrent,
1636 2974 1817 3012 annua
1850 2959 2021 3029 impe-

432 3053 533 3115 ria,
563 3050 824 3118 binosque
853 3048 1102 3103 consules
1128 3048 1229 3103 sibi
1261 3047 1526 3102 fecerunt.
1558 3046 1690 3101 Nam
1735 3048 1908 3102 fastus
1935 3063 2023 3101 re-

428 3140 549 3209 gius
580 3154 686 3192 non
718 3137 1092 3192 benevolentia
1123 3138 1485 3203 consulentis,
1519 3138 1611 3192 sed
1639 3138 1890 3207 superbia
1922 3139 2020 3193 do-

432 3227 692 3281 minantis
717 3236 854 3280 erat.
884 3226 949 3280 lli
979 3241 1107 3296 ergo
1146 3225 1395 3280 consules
1424 3226 1673 3294 appellati
1703 3226 1785 3280 vel
1823 3241 1854 3279 a
1889 3241 2023 3281 cou-

430 3318 657 3372 sulendo
684 3319 924 3381 civibus,
962 3318 1046 3371 vel
1073 3335 1103 3371 a
1130 3318 1363 3388 regendo
1392 3328 1587 3372 cuncta
1620 3319 1867 3384 consilio,
1891 3334 2026 3389 quos

433 3419 613 3462 tamen
647 3408 767 3462 ideo
796 3408 1085 3463 mutandos
1117 3408 1219 3479 per
1246 3423 1417 3461 annos
1442 3408 1682 3478 singulos
1709 3406 2023 3481 elegerunt,

431 3509 623 3554 utnec
651 3498 889 3552 insolens
918 3498 1009 3551 diu
1044 3506 1385 3562 maneret,.et
1412 3498 1740 3553 moderatior
1767 3500 1875 3553 cito
1902 3514 2025 3554 sue-

430 3596 699 3643 curreret.
734 3587 861 3641 Inde
891 3596 1071 3642 autem
1100 3589 1206 3642 duo
1231 3603 1392 3665 pares
1421 3606 1433 3641 :
1466 3588 1594 3659 quia
1624 3604 1763 3643 unus
1801 3605 1914 3644 rem
1941 3590 2021 3644 ci-

431 3681 618 3744 vilem,
643 3681 780 3734 alter
806 3694 917 3733 rem
942 3680 1229 3734 militarem
1254 3680 1627 3745 ministrabat;
1660 3688 2025 3750 regnaverunt

431 3782 612 3825 autem
642 3772 799 3825 annis
822 3772 946 3824 ἄδι.
972 3770 1235 3825 Consules
1263 3781 1441 3824 autem
1481 3779 1626 3825 recte
1666 3772 1768 3825 dici
1800 3780 2024 3840 possunt

432 3862 677 3931 magistri
709 3861 982 3925 Ecclesiae,
1012 3863 1116 3916 hoc
1139 3870 1242 3925 est,
1272 3864 1507 3931 episcopi
1531 3872 1694 3931 atque
1721 3864 2023 3933 presbyteri

430 3963 485 4007 et
508 3954 710 4017 cieteri,
738 3954 827 4022 qui
858 3954 1102 4008 consiliis
1125 3954 1420 4008 secundum
1446 3964 1753 4009 sanctarum
1782 3955 2024 4025 Scriptu-

432 4060 620 4098 rarum
651 4045 993 4097 traditionem
1040 4044 1250 4111 plebem
1288 4044 1391 4098 sibi
1431 4044 1727 4111 subiectam
1768 4044 2023 4112 adjuvant

434 4144 597 4201 atque
642 4135 965 4203 gubernant:
1012 4132 1123 4185 lloc
1160 4142 1339 4186 autem
1388 4150 1583 4186 nomen
1631 4135 1912 4202 potestatis
1954 4149 2019 4187 ex

431 4223 709 4293 gentilium
744 4222 1031 4275 traditione
1053 4223 1328 4275 inventum
1362 4222 1481 4275 ideo
1502 4223 1701 4291 posuit,
1731 4224 1856 4291 quia
1889 4239 2021 4277 con-

434 4315 580 4367 venit
619 4312 1000 4367 ecclesiasticae
1050 4314 1327 4381 dignitati,
1361 4319 1422 4366 ut
1456 4313 1715 4375 interiora
1762 4322 1816 4367 et
1863 4322 2019 4367 exte-

2127 1894 2347 1951 quorum
2369 1878 2690 1947 principatus
2721 1875 2874 1929 nimis
2902 1875 3225 1943 confortatus
3246 1885 3320 1929 est
3343 1873 3517 1946 (Psal.
3544 1873 3728 1947 xuv);

2128 1968 2254 2036 quia
2288 1967 2340 2020 hi
2393 1968 2506 2020 suis
2555 1966 2772 2020 monitis
2804 1980 2974 2034 usque
3006 1966 3072 2019 ad
3110 1964 3272 2020 ﬁnem
3306 1967 3491 2021 mundi
3532 1972 3732 2036 regunt

2128 2053 2449 2117 Ecclesium,
2478 2060 2532 2107 et
2563 2054 2617 2107 in
2646 2052 2733 2106 die
2770 2053 2959 2123 judicii
3002 2052 3173 2108 futuri
3202 2064 3328 2108 sunt
3364 2054 3578 2124 judices
3605 2070 3730 2111 cum

2128 2140 2365 2205 Christo,
2393 2141 2459 2194 ad
2484 2157 2619 2209 quos
2648 2142 2760 2209 ipse
2790 2142 2900 2194 ait:
2942 2140 3074 2194 Cum
3104 2143 3296 2196 sederit
3325 2144 3472 2211 ﬁlius
3496 2146 3729 2200 hominis

2128 2232 2182 2283 in
2220 2230 2340 2284 sede
2380 2231 2670 2300 majestatis
2719 2246 2851 2294 suw,
2894 2231 3137 2285 sedebitis
3172 2243 3220 2285 et
3266 2250 3353 2287 vos
3398 2251 3559 2304 super
3583 2238 3731 2295 sedes

2128 2322 2421 2387 duodecim,
2447 2325 2750 2393 judicantes
2778 2326 3053 2380 duodecim
3098 2326 3262 2401 tribus
3294 2328 3469 2383 Israel
3507 2330 3727 2398 (Matth.

2127 2416 2270 2485 xix).
2302 2416 2536 2471 Rursum
2565 2417 2840 2487 principes
2867 2426 2995 2473 sunt
3017 2421 3212 2485 sancti,
3238 2421 3377 2475 utin.
3400 2408 3726 2479 Salomone:

2138 2504 2259 2559 Vidi
2285 2522 2456 2560 servos
2486 2508 2541 2560 in
2564 2499 2730 2578 equis,
2752 2508 2807 2561 id
2834 2516 2937 2572 est,
2968 2518 3282 2577 peccatores
3307 2510 3360 2565 in
3387 2512 3600 2567 carnali
3631 2528 3727 2583 po:-

2129 2597 2317 2660 tentia,
2349 2606 2395 2650 et
2417 2599 2676 2668 principes
2699 2599 2850 2668 quasi
2874 2615 3045 2654 servos
3073 2600 3400 2655 ambulantes
3439 2620 3599 2673 super
3619 2614 3730 2658 ter-

2129 2705 2243 2741 ram
2272 2688 2455 2759 (Eccli.
2485 2689 2563 2761 χ).
2609 2689 2741 2743 Item
2768 2690 2822 2743 in
2855 2692 3186 2745 contrariam
3210 2701 3422 2760 partem
3449 2695 3728 2764 principes

2128 2777 2491 2847 accipiuntur,
2520 2787 2580 2832 ut
2602 2778 2864 2848 propheta
2893 2780 3059 2834 dicit:
3086 2778 3359 2851 Principes
3388 2784 3727 2851 exstiterunt,

2126 2880 2173 2924 et
2202 2887 2303 2923 non
2331 2871 2548 2940 cognovi
2577 2870 2709 2943 (Isa.
2738 2872 2871 2939 χιιι).
2897 2870 3029 2925 Item
3054 2872 3303 2941 princeps
3330 2862 3579 2927 diabolus
3609 2874 3727 2931 sive

2126 2958 2516 3024 Antichristus,
2557 2959 2698 3013 sicut
2744 2960 2798 3012 in
2843 2959 3126 3015 Ezechiele
3172 2960 3430 3013 Dominus
3457 2960 3525 3015 de
3550 2978 3615 3015 eo
3646 2960 3727 3017 lo.-

2126 3049 2333 3120 quitur,
2379 3049 2601 3103 dicens:
2659 3047 2769 3101 Fili
2816 3049 3060 3113 hominis,
3105 3048 3215 3102 leva
3253 3049 3521 3119 planctum
3561 3066 3726 3119 super

2124 3146 2409 3215 principem
2455 3144 2579 3214 Tyri
2632 3142 3088 3215 (Ezech.xxvm),
3139 3144 3192 3197 id
3238 3151 3336 3205 est,
3370 3158 3533 3212 super
3564 3144 3725 3211 prin.

2124 3237 2298 3305 cipem
2328 3235 2709 3290 tribulationis.
2744 3236 2860 3288 Dux
2890 3236 3071 3289 dictus
3116 3249 3181 3289 eo
3237 3235 3380 3303 quod
3409 3235 3479 3288 sit
3524 3234 3723 3289 ductor

2125 3327 2437 3392 exercitus;
2467 3327 2562 3381 sed
2592 3342 2698 3405 non
2750 3327 2937 3380 statim
2979 3326 3287 3395 quicunque
3333 3326 3614 3396 principes
3637 3326 3725 3381 vel

2126 3420 2290 3473 duces
2315 3426 2458 3483 sunt,
2491 3425 2545 3472 et
2600 3432 2759 3485 reges
2802 3416 2909 3471 dici
2954 3424 3198 3485 possunt.
3253 3416 3312 3470 In
3359 3416 3502 3470 bello
3530 3424 3720 3471 autem

2122 3509 2317 3563 melius
2346 3508 2533 3563 ducem
2565 3507 2853 3570 nominari,
2884 3521 3046 3575 quam
3092 3520 3291 3575 regem.
3322 3505 3456 3559 Nam
3484 3507 3587 3560 hoc
3626 3520 3727 3560 no-

2124 3613 2248 3654 men
2274 3598 2527 3667 exprimit
2549 3597 2601 3649 in
2624 3595 2811 3665 praelio
2836 3595 3141 3649 ducentem.
3169 3593 3323 3650 Unde
3351 3603 3405 3649 et
3436 3596 3724 3665 Virgilius,

2124 3691 2273 3743 ducis
2300 3688 2553 3741 Evandri.
2579 3686 2895 3741 Sallustius:
2928 3704 2946 3735 ι
2968 3685 3085 3752 Quo
3106 3685 3352 3756 cupidius
3373 3686 3426 3739 in
3451 3701 3544 3740 ore
3563 3686 3726 3744 ducis

2124 3794 2243 3834 sese
2266 3779 2493 3846 quisque
2514 3778 2745 3839 bonum;
2780 3795 2798 3825 ι
2826 3792 2933 3829 non
2956 3776 3092 3831 dixit
3119 3776 3173 3829 in
3201 3790 3297 3830 ore
3319 3776 3572 3830 consulis.
3600 3776 3724 3834 Dux

2124 3869 2269 3924 enim
2300 3866 2387 3920 ille
2412 3880 2542 3920 vere
2586 3865 2691 3919 dici
2717 3872 2917 3933 potest,
2944 3863 3038 3931 qui
3067 3863 3119 3916 in
3148 3863 3284 3917 calle
3312 3864 3540 3933 justitiae
3566 3864 3728 3921 inco-

2124 3961 2255 4015 dens
2274 3966 2560 4026 sequentes
2591 3955 2738 4009 ducit
2761 3970 2856 4025 per
2881 3953 3041 4008 ﬁdem
3064 3944 3267 4009 rectam
3292 3965 3347 4009 et
3376 3956 3514 4009 bona
3546 3970 3723 4025 opera

2125 4054 2177 4107 in
2206 4053 2371 4105 vitam
2410 4060 2687 4105 aeternam.
2726 4047 2880 4103 Unde
2908 4046 3176 4115 Propheta
3207 4047 3490 4101 Dominum
3519 4047 3721 4117 depre-

2124 4152 2296 4206 catur,
2337 4140 2559 4193 dicens:
2611 4138 2791 4191 Deduc
2820 4153 2901 4189 me
2935 4137 2988 4199 in
3020 4136 3100 4189 via
3143 4145 3236 4189 tua
3273 4146 3321 4190 et
3358 4136 3641 4189 ambulabo
3666 4139 3723 4191 in

2122 4234 2337 4285 veritate
2370 4239 2459 4281 tua
2483 4227 2655 4297 (Psal.
2682 4227 2902 4295 Lxxxv).
2945 4226 3013 4279 Et
3037 4226 3160 4279 alibi
3190 4244 3202 4278 :
3238 4225 3488 4296 Spiritus,
3519 4228 3719 4296 inquit,

2124 4328 2245 4370 tuus
2277 4316 2441 4369 bonus
2471 4313 2687 4366 deducet
2723 4328 2803 4363 me
2831 4312 2885 4362 in
2924 4310 3057 4362 viam
3098 4318 3292 4362 rectam
3320 4308 3491 4380 (Psal.
3518 4312 3717 4383 cxut).

431 4404 574 4458 riora
600 4403 779 4455 omnia
820 4411 944 4471 agat
985 4419 1106 4456 eum
1139 4404 1363 4457 consilio
1385 4404 1698 4471 prudenter,
1720 4406 2013 4458 secundum
2043 4434 2095 4494 D
2126 4406 2278 4462 Unde
2322 4412 2376 4457 et
2426 4404 2538 4472 ipse
2591 4400 2845 4456 Salvator
2882 4401 2987 4453 dux
3040 4416 3068 4453 a
3111 4403 3378 4469 propheta
3433 4402 3633 4471 legitur
3664 4404 3721 4458 in

432 4493 560 4547 illud
592 4492 732 4560 quod
767 4492 1026 4560 scriptum
1059 4501 1175 4545 est:
1212 4492 1403 4545 Omnia
1444 4492 1528 4560 {ac
1562 4509 1677 4545 cum
1706 4494 1942 4557 consilio,
1970 4504 2016 4546 et

429 4593 539 4652 post
575 4583 772 4650 factum
804 4599 903 4634 non
936 4583 1203 4650 pmnitebis
1236 4580 1364 4652 (Sir.
1397 4584 1592 4653 χχχιι).
1629 4584 1762 4637 Ν;ιιιι
1789 4586 2019 4642 Cmsaris

430 4685 627 4723 nomen
658 4677 752 4721 aut
779 4670 1005 4737 Augusti
1038 4685 1142 4721 nou
1173 4670 1330 4724 aliter
1360 4670 1583 4723 Domino
1608 4681 1791 4726 nostro
1820 4690 2018 4731 conve-

431 4761 549 4813 nire
575 4760 812 4812 arbitror
855 4760 957 4813 uisi
981 4762 1079 4813 sub
1105 4760 1497 4829 signiﬁcatione
1520 4763 1868 4823 monarchiae,
1892 4764 2018 4832 quia

430 4851 576 4905 solus
615 4858 807 4919 regnat
836 4851 887 4903 in
918 4850 1069 4903 cwlis
1098 4860 1152 4903 et
1186 4852 1237 4903 in
1270 4852 1461 4914 terris,
1500 4860 1553 4904 et
1600 4852 1725 4917 quia
1766 4853 1865 4905 sub
1904 4852 2020 4921 ejus

431 4940 660 5007 imperio
706 4939 1008 4992 consistunt
1054 4940 1330 4991 universa.
1374 4937 1679 4991 Monarclne
1728 4948 1891 5003 sunt,
1926 4939 2016 5007 qui

430 5029 758 5097 singularem
776 5029 1055 5096 possident
1076 5030 1457 5098 principatum,
1482 5030 1659 5097 qualis
1679 5029 1776 5081 fuit
1791 5029 2021 5083 Alexan-

433 5120 530 5174 der
573 5119 713 5187 apud
755 5116 1003 5182 Grmcos,
1045 5117 1217 5172 Julius
1262 5120 1402 5187 apud
1450 5119 1758 5172 llomauos:
1794 5120 1920 5173 hinc
1964 5128 2019 5172 et

433 5210 749 5265 monarchia
783 5210 1004 5271 dicitur,
1050 5225 1237 5262 nmuos
1262 5194 1456 5280 quippe
1492 5210 1781 5279 singularis
1829 5210 2017 5264 Graeco

430 5301 693 5365 nomine,
738 5301 901 5354 arcbe
963 5300 1295 5368 principatus
1345 5308 1445 5353 est.
1507 5301 1819 5354 Tetrarchm
1892 5308 2018 5362 sunt

431 5404 682 5464 quartam
728 5401 937 5461 partem
985 5396 1133 5461 regni
1166 5400 1429 5446 tenentes.
1464 5392 1593 5445 Nam
1622 5402 1758 5446 tetra
1787 5402 2019 5461 quatuor

433 5491 599 5539 sunt:
634 5484 808 5551 qualis
835 5483 932 5534 fuit
972 5483 1111 5550 apud
1147 5482 1384 5535 Judaeum
1432 5482 1728 5551 Philippus.
1761 5484 2021 5553 Princeps

434 5581 491 5629 et
510 5572 789 5643 dignitatis
815 5590 1007 5626 nomen
1032 5572 1114 5626 vel
1137 5574 1295 5627 melo
1318 5574 1674 5643 signiﬁcatur.
1701 5583 1754 5629 et
1781 5574 2015 5641 ordinis;

435 5662 578 5728 sicut
604 5671 685 5718 cst
723 5662 846 5717 illud
878 5663 1223 5733 Virgilianum
1250 5682 1261 5717 ι

2120 4496 2431 4567 Evangelio,
2465 4494 2554 4548 ubi
2581 4492 2841 4560 scriptum
2864 4499 2982 4546 est:
3016 4488 3083 4543 Et
3106 4500 3184 4555 tu,
3229 4490 3546 4556 Betltlehem,
3574 4502 3719 4547 terra

2120 4594 2155 4648 J
2164 4593 2289 4655 uda,
2317 4602 2644 4656 nequaquam
2668 4584 2882 4635 minima
2907 4598 2969 4635 es
3000 4582 3408 4662 imprincipibus
3438 4583 3578 4635 Juda
3603 4600 3625 4647 ;
3654 4601 3719 4638 es

2123 4693 2171 4737 te
2200 4682 2336 4735 enim
2382 4678 2513 4730 exiet
2562 4675 2691 4737 dun‘,
2723 4665 2810 4742 qui
2858 4681 3002 4740 regat
3044 4672 3295 4740 populum
3341 4688 3511 4725 meum
3541 4666 3718 4726 Israel

2120 4767 2444 4843 (Matt/ian).
2476 4766 2607 4819 Item
2647 4764 2753 4816 dux
2782 4760 3039 4815 Dominus
3078 4760 3237 4815 Jesus
3263 4760 3514 4815 Christus
3555 4743 3720 4815 intel-

2125 4858 2384 4929 ligiturin
2417 4855 2506 4909 illo
2551 4852 2744 4906 lsaizc:
2790 4848 2925 4903 Ecce
2960 4859 3134 4904 testem
3181 4850 3387 4920 populis
3433 4851 3554 4903 dedi
3594 4868 3718 4906 eum

2125 4951 2310 5003 ducem
2343 4943 2405 5001 ai:
2448 4952 2814 5015 prmeeptorem
2861 4940 3091 5008 gentium
3141 4939 3273 5008 (lsa.
3308 4939 3417 5009 ιν).
3446 4940 3511 4993 Ει
3541 4941 3674 4997 alibi
3701 4962 3715 4997 :

2126 5037 2312 5092 Servus
2340 5050 2482 5088 meus
2510 5030 2680 5086 David
2724 5028 2959 5097 princeps
3003 5028 3059 5079 in
3088 5026 3258 5079 medio
3285 5044 3463 5081 eorum
3489 5026 3715 5096 (Ezech.

2126 5127 2335 5193 χχχιι).
2388 5124 2563 5177 Duces
2614 5126 2739 5173 sunt
2788 5115 2961 5171 sancti
3013 5116 3393 5184 praedicatores
3451 5132 3518 5171 eo
3567 5122 3719 5185 quod

2122 5216 2344 5269 trahunt
2375 5213 2607 5267 ﬁdelium
2638 5222 2825 5277 greges
2868 5214 2993 5274 post
3026 5220 3102 5260 se.
3135 5206 3267 5260 Item
3294 5206 3347 5259 in
3376 5208 3720 5262 contrariam

2121 5312 2330 5372 partem
2370 5302 2532 5355 duces
2558 5296 2794 5352 haeretici
2824 5302 2968 5358 sunt,
3011 5301 3065 5348 et
3105 5291 3274 5347 Judaei
3302 5294 3415 5347 sive
3459 5293 3719 5351 doctores

2123 5396 2372 5465 improbi,
2422 5403 2481 5446 ut
2522 5393 2574 5445 in
2624 5385 2915 5459 Evangelio
2942 5429 2953 5440 .
2986 5387 3243 5440 Dimittite
3274 5403 3380 5451 eos,
3430 5390 3559 5441 croci
3585 5399 3716 5443 sunt

2123 5483 2277 5537 duces
2304 5498 2561 5536 crrcorum
2586 5480 2631 5532 si
2659 5494 2826 5535 caicus
2865 5491 3059 5529 arcum
3100 5474 3329 5537 duxerit,
3355 5476 3506 5528 anibo
3540 5476 3595 5527 in
3627 5477 3723 5544 fo-

2122 5593 2264 5630 veam
2296 5574 2489 5627 cadunt
2531 5571 2744 5646 (Matth.
2771 5568 2881 5640 xv).
2926 5566 3105 5619 Fortis
3134 5565 3395 5621 Dominus
3419 5573 3526 5631 est,
3556 5574 3618 5619 ut
3658 5566 3715 5620 in

2125 5665 2332 5735 psalmo
2358 5664 2586 5732 legitur:
2622 5659 2873 5716 Dominus
2894 5656 3046 5727 [ortis
3074 5664 3121 5710 et
3141 5666 3340 5726 potens.
3375 5657 3442 5716 Et
3478 5658 3536 5714 in
3562 5655 3713 5715 Ioh:
