3922 6340
188 444 286 501 140

1142 422 1229 490 ma
1274 431 1619 490 UNIVERSO
1654 431 1831 487 unm
1866 431 2034 488 xxu.
2072 464 2145 476 —
2177 431 2305 488 LIB.
2350 431 2485 489 XVI.

3350 430 3457 485 450

186 556 400 627 Sapiens
424 554 602 617 corde,
646 561 691 605 et
720 551 867 623 fortis
894 549 1075 602 robore
1101 547 1243 618 (Job.
1268 543 1370 614 ix).
1406 544 1614 608 Fortes,
1644 558 1766 597 san-
1794 548 1845 606 Α
1871 544 1982 598 sola
2013 543 2349 613 professione
2376 544 2693 608 nativitatis,
2736 542 2829 598 sed
2855 541 2923 595 ab
2967 549 3187 610 aspectu
3218 550 3275 597 et
3314 541 3461 596 vale-

184 649 252 705 cti
278 655 420 707 sunt,
450 653 509 697 ut
536 645 587 696 in
612 642 849 697 Canticis
875 640 1211 696 canticorum
1239 657 1251 689 :
1288 635 1424 689 Ecce
1450 635 1637 688 lectum
1661 632 1763 687 Sa-

182 735 397 792 lomonis
426 736 699 803 sexaginta
728 734 886 802 fortes
926 732 1162 784 ambiunt
1188 745 1252 781 ea:
1276 726 1574 797 fortissimis
1599 723 1769 777 Israel

186 826 355 895 (Cant.
380 825 486 893 ιιι).
521 823 722 887 Fortis,
774 821 1041 883 diabolus,
1081 827 1140 871 ut
1188 819 1239 871 in
1270 815 1595 885 Evangelio:
1636 812 1767 867 Cum

180 915 327 985 fortis
348 923 585 965 armatus
607 911 829 965 custodit
857 911 1049 962 atrium
1070 924 1243 971 situm,
1276 907 1329 959 in
1357 922 1483 975 pace
1516 913 1634 957 sunt
1661 920 1771 956 om-

183 1008 264 1059 nia
294 1020 409 1073 quin
440 1004 669 1073 possidet
699 1000 849 1072 (Luc.
876 1000 973 1069 ιιι).
1009 998 1227 1052 Patricii
1275 997 1399 1049 inde
1437 995 1608 1049 vocati
1647 999 1772 1048 sunt

182 1112 274 1167 pro
296 1110 381 1158 eo,
413 1095 559 1164 quod
600 1094 739 1146 sicut
769 1098 952 1159 patres
980 1089 1124 1152 ﬁliis,
1154 1088 1229 1140 ita
1259 1085 1544 1155 provident
1574 1084 1771 1152 Reipu-

180 1186 349 1239 blicae.
418 1172 669 1236 Praefecti
714 1179 847 1233 dicti
900 1194 965 1232 eo
1012 1177 1154 1246 quod
1202 1176 1476 1248 prtetoria.
1504 1180 1770 1242 potestate

180 1274 415 1345 praesint.
450 1273 739 1335 Prrctores,
769 1272 930 1324 iidem
974 1269 1066 1338 qui
1095 1277 1148 1322 et
1174 1267 1435 1337 praefecti,
1461 1268 1612 1335 quasi
1636 1280 1772 1335 pra:-

178 1364 458 1439 positores.
478 1360 748 1414 Pra-sides
776 1375 903 1413 vero
927 1359 1078 1423 dicti,
1095 1359 1221 1428 quia
1246 1357 1476 1426 alicujus
1503 1356 1605 1410 loci
1632 1363 1772 1410 tute-

180 1450 279 1504 lam
305 1449 685 1519 praesidialiter
708 1457 909 1503 tenent.
928 1448 1201 1501 Praztores
1225 1458 1423 1510 autem,
1453 1446 1607 1514 quasi
1637 1460 1772 1513 prae-

178 1549 421 1609 ceptores
450 1540 711 1604 civitatis,
742 1549 794 1593 et
820 1538 1092 1607 principes
1120 1555 1131 1588 :
1176 1537 1335 1589 iidem
1363 1542 1417 1589 et
1450 1544 1768 1605 quaestores,

177 1635 325 1703 quasi
376 1634 717 1701 quiresitores,
762 1645 828 1683 eo
876 1629 1018 1698 quod
1068 1628 1459 1696 qumstionibus
1508 1634 1768 1697 pra'sunt.

180 1714 470 1780 Consilium
502 1724 646 1776 enim
676 1731 730 1776 et
754 1736 917 1775 causa
946 1719 1086 1789 apud
1117 1734 1210 1773 eos
1234 1726 1336 1773 est.
1362 1718 1628 1772 Proceres
1649 1724 1773 1772 sunt

179 1810 453 1883 Principes
485 1812 748 1874 civitatis,
792 1811 945 1879 quasi
979 1809 1369 1878 praecedentes,
1410 1808 1552 1877 quod
1583 1821 1773 1861 omnes

1871 635 2057 689 tudine
2084 636 2328 703 corporis
2350 635 2752 689 existimantur.
2801 632 2952 687 Unde
2981 640 3035 685 et
3068 632 3273 685 tirones
3302 631 3461 697 dicti,

1870 728 2090 796 quique,
2124 735 2415 799 antequam
2458 738 2802 791 sacramento
2841 726 3055 795 probati
3098 726 3228 789 sint,
3265 726 3466 778 milites

1871 833 1975 871 non
2002 824 2146 872 sunt.
2183 816 2441 871 Romamn
2484 826 2661 871 autem
2692 816 2896 870 militia:
2928 830 3046 868 mos
3083 814 3203 878 fuit,
3235 816 3465 883 pulcros

1870 908 2043 977 primo
2093 909 2336 962 exerceri
2382 909 2569 962 armis.
2618 909 2749 962 Nam
2792 916 2945 961 sexto
2976 906 3186 959 decimo
3222 920 3365 957 anno
3398 906 3466 956 ti-

1870 1014 2031 1053 rones
2078 998 2402 1062 militabant,
2461 1014 2566 1067 quo
2619 1000 2779 1051 etiam
2840 997 2953 1050 solo
3007 997 3107 1049 sub
3153 993 3471 1047 custodibus

1872 1090 2122 1159 agebant.
2162 1088 2470 1157 Conscripti
2507 1089 2697 1141 militia
2724 1088 3002 1149 dicuntur,
3040 1086 3161 1153 quia
3194 1085 3245 1136 in
3274 1082 3470 1136 tabulis

1871 1180 2224 1235 conferuntur
2258 1180 2325 1231 ab
2352 1194 2417 1232 eo
2454 1178 2544 1247 qui
2572 1193 2668 1230 eos
2692 1177 2952 1231 ducturus
2982 1184 3103 1237 est;
3136 1175 3274 1227 sicut
3317 1180 3471 1224 tran-

1871 1270 2057 1338 scripti
2112 1278 2396 1331 vei-antur,
2453 1284 2575 1323 cum
2622 1268 2687 1321 de
2734 1266 2839 1319 alia
2893 1266 2945 1319 in
2982 1265 3141 1317 aliam
3202 1263 3468 1331 legionem

1872 1354 2192 1421 trauSeunt;
2243 1366 2297 1412 et
2343 1358 2468 1411 inde
2521 1356 2855 1425 transcripti,
2890 1356 3014 1423 quia
3068 1355 3283 1411 nomina
3316 1353 3468 1416 dum,

1870 1458 1932 1504 ut
1968 1450 2438 1503 transcribantur:
2488 1457 2542 1501 et
2580 1449 2827 1516 optioues
2856 1447 3010 1511 dicti,
3040 1447 3181 1515 quod
3226 1446 3334 1499 sint
3363 1443 3473 1499 ele-

1872 1540 1944 1595 cti
1972 1554 1987 1592 :
2013 1556 2145 1599 ,nain
2178 1547 2369 1607 optare
2412 1539 2611 1608 eligere
2645 1547 2748 1601 est,
2792 1538 2933 1591 sicut
2970 1546 3056 1591 est
3103 1538 3229 1590 illud
3263 1555 3275 1590 :
3321 1546 3473 1605 opta-

1871 1632 2043 1700 vitque
2089 1628 2259 1682 locum
2298 1644 2474 1698 regno,
2499 1629 2552 1682 id
2602 1638 2706 1693 est,
2742 1630 2922 1699 elegit.
2980 1625 3338 1683 Excubitores
3386 1628 3469 1681 di-

1870 1728 2069 1773 cuntur
2114 1733 2213 1788 pro
2267 1733 2331 1772 eo
2386 1717 2527 1786 quod
2578 1719 2835 1773 excubias
2863 1733 3077 1787 semper
3124 1728 3316 1788 agunt,
3347 1727 3475 1776 sunt

1873 1809 2019 1864 enim
2049 1824 2115 1863 ex
2146 1822 2374 1862 numero
2402 1809 2657 1873 militum,
2688 1816 2742 1862 et
2786 1808 2838 1861 in
2874 1809 3170 1878 porticibus
3201 1809 3473 1863 excubant

177 1901 376 1956 honore
428 1901 763 1971 priecedunt.
816 1900 1043 1953 Tribuni
1098 1898 1297 1960 vocati,
1331 1899 1472 1978 quia
1507 1897 1769 1951 militibus
1800 1892 1844 1950 B
1875 1907 2095 1969 propter
2122 1898 2695 1969 regalem-custodiam
2723 1917 2735 1951 :
2769 1898 3014 1952 excubia:
3058 1906 3237 1952 autem
3268 1898 3474 1951 diurnae

177 1992 288 2046 sive
319 1991 569 2061 plebibus
616 1990 739 2059 jura
786 1990 1045 2044 tribuunt.
1102 1988 1425 2044 Chiliarcha:
1479 1997 1624 2053 sunt,
1679 1990 1769 2057 qui

177 2081 317 2135 mille
353 2089 623 2151 prarsunt,
659 2096 793 2150 quos
825 2096 943 2143 nos,
978 2079 1325 2143 millenarios,
1354 2067 1766 2147 nuncupamus;
1806 2070 1807 2073 “

174 2171 610 2227 etestGraecum
670 2187 887 2225 nomen.
924 2170 1285 2225 Centuriones
1334 2168 1465 2224 dicti
1518 2185 1583 2224 eo
1626 2170 1772 2239 quod

174 2270 411 2331 priesuut
455 2269 683 2315 centum
726 2259 988 2314 militibus
1029 2278 1042 2312 :
1098 2260 1243 2313 sicut
1300 2258 1767 2333 quinquagenarii,

175 2352 293 2421 quia
327 2350 381 2403 in
408 2351 592 2419 capite
620 2358 749 2404 sunt
774 2350 1165 2420 quinquaginta
1204 2349 1459 2413 militum,
1500 2351 1641 2403 sicut
1675 2353 1768 2404 de-

174 2440 290 2494 cani
317 2456 382 2495 eo
430 2439 578 2508 quod
625 2440 809 2495 decem
844 2439 1101 2493 militibus
1142 2437 1525 2508 praeferuntur.
1561 2440 1653 2494 Ha:
1679 2456 1773 2494 au-

174 2537 276 2585 tem
320 2531 533 2600 species
576 2530 925 2600 przelatorum
960 2531 1011 2583 in
1043 2529 1287 2585 Ecclesia
1324 2530 1425 2584 rite
1479 2539 1766 2595 tenentur;

173 2623 308 2693 quod
333 2623 711 2693 unusquisque
737 2622 1234 2692 praepositusjuxta
1258 2624 1421 2677 ritum
1448 2632 1502 2677 et
1526 2624 1771 2678 ordinem

176 2727 323 2766 suum
348 2728 541 2767 curam
566 2712 733 2767 habet
760 2712 1126 2778 subditorum,
1156 2730 1222 2768 ne
1258 2729 1356 2783 per
1391 2714 1544 2768 devia
1570 2716 1772 2770 erroris

177 2813 418 2873 pergant,
460 2820 641 2873 neque
679 2804 894 2874 injustis
936 2805 1193 2874 operibus
1241 2805 1515 2869 insistant,
1560 2820 1771 2860 necnon

175 2903 226 2948 et
254 2903 506 2959 caveant,
532 2910 603 2950 ne
630 2894 768 2949 alius
807 2895 963 2948 alteri
1000 2904 1213 2959 noceat,
1240 2910 1309 2949 ne
1339 2910 1435 2965 per
1460 2896 1771 2950 violentiam

174 2986 436 3055 Opprimat
467 3004 479 3038 :
522 2986 619 3039 sed
649 2985 951 3039 concordes
981 2984 1215 3039 invicem
1249 2994 1303 3038 et
1350 2985 1564 3054 pacifici
1605 2988 1770 3040 vitam

173 3078 466 3131 modestam
524 3078 742 3130 ducant.
803 3076 957 3131 Unde
996 3084 1051 3130 et
1093 3077 1147 3129 in
1191 3076 1361 3130 veteri
1409 3076 1525 3147 lege
1572 3076 1767 3148 (Exod.

174 3170 321 3238 xviii)
351 3167 570 3232 Jetbro,
621 3177 885 3236 cognatus
934 3169 1126 3240 Moysi,
1167 3168 1313 3223 dedit
1350 3168 1425 3222 illi
1462 3169 1767 3234 consilium,

1874 1998 2001 2044 sunt
2025 2007 2036 2041 :
2067 1989 2261 2058 vigiliae
2291 1997 2591 2049 nocturnae,
2616 1990 2757 2042 unde
2780 1996 2835 2043 et
2860 1988 3065 2057 vigiles.
3092 1987 3293 2042 Velites
3315 1994 3474 2041 erant

1874 2078 2013 2149 apud
2039 2079 2313 2139 Romanos
2335 2094 2503 2147 genus
2527 2078 2733 2132 militiae
2754 2094 2783 2131 a
2807 2072 3079 2131 voliiando
3102 2078 3297 2132 vocati.
3324 2077 3472 2131 Lecti

1874 2170 2017 2223 enim
2047 2170 2289 2241 agilitate
2330 2170 2562 2239 juvenes
2615 2184 2736 2223 cum
2784 2168 2952 2222 armis
3005 2168 3118 2221 suis
3166 2169 3303 2237 post‘
3324 2176 3475 2236 terga

1874 2263 2115 2332 equitum
2143 2262 2529 2324 consedebant,
2562 2271 2613 2315 et
2640 2276 2765 2314 mox
2788 2275 2908 2313 cum
2940 2261 3005 2313 ad
3038 2260 3221 2313 hostes
3253 2268 3473 2313 ventum

1874 2361 2038 2417 esset,
2069 2352 2223 2421 equis
2251 2352 2589 2413 desiliebant,
2644 2359 2699 2404 et
2727 2351 2987 2405 continuo
3031 2349 3241 2417 pedites
3270 2350 3371 2418 ipsi
3407 2365 3477 2405 ex

1875 2443 1979 2497 alia
2010 2451 2164 2512 parte
2192 2438 2490 2521 equitibus,
2532 2457 2630 2510 per
2676 2456 2813 2509 quos
2859 2436 3074 2493 advecti
3130 2440 3368 2503 fuerant,
3400 2441 3479 2494 dio

1876 2534 2223 2595 micantibus.
2254 2534 2463 2588 hostem
2496 2534 2912 2607 perturbabant.
2960 2531 3044 2585 Ab
3091 2532 3177 2586 his
3224 2528 3478 2586 velitibus

1876 2624 2148 2694 elephanti
2188 2623 2461 2693 quondam
2512 2622 2797 2676 Annibalis
2849 2621 3131 2685 retroacti,
3178 2636 3301 2675 cum
3357 2622 3473 2691 regi

1870 2713 1983 2782 jam
2011 2729 2042 2767 a
2075 2714 2187 2767 suis
2218 2727 2326 2766 non
2376 2720 2621 2782 possent,
2670 2709 2848 2764 fabrili
2892 2709 3104 2779 scalpro
3134 2710 3278 2765 inter
3316 2724 3479 2764 aures

1874 2804 2069 2859 adacto
2098 2802 2453 2857 necabantur.
2505 2802 2694 2855 Militia
2734 2810 2916 2854 autem
2961 2815 2991 2852 a
3026 2799 3291 2855 militilz‘us
3325 2801 3470 2854 dicta

1876 2902 2020 2947 auta
2064 2894 2251 2948 multis
2276 2894 2430 2963 quasi
2484 2892 2738 2955 multilia,
2786 2890 2940 2959 quasi
2997 2890 3276 2960 negotium
3327 2890 3471 2943 mul-

1874 2996 2050 3039 torum
2077 3001 2090 3049 ;
2126 2992 2219 3038 aut
2251 3000 2282 3037 a
2311 2983 2451 3037 mole
2485 2999 2687 3045 rerum,
2714 2982 2867 3051 quasi
2895 2980 3134 3035 moletia.
3182 2980 3347 3051 Legio
3375 2996 3472 3034 sex

1875 3076 2099 3130 millium
2134 3083 2463 3130 armatorum
2488 3083 2593 3139 est,
2617 3076 2684 3129 ab
2706 3074 2879 3128 electo
2906 3082 3118 3137 vocata,
3145 3067 3473 3142 quasileeti,

1876 3166 1930 3220 id
1961 3176 2043 3220 est
2070 3168 2237 3221 armis
2263 3166 2457 3229 electi;
2492 3166 2705 3234 proprie
2732 3173 2911 3218 autem
2952 3164 3304 3219 Macedonum
3343 3148 3479 3233 pha-

174 3250 619 3315 utconstituerel
666 3262 720 3314 in
772 3262 929 3331 plebe
966 3263 1209 3317 tribunos
1240 3268 1295 3315 et
1343 3263 1689 3317 centuriones
1714 3252 1838 3316 etC
1873 3262 2019 3325 lanx,
2050 3260 2324 3316 Gallorum
2356 3268 2595 3320 caterva,
2637 3268 2819 3341 nostra
2867 3242 3007 3329 legio
3046 3257 3266 3313 dicitur.
3309 3257 3476 3328 Legio

171 3351 663 3423 quinquagenarios
710 3363 764 3409 et
805 3356 1061 3421 decanos,
1090 3366 1361 3426 quatenus
1408 3357 1509 3426 ipsi
1555 3356 1764 3410 minora

171 3441 531 3498 decernerent
578 3453 741 3513 atque
776 3444 1177 3513 dijudicarent:
1228 3447 1343 3515 ipse
1387 3461 1517 3500 vero
1556 3460 1618 3499 ea
1644 3462 1767 3515 quae

170 3531 236 3584 ad
284 3533 577 3586 Dominum
634 3534 926 3601 pertinent,
967 3535 1200 3589 subditis
1246 3535 1358 3589 suis
1405 3532 1763 3604 dispensaret.

171 3619 302 3676 llinc
322 3632 381 3675 et
405 3622 702 3692 Apostolus
723 3622 965 3678 Hebraais
992 3625 1269 3694 praecepit,
1294 3624 1477 3678 dicens
1503 3642 1513 3676 :
1551 3622 1767 3677 Obedile

168 3713 455 3781 prprsitis
488 3712 669 3766 vestris
716 3714 771 3765 in
821 3712 1070 3776 Domino,
1114 3722 1162 3766 et
1196 3713 1461 3781 subjacete
1503 3714 1616 3766 eis:
1668 3714 1768 3782 ipsi

170 3802 298 3854 enim
322 3802 816 3873 pen'igilantquasi
863 3820 958 3873 pro
1000 3804 1278 3857 animabus
1308 3803 1511 3868 vestris,
1540 3802 1765 3857 Domino

171 3892 420 3944 reddituri
448 3893 708 3944 rationem
731 3908 748 3945 :
778 3902 831 3945 ut
852 3910 971 3946 cum
994 3892 1190 3963 gaudio
1217 3894 1314 3945 hoc
1345 3894 1566 3960 faciant,
1592 3903 1637 3946 et
1664 3908 1767 3945 non

168 3993 439 4051 gementes,
466 3982 566 4035 hoc
588 3984 722 4036 enim
748 4000 850 4036 non
870 3984 1077 4053 eipedit
1092 3984 1231 4037 vobis
1250 3982 1407 4055 (Ileb.
1425 3983 1567 4053 xm).
1589 3985 1654 4037 Et
1671 3984 1769 4037 ite-

168 4082 311 4129 rum:
339 4074 678 4157 Mementote,
704 4075 897 4144 inquit,
920 4076 1321 4145 praepositorum
1346 4085 1651 4139 vestrorum,
1678 4075 1768 4144 qui

167 4161 322 4219 locuti
349 4174 474 4217 sunt
496 4165 705 4218 verbum
738 4164 853 4230 Dei,
875 4182 1099 4235 quorum
1136 4167 1393 4218 intuentes
1419 4165 1615 4218 exitum
1646 4181 1768 4217 con-

168 4258 472 4312 versationis
504 4254 783 4309 imitamini
811 4256 969 4324 ﬁdem
994 4255 1202 4327 (1ὁὶά.).
1235 4255 1385 4310 Miles
1419 4257 1619 4321 dictus,
1642 4257 1766 4325 quia

167 4350 307 4404 mille
327 4358 490 4404 erant
516 4344 719 4402 antc'in
742 4364 971 4403 numero
994 4364 1125 4413 uno,
1151 4348 1235 4403 vel
1257 4348 1385 4418 quia
1408 4364 1548 4403 unus
1586 4357 1669 4403 est
1699 4364 1766 4402 ex

168 4437 307 4492 mille
329 4424 563 4493 electus:
592 4436 853 4491 Romulus
883 4446 1062 4491 autem
1092 4438 1299 4506 primus
1328 4451 1395 4490 ex
1441 4436 1637 4507 populo
1666 4436 1767 4490 mi-

168 4527 283 4583 lites
312 4529 552 4599 sumpsit
578 4538 631 4583 et
652 4528 960 4598 appellavit.
999 4527 1157 4581 Liber
1198 4528 1407 4595 primus
1438 4528 1643 4581 militia:
1671 4512 1761 4583 er-

1870 3354 2034 3407 habet
2075 3353 2355 3420 sexaginta
2408 3352 2700 3414 centurias,
2754 3350 3058 3420 manipulos
3106 3350 3345 3418 triginta,
3377 3365 3474 3405 c.0-

1870 3444 2056 3497 hortes
2085 3442 2391 3506 duodecim,
2426 3450 2635 3495 turmas
2656 3441 2935 3495 ducentas.
2960 3438 3216 3493 Centuria
3243 3450 3324 3493 est
3347 3425 3475 3508 pars

1868 3534 2140 3587 exercitus
2166 3534 2219 3587 in
2243 3524 2501 3587 centenos
2532 3532 2731 3585 milites
2774 3531 2967 3593 divisa'.
3010 3530 3163 3585 Unde
3190 3538 3244 3584 et
3270 3531 3359 3598 qui
3390 3529 3475 3584 bis

1869 3630 2128 3690 praesunt,
2181 3621 2526 3674 centuriones
2571 3621 2842 3672 dicuntur.
2900 3616 3303 3672 Subcenturiati
3346 3631 3476 3672 vero

1870 3720 2015 3776 sunt,
2047 3727 2151 3765 non
2184 3712 2273 3779 qui
2304 3712 2355 3763 in
2386 3711 2583 3778 prima,
2620 3710 2713 3763 sed
2746 3709 2837 3776 qui
2871 3710 2923 3761 in
2962 3709 3195 3763 secunda
3225 3709 3473 3763 centuria

1870 3812 2019 3867 sunt,
2051 3804 2203 3871 quasi
2228 3802 2328 3856 sub
2361 3802 2537 3871 prima
2572 3800 2837 3863 centuria,
2862 3802 3066 3853 tamen
3103 3799 3279 3853 stricti
3306 3800 3471 3853 etiam

1872 3894 1969 3963 ipsi
1996 3902 2051 3947 et
2088 3893 2142 3945 in
2176 3892 2397 3960 spiculis
2433 3892 2597 3959 positi
2646 3892 2699 3944 in
2746 3890 2887 3944 bello
2936 3898 3081 3952 sunt,
3130 3898 3189 3943 ut
3223 3890 3267 3943 si
3298 3890 3473 3959 prima

1870 3982 2152 4047 defecerit,
2184 3982 2293 4045 isti,
2337 3998 2473 4051 quos
2503 3983 2602 4035 sub
2649 3982 2887 4036 secunda
2918 3981 3178 4046 diximus,
3222 3981 3473 4036 laboran-

1871 4074 2013 4127 tibus
2043 4072 2231 4141 primis
2260 4068 2602 4126 subvcniant.
2654 4072 2809 4127 Unde
2850 4073 2917 4125 ad
2965 4072 3346 4126 insinuandum
3374 4088 3473 4142 po-

1870 4163 2017 4216 nitur
2048 4163 2509 4225 subcenturiatus,
2543 4162 2696 4230 quasi
2726 4161 2894 4215 armis
2916 4162 3117 4216 dolosis
3147 4163 3468 4218 instructus.

1870 4251 2175 4322 Manipulus
2212 4252 2566 4307 ducentorum
2587 4260 2671 4306 est
2701 4251 2952 4305 militum.
2998 4251 3256 4322 Manipuli
3286 4261 3468 4309 autem

1871 4346 1997 4401 dicti
2031 4355 2157 4400 sunt
2186 4346 2407 4409 milites,
2434 4345 2550 4399 sive
2582 4345 2707 4413 quia
2754 4344 2953 4397 bellum
3001 4344 3157 4413 primi
3194 4360 3352 4397 manu
3384 4346 3468 4397 iu-

1869 4436 2141 4507 cipiebant
2170 4453 2184 4502 ;
2226 4437 2339 4491 sive
2368 4436 2510 4505 quod
2560 4444 2851 4503 antequam
2880 4430 3037 4503 signa
3056 4442 3262 4497 essent,
3288 4434 3467 4487 mani-

1870 4525 2025 4595 pulos
2052 4526 2175 4589 sibi,
2225 4526 2279 4577 id
2324 4532 2429 4585 est,
2465 4522 2754 4577 fasciculos
2792 4521 3341 4591 stipulinwellierba:
3369 4521 3468 4579 ali.-

165 4620 340 4677 dinem
368 4621 577 4675 docuit.
622 4621 774 4675 Miles
822 4629 1002 4674 autem
1047 4619 1355 4673 ordinarius
1408 4619 1626 4685 dicitur,
1664 4628 1759 4674 aut
1791 4599 1838 4656 Ῐ)
1866 4612 2019 4681 cujus
2043 4628 2143 4681 pro
2177 4612 2346 4682 signis
2376 4609 2669 4673 faciebant,
2699 4624 2727 4662 a
2762 4624 2868 4677 quo
2899 4610 3054 4677 signo
3094 4610 3468 4688 manipulares

164 4710 1025 4766 extraordinarius.Ordiuarius
1069 4718 1174 4773 est,
1226 4710 1317 4778 qui
1366 4724 1464 4778 per
1508 4710 1755 4765 ordinem

166 4800 375 4865 militat,
421 4815 525 4855 nec
565 4800 741 4855 adhuc
781 4800 1012 4869 aliquem
1059 4809 1383 4854 consecutus
1411 4809 1493 4854 est
1528 4801 1753 4870 gradum

165 4892 385 4947 honoris
411 4910 424 4945 :
459 4901 544 4946 est
567 4891 711 4945 enim
744 4892 1042 4961 gregarius,
1071 4892 1123 4945 id
1149 4900 1253 4956 est,
1278 4891 1495 4946 humilis
1519 4893 1748 4946 militize:

163 4984 629 5039 extraordinarius
674 4999 823 5047 vero,
871 4984 962 5049 qui
1006 4984 1076 5038 ob
1123 4982 1372 5037 virtutem
1404 4992 1754 5053 promovetur

164 5089 230 5129 ex
254 5075 466 5129 ordine.
496 5074 721 5129 Emeriti
752 5075 1006 5129 dicuntur
1047 5075 1310 5138 veterani,
1358 5074 1629 5143 solutique
1652 5075 1751 5128 mi-

166 5164 297 5230 litia,
330 5167 423 5235 qui
463 5165 578 5235 jam
624 5166 678 5220 in
729 5182 828 5221 usu
866 5165 1037 5235 praelii
1085 5181 1190 5219 non
1236 5174 1401 5230 sunt;
1470 5166 1598 5235 quia
1643 5182 1757 5220 me-

167 5262 271 5315 reri
298 5261 539 5314 militare
582 5259 801 5323 dicitur,
839 5276 869 5313 a
915 5259 1198 5328 stipendiis
1232 5258 1461 5322 scilicet,
1492 5274 1613 5327 qua:
1648 5273 1759 5313 me-

166 5360 369 5404 rentur.
400 5349 570 5405 Iidem
599 5357 653 5403 et
674 5351 914 5404 veterani
944 5351 1210 5412 dicuntur,
1257 5349 1385 5419 quia
1427 5349 1537 5419 jam
1566 5350 1620 5403 in
1653 5364 1755 5403 usu

166 5440 331 5509 praelii
360 5455 473 5495 non
500 5448 648 5504 sunt,
674 5440 769 5493 sed
797 5449 917 5509 post
946 5440 1153 5493 militia:
1181 5439 1395 5494 labores
1434 5441 1630 5508 quietis
1652 5438 1757 5493 suf-

169 5527 396 5600 fragium
416 5539 841 5600 consequuntur.
872 5530 1161 5599 Equestres
1205 5530 1405 5584 milites
1429 5530 1578 5591 dicti,
1612 5531 1756 5599 quod

170 5630 305 5688 equo
322 5619 569 5684 sedeant,
593 5628 648 5674 et
671 5619 905 5673 militant
930 5619 983 5673 in
1009 5618 1248 5688 equestri
1277 5619 1483 5673 ordine.
1529 5618 1779 5675 Tirones.

170 5706 421 5766 dicuntur
451 5708 619 5765 fortes
656 5710 830 5780 pueri,
876 5710 970 5780 qui
1017 5710 1084 5764 ad
1131 5710 1381 5763 militiam
1426 5710 1754 5779 deliguntur,

173 5808 329 5873 Itque
355 5801 524 5857 armis
547 5802 798 5875 gerendis
838 5801 1045 5860 habiles
1071 5800 1326 5859 existunt.
1375 5800 1440 5857 Hi
1480 5801 1623 5858 enim
1650 5816 1758 5856 non

1862 4702 2062 4758 milites
2088 4701 2454 4772 cognominati
2480 4709 2625 4755 sunt.
2658 4700 2733 4753 De
2762 4699 2958 4769 quibus
2988 4698 3269 4754 Lucanus:

1977 4801 2153 4850 Evocat
2176 4806 2384 4849 armatos
2426 4797 2679 4859 extemplo
2713 4798 2772 4844 ad
2796 4800 2933 4859 signa
2952 4796 3208 4859 maniplos.

1863 4883 2312 4953 Turmatriginta
2351 4881 2565 4950 equites
2595 4889 2761 4944 sunt;
2816 4880 3044 4933 Romani
3073 4881 3216 4933 enim
3250 4882 3464 4949 equites

1862 4977 1914 5030 in
1942 4993 2049 5030 una
2081 4976 2221 5028 tribu
2256 4974 2483 5028 trecenti
2514 4971 2753 5033 fuerunt,
2788 4972 2853 5023 de
2884 4970 3110 5040 singulis
3150 4971 3296 5024 enim
3328 4988 3461 5026 ccu-

1862 5075 2017 5129 turiis
2039 5074 2226 5127 decem
2251 5070 2538 5129 dabantur,
2566 5077 2623 5121 et
2649 5066 2814 5121 ﬁebat
2840 5074 3034 5118 turma.
3068 5065 3277 5121 Cohors
3297 5069 3460 5137 quin-

1860 5174 2050 5235 gentos
2088 5162 2284 5215 milites
2310 5160 2495 5214 habet.
2526 5158 2650 5211 Tria
2681 5165 2809 5211 sunt
2852 5156 3056 5210 militia:
3084 5173 3280 5225 genera
3310 5176 3322 5211 :
3366 5174 3457 5213 sa-

1860 5264 2223 5319 cramentum,
2253 5253 2517 5314 evocatio,
2570 5250 2891 5318 coujuratio.
2928 5238 3365 5313 sacramentum,
3400 5252 3455 5305 in

1860 5366 1966 5421 quo
1997 5358 2121 5420 post
2164 5347 2482 5401 electionem
2528 5344 2733 5414 juravit
2773 5344 3145 5414 unusquisque
3195 5344 3351 5399 miles
3397 5360 3456 5398 se

1859 5458 1967 5497 non
1996 5440 2246 5495 recedere
2274 5456 2303 5491 a
2332 5438 2545 5502 militia,
2587 5438 2689 5491 nisi
2720 5446 2843 5506 post
2864 5437 3131 5506 completa
3164 5436 3456 5505 stipendia,

1857 5533 1910 5588 id
1933 5540 2033 5595 est,
2058 5530 2263 5585 militia
2290 5540 2565 5599 tempora:
2599 5540 2653 5584 et
2674 5529 2727 5582 hi
2758 5536 2883 5582 sunt
2903 5529 2993 5598 qui
3017 5529 3217 5583 habent
3238 5528 3457 5597 plenam

1856 5622 2107 5680 militiam
2134 5638 2147 5674 :
2179 5636 2303 5674 nam
2324 5619 2514 5689 viginti
2546 5619 2783 5687 quinque
2815 5619 2972 5671 annis
3012 5625 3280 5671 tenentur.
3317 5618 3457 5671 Evo-

1857 5714 2001 5770 catio
2031 5714 2158 5768 dum
2186 5712 2251 5767 ad
2286 5713 2523 5767 subitum
2558 5710 2757 5765 bellum
2801 5725 2906 5763 non
2935 5710 3107 5763 solum
3144 5709 3319 5773 miles,
3357 5709 3473 5765 sed'

1860 5804 2041 5866 creteri
2070 5810 2383 5861 evocantur.
2420 5801 2573 5859 Unde
2599 5800 2762 5856 etiam
2787 5800 2971 5856 consul
3000 5800 3207 5856 solebat
3233 5800 3415 5857 dicere
