3922 6360
405 421 510 477 451

1089 417 1151 473 Β.
1190 414 1447 472 RABANI
1482 416 1703 472 MAURI
1739 418 2058 472 AllClllEl’.
2098 421 2406 474 MUCUNI.
2447 421 2732 482 UPlsltlJM
2770 421 2950 480 PARS
2983 423 3045 480 Π.

3585 433 3700 492 452

409 557 427 590 ε
457 537 558 604 Qui
591 533 977 605 rempublicam
1005 530 1205 585 salvam
1232 530 1351 584 vult
1389 545 1529 593 esse,
1562 542 1648 584 me
1673 534 1948 598 sequatur.
1974 545 1992 578 ι
2027 529 2080 588 Α
2104 526 2289 582 domus
2317 527 2438 583 Levi
2473 529 2758 584 benedicite
2796 531 3077 586 Dominum
3101 547 3121 584 :
3162 549 3254 604 qut
3301 534 3493 592 timetis
3521 538 3703 598 Domi-

401 627 740 694 Conjuratio,
764 640 882 693 quae
903 623 963 676 ﬁt
988 623 1040 676 in
1070 621 1322 687 tumultu,
1350 621 1567 691 quando
1588 620 1824 674 vicinum
1848 619 2000 674 urbis

397 717 700 789 periculum
732 714 973 783 singulos
991 714 1179 784 jurare
1208 729 1315 767 non
1359 713 1601 781 patitur:
1649 710 1742 766 sed
1776 717 2001 778 repente

401 809 678 878 colligitur
706 804 1019 869 multitudo,
1053 813 1109 859 et
1141 803 1470 858 tumultuosa
1505 803 1559 856 in
1586 800 1668 856 ira
1690 797 1956 855 conﬂatur
1977 816 1995 853 :

399 898 514 954 lucc
539 908 595 952 et
628 883 971 952 tumultuatio
1001 896 1218 950 dicitur.
1261 894 1318 947 In
1361 894 1478 948 acie
1517 901 1698 948 autem
1739 892 1856 946 ista:
1885 890 2000 945 fere

397 990 587 1043 forma:
615 997 742 1044 sunt
768 1007 780 1042 :
810 988 1110 1050 exercitus,
1137 985 1350 1050 classis,
1393 984 1586 1050 nodus,
1613 997 1839 1046 cuneus,
1876 981 1996 1047 alte,

396 1096 622 1144 cornua,
679 1095 914 1151 agmen:
975 1095 1095 1148 qum
1155 1077 1361 1132 formas
1404 1085 1461 1131 et
1506 1076 1721 1130 nomina
1769 1074 1838 1128 ab
1869 1075 1998 1144 ipsis

396 1175 579 1239 rebus,
619 1174 685 1226 de
718 1157 916 1243 quibus
959 1171 1232 1235 translata
1267 1178 1414 1235 sunt,
1460 1175 1795 1223 mutuantur.
1836 1167 1997 1222 Acies

393 1263 558 1324 dicta,
590 1261 717 1330 quia
743 1259 888 1313 ferro
913 1256 1120 1314 armata
1160 1259 1231 1313 sit
1272 1267 1329 1312 et
1374 1257 1624 1312 acumine
1671 1256 1992 1327 gladiorum.

393 1350 682 1405 Exercitus
719 1350 1012 1404 multitudo
1038 1365 1103 1404 ex
1138 1365 1247 1402 uno
1286 1363 1487 1419 genere
1513 1347 1582 1400 ab
1606 1347 1996 1401 exercitatione

390 1448 605 1495 vocata.
639 1439 856 1495 Cuneus
884 1448 970 1494 est
998 1440 1229 1494 collecta
1267 1440 1324 1493 in
1350 1454 1515 1492 unum
1543 1437 1777 1492 militum
1805 1436 1994 1490 multi-

391 1532 562 1597 tudo;
594 1532 738 1585 unde
773 1538 997 1601 propter
1023 1531 1166 1600 quod
1211 1529 1265 1583 in
1296 1544 1464 1583 unum
1492 1527 1640 1593 .coit,
1689 1527 1804 1596 ipsa
1832 1526 1999 1580 coitio-

391 1623 448 1678 in
507 1639 677 1677 unum
732 1635 937 1675 cuneus
986 1619 1300 1673 nominatus
1346 1626 1452 1682 est,
1498 1616 1654 1686 quasi
1711 1628 1989 1678 couneus;

388 1716 516 1785 quia
541 1715 594 1767 in
625 1729 790 1767 unum
815 1726 1006 1765 onmes
1033 1717 1320 1780 coguntur.
1347 1707 1561 1763 Classes
1588 1705 1746 1759 dictae
1771 1712 1996 1774 propter

387 1804 710 1858 divisionem
738 1801 1034 1865 exercitus,
1073 1815 1235 1868 quam
1273 1794 1536 1852 Romulus
1566 1793 1820 1848 instituit.
1853 1791 1991 1847 Nam

2103 632 2249 681 num,
2289 615 2571 672 benedicite
2598 617 2882 672 Dominum
2929 617 3102 691 (Psal.
3127 625 3371 697 cxxxrv).
3402 625 3703 698 Pestquam

2100 707 2380 775 gentilium
2425 709 2715 765 simulacra
2743 711 2952 777 derisit,
2989 712 3044 766 in
3093 716 3256 770 tertio
3298 718 3548 788 ingressu
3579 719 3705 775 lau—

2100 797 2197 851 des
2225 797 2537 853 Dominicas
2561 808 2875 855 sanctorum
2907 803 3037 856 dicit
3063 818 3159 858 ore
3185 806 3574 874 celebrandas;
3604 812 3704 868 sed

2100 884 2154 940 in
2187 886 2274 942 bis
2296 887 2510 944 duobus
2535 889 2784 944 versibus
2811 905 2908 960 per
2932 891 3106 947 cilicia
3133 891 3344 949 diversa
3385 898 3707 957 discurrens

2100 981 2374 1044 admonet,
2424 989 2483 1033 ut
2509 995 2640 1034 vero
2668 980 2897 1037 Domino
2923 983 3040 1038 laus
3080 983 3316 1039 ﬁdelium
3351 988 3548 1045 debeat
3573 1006 3704 1061 per-

2098 1083 2316 1123 sonare.
2366 1066 2425 1122 ln
2470 1069 2636 1126 Israel
2681 1070 2861 1125 omnis
2887 1073 3109 1165 po.nitur
3145 1076 3346 1143 justus,
3392 1079 3486 1146 qui
3516 1079 3706 1134 divina

2098 1158 2558 1228 contemplatione
2617 1158 2977 1231 gratulatur:
3019 1179 3157 1233 quos
3206 1176 3392 1235 postea
3451 1178 3708 1226 numerat

2097 1248 2426 1317 specialiter.
2472 1250 2532 1302 ln
2561 1248 2746 1304 Aaron
2785 1251 2932 1304 enim
2974 1256 3307 1311 sacerdotes.
3345 1256 3402 1312 ln
3442 1257 3574 1314 Levi
3618 1274 3710 1316 re-

2097 1338 2228 1408 liqui
2264 1340 2518 1395 ministri.
2547 1341 2627 1394 Ad
2673 1351 3031 1410 postremum,
3075 1347 3168 1416 qui
3214 1349 3442 1404 Domino
3477 1351 3530 1406 in
3564 1365 3709 1421 qua-

2095 1429 2228 1486 libet
2253 1432 2519 1502 probabili
2554 1425 2968 1490 conversatione
3004 1434 3373 1492 famulantur:
3407 1439 3488 1494 sic
3519 1441 3707 1497 omnis

2095 1524 2326 1593 populus
2353 1539 2453 1592 per
2480 1525 2724 1580 diversas
2770 1535 2955 1595 partes
2985 1527 3215 1583 devotus
3259 1528 3547 1583 Dominum
3579 1530 3704 1584 lau-

2096 1615 2226 1669 dare
2255 1615 2586 1686 praecipitur.
2632 1614 2816 1670 Genus
2845 1632 2874 1670 a
2916 1617 3184 1688 gignendo
3209 1627 3265 1674 et
3290 1622 3708 1691 progenerando

2096 1705 2323 1767 dictum,
2357 1714 2450 1758 aut
2497 1720 2526 1758 a
2581 1704 2897 1760 deﬁnitione
2943 1716 3220 1762 certorum
3267 1718 3704 1778 prognatorum:

2096 1801 2451 1869 nationesque
2479 1801 2715 1869 propriis
2742 1801 3154 1870 cognationibus
3185 1803 3488 1856 terminata:
3512 1812 3707 1873 gentes

387 1893 560 1948 daein
604 1892 778 1946 ῧνὶιὶοί
830 1889 1072 1944 (“Videre
1138 1888 1360 1952 ditium:
1413 1884 1508 1955 qui
1559 1891 1685 1950 υοδῐ
1729 1882 1990 1953 manipuli
2021 1867 2066 1927 B
2096 1867 2457 1959 appellantur.
2482 1867 2729 1958 ‘Populus
2759 1867 2844 1942 est
2863 1899 3040 1942 cmtus
3061 1889 3313 1944 humana:
3338 1867 3709 1946 multitudinis

385 1983 516 2038 dicti
555 1990 703 2047 sunt,
730 1981 871 2035 unde
891 1988 946 2034 et
970 1977 1268 2050 Virgilius:

510 2081 752 2133 Classibus
777 2081 855 2132 hic
878 2079 1029 2136 locus.
1052 2079 1127 2128 hic
1155 2077 1287 2128 acies
1307 2081 1504 2128 certare
1525 2075 1769 2130 solebant.

381 2172 502 2230 Iam
563 2182 750 2242 postea
792 2181 847 2226 et
902 2171 1095 2226 classis
1145 2171 1363 2224 navium
1410 2169 1575 2225 dicta.
1631 2168 1815 2224 Nodus
1864 2183 1992 2238 pro-

384 2264 503 2333 prie
533 2264 700 2317 densa
730 2261 970 2330 peditum
1000 2260 1309 2324 multitudo,
1340 2260 1483 2314 sicut
1515 2260 1756 2328 equitum
1788 2267 1986 2313 turma.

385 2355 570 2410 Nodus
610 2353 756 2407 enim
793 2351 970 2405 dictus
1015 2365 1114 2419 pro
1162 2348 1498 2412 difﬁcultate,
1530 2349 1656 2416 quia
1699 2348 1788 2400 vix
1819 2348 1991 2416 possit

387 2444 608 2499 resolvi.
641 2443 755 2496 Alce
788 2443 840 2495 in
866 2440 1104 2496 exercitu
1135 2439 1354 2510 triginta
1390 2438 1604 2507 equites
1644 2452 1766 2492 esse
1796 2438 1988 2492 dicun-

384 2546 488 2590 tur.
522 2528 634 2588 Alae
659 2543 840 2586 autem
866 2531 1174 2601 equites'ab
1204 2532 1308 2585 hoc
1331 2530 1484 2594 dicti,
1518 2530 1647 2599 quia
1674 2536 1864 2599 tegunt
1892 2543 1989 2598 pe-

373 2626 524 2680 ‘tlites
556 2665 571 2688 ,
631 2625 840 2677 alarum
895 2623 1034 2675 vice.
1096 2619 1314 2674 Cornua
1365 2619 1621 2673 dicuntur
1671 2617 1991 2672 extremitas

382 2719 678 2782 exercitus,
709 2718 851 2788 quia:
887 2717 1090 2770 intorta
1139 2715 1229 2769 sit.
1270 2713 1478 2783 Agmen
1516 2710 1734 2773 dicitur,
1779 2709 1904 2778 quia
1935 2708 1990 2761 in

383 2809 722 2879 longitudine
752 2807 1040 2866 directum,
1080 2802 1240 2871 quale
1282 2801 1420 2855 solet
1466 2813 1610 2863 esse,
1659 2814 1782 2853 cum
1828 2811 1990 2852 exer-

381 2900 522 2954 citus
548 2898 652 2952 iter
689 2896 837 2960 facit,
875 2893 944 2948 ab
987 2891 1195 2963 agendo
1225 2898 1500 2954 vocatum,
1552 2889 1605 2942 id
1643 2895 1746 2951 est,
1788 2887 1985 2940 eundo.

384 2990 610 3045 Plautus
634 3005 646 3040 :
678 3004 780 3058 quo
807 2995 856 3038 te
885 2986 998 3054 agis
1023 2996 1068 3037 et
1095 2985 1225 3053 ipse,
1247 2991 1332 3037 est
1358 2990 1540 3036 autem
1569 2978 1843 3034 exercitus
1869 2993 1987 3032 am-

393 3079 612 3136 bulans.
657 3078 789 3132 Nam
841 3091 1034 3147 agmen
1083 3074 1308 3138 dicitur,
1356 3071 1501 3141 quod
1548 3071 1601 3124 in
1653 3069 1988 3139 longitudine

393 3174 659 3228 directum
690 3171 782 3233 sit,
819 3168 980 3238 quale
1011 3166 1151 3221 solet
1185 3181 1330 3229 esse,
1367 3179 1492 3221 cum
1517 3161 1792 3216 exercitus
1815 3161 1989 3230 portis

382 3262 666 3333 procedit;
723 3258 986 3328 quidquid
1039 3256 1201 3310 fuerit
1254 3253 1420 3318 aliud,
1483 3251 1706 3308 abusive
1763 3250 1979 3304 dicitur.

388 3352 587 3411 Milites
617 3358 798 3404 autem
827 3347 1032 3427 Cbristi
1083 3346 1158 3400 illi
1187 3359 1309 3400 esse
1352 3345 1628 3407 dicuntur,
1674 3341 1766 3411 qui
1796 3351 1985 3396 contra

385 3442 658 3496 diabolum
685 3447 948 3511 pugnant,
979 3446 1034 3491 et
1058 3444 1247 3490 contra
1270 3433 1403 3488 vitia
1433 3431 1643 3487 fortiter
1683 3430 1980 3485 dimicant:

379 3535 580 3605 quibus
611 3548 733 3587 cum
767 3530 1266 3585 consummaverint
1293 3535 1346 3579 et
1376 3523 1711 3594 expleverint
1755 3536 1984 3591 agonem

383 3641 566 3703 suum,
618 3638 724 3677 non
779 3633 991 3675 merces
1042 3626 1276 3679 terrena,
1340 3617 1435 3670 sed
1486 3615 1594 3667 vita
1646 3611 1986 3682 promittitur

382 3724 608 3769 a-terna.
666 3711 802 3765 Nam
856 3711 922 3764 de
974 3709 1172 3764 talibus
1216 3705 1508 3776 Apostolus
1555 3704 1624 3758 ad
1671 3702 1985 3758 Corinthios

384 3806 622 3875 scripsit,
653 3803 843 3858 (licens
869 3819 881 3852 :
916 3799 980 3852 In
1010 3816 1167 3852 carne
1199 3800 1336 3852 enim
1380 3794 1731 3857 ambulantes,
1765 3809 1868 3845 non
1900 3809 1984 3845 se-

384 3898 612 3952 cundum
643 3910 851 3949 carnem
876 3891 1184 3946 militamus.
1223 3889 1364 3942 Nam
1389 3904 1538 3941 arma
1565 3884 1767 3939 militite
1795 3893 1986 3937 nostra:

385 4004 489 4042 non
516 3985 778 4047 carnalia,
805 3983 893 4036 sed
916 3980 1146 4051 potentia
1177 3978 1286 4033 Deo
1326 3976 1394 4030 ad
1425 3975 1852 4038 destructionem,
1876 3973 1983 4025 ini-

385 4079 641 4132 micorum
670 4072 890 4126 consilia
936 4072 1276 4130 tlestrueutes,
1317 4076 1365 4120 et
1407 4080 1609 4118 omnem
1652 4061 1983 4116 altitudinem

385 4164 715 4221 extollentem
745 4178 799 4214 se
842 4159 1090 4212 adversus
1137 4156 1410 4209 scientiam
1457 4152 1574 4215 Dei,
1602 4160 1650 4203 et
1678 4151 1734 4202 in
1761 4149 1983 4217 captivi-

386 4265 548 4308 tatem
605 4253 895 4320 redit/entes
946 4263 1150 4302 omnem
1202 4243 1521 4298 intellectum
1573 4240 1628 4293 in
1682 4239 1984 4308 obsequium

387 4344 585 4398 Christi
631 4353 676 4396 et
706 4343 760 4394 in
806 4349 1048 4411 promptu
1077 4336 1323 4390 habentes
1351 4333 1532 4387 ulcisci
1561 4345 1766 4384 omnem
1809 4328 1986 4382 inobe-

387 4435 639 4490 dientiam
667 4432 749 4485 ίΙΙ
781 4425 902 4486 Cor.
929 4431 1004 4484 xl.

1011 4519 1239 4572 CAPUT
1279 4518 1366 4570 IV.

1026 4610 1102 4662 De
1141 4607 1356 4661 civibus.

466 4711 540 4765 De
577 4706 844 4777 imperiis,
873 4703 1187 4768 miliumque
1215 4695 1493 4752 vocabulis
1521 4709 1584 4750 ex
1609 4702 1763 4762 parte
1785 4693 1984 4747 dictum

392 4812 493 4866 est.
520 4800 790 4865 Deinceps
819 4795 1019 4849 civium
1049 4791 1268 4844 nomina
1315 4786 1626 4841 summatim
1664 4784 1984 4854 subigimus.

393 4895 553 4950 Cives
588 4889 786 4954 vocati,
821 4887 964 4956 quod
994 4884 1046 4937 in
1079 4897 1245 4935 unum
1269 4887 1528 4934 coeuntes
1554 4876 1762 4940 vivant,
1793 4883 1855 4928 ut
1882 4874 1988 4926 vita

392 4985 698 5042 communis
748 4989 803 5035 et
851 4977 1098 5033 ornatior
1145 4975 1238 5028 ﬁat
1282 4985 1337 5027 et
1381 4972 1564 5026 tutior.
1602 4969 1759 5024 Cives
1807 4975 1988 5020 autent

393 5065 624 5148 mystice
655 5074 709 5128 in
750 5073 947 5127 bonam
990 5076 1202 5138 partem
1246 5073 1536 5134 ponuntur,
1568 5071 1628 5115 ut
1656 5069 1740 5114 est
1781 5058 1909 5112 illud
1937 5058 1990 5110 in

394 5168 654 5239 Apostolo
680 5184 691 5218 :
739 5165 842 5219 Vos
881 5172 1054 5216 autem
1085 5161 1205 5214 estis
1234 5159 1367 5211 cives
1395 5166 1714 5219 sanctorum,
1748 5164 1791 5207 et
1814 5153 1996 5206 dome-

395 5264 514 5319 stici
545 5260 643 5313 Dei
676 5257 892 5327 (Enhes.
917 5256 1000 5325 ιι).
1033 5256 1166 5310 item
1194 5254 1245 5307 in
1287 5253 1482 5305 malam
1514 5259 1744 5320 partem,
1777 5246 1996 5317 quando

397 5354 465 5409 ad
495 5351 846 5422 Babyloniam
893 5345 1211 5416 spiritalem,
1263 5344 1366 5396 hoc
1394 5349 1496 5402 est,
1548 5341 1598 5393 in
1646 5348 1856 5408 partem
1884 5337 1997 5390 dia-

397 5443 508 5509 boli
538 5444 887 5511 deputantur.
926 5437 1126 5490 Domus
1159 5435 1316 5487 unius
1361 5431 1578 5485 familia:
1624 5427 1990 5482 habitaculum

398 5543 506 5597 est,
531 5531 822 5587 sicuturbs
853 5528 1014 5582 unius
1043 5524 1219 5596 populi
1251 5541 1263 5577 :
1298 5524 1437 5578 sicut
1467 5521 1632 5584 orbis,
1659 5519 1990 5573 domicilium

403 5625 569 5681 totius
617 5622 829 5691 generis
873 5619 1133 5681 humani;
1194 5624 1279 5670 est
1331 5623 1512 5667 autem
1560 5615 1750 5666 domus
1804 5624 1992 5677 genus.

403 5715 560 5772 Unde
579 5715 645 5767 in
687 5711 892 5782 psalmo
937 5708 1198 5778 scriptum
1243 5713 1362 5760 est:
1399 5703 1595 5756 Domus
1631 5699 1800 5755 Israel
1844 5699 1996 5752 bene-

403 5807 562 5863 dicite
591 5805 873 5860 Dominum
902 5819 917 5856 :
945 5802 1130 5856 domus
1161 5799 1337 5854 Aaron
1364 5793 1645 5854 benedicite
1671 5789 1954 5847 Dominum
1973 5802 1993 5843 .'

2084 1977 2229 2048 juris
2251 1993 2520 2033 consensu
2545 1986 2601 2033 et
2627 1979 2883 2034 concordi
2906 1981 3289 2035 communione
3309 1981 3572 2035 sociatus.
3600 1981 3709 2036 Po-

2092 2069 2251 2138 pulus
2276 2079 2457 2123 autem
2479 2069 2534 2122 in
2557 2081 2623 2122 eo
2645 2068 2812 2123 distat
2833 2084 2866 2122 a
2891 2069 3158 2138 plebibus,
3183 2064 3310 2139 quia
3330 2071 3563 2141 populus
3583 2072 3708 2125 uni-

2093 2158 2236 2212 versi
2265 2158 2414 2212 cives
2438 2164 2586 2222 sunt,
2625 2159 3031 2214 connumeratis
3065 2159 3388 2214 senioribus.
3415 2159 3579 2214 Plebs
3607 2177 3705 2215 au-

2094 2259 2204 2305 tem
2220 2250 2488 2318 reliquum
2511 2249 2701 2318 vulgus
2717 2250 2833 2304 sine
2858 2251 3162 2304 senioribus
3184 2250 3440 2304 civitatis.
3465 2250 3709 2320 Populus

2091 2355 2223 2408 ergo
2273 2348 2385 2394 tota
2416 2341 2608 2394 civitas
2632 2348 2757 2394 est:
2808 2340 2998 2409 vulgus
3040 2354 3172 2393 vero
3217 2339 3366 2408 plebs
3391 2348 3515 2404 est;
3548 2340 3706 2409 plebs

2091 2441 2272 2485 autem
2302 2432 2442 2486 dicta
2474 2447 2504 2485 a
2532 2430 2857 2501 pluralitate.
2911 2428 3081 2498 Major
3121 2430 3267 2485 enim
3315 2439 3400 2483 est
3435 2443 3706 2484 numerus

2085 2520 2364 2588 iuniorum
2395 2536 2558 2588 quam
2582 2521 2878 2583 seniorum,
2903 2534 3006 2588 apo
3031 2528 3086 2573 to
3108 2518 3270 2587 polis,
3289 2518 3351 2572 'id
3379 2527 3481 2582 est,
3507 2519 3705 2572 civitas

2094 2610 2182 2665 vel
2210 2609 2510 2679 pluralitas.
2566 2608 2721 2664 Unde
2774 2616 2830 2662 et
2873 2607 3102 2677 populus
3150 2606 3327 2660 dictus
3354 2616 3476 2661 est:
3509 2606 3705 2662 Graece

2091 2709 2272 2754 autem
2306 2697 2535 2769 populus
2577 2697 2693 2752 laos
2737 2697 2936 2751 dicitur
2973 2710 3003 2748 a
3048 2694 3336 2763 lapidibus.
3385 2693 3591 2764 Vulgus
3618 2703 3709 2749 est

2089 2790 2293 2860 passim
2322 2789 2634 2843 inhabitans
2657 2786 2962 2850 multitudo,
2992 2786 3146 2856 quasi
3178 2786 3407 2855 quisque
3433 2801 3541 2853 quo
3564 2785 3700 2840 vult.

2090 2879 2280 2950 Pepuli
2305 2887 2485 2932 autem
2514 2892 2713 2931 nomen
2743 2877 2797 2930 in
2822 2875 3119 2946 Scripturis
3149 2875 3323 2930 sacris
3353 2884 3444 2930 aut
3482 2883 3704 2946 gentem

2088 2969 2401 3024 Judzeorum
2428 2966 2698 3036 significat
2731 2966 2892 3020 unius
2922 2965 3018 3020 Dei
3049 2965 3196 3020 cultu
3229 2957 3705 3034 mancipatam,‘et

2088 3058 2226 3128 legis
2257 3057 2470 3112 Domini
2500 3055 2787 3125 praiceptis
2808 3054 3112 3110 institutam
3144 3071 3158 3119 ;
3190 3054 3276 3109 vel
3327 3056 3494 3108 etiam
3539 3053 3706 3109 Chri-

2093 3149 2329 3204 stianum
2350 3146 2628 3218 populum,
2654 3146 2746 3215 qui
2776 3145 2947 3215 magis
2969 3144 3080 3198 Deo
3105 3144 3331 3199 devotus
3355 3157 3476 3197 esse
3503 3142 3700 3210 digno-

2015 3219 2060 3280 C
2092 3243 2283 3296 scitur.
2315 3239 2468 3296 Unde
2497 3239 2549 3292 in
2598 3236 2806 3307 psalmo
2854 3236 3117 3303 scriptum
3143 3243 3228 3288 est
3260 3252 3273 3286 :
3331 3233 3530 3288 Scitote
3555 3232 3701 3302 quod

2087 3334 2346 3388 Dominus
2372 3342 2446 3387 est
2474 3331 2660 3384 Dens:
2691 3331 2799 3399 ipse
2843 3329 2962 3397 fecit
3017 3343 3130 3392 nos,
3172 3335 3219 3380 et
3259 3343 3363 3383 non
3408 3328 3512 3395 ipsi
3561 3343 3656 3381 nos
3680 3343 3701 3381 :

2087 3442 2180 3479 nos
2205 3435 2379 3478 autem
2420 3422 2646 3492 papulas
2689 3431 2737 3474 et
2766 3436 2880 3474 oves
2922 3433 3134 3489 pascua:
3173 3417 3285 3487 ejus
3321 3417 3494 3489 (Psal.
3525 3420 3700 3490 xcu).

2087 3515 2222 3569 Nam
2271 3514 2518 3584 quamvis
2561 3510 2861 3565 nativitatis
2899 3520 3101 3564 nostra:
3147 3508 3512 3560 ministerium
3560 3523 3703 3577 pra:-

2088 3609 2216 3663 beat
2247 3605 2481 3660 carnalis
2509 3602 2754 3673 operatio
2783 3619 2795 3654 :
2826 3610 3006 3654 tamen
3047 3598 3137 3652 ille
3168 3598 3220 3650 in
3257 3597 3403 3651 hunc
3429 3597 3696 3652 mundum

2089 3713 2190 3756 nos
2217 3696 2480 3766 probatur
2508 3693 2792 3752 adducere,
2826 3689 2918 3758 qui
2945 3699 3140 3742 cuncta
3170 3685 3298 3740 fecit
3340 3686 3408 3740 ad
3451 3686 3700 3740 existen-

2093 3791 2225 3844 tiam
2254 3785 2560 3857 pervenire.
2610 3783 2870 3851 Sequitur
2897 3798 2909 3833 :
2953 3779 3066 3833 Nos
3097 3787 3269 3831 autem
3308 3775 3534 3846 papulas
3559 3777 3698 3845 ejus,

2089 3891 2136 3934 et
2160 3895 2277 3932 oves
2301 3892 2512 3947 pascua!
2553 3875 2690 3944 ejus.
2738 3872 2900 3927 Venit
2942 3870 3011 3924 ad
3060 3869 3316 3939 populum
3360 3867 3574 3921 ﬁdelem
3603 3881 3703 3935 per

2089 3966 2526 4037 comparationes
2561 3962 2998 4033 pulcherrimas:
3042 3961 3171 4028 quid
3206 3959 3332 4020 sint,
3379 3957 3700 4021 ostendens,

2089 4074 2240 4124 oves,
2272 4058 2400 4126 quia
2430 4056 2702 4125 simplices
2732 4062 2876 4117 sunt,
2903 4059 2959 4106 et
3001 4051 3128 4119 ipse,
3165 4063 3355 4104 eorum
3401 4056 3593 4116 pastor
3619 4055 3704 4101 est

2090 4164 2288 4203 verus:
2319 4161 2531 4216 pascua:
2557 4143 2693 4212 ejus,
2726 4143 2778 4198 id
2806 4150 2909 4206 est,
2942 4140 3243 4195 divinarum
3282 4136 3700 4206 Scripturarum

2093 4240 2312 4308 copiosa
2340 4245 2396 4291 et
2419 4236 2592 4289 dulcis
2621 4234 2878 4303 epulatio.
2935 4232 3054 4300 lpsa
3101 4239 3226 4284 sunt
3275 4228 3422 4282 enim
3475 4241 3699 4296 pascua,

2091 4329 2290 4399 quibus
2324 4325 2496 4379 ﬁdelis
2531 4325 2713 4377 anima
2753 4323 3032 4392 saginatur
3052 4328 3110 4375 et
3149 4319 3214 4372 ad
3245 4318 3440 4371 futura:
3465 4317 3703 4371 beatitu-

2091 4418 2233 4473 dinis
2260 4430 2470 4470 amcena
2514 4411 2849 4483 perducitur.
2900 4410 3099 4463 Tribus
3135 4410 3409 4470 dicuntur,
3441 4417 3702 4475 tanquam

2092 4509 2257 4562 curim
2304 4515 2358 4560 et
2413 4503 2864 4572 congregationes
2918 4499 3185 4555 distincta:
3232 4495 3594 4567 pepulerunt:
3647 4503 3704 4548 ct

2013 4588 2067 4648 D
2095 4607 2297 4653 vocata:
2325 4595 2520 4660 tribus,
2551 4593 2693 4663 quod
2739 4592 2792 4645 in
2842 4590 3106 4660 principio
3153 4587 3384 4642 Romani
3432 4585 3646 4638 trifarie
3669 4598 3702 4638 a

2097 4688 2328 4744 Romulo
2357 4685 2625 4754 dispertiti
2656 4702 2668 4737 :
2703 4684 2755 4737 in
2804 4681 3167 4743 senatoribus,
3199 4677 3464 4732 militibus
3492 4683 3548 4729 et
3586 4674 3704 4744 ple-

2095 4782 2275 4844 bibus,
2305 4795 2426 4848 qua:
2466 4786 2644 4830 tamen
2684 4775 2859 4828 tribus
2903 4789 3048 4827 nunc
3081 4770 3452 4840 multiplicata:
3498 4781 3702 4848 nomen

2098 4873 2386 4942 pristinum
2417 4869 2674 4921 retinent.
2707 4865 2903 4918 Tribus
2950 4863 3198 4918 similiter
3235 4862 3463 4931 mystice
3492 4841 3706 4930 signiﬁ-

2099 4972 2225 5024 cant
2249 4956 2343 5015 aut
2365 4957 2646 5013 duodecim
2671 4956 2840 5009 tribus
2874 4953 3149 5008 lsraelitici
3180 4951 3416 5022 generis,
3455 4959 3552 5002 aut
3573 4964 3706 5002 con-

2099 5050 2365 5107 venticula
2395 5055 2707 5103 sanctorum
2736 5045 2789 5098 in
2823 5043 3082 5097 Ecclesia.
3113 5039 3248 5094 Nam
3272 5055 3393 5093 cum
3436 5039 3503 5092 de
3543 5037 3704 5091 Jeru-

2100 5145 2265 5199 salem
2297 5141 2525 5211 mystica
2556 5137 2816 5209 propheta
2838 5139 3249 5196 commemoret,
3274 5129 3478 5183 addidit
3506 5146 3518 5179 :
3558 5127 3705 5180 Illuc

2099 5237 2233 5288 enim
2257 5232 2602 5285 ascenderunt
2642 5229 2827 5291 tribus,
2856 5225 3021 5278 tribus
3061 5222 3294 5284 Domini,
3338 5219 3703 5273 testimonium

2101 5325 2269 5380 Israel
2323 5324 2390 5376 ad
2431 5319 2784 5389 conﬁtendum
2841 5316 3039 5371 nomini
3088 5326 3203 5375 tuo,
3258 5311 3480 5364 Domine
3521 5306 3703 5377 (Psal.

2101 5414 2276 5484 cui).
2329 5413 2588 5473 Dicendo,
2646 5407 2796 5470 illuc,
2851 5404 3119 5474 signiﬁcat
3169 5402 3444 5455 civitatem
3479 5394 3707 5448 Jerusa-

2097 5510 2226 5571 lem,
2257 5521 2419 5576 quam
2455 5501 2703 5570 superius
2732 5498 2904 5552 dixit:
2944 5495 3094 5563 cujus
3129 5489 3462 5561 participatio
3502 5488 3617 5556 ejus
3648 5488 3707 5539 in

2097 5600 2323 5667 idipsum
2352 5593 2562 5666 (Ibid.),
2612 5599 2667 5644 et
2717 5597 2777 5643 ut
2828 5586 3102 5643 ccclestcm
3151 5598 3272 5636 esse
3319 5593 3706 5650 cognosceres,

2100 5690 2326 5753 addidit,
2356 5685 2701 5742 ascenderunt
2725 5697 2743 5734 :
2792 5680 2858 5734 ad
2900 5693 3063 5746 quam
3094 5675 3235 5732 beati
3265 5679 3480 5743 semper
3508 5683 3710 5724 ascen-

2101 5786 2252 5850 dunt,
2284 5778 2542 5852 quoniam
2588 5774 2701 5847 jugi
2751 5769 3139 5829 exercitatione
3191 5764 3519 5835 proﬁciunt:
3571 5757 3712 5816 sub-
