3922 6334
178 378 273 436 435

1131 377 1219 432 DE
1261 370 1614 432 UNIYERSO
1651 367 1832 424 LIBRI
1873 368 2034 428 XXII.
2065 402 2137 414 ——
2173 371 2301 426 ΗΒ.
2345 373 2481 428 XVI.

3324 379 3433 438 άει

141 496 350 589 .jnnxit,
376 493 559 555 tribus,
593 491 645 545 in
669 493 860 560 quibus
889 500 1007 546 crat
1031 491 1359 546 lsraeliticus
1379 487 1608 560 populus
1634 487 1746 541 dis-
1775 487 1823 544 Α
1853 495 2127 542 sectentur
2157 507 2169 543 :
2213 491 2352 544 unde
2387 500 2440 545 et
2481 494 2842 563 cognominati
2876 504 3018 550 sunt.
3067 498 3131 552 Ili
3173 501 3336 557 etiam
3375 500 3430 560 in

172 589 390 640 tributus
434 603 444 636 :
499 583 571 636 sic
618 582 760 637 enim
795 583 867 637 illi
907 583 1053 653 genti
1096 583 1161 636 ad
1194 596 1476 634 numerum
1512 579 1744 632 ﬁliorum

171 676 322 730 Jacob
353 673 632 728 duodecim
679 673 850 727 tribus
889 672 1126 735 fuerunt,
1178 672 1316 726 sicut
1363 670 1607 723 Romano
1647 685 1744 738 po-

171 767 282 836 pulo
311 765 530 834 triginta
551 765 790 835 quinque
829 764 1033 817 curize:
1081 763 1133 815 in
1176 762 1293 816 istis
1338 776 1467 830 ergo
1497 759 1744 814 tribubus

171 855 424 926 significat
475 865 716 918 sanctos,
773 855 862 924 qui
916 853 1202 907 Dominum
1260 852 1597 904 Salvatorem
1623 865 1742 905 esse

169 945 321 999 Deum
360 945 590 1000 confessi
633 953 776 999 sunt.
830 943 963 998 Nam
993 953 1052 996 ut
1078 943 1167 1003 .ab
1210 943 1516 997 inﬁdelibus
1569 941 1741 997 tribus

167 1038 289 1092 istas
325 1036 562 1091 ﬁdelium
604 1044 952 1106 segregaret,
1000 1034 1245 1099 addidit,
1290 1033 1456 1086 tribus
1490 1032 1737 1086 Domini:

166 1142 273 1196 qute
299 1125 478 1195 utique
530 1123 652 1193 ejus
686 1139 806 1179 esse
859 1140 962 1179 non
1011 1133 1281 1194 poterant,
1339 1124 1440 1178 nisi
1503 1123 1551 1179 ci
1602 1139 1736 1192 pura

167 1226 331 1271 mente
357 1216 734 1270 credidissent.
771 1216 920 1270 Alias
943 1217 1086 1271 enim
1129 1215 1302 1270 tribus
1328 1225 1542 1270 constat
1574 1216 1736 1271 fuisse

163 1305 364 1369 diaboli,
395 1320 516 1374 qua:
561 1321 628 1360 ex
675 1304 891 1360 Christo
919 1304 1225 1359 maluerunt
1270 1305 1432 1374 impia
1462 1305 1736 1361 voluntate

161 1396 406 1465 separari,
456 1396 656 1465 quibus
695 1397 812 1466 ipse
862 1397 916 1450 in
965 1384 1254 1466 Evangelio
1313 1397 1489 1451 dixit:
1555 1395 1653 1450 Vos
1703 1415 1733 1451 a

158 1498 294 1557 patre
315 1487 522 1542 diabolo
567 1489 690 1542 estis
731 1487 914 1561 (Joan.
940 1487 1083 1559 vtu).
1113 1489 1314 1542 Verum
1343 1489 1530 1558 quales
1551 1499 1734 1544 essent

159 1584 264 1638 istcc
307 1583 476 1637 tribus
515 1583 729 1637 Domini
761 1584 1002 1639 breviter
1048 1583 1326 1649 indicavit,
1378 1583 1730 1638 testimonium

158 1673 332 1738 Israel,
375 1675 426 1729 id
453 1686 559 1739 est,
591 1677 681 1744 qui
715 1677 1082 1732 testimonium
1132 1678 1407 1747 praebeant
1435 1675 1729 1732 sanctitati.

155 1765 415 1819 Censores
453 1767 596 1834 apud
641 1773 852 1822 veteres
892 1766 1166 1821 Romanos
1213 1775 1405 1822 erant:
1458 1776 1543 1822 est
1586 1767 1730 1820 enim

155 1869 333 1907 nomen
384 1855 630 1909 censoris
677 1855 910 1925 dignitas
961 1855 1272 1926 judicialis:
1322 1870 1544 1909 censere
1589 1855 1732 1908 enim

148 1944 375 2014 judicare
399 1953 503 1998 est.
553 1945 685 1999 Item
714 1961 971 2001 censores
1012 1953 1137 2000 sunt
1168 1946 1616 2014 patrimoniorum
1642 1945 1733 2015 ju-

153 2034 286 2088 dices
310 2050 340 2087 a
363 2049 533 2088 censu
575 2035 700 2090 teris
740 2035 1011 2106 appellati,
1037 2034 1250 2103 judices
1277 2035 1427 2098 dicti,
1456 2036 1610 2103 quasi
1644 2034 1733 2103 jus

152 2125 376 2180 dicentes
422 2123 659 2194 populo;
711 2126 826 2180 sive
878 2125 1020 2196 quod
1062 2124 1186 2194 jure
1238 2125 1556 2194 disceptent.
1603 2123 1733 2178 Jure

151 2215 280 2268 enim
310 2215 588 2285 disputare
608 2224 692 2270 est
709 2212 856 2282 juste
875 2214 1121 2283 judicare
1148 2234 1158 2268 ι
1194 2231 1298 2270 non
1326 2225 1409 2270 est
1441 2224 1622 2270 autem
1643 2214 1731 2283 ju-

148 2303 258 2368 dex,
295 2305 339 2359 si
385 2305 439 2358 in
495 2320 561 2360 eo
596 2319 704 2359 non
751 2314 836 2360 est
873 2305 1105 2376 justitia.
1164 2305 1442 2375 Leguutnr
1489 2305 1634 2360 enim
1675 2306 1729 2358 in

150 2395 431 2466 Scripturis
507 2397 680 2452 sacris
728 2397 896 2467 iniqui
945 2413 1043 2467 pro
1088 2399 1402 2452 censoribus
1457 2397 1728 2466 :cquitatis

149 2487 323 2556 positi.
351 2486 619 2541 Similiter
667 2495 721 2541 et
751 2486 965 2554 judices
1011 2489 1200 2557 iniqui,
1239 2489 1330 2556 qui
1388 2488 1729 2556 iniquitatem

149 2576 195 2629 in
234 2577 526 2646 judicando
554 2576 727 2647 magis
774 2579 943 2631 secuti
991 2587 1117 2632 sunt
1164 2593 1326 2646 quam
1378 2578 1723 2646 aequitatem:

147 2670 288 2740 cujus
312 2670 387 2724 rei
419 2671 668 2740 exempla
705 2671 1052 2725 inveniuntur
1080 2670 1332 2739 plurima.
1382 2669 1603 2724 Senatni
1633 2685 1729 2723 no—

144 2774 258 2812 men
281 2770 411 2813 tetas
434 2760 608 2825 dedit,
639 2762 780 2830 quod
803 2763 1045 2815 seniores
1081 2770 1282 2815 essent.
1315 2761 1414 2814 Alii
1443 2777 1472 2813 a
1505 2761 1727 2815 sinendo

143 2847 305 2902 dictos
333 2849 612 2917 accipiunt
664 2858 958 2912 senatores,
1004 2850 1105 2920 ipsi
1146 2849 1289 2903 enim
1337 2851 1526 2920 agendi
1555 2849 1726 2904 facul-

144 2947 296 2992 tatem
322 2939 543 2993 dabant.
578 2938 1093 2994 Senatusconsultus
1117 2955 1148 2992 a
1179 2937 1512 2993 consulendo
1538 2947 1591 2992 ct
1614 2949 1725 2995 tra-

142 3028 327 3083 ctando
374 3037 460 3082 est
496 3029 678 3083 dictus
710 3045 724 3093 ;
763 3031 904 3098 quod
948 3029 1026 3083 sic
1071 3028 1152 3093 ﬁt,
1187 3036 1246 3080 ut
1274 3027 1520 3081 consulat
1549 3037 1604 3080 et
1628 3043 1725 3080 no-

1847 576 2135 647 Evangelio
2172 596 2294 633 cum
2335 585 2706 650 peccatoribus
2747 584 2903 638 simul
2944 586 3194 656 leguntur
3218 592 3432 648 venisse

1847 668 1912 720 ad
1945 666 2318 734 Salvatorem;
2352 671 2474 740 quia
2501 674 2590 741 qui
2622 674 2834 742 publica
2868 679 3079 747 negotia
3113 679 3165 733 in
3201 683 3432 738 terrenis

1845 757 2054 812 actibus
2073 769 2348 824 exercent,
2374 759 2583 817 diﬁicile
2608 773 2950 833 peccatorum
2974 769 3183 824 sarcina
3206 781 3429 838 carent;

1844 847 1936 901 sed
1980 864 2100 902 cum
2155 863 2250 917 per
2293 852 2662 919 pmniientiam
2713 857 2778 910 ad
2826 857 3112 911 Dominum
3160 863 3432 918 veraciter

1843 949 2252 1007 convertuntur,
2300 937 2362 996 ex
2414 946 2784 1012 peccatoribus
2826 947 2959 1017 justi
3009 948 3163 1002 ﬁunt.
3210 951 3430 1008 Villicus

1843 1033 2058 1101 praprie
2085 1032 2220 1087 villa:
2251 1036 2583 1103 gubernator
2609 1045 2711 1102 est,
2743 1039 2882 1093 unde
2917 1049 2972 1093 et
2999 1055 3028 1092 a
3059 1041 3183 1095 villa
3214 1042 3428 1097 villicus

1841 1139 2038 1179 nomen
2068 1126 2277 1194 accepit
2302 1144 2315 1179 ε
2347 1126 2616 1182 interdum
2641 1138 2820 1184 autem
2850 1131 3065 1186 villicus
3095 1149 3198 1187 non
3228 1135 3425 1204 guber-

1839 1215 2112 1269 nationem
2144 1216 2297 1281 villaz,
2323 1219 2416 1272 sed
2439 1219 2891 1289 dispensationem
2920 1222 3187 1277 universae
3212 1225 3424 1289 domus,

1842 1305 2014 1360 Tullio
2053 1307 2461 1377 interpretante,
2487 1301 2756 1378 significat
2800 1329 2813 1363 :
2862 1313 3002 1381 quod
3035 1323 3119 1367 est
3147 1315 3429 1371 universa-

1839 1413 1960 1452 rum
1989 1399 2388 1467 possessiomuu
2418 1411 2472 1453 et
2503 1400 2750 1454 villarum
2792 1401 3239 1470 dispensatorem.
3277 1406 3427 1460 Villi—

1840 1503 1936 1542 cus
1962 1497 2142 1541 autem
2187 1489 2239 1541 in
2291 1489 2608 1559 Evangelica
2654 1491 2908 1560 parabola
2953 1506 3302 1562 comparatur
3349 1497 3423 1550 illi

1839 1577 1930 1646 qui
1962 1578 2012 1630 in
2046 1578 2277 1632 terrenis
2306 1581 2534 1647 negotiis
2562 1596 2618 1634 se
2655 1595 2805 1634 reum
2840 1581 2998 1646 facit;
3031 1583 3124 1638 sed
3153 1601 3252 1653 per
3281 1585 3425 1641 elee-

1839 1682 2120 1738 mosynam
2167 1682 2224 1721 se
2269 1668 2548 1722 absolvere
2591 1678 2781 1723 certat.
2834 1670 2988 1724 Unde
3039 1673 3300 1742 scriptum
3342 1685 3428 1729 est

1839 1757 1990 1828 (Luc.
2045 1757 2155 1827 va)
2186 1762 2329 1828 quod
2379 1758 2588 1812 villicus
2630 1769 2912 1814 accusatus
2957 1763 3096 1830 apud
3149 1765 3424 1819 deminum

1837 1866 2012 1914 suum,
2039 1850 2192 1918 quasi
2237 1849 2551 1918 dissipasset
2602 1851 2742 1904 bona
2773 1851 2960 1920 ipsius,
2997 1869 3095 1923 per
3138 1855 3424 1922 pecuniam

1834 1942 2114 1996 dimissam
2145 1941 2424 1995 conservis
2451 1941 2562 1995 suis
2590 1941 2904 2009 providebat
2937 1943 3036 1996 sibi
3069 1943 3122 1995 iu
3159 1945 3420 1999 futurum.

1839 2031 1988 2086 Unde
2034 2032 2147 2101 ipse
2189 2031 2450 2084 Dominus
2476 2071 2490 2094 ,
2529 2031 2783 2098 explicita
2816 2032 3103 2100 parabola,
3144 2034 3424 2103 discipulis

1835 2125 1948 2178 suis
1975 2125 2051 2178 ait
2086 2142 2098 2177 :
2151 2122 2330 2178 Facite
2360 2124 2498 2196 uobis
2529 2127 2724 2178 amicos
2748 2125 2811 2179 de
2839 2141 3140 2180 mammona
3171 2127 3423 2196 iniquita-

1832 2215 1898 2266 tis
1925 2229 1943 2267 :
1978 2223 2031 2265 ut
2062 2229 2181 2265 cum
2206 2193 2522 2281 defeceritis,
2555 2215 2804 2284 recipiant
2828 2231 2913 2269 ros
2945 2217 2999 2268 in
3024 2225 3221 2269 (eterna
3249 2217 3423 2269 taber-

1831 2301 2251 2374 nacula(1bid.).
2273 2301 2516 2367 Actores,
2535 2303 2693 2358 iidem
2718 2312 2772 2358 et
2795 2314 3096 2369 curatores,
3120 2305 3188 2359 ab
3212 2307 3421 2376 agendo

1830 2403 1884 2447 et
1913 2393 2154 2448 curando
2183 2394 2378 2447 vocati.
2409 2393 2799 2448 Procuratores
2839 2409 2967 2448 vero
3025 2409 3090 2448 eo
3134 2395 3276 2462 quod
3305 2395 3424 2449 vice

1831 2486 2101 2540 curatoris
2149 2486 2444 2555 funguntur
2488 2486 2642 2554 quasi
2686 2502 2784 2555 pro
2827 2495 3098 2548 curatore,
3129 2486 3267 2539 sicut
3298 2501 3422 2554 pro-

1831 2577 2021 2632 consul
2047 2592 2149 2647 pro
2175 2577 2416 2632 consule.
2446 2577 2667 2649 Mystice
2695 2586 2874 2630 autem
2905 2585 3286 2646 procuratores
3307 2577 3420 2628 sive

1831 2678 2038 2723 tutores
2068 2678 2122 2723 et
2160 2678 2374 2724 actores
2400 2677 2624 2738 possunt
2650 2669 2927 2737 prophetce
2951 2669 3156 2736 accipi,
3189 2684 3419 2736 quorum

1828 2762 2012 2815 verbis
2055 2761 2297 2830 quotidie
2326 2762 2377 2814 in
2418 2761 2650 2815 adventu
2684 2760 2979 2813 Salvatoris
3015 2759 3417 2814 ertuliebamur.

1829 2848 1984 2905 Unde
2015 2848 2305 2918 Apostolus
2342 2849 2442 2903 sub
2479 2849 2724 2917 exemplo
2753 2849 2830 2901 ait
2880 2865 2892 2899 :
2946 2846 3156 2911 Quanto
3193 2858 3422 2916 tempore

1826 2942 1990 2993 Ita'res
2019 2940 2267 3008 parvulus
2288 2948 2382 3000 est,
2406 2938 2535 2992 nihil
2561 2939 2736 3005 differt
2763 2955 2793 2990 a
2821 2953 2985 3001 servo,
3021 2953 3137 2989 cum
3167 2937 3232 2989 sit
3257 2936 3420 2990 domi-

1828 3045 1924 3082 nus
1954 3029 2184 3082 omnium
2214 3043 2231 3079 .'
2264 3029 2352 3081 sed
2377 3029 2472 3081 sub
2502 3027 2758 3080 tutoribus
2785 3036 2832 3078 et
2861 3011 3124 3078 actoribus
3154 3036 3226 3078 est
3260 3041 3421 3094 usque

140 3135 256 3175 cere
281 3107 385 3173 non
439 3119 637 3189 possit.
691 3119 884 3175 Patres
929 3129 1109 3175 autem
1138 3121 1220 3190 (ut
1253 3117 1542 3174 Sallustius
1565 3117 1718 3189 dicit)
1748 3161 1797 3227 Ο
1829 3117 1897 3170 ad
1922 3117 2244 3186 prce/initum
2275 3125 2475 3186 tempus
2505 3135 2536 3170 a
2565 3127 2711 3186 patre
2739 3113 2880 3187 (Gal.
2912 3115 3006 3184 tv).
3041 3115 3208 3169 Recte
3234 3115 3286 3168 hi
3315 3116 3414 3168 sub

142 3224 324 3263 acurte
351 3210 708 3264 similitudine
759 3212 934 3265 vocati
983 3218 1129 3264 sunt.
1183 3208 1318 3262 Nam
1371 3209 1510 3263 sicut
1539 3216 1723 3276 patres

141 3297 289 3363 ﬁlios,
325 3299 398 3351 ita
437 3298 517 3351 illi
558 3299 948 3367 rempublicam
990 3300 1224 3353 alebant.
1272 3293 1463 3352 Patres
1490 3297 1727 3352 conscri-

138 3389 247 3456 pti:
301 3388 426 3456 quia
479 3387 608 3441 dum
648 3388 908 3442 Romulus
954 3387 1140 3442 decem
1183 3389 1365 3442 curias
1412 3397 1725 3442 senatorum

134 3476 398 3547 elegisset,
431 3479 648 3532 nomina
689 3494 876 3533 eorum
906 3477 1156 3547 praesenti
1198 3477 1472 3547 populoin
1517 3478 1725 3533 tabulas

138 3579 318 3620 aureas
344 3567 581 3621 contulit
612 3608 627 3631 ,
684 3577 847 3636 atque
895 3567 1017 3622 inde
1065 3566 1253 3621 Patres
1309 3568 1599 3636 conscripti
1632 3583 1725 3621 vo-

136 3657 254 3710 cati.
284 3657 589 3727 Municipes
641 3667 767 3711 sunt
821 3659 876 3712 in
917 3658 1109 3712 eodem
1161 3658 1454 3726 municipio
1483 3659 1617 3723 nati,
1654 3659 1722 3712 ab

135 3749 301 3803 oﬂicio
361 3765 652 3803 munerum
724 3748 854 3803 dicti
923 3765 988 3804 eo
1044 3749 1188 3817 quod
1255 3749 1467 3816 publica
1537 3749 1720 3802 munia

132 3840 416 3909 accipiunt.
491 3839 672 3893 Munia
735 3841 880 3894 enim
946 3839 1121 3894 oﬂicia
1198 3848 1323 3894 sunt
1374 3857 1391 3891 :-
1466 3834 1606 3894 unde
1669 3845 1726 3894 et

135 3939 391 3992 immunes
449 3938 749 4002 dicuntur,
811 3936 902 4005 qui
968 3936 1172 3990 nullum
1213 3943 1405 4006 gerunt
1453 3934 1717 3999 ollicium;

133 4030 502 4098 municipales,
546 4027 840 4098 originales
887 4028 1032 4082 cives
1091 4036 1145 4081 et
1209 4026 1260 4079 in
1309 4026 1425 4079 loco
1481 4023 1718 4078 otlicium

133 4129 389 4189 gerentes.
447 4118 671 4187 Legitur
705 4116 887 4170 'etiam
939 4116 990 4168 in
1046 4112 1346 4182 Scripturis
1401 4110 1577 4182 (Phil.
1599 4109 1718 4181 'nl)

133 4208 490 4276 municipatus
535 4214 846 4261 sanctorum
875 4219 995 4259 esse
1031 4205 1083 4256 in
1125 4203 1296 4265 ctrlis,
1339 4203 1462 4271 quia
1497 4202 1567 4254 ibi
1601 4216 1719 4254 mu-

131 4315 250 4353 nera
291 4300 516 4369 capiunt
556 4297 903 4366 sempiterna.
948 4294 1150 4347 Privati
1192 4301 1319 4347 sunt
1370 4291 1611 4347 extranei
1652 4289 1719 4345 ab

130 4389 309 4443 olliciis
360 4388 616 4459 publicis,
654 4396 738 4441 est
787 4387 931 4440 enim
964 4401 1159 4439 nomen
1208 4384 1578 4449 magistratum
1623 4382 1718 4434 ha-

1832 3207 2098 3261 tutoribns
2123 3222 2242 3262 esse
2276 3208 2548 3272 dicuntur,
2576 3207 2665 3274 qui
2691 3207 2949 3260 habentes
2972 3206 3218 3275 spiritum
3253 3207 3415 3258 timo-

1828 3299 1932 3362 ris,
1967 3298 2196 3355 necdum
2226 3305 2538 3351 meruerunt
2567 3298 2815 3366 spiritum
2861 3296 3124 3350 libertatis
3152 3303 3205 3348 et
3244 3297 3412 3364 adop-

1830 3387 1994 3441 tionis
2024 3387 2287 3456 accipere.
2331 3385 2488 3439 zElas
2520 3387 2664 3439 enim
2696 3383 2934 3438 infantire
2967 3393 3019 3437 et
3050 3392 3274 3453 peccata
3307 3381 3418 3438 for-

1828 3476 2016 3540 midat,
2047 3485 2102 3529 et
2123 3476 2471 3546 p:etlagogum
2497 3475 2686 3529 metuit
2717 3493 2728 3527 :
2760 3490 2861 3529 nec
2888 3473 3244 3528 conﬁditcsse
3275 3474 3413 3528 libe-

1825 3582 1961 3629 ram,
2012 3565 2137 3620 licet
2184 3581 2280 3635 per
2322 3573 2567 3618 naturam
2619 3565 2833 3618 domina
2876 3565 2974 3628 sit;
3020 3571 3072 3616 et
3117 3562 3413 3617 secundum

1823 3664 2110 3724 utramque
2155 3654 2584 3724 intelligentiam,
2630 3669 2736 3722 qua
2771 3661 2976 3706 tutores
3004 3661 3058 3705 et
3108 3653 3320 3706 actores
3347 3666 3414 3707 ac

1823 3745 2115 3812 prophetas
2146 3745 2227 3798 vel
2251 3744 2466 3814 angelos
2493 3743 2751 3805 diximus,
2791 3741 3050 3810 parvulus
3077 3741 3177 3795 iste
3223 3741 3411 3794 tandiu

1824 3835 1924 3888 sub
1953 3835 2229 3889 actoribus
2257 3844 2338 3888 est
2368 3843 2528 3902 atque
2569 3832 2837 3886 tutoribus
2861 3872 2874 3895 ,
2905 3832 3075 3884 donec
3107 3831 3405 3899 legitimqu

1822 3924 2047 3992 perfecti
2096 3925 2195 3978 viri
2239 3933 2449 3993 tempus
2494 3923 2815 3992 impleverit.
2867 3921 3188 3990 Legitimum
3229 3927 3412 3973 autem

1821 4024 2034 4084 tempus
2064 4016 2204 4070 sicut
2233 4015 2510 4069 -R0manis
2561 4015 2765 4084 legibus
2814 4014 2886 4067 23
2927 4029 3192 4067 annorum
3235 4013 3410 4082 spatio

1822 4107 2145 4181 terminatur
2181 4147 2194 4169 ,
2246 4106 2317 4158 ita
2366 4106 2434 4158 ad
2487 4105 2706 4168 humani
2757 4104 2969 4174 generis
3019 4101 3406 4172 perfectionem

1820 4197 2020 4251 Christi
2062 4204 2341 4265 reputatur
2371 4195 2634 4249 adventus
2669 4212 2681 4247 :
2718 4195 2900 4248 statim
2939 4204 2998 4246 ut
3042 4193 3131 4247 ille
3177 4193 3408 4256 venerit,

1819 4296 1874 4342 et
1908 4302 2098 4340 omnes
2127 4287 2178 4338 in
2213 4286 2384 4338 virum
2417 4285 2716 4354 perfectum
2743 4283 3076 4337 creverimus
3116 4301 3127 4335 :
3173 4283 3408 4354 pedago-

1819 4392 1916 4448 gus
1945 4391 1978 4429 a
2003 4376 2155 4429 nobis
2187 4383 2436 4443 tutorque
2460 4375 2742 4429 discedunt
2768 4392 2780 4428 :
2811 4385 2939 4428 tunc
2965 4355 3284 4427 auctori/tate
3315 4374 3410 4426 do-

127 4479 264 4532 bemi
298 4479 634 4533 contrarium
665 4495 678 4530 ε
719 4487 776 4532 ει
800 4476 928 4530 dicti
959 4475 1173 4545 privati,
1202 4475 1344 4544 quod
1371 4475 1476 4527 sint
1507 4475 1574 4528 ab
1596 4472 1715 4526 om-
1740 4507 1796 4569 Β
1822 4465 1951 4518 mini
1992 4471 2045 4518 et
2084 4463 2412 4517 hmreditatis
2444 4465 2780 4532 possessione
2819 4460 3170 4531 perfruimur,
3213 4462 3264 4514 in
3301 4477 3408 4530 qua

129 4569 219 4622 ciis
264 4570 432 4622 curias
462 4567 714 4621 absoluti.
773 4566 1092 4619 Mercenarii
1133 4573 1278 4627 sunt,
1329 4565 1420 4634 qui
1471 4563 1713 4618 serviunt

128 4667 336 4727 accepta
367 4658 622 4712 mercede
660 4675 672 4709 :
719 4657 878 4710 iidem
908 4665 960 4709 et
990 4657 1219 4709 barones
1247 4654 1437 4709 Gneco
1470 4653 1708 4718 nomine,

128 4752 261 4819 quod
310 4752 423 4805 sint
469 4750 636 4804 fortes
681 4749 735 4802 in
781 4749 1073 4805 laboribus.
1129 4747 1442 4801 Mercenarii
1487 4747 1711 4818 mystice

129 4845 238 4898 illos
269 4845 606 4915 signiﬁcant,
634 4841 726 4910 qui
755 4841 996 4894 serviunt
1022 4839 1251 4893 Domino
1274 4855 1377 4890 non
1408 4852 1504 4907 pro
1527 4851 1713 4890 amore

129 4935 301 4988 divino
340 4945 598 4996 tantum,
637 4933 728 4987 sed
769 4946 868 5002 pro
899 4930 1181 4999 temporali
1227 4929 1616 4991 retributione,
1647 4929 1713 4982 de

129 5023 312 5090 quibus
361 5026 626 5092 scriptum
666 5030 750 5077 cst
790 5023 843 5074 in
890 5019 1218 5090 Evangelio:
1261 5018 1430 5084 Quod’
1454 5018 1713 5088 profugus

132 5113 262 5167 ﬁlius
287 5113 605 5182 pmnitendo
631 5113 828 5168 dixerit
862 5130 873 5165 :
911 5110 1105 5175 Quanti
1135 5109 1437 5161 mercenarii
1472 5109 1527 5162 in
1556 5108 1711 5161 domo

130 5198 302 5256 Patris
346 5203 452 5256 mei
481 5203 750 5254 abundant
796 5201 1060 5270 panibus?
1101 5215 1192 5268 ego
1239 5208 1411 5251 autem
1459 5199 1542 5251 hic
1573 5199 1711 5268 fume

130 5309 272 5360 pereo
303 5291 458 5363 (Luc.
489 5295 602 5360 xv).
636 5292 698 5344 Et
730 5293 857 5346 alibi
895 5294 1008 5362 ipsa
1042 5291 1252 5346 Veritas
1291 5291 1365 5342 ait
1393 5308 1404 5342 :
1437 5290 1710 5344 .llercena-

134 5387 236 5439 rius
266 5397 313 5440 et
359 5387 451 5458 qui
481 5401 585 5438 non
623 5394 695 5437 est
738 5396 938 5452 pastor,
969 5385 1122 5453 cujus
1156 5400 1258 5436 non
1293 5392 1410 5436 sunt
1443 5399 1557 5435 oves
1589 5401 1711 5452 pro-

128 5478 271 5542 prim,
315 5476 445 5528 cidit
472 5475 650 5544 lupum
677 5475 980 5536 venientem,
1015 5485 1061 5526 et
1092 5473 1304 5526 dimittit
1345 5488 1458 5525 oves
1497 5482 1543 5523 et
1576 5472 1708 5541 fugit

131 5562 304 5633 (Joan.
334 5566 415 5636 ι).
468 5563 740 5619 Publicani
780 5561 1120 5632 appellantur
1155 5562 1510 5616 conductores
1545 5561 1712 5613 vecti-

130 5657 319 5725 galium
365 5657 482 5711 ﬁsci
529 5655 612 5710 vel
648 5669 827 5710 rerum
869 5652 1225 5721 publicarum,
1262 5653 1387 5721 quia
1428 5650 1709 5720 vectigalia

132 5747 337 5801 nnblica
378 5748 616 5810 exigunt,
652 5745 732 5801 vel
761 5745 883 5813 quia
929 5758 1025 5813 per
1073 5743 1284 5811 negotia
1333 5743 1509 5796 saeculi
1560 5742 1707 5796 lucra

1819 4555 1969 4624 prius
2021 4553 2158 4617 nati,
2211 4551 2606 4622 quodammodo
2647 4553 2968 4620 putabamur
2999 4552 3180 4604 alieni.
3215 4551 3405 4606 Coloni

1818 4654 1945 4702 sunt
1993 4643 2231 4698 cultores
2271 4643 2510 4705 advente,
2560 4641 2690 4696 dicti
2737 4658 2766 4694 a
2810 4639 3019 4694 cultura
3063 4641 3177 4710 agri
3224 4659 3235 4692 :
3273 4649 3404 4694 sunt

1819 4736 1965 4789 enim
1998 4734 2216 4788 aliunde
2250 4733 2548 4794 venientes,
2579 4741 2742 4800 atque
2773 4730 3007 4783 alienum
3032 4746 3219 4800 agrum
3255 4730 3406 4783 loca-

1821 4835 1933 4880 tum
1973 4825 2233 4894 colentes,
2263 4839 2326 4878 ac
2353 4823 2612 4877 debentes
2640 4821 3002 4874 conditionem
3034 4821 3254 4889 genitali
3292 4821 3408 4873 solo

1821 4926 2040 4986 propter
2079 4915 2462 4984 agriculturam
2493 4913 2591 4966 sub
2620 4911 2859 4965 dominio
2897 4911 3224 4980 possessoris
3246 4951 3257 4972 ,
3306 4927 3407 4979 pro

1819 5025 1884 5063 eo
1911 5008 2050 5078 quod
2082 5007 2288 5060 locatus
2328 5014 2411 5059 est
2457 5001 2672 5057 fundus.
2715 5002 2897 5056 Coloni
2953 5011 3129 5054 autem
3169 5011 3406 5070 (ptatum-

1820 5102 1991 5156 modis
2027 5100 2299 5153 dicuntur.
2348 5097 2481 5151 Nam
2515 5095 2689 5150 coloni
2734 5101 2826 5146 aut
2857 5093 3084 5146 Romani
3125 5103 3269 5156 sunt,
3313 5105 3406 5148 aut

1817 5192 1989 5250 coloni
2025 5191 2226 5254 Latini,
2259 5197 2350 5242 aut
2389 5187 2678 5241 auxiliares
2707 5184 2904 5247 coloni,
2931 5193 3022 5236 aut
3055 5183 3224 5237 coloni
3263 5187 3404 5237 ruris

1814 5282 2028 5354 privati.
2054 5281 2302 5348 luquilini
2325 5279 2522 5341 vocati,
2545 5277 2701 5344 quasi
2726 5275 3020 5329 incolentes
3045 5274 3216 5328 aliena
3248 5289 3261 5327 :
3294 5292 3399 5328 non

1815 5379 1954 5434 enim
1983 5375 2183 5428 habent
2207 5371 2476 5442 propriam
2511 5368 2716 5430 sedem,
2745 5367 2837 5420 sed
2863 5367 2914 5419 in
2950 5374 3090 5418 terra
3113 5365 3285 5418 aliena
3318 5364 3402 5416 in-

1815 5470 2079 5526 habitant.
2106 5466 2291 5521 DilTert
2309 5472 2487 5517 autem
2518 5463 2656 5515 inter
2683 5461 3001 5528 inquilinum
3029 5467 3080 5510 et
3109 5458 3398 5510 advenam.

1815 5560 2063 5630 luquilini
2096 5558 2239 5613 enim
2271 5566 2417 5619 sunt,
2455 5555 2542 5624 qui
2584 5554 2853 5624 emigrent
2894 5561 2944 5604 et
2993 5565 3099 5603 non
3140 5556 3403 5618 perpetuo

1815 5658 2152 5723 permanent.
2200 5648 2434 5702 Advenae
2476 5652 2653 5698 autem
2697 5643 2782 5696 vel
2842 5641 3067 5704 incolse,
3120 5637 3400 5692 adventitii

1817 5742 2190 5814 perhibentur,
2217 5738 2310 5793 sed
2339 5744 2752 5809 periuaucntesg;
2783 5743 2836 5790 et
2869 5733 2992 5788 inde
3022 5732 3208 5787 incolae
3227 5769 3242 5796 ,
3271 5728 3399 5798 quia
