3922 6328
472 365 587 434 835

1160 374 1223 428 Β.
1265 372 1515 429 RABANI
1558 371 1777 428 MAURI
1811 369 2129 426 ARCHIEP.
2172 370 2484 430 MOGUNT.
2524 368 2809 429 OPERUM
2850 372 3032 441 PARS
3070 374 3133 430 Il.

3646 375 3761 436 456

465 485 581 558 jam
623 485 959 542 habitatores
989 490 1148 548 sunt,
1182 483 1250 537 ab
1301 481 1602 537 incolendo.
1640 480 1876 534 Adveme
1913 481 2056 535 enim
2087 485 2134 544 Α
2162 482 2294 536 Item
2348 482 2557 537 ancilla:
2584 523 2598 546 ,
2664 484 2905 552 Apostoli
2960 494 3183 556 propter
3233 490 3414 543 carnis
3465 488 3763 546 infirmita-

471 585 597 632 suut
622 575 814 636 sancti,
843 574 933 642 qui
965 573 1031 625 de
1057 586 1243 625 errore
1266 571 1540 624 mundano
1569 570 1809 623 translati
1840 570 1907 621 ad
1930 585 2057 621 san-

473 677 617 724 ctam
656 665 953 722 Ecclesium
1004 663 1408 732 transmigraut,
1454 660 1521 714 de
1562 661 1757 730 quibus
1794 659 2061 728 Propheta

473 759 551 811 ait
601 776 612 809 :
673 755 930 808 Dominus
968 752 1191 806 custodit
1233 751 1489 804 advenam
1516 759 1563 804 et
1593 748 1850 819 pupillum
1885 746 2056 819 (Psal.

473 846 655 913 chv),
686 844 738 898 id
770 850 873 907 est,
917 842 1008 911 qui
1049 842 1114 896 de
1154 840 1446 912 Babylonia
1493 840 1711 894 civitate
1752 838 1949 893 diaboli
1996 838 2064 892 ad

473 936 769 993 Jerusalem
819 936 1093 989 civitatem
1148 932 1361 987 Domini
1420 930 1716 985 Salvatoris
1765 929 2062 983 advenerit.

476 1027 633 1081 llunc
681 1025 935 1089 custodit,
974 1025 1020 1079 si
1066 1033 1246 1077 tamen
1295 1023 1347 1076 in
1390 1022 1684 1076 electorum
1736 1021 2067 1075 habitatione

475 1114 860 1184 permanserit.
902 1112 1169 1183 Indigenze
1194 1119 1321 1164 sunt
1346 1111 1469 1163 inde
1496 1110 1683 1180 geniti,
1715 1118 1769 1163 ct
1795 1110 1846 1161 in
1878 1109 2067 1163 eodem

477 1204 596 1259 loco
625 1203 759 1267 nati,
804 1203 892 1257 ubi
941 1201 1262 1256 inhabitant.
1300 1200 1479 1256 lneola
1516 1210 1697 1255 autem
1724 1216 1832 1254 non
1861 1200 2070 1269 indige-

478 1310 627 1356 nam,
662 1290 757 1348 sed
782 1292 1046 1347 advenam
1092 1291 1313 1346 indicat.
1349 1290 1619 1361 Peregrini
1653 1304 1717 1344 eo
1746 1292 1889 1359 quod
1915 1290 2069 1361 igno-

478 1394 670 1438 rantur
692 1399 877 1438 eorum
909 1391 1184 1451 parentes,
1215 1398 1244 1436 a
1269 1384 1465 1453 quibus
1492 1383 1600 1436 orti
1632 1383 1916 1437 existunt:
1948 1389 2073 1436 sunt

478 1473 622 1527 enim
669 1457 1080 1541 de'louginqua
1130 1467 1370 1542 regione.
1426 1472 1650 1542 Legitur
1698 1472 1841 1526 enim
1898 1472 1971 1542 ita
2018 1473 2071 1525 in

480 1561 765 1617 Psalmista
792 1578 803 1614 :
833 1558 916 1615 Ne
942 1561 1096 1617 sileas
1130 1579 1162 1615 a
1191 1578 1295 1627 me,
1337 1563 1587 1632 quoniam
1632 1562 1805 1615 incola
1832 1578 1925 1629 ego
1956 1578 2072 1614 sum

481 1652 622 1723 apud
650 1663 718 1716 te,
750 1661 799 1705 et
824 1652 1128 1722 peregrinus
1147 1692 1161 1716 ,
1194 1653 1327 1705 sicut
1362 1669 1539 1705 omnes
1564 1662 1737 1722 patres
1764 1653 1864 1705 mei
1897 1650 2069 1721 (Psal.

482 1744 734 1815 xxxviii).
778 1743 955 1798 lneola
1005 1758 1134 1798 vero
1184 1742 1401 1806 dicitur,
1447 1743 1537 1810 qui
1582 1751 1785 1794 terram
1831 1742 1959 1796 colit
2006 1742 2072 1796 ad

2166 579 2305 634 tem,
2343 570 2482 625 sicut
2528 586 2625 639 pro
2666 572 2880 627 diabolo
2932 572 3130 627 dicitur
3174 589 3189 627 :
3240 576 3309 629 Et
3348 576 3592 647 alligabis
3636 596 3762 634 eum

2164 658 2372 713 ancillis
2430 659 2535 712 tuis
2581 659 2736 729 (Job.
2778 660 2909 731 xu).
2958 661 3195 735 Rursum,
3248 666 3455 720 ancillae
3488 706 3504 731 ,
3563 668 3765 722 anima:

2164 756 2507 817 peccatorum
2551 758 2697 813 sunt,
2735 758 2793 803 ut
2826 751 2891 804 'in
2917 750 3143 822 .Nahum
3171 769 3184 806 :
3218 753 3367 809 Miles
3393 758 3626 827 captivus
3664 757 3768 812 ad-

2166 840 2353 894 ductus
2396 850 2472 894 est
2513 857 2534 893 :
2587 850 2634 893 et
2677 843 2888 897 ancith
2936 844 3050 913 ejus
3096 846 3439 905 minabantur
3476 858 3760 919 gementes.

2169 928 2336 999 (Na/2.
2376 930 2458 991 ιι).
2508 930 2720 1000 Pauper
2747 933 2994 990 Christus
3021 946 3126 999 est,
3160 938 3273 991 sive
3302 939 3532 1008 populus
3562 941 3764 1007 ﬁdelis,

2168 1027 2226 1072 ut
2272 1018 2326 1072 in
2370 1018 2627 1087 Apostolo
2678 1037 2691 1073 :
2756 1021 2977 1090 Propter
3035 1040 3127 1077 nos
3179 1042 3379 1096 pauper
3436 1027 3606 1094 factus
3664 1040 3764 1094 est,

2169 1124 2287 1160 cum
2331 1118 2459 1162 esset
2499 1110 2637 1163 dives
2667 1110 2755 1180 (II
2781 1110 2903 1166 Cor.
2949 1112 3089 1183 VIII).
3136 1114 3203 1168 Et
3235 1115 3300 1168 'in
3342 1116 3551 1185 psalmo
3584 1134 3597 1169 :
3654 1116 3771 1173 Iste

2169 1214 2369 1267 pauper
2395 1198 2660 1262 clamavit,
2712 1209 2759 1253 et
2812 1200 3068 1255 Dominus
3123 1204 3537 1258 exaudivit'eum
3588 1205 3767 1276 (Psal.

2172 1287 2389 1357 χχχιιι).
2424 1288 2716 1357 Pauperes,
2747 1290 2945 1356 sancti,
2974 1291 3065 1359 qui
3109 1292 3341 1346 humiles
3378 1294 3575 1363 spiritu
3615 1303 3769 1358 sunt,

2170 1386 2231 1431 ut
2286 1379 2339 1431 in
2378 1378 2668 1446 Evangelio
2702 1396 2715 1431 :
2744 1378 2898 1432 Beati
2930 1396 3185 1449 pauperes
3220 1382 3409 1450 spiritu
3441 1382 3656 1453 (Matth.
3687 1383 3767 1455 v).

2172 1467 2239 1521 Et
2260 1466 2319 1520 iu
2355 1466 2662 1521 Psalterio:
2702 1465 2825 1521 Non
2868 1470 3058 1538 sprevit
3104 1486 3268 1540 neque
3311 1471 3547 1541 despexit
3593 1490 3771 1543 preces

2171 1575 2460 1629 pauperum
2488 1551 2662 1630 (Psal.
2687 1558 2824 1629 ut).
2852 1559 3025 1614 Aliter
3049 1575 3337 1630 pauperes,
3362 1562 3561 1617 divites
3588 1564 3773 1619 sreculi

2174 1647 2333 1716 hujus
2362 1649 2651 1705 virtutibus
2694 1650 2881 1714 vacui,
2912 1662 2972 1705 ut
3007 1659 3092 1705 est
3122 1651 3252 1705 illud
3295 1652 3350 1705 in
3394 1652 3725 1725 Apocalypsi
3758 1674 3771 1708 :

2174 1740 2340 1806 Dicis,
2372 1742 2495 1811 quia
2523 1742 2661 1795 dives
2689 1758 2804 1794 sum
2832 1751 2880 1795 et
2906 1743 3105 1799 ditatus
3131 1760 3150 1797 :
3172 1753 3221 1796 et
3253 1745 3439 1809 nescis,
3472 1748 3598 1816 quia
3628 1757 3686 1799 tu
3721 1764 3776 1801 es

486 1844 697 1904 tempus
746 1834 1131 1902 superveniens
1178 1842 1488 1893 extraneus,
1541 1846 1645 1883 non
1675 1830 1766 1898 qui
1799 1830 1852 1883 in
1883 1831 2072 1899 patria;
2101 1820 2149 1878 Β
2174 1848 2374 1900 pauper
2401 1841 2449 1884 et
2475 1830 2742 1885 mendicus
2773 1832 2957 1901 (Apoc.
2983 1824 3044 1902 ι).
3076 1832 3253 1902 Inops,
3280 1834 3510 1903 populus
3534 1837 3774 1904 gentium

483 1945 595 1984 sua:
627 1930 842 1998 regione
862 1927 1154 1986 consistit:
1185 1926 1328 1993 quod
1349 1923 1495 1979 omni
1525 1930 1713 1977 saneto
1751 1922 1952 1987 evenit,
1985 1922 2076 1991 qui

485 2019 539 2073 in
571 2000 749 2072 divina
776 2016 994 2072 civitate
1027 2015 1305 2085 recipitur.
1339 2015 1539 2083 Omnes
1566 2012 1713 2067 enim
1757 2028 1853 2067 nos
1883 2028 2079 2082 pecca-

488 2119 601 2163 tum
654 2108 781 2163 l‘ecit
834 2116 1145 2171 extraneos,
1194 2114 1249 2159 et
1297 2106 1347 2158 in
1394 2102 1599 2157 nefaria
1641 2090 1830 2157 tenuit
1862 2103 2081 2172 regione

488 2198 761 2269 captivos;
793 2197 885 2253 sed
912 2198 1128 2266 quando
1150 2212 1249 2250 nos
1280 2192 1650 2249 misericordia
1678 2191 1792 2262 ejus
1821 2193 2078 2263 suscepit,

489 2287 677 2342 incolae
706 2302 921 2350 sumus;
953 2285 1210 2355 quoniam
1250 2282 1378 2338 illuc
1410 2285 1760 2346 advenimus,
1796 2284 1849 2337 id
1881 2292 1985 2346 est,
2014 2283 2081 2337 de

494 2376 787 2446 Babylonia
830 2376 897 2429 ad
948 2372 1269 2437 Jerusalem,
1313 2374 1428 2442 ipso
1478 2373 1803 2435 attraliente,
1836 2381 2083 2441 transpo-

492 2466 691 2520 uimur.
749 2466 873 2519 Ideo
919 2466 1095 2529 enim,
1121 2462 1263 2535 apud
1293 2476 1370 2533 te,
1401 2472 1461 2518 ut
1492 2478 1598 2518 non
1627 2463 1680 2516 in
1713 2459 1944 2524 diaboli,
1984 2461 2081 2516 sed

492 2558 547 2611 in
576 2555 787 2611 Domini
816 2557 1037 2612 civitate
1059 2555 1290 2612 incolam
1312 2573 1435 2610 eum
1463 2556 1630 2610 fuisse
1658 2555 1923 2609 sentires:
1955 2553 2083 2609 sub—

488 2646 690 2718 jnnxit,
725 2658 771 2700 et
798 2633 1127 2717 peregrinus,
1158 2648 1283 2715 quia
1316 2644 1507 2715 incipit
1532 2646 1782 2711 esse,ubi
1815 2660 1920 2698 non
1942 2652 2083 2698 erat.

493 2737 819 2807 Peregrinus
848 2736 992 2790 enim
1027 2737 1245 2800 dicitur,
1277 2737 1429 2804 quasi
1477 2752 1710 2805 pergens
1749 2735 1977 2801 longius.
2020 2734 2087 2785 Et

494 2836 553 2881 ut
598 2829 908 2899 generalem
958 2828 1098 2881 hanc
1126 2843 1483 2897 cognosceres
1525 2827 1691 2880 fuisse
1738 2825 2080 2886 sententiam,

494 2918 623 2972 dicit
652 2940 663 2969 :
695 2914 840 2971 Sicut
870 2932 1050 2969 omnes
1072 2926 1245 2986 patres
1279 2918 1398 2969 mei.
1434 2915 1636 2971 Urbani
1677 2924 1960 2975 vocantur,
1993 2912 2083 2980 qui

494 3008 681 3063 Romae
703 3009 986 3062 habitant:
1024 3006 1113 3076 qui
1146 3021 1274 3061 vero
1304 3008 1357 3059 in
1386 3006 1620 3069 caneris,
1648 3005 1921 3074 oppidani.
1948 3002 2083 3056 Nam

496 3098 612 3152 sola
640 3098 767 3152 urbs
796 3084 985 3161 Roma,
1005 3098 1449 3167 cmtcra,0ppida.
1480 3094 1685 3149 Famuli
1714 3104 1840 3150 sunt
1865 3110 1933 3148 ex
1956 3108 2081 3163 pro-

2180 1920 2424 1986 humilis,
2467 1931 2526 1973 ut
2574 1921 2630 1975 in
2673 1920 2935 1975 Psalterio
2966 1940 2978 1975 :
3020 1922 3296 1976 Suscitans
3332 1942 3364 1976 a
3394 1933 3534 1977 terra
3570 1926 3777 1996 inopem

2182 2008 2354 2079 (Psal.
2389 2007 2546 2080 cxu).
2596 2008 2662 2061 Et
2688 2008 2814 2063 alibi
2845 2026 2860 2064 :
2896 2008 3137 2079 Eripiens
3170 2012 3373 2081 inopem
3395 2012 3459 2066 de
3486 2031 3645 2067 manu
3667 2015 3781 2083 for-

2180 2106 2328 2158 tioris
2360 2104 2532 2175 (Psal.
2576 2102 2785 2173 χχχιιι),
2827 2105 2929 2159 hoc
2977 2112 3082 2170 est,
3127 2106 3193 2160 de
3242 2114 3511 2175 potestate
3554 2108 3778 2162 diaboli.

2182 2195 2508 2265 Mancipium
2533 2204 2632 2258 est,
2658 2188 2918 2265 quidquid
2943 2210 3106 2250 manu
3129 2180 3246 2267 capi
3276 2208 3369 2251 aut
3398 2198 3552 2253 subdi
3577 2210 3780 2268 potest,

2183 2294 2241 2338 ut
2269 2286 2448 2349 homo,
2474 2299 2664 2354 equus,
2694 2286 2830 2340 ovis.
2873 2285 2999 2340 Hine
3032 2288 3181 2341 enim
3225 2288 3478 2342 animalia
3506 2292 3692 2344 statim
3727 2299 3786 2343 ut

2183 2375 2295 2427 nati
2322 2384 2468 2438 sunt,
2491 2375 2820 2444 mancipium
2848 2391 2968 2431 esse
2996 2385 3278 2445 putantur.
3308 2377 3442 2432 Nam
3471 2388 3527 2433 et
3552 2395 3637 2444 ea,
3663 2397 3785 2450 qum

2184 2463 2237 2516 in
2267 2464 2559 2518 bestiarum
2589 2482 2815 2520 numero
2848 2475 2993 2534 sunt,
3023 2476 3149 2521 tunc
3175 2469 3424 2523 videntur
3453 2473 3784 2540 mancipium

2185 2566 2328 2616 esse,
2382 2554 2596 2621 quando
2639 2556 2761 2623 capi
2802 2556 2916 2610 sive
2958 2556 3167 2611 domari
3211 2560 3495 2627 cmperint.
3558 2560 3785 2628 Ingenui

2186 2642 2336 2705 dicti,
2369 2643 2493 2711 quia
2526 2644 2578 2697 in
2605 2656 2803 2714 genere
2830 2645 3030 2699 habent
3064 2646 3391 2710 libertatem,
3421 2662 3527 2701 non
3552 2650 3609 2702 iu
3642 2648 3787 2705 facto

2187 2722 2327 2785 sicut
2378 2731 2556 2786 liberti
2609 2753 2621 2786 :
2674 2736 2816 2789 unde
2857 2744 2912 2789 et
2946 2750 3039 2790 eos
3082 2734 3257 2791 Gnaei
3283 2737 3520 2804 eugenos
3563 2748 3784 2804 vocant,

2187 2823 2329 2889 quod
2353 2820 2459 2876 sint
2482 2822 2605 2877 boni
2631 2826 2863 2893 generis.
2884 2825 3135 2880 Libertus
3158 2835 3337 2881 autem
3363 2837 3608 2892 vocatus,
3633 2831 3787 2898 quasi

2189 2911 2486 2966 liberatus:
2520 2923 2638 2966 erat
2672 2915 2817 2969 enim
2847 2916 2995 2983 prius
3031 2916 3161 2986 jugo
3201 2918 3484 2971 servitutis
3513 2918 3784 2973 addictus.

2188 2994 2529 3061 Libertorum
2560 3007 2653 3060 lilii
2684 3008 2823 3077 apud
2854 3009 3105 3077 antiquos
3147 3008 3384 3063 libertini
3434 3011 3788 3079 appellaban-

2191 3102 2297 3158 tur,
2329 3096 2482 3164 quasi
2508 3095 2575 3149 de
2619 3095 2825 3149 libertis
2848 3096 2979 3149 nati.
3032 3095 3187 3151 Nunc
3216 3113 3344 3152 vero
3374 3098 3670 3153 libertinus
3699 3108 3791 3154 aut

494 3190 615 3260 pria
664 3188 871 3253 familia
918 3203 1197 3242 servorum
1224 3187 1419 3242 exorti.
1454 3187 1605 3241 Servi
1647 3194 1826 3239 autem
1855 3181 2088 3237 vocabu-
2118 3169 2163 3230 Ο
2195 3201 2224 3239 a
2254 3186 2449 3241 liberto
2478 3187 2649 3241 factus
2680 3195 2773 3241 aut
2798 3188 3319 3255 possessus.Liberti
3345 3190 3489 3242 cnim
3526 3190 3789 3259 spiritali-

498 3278 609 3332 lum
646 3280 771 3334 inde
798 3286 1114 3341 traxerunt;
1144 3278 1269 3346 quia
1314 3277 1368 3330 bi
1421 3275 1510 3345 qui
1537 3274 1659 3344 jure
1702 3273 1823 3328 b'clli
1866 3281 2091 3343 possent

498 3370 673 3423 occidi
700 3384 728 3421 a
752 3368 1050 3423 victoribus
1078 3365 1542 3421 conservabantur
1576 3384 1588 3417 :
1631 3363 1773 3419 servi
1805 3362 2029 3424 ﬁebant,
2059 3376 2089 3413 a

502 3460 772 3515 servando
824 3458 1033 3514 scilicet
1063 3457 1204 3513 servi
1230 3458 1425 3512 vocati.
1454 3456 1655 3510 Servus
1676 3454 1901 3525 mystice
1928 3453 2089 3508 Chri-

500 3562 615 3608 stus
645 3551 699 3606 in
745 3552 1048 3622 abjectione
1087 3552 1287 3617 carnis,
1335 3551 1476 3605 sicut
1509 3549 1561 3603 in
1600 3549 1737 3603 lsaia
1768 3548 1833 3603 de
1869 3561 1934 3600 eo
1958 3545 2093 3599 dici-

474 3624 590 3696 ltur
631 3657 645 3698 :
699 3640 834 3695 Ecce
867 3657 1045 3695 servus
1088 3658 1230 3694 meus
1277 3640 1557 3710 suscipiam
1600 3656 1718 3692 eum
1750 3637 1886 3709 (lsa.
1930 3634 2087 3705 nu).

500 3730 634 3785 ltcm
668 3747 855 3785 servus
878 3731 1068 3784 doctor
1106 3729 1277 3785 lidelis
1321 3731 1376 3785 in
1408 3729 1670 3795 Ecclesia,
1714 3737 1772 3782 ut
1812 3728 1868 3781 in
1910 3726 2089 3779 Evan-

503 3822 642 3892 gelio
671 3822 902 3892 legitur:
934 3820 1062 3886 Quis
1086 3830 1236 3890 putas
1264 3829 1338 3873 est
1362 3820 1530 3887 ﬁdelis
1558 3834 1736 3872 servus
1757 3826 1804 3870 et
1827 3813 2093 3885 prudens?

476 3912 724 3984 .(Matth.
759 3910 907 3981 xxiv)
934 3919 990 3964 et
1033 3911 1085 3963 iu
1115 3910 1275 3963 aliam
1305 3918 1510 3978 partem
1542 3910 1607 3961 de
1634 3921 1801 3975 pravo
1845 3904 2087 3967 doctore,

503 4002 595 4056 ubi
618 4011 673 4055 et
698 4016 890 4070 supra;
915 4000 1053 4071 quod
1074 4001 1119 4053 si
1146 4000 1335 4052 dixerit
1361 3998 1449 4052 ille
1473 4014 1647 4051 servus
1673 3994 1842 4049 malus
1866 3994 1920 4047 in
1938 3992 2092 4046 corde

506 4109 603 4146 suo
631 4091 844 4163 (Ibid.).
887 4089 1089 4145 Servus
1138 4098 1223 4143 est
1260 4090 1423 4142 homo
1445 4070 1718 4157 peccator,
1752 4094 1811 4139 ut
1846 4086 1899 4139 in
1942 4084 2093 4138 Salo-

508 4194 670 4234 mone
701 4196 713 4231 :
748 4178 935 4232 Servus
966 4177 1126 4231 verbis
1157 4193 1259 4231 non
1284 4178 1564 4244 corrigitur
1594 4189 1610 4225 :
1641 4176 1764 4243 quia
1790 4174 1928 4242 quod
1961 4174 2092 4226 dicis

506 4268 748 4338 intelligit
776 4277 821 4321 et
852 4266 1160 4336 respondere
1197 4267 1513 4335 dedignatur
1542 4262 1727 4335 (Prov.
1754 4264 1927 4333 XXIX).
1961 4264 2093 4317 Item

508 4358 677 4421 servi,
708 4356 881 4411 sanc‘ti
914 4364 1061 4419 sunt,
1086 4364 1145 4409 ut
1172 4356 1222 4408 in
1254 4354 1404 4409 Joel:
1450 4353 1555 4408 Sed
1583 4364 1629 4406 et
1659 4371 1815 4423 super
1839 4370 2009 4407 servos
2045 4363 2093 4406 et

508 4446 731 4499 ancillas
754 4463 895 4499 meas
923 4446 1190 4514 e/j’undam
1218 4446 1281 4498 de
1309 4446 1495 4515 spiritu
1526 4461 1637 4497 meo
1673 4443 1833 4514 (Joel.
1864 4443 1948 4513 ιι).
1992 4442 2093 4495 Fa-

2195 3286 2275 3331 ter
2296 3277 2372 3330 illi
2401 3276 2677 3341 dieuntur,
2706 3278 2796 3345 qui
2826 3276 3134 3331 Christiana
3166 3277 3418 3332 libertate
3456 3280 3597 3333 bene
3632 3289 3790 3345 utun-

2195 3374 2302 3419 tur.
2336 3362 2489 3421 Unde
2510 3366 2799 3433 Apostolus
2830 3366 2905 3420 ait
2938 3385 2950 3419 :
2989 3366 3093 3431 Qui
3121 3369 3259 3419 enim
3284 3369 3338 3419 in
3381 3367 3607 3421 Domino
3636 3386 3790 3422 voca-

2193 3467 2277 3509 tus
2298 3466 2371 3509 est
2402 3473 2601 3521 servus,
2629 3456 2843 3509 libertus
2879 3466 2953 3510 est
2984 3456 3215 3509 Domini.
3262 3457 3521 3511 Similiter
3544 3459 3637 3527 qui
3662 3459 3791 3512 liber

2192 3556 2404 3600 vocatus
2431 3555 2534 3610 est,
2573 3562 2752 3599 servus
2779 3556 2851 3599 est
2878 3544 3074 3614 Christi
3103 3546 3152 3615 (1
3184 3544 3305 3599 Cor.
3340 3540 3467 3616 'vtt).
3516 3547 3618 3601 llic
3646 3549 3791 3601 enini

2194 3636 2411 3693 omnino
2438 3653 2628 3692 servus
2670 3645 2771 3702 est,
2807 3638 2896 3706 qui
2937 3636 3306 3706 imprudenter
3333 3638 3442 3707 agit
3484 3656 3496 3689 :
3555 3639 3698 3692 sicut
3737 3647 3791 3692 et

2193 3728 2467 3782 veteribus
2492 3726 2712 3796 placuit,
2746 3726 2836 3795 qui
2864 3726 3055 3781 omnes
3084 3727 3360 3795 sapientes
3386 3727 3586 3782 liberos
3609 3727 3794 3797 appel—

2196 3818 2460 3879 laverunt,
2480 3815 2846 3884 imprudentes
2874 3825 3055 3870 autem
3079 3831 3267 3871 omnes
3293 3831 3497 3871 servos.
3519 3818 3675 3872 Unde
3702 3818 3797 3873 Sa-

2196 3908 2375 3962 lomon
2396 3927 2407 3960 :
2427 3906 2591 3969 Servi,
2612 3907 2807 3976 inquit,
2829 3906 3049 3976 sapienti
3070 3904 3220 3961 liberi
3239 3909 3457 3962 servient
3484 3908 3680 3967 (Eccli.
3709 3910 3790 3979 ι).

2198 3997 2297 4051 llic
2339 4012 2468 4065 ergo
2496 3996 2587 4065 qui
2632 3996 2843 4061 credit,
2889 4011 2954 4049 ac
2999 3997 3045 4050 si
3102 4012 3292 4052 servus
3330 3996 3399 4052 sit
3440 3999 3507 4051 ad
3555 4008 3789 4069 tempus,

2198 4088 2338 4157 quia.
2369 4103 2483 4143 rem
2542 4085 2671 4140 facit
2716 4087 3036 4155 prudenter,
3072 4095 3132 4140 ut
3180 4086 3365 4141 credat
3398 4088 3452 4141 in
3488 4089 3790 4154 Christum,

2198 4178 2423 4231 libertus
2466 4175 2525 4229 fit
2566 4176 2795 4247 Domini.
2826 4175 2882 4230 Si
2919 4190 3048 4247 ergo
3073 4186 3293 4246 peccata
3335 4192 3521 4233 servos
3565 4180 3791 4245 faciunt,

2200 4271 2339 4323 sicut
2380 4267 2548 4322 Cham
2580 4268 2720 4333 illius
2765 4268 2877 4324 Noe
2902 4270 3107 4337 peccati
3138 4277 3194 4322 et
3220 4271 3597 4340 imprudentia:
3627 4286 3793 4326 causa

2201 4357 2375 4411 factus
2403 4365 2483 4411 est
2505 4372 2711 4420 servus,
2744 4373 2866 4411 eum
2904 4358 3173 4426 acceperit
3202 4359 3577 4413 remissionem
3606 4376 3774 4429 peeca

2200 4457 2401 4512 torum,
2446 4446 2670 4501 libertus
2699 4446 2945 4501 ellicitur.
2982 4446 3258 4510 Similiter,
3296 4448 3490 4517 inquit,
3526 4450 3615 4518 qui
3664 4451 3795 4505 liber

510 4537 642 4590 muli
670 4544 851 4590 autem
879 4536 991 4590 sive
1018 4537 1157 4590 servi
1184 4547 1237 4590 et
1268 4536 1319 4589 in
1361 4537 1553 4590 bonam
1583 4544 1636 4587 et
1667 4536 1721 4587 in
1744 4534 1939 4587 malam
1966 4548 2093 4603 par-
2124 4529 2172 4585 D
2201 4547 2408 4591 vocatus
2434 4546 2537 4599 est,
2574 4552 2750 4590 servus
2776 4545 2849 4589 est
2889 4535 3083 4589 Christi
3120 4535 3171 4607 (I
3197 4534 3320 4589 Cor.
3352 4536 3474 4607 vn),
3516 4538 3795 4605 profectus

512 4637 621 4681 tem
653 4626 733 4697 (ut
771 4623 1024 4694 diximus)
1057 4625 1227 4692 accipi
1265 4633 1481 4691 possunt
1533 4641 1543 4675 ε
1580 4622 1704 4689 quia
1732 4621 1871 4674 servi
1912 4621 2100 4674 dicun-

512 4726 601 4770 tur
625 4716 881 4783 justitizc,
921 4715 1061 4769 servi
1090 4714 1315 4783 peccati,
1348 4712 1632 4780 Scriptura
1662 4720 1813 4773 teste,
1842 4726 1961 4779 qua:
1983 4710 2057 4763 ait
2085 4728 2097 4762 :

512 4804 611 4860 Cui
640 4808 756 4877 quis
777 4806 951 4869 servit,
981 4806 1093 4875 ejus
1122 4814 1170 4858 et
1198 4820 1375 4856 servus
1395 4803 1606 4855 additus
1629 4812 1700 4855 est
1725 4802 1896 4873 (Rom.
1918 4802 2011 4867 γι).
2041 4802 2106 4855 Ει

512 4896 803 4966 Apostolus
843 4912 855 4947 :
900 4894 1149 4959 Liberali,
1186 4894 1377 4963 inquit,
1406 4910 1437 4946 a
1470 4894 1714 4947 servitute
1747 4895 1944 4963 peccati
1967 4893 2098 4945 servi

512 4985 643 5056 facti
674 4988 795 5039 estis
812 4986 1038 5055 justitia:
1061 4984 1269 5057 (Ibid.);
1288 4985 1604 5038 similiteret
1624 4983 1851 5037 ancillae.
1880 4983 2099 5036 Ancillae

515 5095 543 5129 a
577 5076 942 5131 sustentaculo
972 5085 1173 5131 vocata:
1213 5096 1225 5129 :
1275 5092 1447 5129 ancon
1486 5075 1628 5129 enim
1668 5074 1855 5128 Graece
1887 5074 2101 5128 cubitus

516 5166 736 5229 dicitur,
758 5168 896 5220 unde
922 5179 976 5220 et
1001 5182 1257 5221 aneoncm
1290 5166 1537 5219 dicimus.
1566 5165 1787 5218 Ancillae
1811 5164 1953 5218 enim
1982 5164 2103 5241 Dei,

510 5259 663 5327 juxta
692 5258 1019 5327 allegoriam,
1050 5259 1239 5311 animm
1271 5266 1492 5320 sancte,
1525 5272 1642 5325 qua:
1670 5265 1915 5325 prompta
1939 5256 2097 5309 devo-

516 5350 594 5402 tio
636 5364 665 5402 e
696 5346 811 5415 ejus
838 5348 1149 5401 deserviunt
1174 5348 1452 5401 voluntati.
1487 5347 1637 5401 Unde
1668 5346 1951 5399 Psalmista
1984 5348 2093 5398 ait:

517 5438 653 5494 Ecce
704 5442 834 5491 sicut
876 5437 1014 5490 oculi
1065 5453 1331 5491 servorum
1382 5438 1433 5489 in
1479 5438 1717 5490 manibus
1766 5437 2098 5489 dominorum

518 5543 755 5581 suorum.
824 5527 890 5581 Et
952 5529 1084 5582 sicut
1142 5528 1278 5582 oculi
1340 5528 1558 5597 ancilla;
1609 5531 1661 5579 in
1718 5530 1959 5581 manibus
2010 5530 2104 5582 da—

519 5618 677 5669 mina:
723 5633 833 5669 sua:
882 5634 897 5670 :
947 5620 1018 5671 ita
1071 5618 1207 5671 oculi
1261 5619 1423 5671 nostri
1479 5616 1546 5669 ad
1606 5616 1887 5670 Dominum
1939 5618 2104 5672 Deum

523 5716 782 5774 nostrum,
822 5708 982 5762 donec
1017 5710 1322 5763 misereatur
1370 5707 1515 5761 nobis
1563 5702 1733 5776 (Psal.
1796 5709 2055 5778 cxxxvm)
2092 5727 2105 5765 :

2200 4636 2283 4680 est
2325 4640 2391 4679 ex
2418 4626 2586 4680 libero
2620 4626 2673 4679 in
2712 4640 2928 4680 servum
2956 4624 3071 4680 fieri
3092 4624 3301 4679 Christi
3352 4644 3365 4679 :
3414 4626 3554 4680 liber
3580 4628 3731 4681 enim
3763 4643 3793 4682 ι

2202 4716 2333 4779 Deo,
2360 4717 2501 4785 quod
2529 4715 2824 4768 maximum
2857 4716 3064 4769 crimen
3096 4722 3200 4778 est,
3232 4714 3353 4770 ideo
3376 4715 3575 4768 amissa
3603 4729 3795 4768 amara

2206 4813 2261 4859 et
2305 4804 2575 4858 contraria
2606 4804 2851 4856 libertate
2894 4802 3141 4857 servilem
3170 4803 3538 4858 conditionem
3567 4805 3796 4857 sortitus

2203 4908 2304 4959 est,
2336 4910 2453 4965 qua:
2480 4894 2777 4963 prodesset,
2814 4894 2953 4947 sicut
2980 4892 3109 4947 dicit
3144 4892 3403 4947 Dominus
3432 4910 3444 4946 :
3490 4892 3679 4946 Tollite
3704 4896 3797 4963 ju-

2202 5002 2323 5055 gum
2398 5000 2568 5037 meum
2616 5000 2772 5052 super
2816 4998 2944 5046 vos,
2994 4982 3119 5051 quia
3167 4998 3324 5035 suave
3382 4991 3496 5046 est;
3556 4992 3599 5035 et
3663 5000 3797 5037 onus

2204 5094 2371 5130 meum
2401 5076 2508 5129 leve
2527 5085 2600 5129 est
2628 5074 2842 5144 (Matth.
2872 5073 2971 5142 ιιι).
2999 5072 3361 5126 Manumissus
3390 5072 3607 5136 dicitur,
3636 5074 3796 5142 quasi

2206 5181 2365 5219 manu
2412 5166 2658 5219 emissas.
2705 5163 2859 5232 Apud
2908 5170 3119 5215 veteres
3163 5161 3309 5214 enim
3358 5163 3573 5229 quoties
3628 5177 3797 5214 manu

2208 5256 2488 5307 mittebant
2518 5294 2531 5317 ,
2562 5253 2713 5321 alapa
2743 5267 3030 5322 percussos
3061 5252 3501 5320 eireumagebant
3520 5292 3535 5315 ,
3566 5252 3715 5305 unde
3745 5260 3798 5306 et

2206 5344 2519 5398 manumissi
2558 5344 2684 5415 dicti
2725 5358 2790 5396 eo
2828 5343 2969 5410 quod
3026 5357 3187 5395 manu
3237 5342 3601 5396 mitterentur.
3635 5341 3798 5397 Cives

2208 5433 2433 5487 Romani
2479 5442 2662 5499 postea
2701 5431 2831 5485 dicti
2870 5432 2968 5485 sub
3004 5431 3314 5488 consulibus
3346 5446 3444 5499 per
3475 5440 3799 5486 testamenta

2209 5523 2261 5575 in
2304 5524 2436 5575 urbe
2461 5522 2703 5575 Romana
2729 5530 2854 5573 stmt
2881 5520 3053 5574 ellecti
3080 5508 3102 5572 ἓ
3143 5520 3270 5573 dicti
3302 5522 3485 5573 autem
3515 5520 3664 5573 cives
3692 5520 3801 5576 Ro-

2210 5615 2389 5675 mani,
2424 5615 2547 5682 quia
2583 5622 2901 5666 testamento
2942 5612 3094 5665 liberi
3130 5610 3305 5665 ell‘ecti
3338 5612 3389 5664 in
3422 5626 3652 5665 numero
3686 5611 3799 5667 Ro-

2210 5720 2492 5760 manorum
2545 5703 2741 5759 civium
2802 5703 3131 5772 rediguntur.
3184 5700 3277 5754 llis
3326 5700 3561 5767 primum
3615 5700 3802 5757 aditus
