3922 6364
192 381 297 437 457

1152 371 1244 433 DE
1282 377 1626 435 UNIVERSO
1666 378 1843 433 LIBRI
1878 378 2125 435 XXII.—
2164 378 2288 435 LIB.
2331 380 2492 436 XVII.

3350 385 3455 444 453

186 500 309 548 erat
330 491 383 545 in
406 493 541 545 urbe
560 490 730 545 Roma
756 491 1099 545 commorari.
1129 490 1350 545 Caeteris
1372 500 1550 543 autem
1574 491 1776 544 libertis
1806 498 1851 553 Λ
1880 494 2092 562 generis
2118 534 2131 553 ,
2164 502 2221 544 ut
2246 503 2369 547 sunt
2403 495 2494 546 lilii
2519 494 2600 549 vel
2633 505 2869 564 nepotes.
2905 495 3182 551 Prohmres
3213 499 3303 567 qui
3345 499 3462 553 loco

188 580 585 651 prohibebatur
606 619 620 644 ,
652 593 718 632 ne
758 568 840 633 vel
884 579 940 633 in
968 579 1104 633 urbe
1138 578 1307 632 Roma
1334 581 1416 633 vel
1449 579 1589 633 iul‘ra
1617 582 1780 649 septi-

191 686 339 725 mum
361 670 429 722 ab
445 669 579 723 urbe
608 668 918 723 milliarium
942 676 1348 723 commauerent
1363 686 1375 721 :
1392 669 1519 723 licet
1542 668 1781 739 legamus

187 757 419 813 Paulum
468 758 768 827 apostolum
809 757 1135 812 necessitate
1176 757 1511 828 compulsum
1561 767 1783 827 propter

188 849 514 904 seditionem
542 858 783 903 exortam
813 847 987 902 civem
1018 848 1320 902 Romanum
1357 863 1416 902 se
1457 847 1776 917 appellasse.

188 944 360 999 Multo
390 944 674 1015 gloriosius
716 950 820 1007 est,
845 942 987 1012 quod
1024 957 1089 997 se
1111 957 1234 997 cum
1273 941 1488 996 ueteris
1537 940 1781 996 ﬁdelibus

186 1033 366 1087 civem
442 1032 679 1087 caelestis
725 1031 1024 1087 Jerusalem
1076 1031 1409 1101 nuncupavit
1451 1048 1465 1083 ς
1516 1031 1658 1086 unde
1713 1031 1780 1087 ad

188 1123 457 1192 Ephesios
486 1124 751 1188 scribens,
784 1124 905 1177 ait:
938 1121 1078 1193 Ergo
1118 1124 1236 1193 jam
1271 1140 1373 1177 non
1401 1122 1522 1176 estis
1554 1123 1779 1192 hospites

185 1225 234 1269 et
268 1215 506 1278 adremr,
530 1215 620 1268 sed
646 1214 767 1268 estis
789 1214 921 1267 cives
942 1223 1266 1277 sanctorum,
1289 1223 1336 1266 et
1365 1213 1633 1265 domestici
1661 1212 1779 1277 Dei,

185 1304 597 1372 superwdiﬁcati
650 1321 806 1371 super
854 1303 1254 1372 fundamentum
1314 1304 1669 1373 apostolorum
1732 1312 1783 1357 et

185 1394 563 1462 prophetarum
593 1393 752 1464 (Epit.
780 1392 863 1460 ιι),
894 1394 997 1446 hoc
1019 1400 1123 1455 est,
1149 1406 1310 1462 super
1327 1408 1526 1447 novum
1553 1399 1784 1448 etvetus

188 1491 580 1538 tcstamentmn
611 1483 859 1537 collocati
895 1501 907 1535 :
940 1498 1060 1552 quae
1087 1483 1229 1536 enim
1270 1484 1497 1553 apostoli
1528 1482 1782 1551 praedica-

187 1560 406 1637 verunt,
429 1575 704 1644 propheta:
725 1573 903 1626 futura
927 1573 1198 1637 dixerunt,
1223 1574 1327 1628 hoc
1347 1581 1452 1637 est,
1479 1588 1585 1627 non
1610 1572 1781 1626 solum

188 1679 309 1727 nos,
342 1665 437 1718 sed
465 1674 523 1717 et
548 1664 797 1719 caelestes
819 1672 1114 1732 potestates
1136 1664 1336 1740 pariter
1358 1663 1475 1718 ﬁeri
1507 1662 1784 1717 habitacu-

186 1754 297 1808 lum
333 1755 429 1810 Dei
466 1755 517 1809 in
551 1754 755 1824 Spiritu
786 1762 994 1808 sancto.
1025 1752 1265 1809 Hmredis
1296 1768 1490 1808 nomen
1530 1752 1785 1822 im‘posuit

187 1859 387 1899 census
423 1847 552 1899 reris
605 1863 618 1899 :
644 1830 645 1833 η

188 1936 291 1991 hcc
311 1937 462 1991 enim
492 1936 755 1991 vocabulo
778 1926 951 2006 prima
978 1935 1250 1990 successio
1272 1943 1357 1989 est
1380 1933 1714 1989 hazreditatis
1734 1941 1792 1988 et

1881 583 2108 637 hatredis
2137 582 2396 652 fungitur,
2442 586 2595 652 quasi
2635 602 2733 654 pro
2771 588 3003 640 btet-ede.
3051 588 3147 641 Est
3187 590 3331 642 enim
3371 601 3463 643 aut

1883 676 2160 729 institutus
2205 681 2297 727 aut
2329 675 2667 729 substitutus.
2722 675 2989 731 Haeredes
3014 688 3191 732 autem
3238 681 3462 750 mystice

1881 766 2053 821 sancti
2104 766 2198 820 Dei
2246 776 2470 835 possunt
2505 767 2747 838 intelligi,
2794 777 2847 823 et
2892 770 2983 838 qui
3015 770 3250 824 caelestis
3271 756 3462 838 patriae

1880 869 2221 924 possessores
2249 854 2413 908 futuri
2440 864 2583 908 sunt.
2618 856 2768 911 Unde
2796 858 3085 927 Apostolus
3113 857 3179 911 ad
3225 858 3458 911 Roman.

1882 944 2127 999 scribens
2150 944 2225 997 ait
2250 963 2262 997 :
2288 944 2408 1014 Ipse
2431 945 2659 1014 Spiritus
2681 947 3029 1000 testimonium
3053 947 3231 1001 reddet
3254 949 3463 1018 spiritui

1884 1042 2080 1097 nostra,
2109 1034 2248 1102 quod
2272 1049 2452 1087 sumus
2475 1033 2576 1101 ﬁlii
2613 1034 2731 1087 Dei.
2774 1033 2832 1088 Si
2859 1044 3030 1088 autem
3062 1036 3184 1103 ﬁlii,
3218 1045 3265 1089 et
3300 1038 3464 1089 hatre-

1882 1124 1973 1177 des
2000 1136 2020 1173 :
2056 1123 2285 1177 heredes
2316 1123 2523 1192 quidem
2568 1124 2684 1189 Dei,
2722 1125 3015 1178 colueredes
3051 1134 3223 1178 autent
3268 1125 3464 1179 Christi

1884 1214 2063 1287 (Rom.
2105 1214 2240 1284 vm).
2282 1214 2353 1270 Ut
2379 1230 2508 1284 ergo
2539 1226 2816 1284 promptos
2845 1217 2914 1269 ad
2960 1215 3319 1270 obediendum
3356 1215 3465 1269 Deo

1884 1303 2031 1357 Patri
2068 1299 2291 1367 laceret,
2342 1304 2444 1357 hac
2473 1318 2567 1371 spe
2606 1305 2943 1369 exhortatur,
2973 1306 3177 1369 dicens,
3232 1306 3321 1359 Dei
3370 1320 3467 1359 nos

1884 1390 2093 1446 futuros
2116 1393 2375 1455 bteredes,
2405 1394 2712 1448 cohmredes
2758 1402 2935 1447 autem
2966 1394 3166 1448 Christi
3201 1411 3214 1449 :
3251 1405 3311 1448 ut
3340 1395 3464 1463 quia

1884 1495 2076 1549 magna
2094 1495 2216 1549 spes
2241 1481 2449 1549 prmmii
2471 1491 2574 1545 est,
2599 1489 2746 1536 tanto
2770 1483 2940 1553 magis
2966 1483 3017 1535 in
3042 1482 3134 1538 Dei
3166 1484 3324 1537 rebus
3347 1500 3469 1552 pro—

1883 1569 2159 1638 pensiores
2201 1584 2463 1634 essemus,
2513 1579 2892 1649 postponentes
2934 1588 3119 1627 curam
3173 1573 3481 1649 mundanoi

1886 1675 2027 1714 rum.
2081 1659 2217 1725 Quid
2250 1660 2317 1713 sit
2354 1669 2531 1713 autem
2578 1661 2912 1715 coltzeredem
2939 1678 3060 1716 esse
3100 1662 3195 1716 ﬁlii
3244 1663 3359 1728 Dei,
3400 1664 3470 1716 ab

1886 1753 2130 1823 apostolo
2168 1752 2374 1808 Joanne
2414 1754 2710 1808 docemur:
2755 1755 2898 1808 inter
2936 1763 3133 1809 caetera
3168 1754 3311 1808 enim
3348 1755 3465 1808 ait:

605 1863 618 1899 :
667 1844 931 1898 consolvit
958 1845 1101 1899 enim
1133 1844 1396 1899 tributum
1429 1843 1631 1898 auctoris
1671 1861 1684 1897 :
1725 1843 1779 1897 in
1811 1844 1855 1903 Β
1886 1842 2097 1919 Scimus
2144 1844 2421 1912 quoniam,
2450 1859 2567 1897 cum
2595 1844 2926 1914 apparuerit,
2964 1843 3161 1899 similes
3195 1843 3243 1897 ei
3280 1844 3473 1897 erimus

1895 1930 1948 1994 (1
1978 1930 2141 1985 Joan.
2173 1932 2278 2003 ιιι).

208 2102 3471 2128 mw

1129 2239 1428 2315 LIBER
1483 2234 2003 2314 SEPTIMUS
2064 2236 2544 2313 DECIMUS.

712 2554 939 2612 CAPUT
978 2550 1266 2608 PRIMUM.

607 2644 684 2700 De
709 2647 916 2716 puluere
947 2654 995 2697 et
1021 2642 1179 2713 glebis
1208 2651 1381 2696 terra’.

259 2736 451 2797 Pulvis
473 2735 672 2801 dictus,
699 2734 842 2805 quod
864 2734 915 2788 vi
946 2733 1092 2787 venti
1118 2733 1381 2802 pellatur:
1416 2729 1623 2786 tollitur
1643 2728 1788 2784 enim

191 2831 311 2902 ejus
338 2830 494 2889 ﬁatu,
526 2841 628 2882 nec
651 2824 876 2888 resistit,
905 2838 1006 2877 nec
1026 2834 1173 2877 stare
1199 2822 1368 2885 novit,
1398 2821 1540 2876 sicut
1564 2819 1642 2873 ait
1667 2819 1794 2873 Pro-

195 2920 357 2989 pheta
385 2934 399 2971 :
433 2917 708 2986 Tanquam
750 2914 941 2985 pulvis,
970 2928 1120 2982 quem
1148 2911 1356 2981 projicit
1388 2919 1567 2964 ventus
1592 2926 1621 2962 a
1657 2908 1795 2978 facie

196 3019 353 3062 terra:
378 3006 554 3076 (Psal.
589 3006 651 3075 I).
686 3003 873 3057 Limus
914 3011 1157 3066 vocatus,
1187 3000 1330 3070 quod
1374 2999 1513 3053 lenis
1542 2999 1630 3053 sit.
1668 2997 1793 3052 C(8-

197 3111 329 3149 num
360 3103 446 3149 est
473 3108 674 3164 vorago
695 3092 815 3145 luti.
845 3090 993 3146 Cinis
1016 3106 1081 3145 ex
1106 3088 1355 3144 incendio
1376 3088 1595 3151 dicitur.
1623 3085 1705 3141 Ab
1732 3101 1797 3141 eo

195 3188 343 3241 enim
363 3187 442 3239 ﬁt.
462 3183 838 3253 Favilla,quod
868 3197 963 3252 per
980 3182 1158 3250 ignem
1184 3177 1370 3235 etfeeta
1395 3180 1494 3233 sit:
1514 3194 1637 3232 nam
1658 3179 1797 3249 phos

195 3276 341 3346 ignis
365 3283 469 3328 est.
498 3274 687 3336 Gleba,
721 3272 864 3341 quod
890 3272 959 3325 sit
987 3271 1206 3340 globus;
1246 3269 1483 3339 pulveris
1508 3268 1654 3322 enim
1683 3266 1797 3321 col-

194 3364 432 3421 betione
464 3363 858 3434 compingitur,
891 3370 946 3415 et
976 3362 1026 3415 in
1073 3375 1183 3415 uno
1224 3360 1462 3429 glomere
1495 3358 1794 3412 adunatm‘:

199 3472 349 3513 serra
400 3466 585 3509 autem
615 3456 796 3523 ligata,
830 3453 981 3523 gleba
1012 3461 1096 3506 est
1134 3452 1329 3515 soluta,
1365 3449 1562 3521 pulvis.
1599 3448 1796 3503 Lutum

193 3557 455 3605 voeatum
473 3547 693 3616 quidam
720 3560 817 3615 per
844 3545 1179 3614 antiphrasin
1203 3541 1569 3612 putant,quod
1598 3556 1704 3595 nou
1726 3541 1798 3595 sit

197 3639 393 3702 lotum,
439 3641 543 3693 hoc
571 3647 653 3692 est
690 3640 969 3691 mundum.
1020 3636 1152 3690 Nam
1185 3636 1533 3690 omnelutum
1564 3636 1797 3689 immun-

199 3730 331 3785 dum
379 3738 483 3781 est.
519 3726 808 3780 Volutabra
840 3727 1122 3795 appellata,
1170 3725 1312 3794 quod
1357 3726 1427 3779 ibi
1471 3726 1618 3794 porci
1648 3724 1799 3777 volu-

201 3826 408 3871 tentur.
446 3816 599 3885 Uligo
624 3817 811 3869 sordes
837 3815 948 3868 limi
977 3815 1059 3867 vel
1089 3829 1241 3882 aqua:
1264 3816 1469 3869 limosa:
1498 3824 1641 3868 sunt.
1674 3813 1797 3867 Pol-

200 3908 286 3961 vis
336 3907 609 3977 signiﬁcat
664 3905 1062 3974 corruptionem
1107 3904 1357 3957 humana:
1416 3911 1654 3963 natura},
1715 3901 1797 3954 vel

204 3998 481 4052 levitatem
524 3997 771 4049 humana:
812 3976 1036 4057 meritis;
1070 4002 1130 4047 ut
1165 4003 1247 4046 est
1294 3991 1419 4045 illud
1452 3992 1502 4044 in
1552 3990 1793 4059 psalmis,

203 4089 349 4158 quod
373 4089 438 4140 de
462 4097 744 4155 peccatore
770 4086 1027 4154 scriptum
1056 4090 1139 4137 est
1162 4101 1173 4136 :
1205 4081 1268 4135 Et
1290 4082 1384 4135 erit
1410 4091 1657 4149 tanquam
1681 4079 1797 4147 pul-

203 4180 301 4240 vis,
326 4194 479 4247 quem
505 4177 710 4246 projicit
738 4186 915 4229 ventus
942 4193 972 4228 a
994 4175 1129 4243 {acie
1154 4183 1305 4226 terra:
1327 4170 1500 4242 (Psal.
1528 4172 1588 4238 I).
1618 4170 1798 4225 Pulvis

203 4269 352 4323 enim
396 4268 479 4337 (ut
522 4282 683 4336 supra
734 4265 989 4335 diximus)
1029 4273 1113 4318 est
1164 4264 1423 4317 resolutio
1467 4270 1627 4315 terra:
1675 4278 1688 4313 :
1742 4268 1798 4314 et

205 4359 372 4414 homo
407 4368 657 4413 terrenus
691 4357 907 4427 quando
944 4356 1159 4410 inﬁatur
1182 4355 1489 4409 seductorio
1518 4362 1680 4408 vento
1708 4370 1795 4407 su—

1893 2544 1998 2603 ﬁde
2045 2544 2435 2602 incarnationis
2494 2546 2611 2619 ejus
2666 2548 2862 2605 imbuit
2919 2566 3088 2620 genus
3140 2550 3477 2619 humanum,

1890 2634 2033 2703 quod
2082 2648 2283 2689 caecum
2331 2644 2449 2690 erat
2494 2651 2524 2689 a
2579 2637 2876 2703 nativitate,
2910 2639 3011 2695 hoc
3033 2647 3135 2705 est,
3177 2641 3245 2714 ab
3274 2643 3483 2713 origine

1892 2723 2053 2793 primi
2086 2724 2322 2779 hominis
2353 2743 2366 2778 :
2396 2734 2450 2779 et
2478 2726 2557 2781 sic
2580 2728 2646 2781 ad
2674 2728 2935 2796 piscinam
2958 2729 3123 2794 Siloe,
3152 2730 3255 2785 hoc
3279 2742 3384 2797 est,
3409 2734 3478 2786 ad

1896 2812 2147 2881 baptismi
2196 2823 2595 2869 sacramentum
2638 2816 2767 2869 illud
2800 2818 2976 2883 misit;
3017 2821 3321 2875 econtrario
3348 2837 3480 2876 vero

1896 2901 2067 2955 lutum
2112 2904 2351 2971 ponitur,
2388 2904 2605 2971 quando
2656 2906 2843 2960 sordes
2886 2907 3155 2977 signiﬁcat
3202 2910 3478 2964 vitiorum.

1906 2992 2058 3047 Unde
2103 3002 2188 3047 est
2236 2993 2366 3047 illud
2415 2994 2601 3059 Petri,
2638 2997 2779 3064 quod
2825 2997 2891 3051 de
2936 3000 3306 3066 peccatoribus
3347 2980 3424 3055 ait
3470 3019 3479 3030 ·

1824 3058 1867 3121 C
1900 3085 2127 3156 Contigit
2150 3087 2283 3139 enim
2313 3088 2387 3141 eis
2416 3086 2548 3139 illud
2582 3088 2685 3141 veri
2725 3090 3052 3157 proverbium
3081 3101 3101 3143 .‘
3130 3092 3276 3145 cauis
3314 3109 3483 3147 rever-

1896 3193 1987 3230 sus
2027 3176 2095 3229 ad
2135 3192 2286 3229 suum
2315 3178 2556 3229 vomitum
2598 3189 2617 3231 :
2658 3188 2707 3230 et
2733 3195 2821 3231 sus
2853 3178 2959 3232 lota
2991 3179 3046 3232 in
3084 3180 3351 3235 volutabra
3385 3182 3483 3236 luti

1899 3264 1985 3335 (Il
2013 3263 2158 3319 Petr.
2190 3264 2274 3335 ιι).
2302 3264 2504 3335 Argilla
2536 3267 2603 3321 ab
2627 3268 2785 3336 Argis
2810 3277 3018 3331 vocata,
3050 3270 3190 3338 apud
3212 3286 3347 3339 quos
3370 3274 3484 3342 pri-

1899 3368 2044 3405 mum
2092 3367 2160 3407 ex
2188 3368 2250 3407 ea
2296 3369 2425 3407 vasa
2454 3354 2700 3408 confecta
2752 3356 2922 3409 sunt:
2953 3364 3008 3410 et
3046 3356 3314 3425 signiﬁcat
3353 3376 3484 3414 sau-

1898 3449 2040 3495 ctam
2067 3439 2405 3511 Scripturam
2438 3459 2450 3495 :
2480 3442 2623 3496 unde
2648 3442 2847 3514 legitur
2870 3445 2923 3498 in
2942 3445 3088 3500 ‘libro
3126 3445 3332 3516 Regum
3364 3449 3485 3518 (III

1898 3532 2025 3603 Reg.
2055 3534 2179 3604 vn),
2212 3535 2353 3603 quod
2395 3535 2580 3589 omnia
2616 3550 2742 3590 vasa
2771 3553 2893 3607 qua:
2936 3537 3066 3593 fecit
3116 3539 3302 3594 [liram
3336 3541 3490 3596 Salo-

1897 3621 2043 3675 moui
2094 3622 2147 3675 in
2177 3623 2339 3677 domo
2386 3625 2618 3690 Domini,
2644 3627 2710 3681 de
2757 3628 3069 3682 aurichalco
3109 3639 3287 3697 erant,
3319 3632 3371 3685 in
3406 3648 3489 3687 re-

1900 3715 2057 3784 gione
2080 3712 2329 3769 Iordanis
2353 3716 2489 3769 vidit
2513 3732 2576 3771 ea
2608 3733 2702 3772 rex
2726 3718 2779 3772 in
2804 3718 3055 3789 argillosa
3086 3728 3229 3774 terra
3260 3736 3274 3774 :
3300 3735 3485 3791 aperte

1900 3803 1954 3857 in
1985 3805 2204 3874 regione
2225 3802 2476 3859 Iordanis
2502 3805 2617 3860 fusa
2648 3815 2772 3860 sunt
2796 3822 2923 3861 vasa
2947 3807 3138 3862 domus
3162 3808 3395 3875 Domini,
3429 3813 3481 3865 iu

1899 3910 2005 3963 quo
2032 3895 2280 3949 videlicet
2325 3895 2542 3949 ﬂumine
2595 3898 2853 3953 Dominus
2886 3896 3072 3953 noster
3099 3899 3359 3968 baptizari
3401 3903 3485 3956 di-

1898 3993 2092 4052 gnatus
2118 3992 2220 4047 est,
2258 3992 2313 4038 et
2351 3986 2550 4041 tinctus
2575 4003 2836 4056 aquarum
2871 3990 3049 4055 undis,
3074 3991 3227 4044 nobis
3250 3991 3482 4045 elemen-

1900 4081 2013 4127 tum
2044 4091 2305 4144 aquarum
2342 4078 2395 4130 in
2444 4078 2770 4133 ablutionem
2800 4091 3145 4149 peccatorum
3190 4078 3479 4139 cenvertit.

1900 4164 2163 4233 Argillosa
2197 4176 2376 4219 autem
2426 4176 2589 4230 terra,
2629 4170 2693 4222 de
2718 4186 2820 4237 qua
2857 4170 3010 4225 facta:
3036 4181 3161 4225 sunt
3202 4172 3388 4227 formm
3414 4178 3480 4227 al

1901 4253 2171 4306 l’undcnda
2197 4270 2321 4307 vasa
2348 4255 2577 4319 Domini,
2614 4272 2733 4325 quae
2763 4258 2972 4321 melius,
3005 4275 3167 4329 quam
3199 4260 3479 4330 Scriptura

1900 4360 2071 4403 sacra,
2105 4345 2170 4398 de
2195 4360 2297 4412 qua
2331 4346 2569 4415 regulam
2598 4348 2734 4401 bene
2758 4349 2968 4403 vivendi
3005 4352 3318 4419 accipimus,
3344 4355 3485 4406 valet

203 4450 410 4522 pag-bim
438 4489 453 4510 ,
507 4450 573 4503 de
611 4449 881 4502 εοιωίιειιρ
921 4457 1080 4500 ιρι-ηε
1110 4447 1437 4504 viventium,
1483 4445 1635 4513 quasi
1674 4444 1789 4513 put-
1818 4432 1867 4489 D
1897 4435 2159 4503 intelligi:
2194 4437 2347 4503 quasi
2389 4438 2532 4490 enim
2567 4439 2751 4507 argilla
2788 4439 3000 4509 ignibus
3027 4442 3216 4496 durata
3252 4443 3481 4497 formam

204 4542 289 4592 vis
349 4537 603 4603 abjicitur
634 4555 647 4589 :
680 4538 805 4606 quia
863 4552 958 4589 sua
1003 4536 1221 4591 levitate
1274 4537 1341 4590 ad
1396 4536 1795 4589 ﬁrmamentum

209 4627 590 4681 mandatorum
618 4640 675 4680 se
698 4633 887 4680 tenere
916 4640 1020 4678 non
1057 4625 1252 4694 potuit.
1278 4625 1464 4679 Limus
1488 4636 1663 4679 autem
1697 4633 1798 4679 ter-

210 4732 399 4770 reuam
440 4716 722 4769 materiam
754 4716 973 4769 hmnaui
1023 4716 1264 4784 corporis
1290 4716 1580 4785 signiﬁcat,
1610 4724 1668 4767 ut
1715 4722 1798 4768 est

210 4806 342 4860 illud
396 4823 409 4857 :
457 4802 725 4857 Formm-it
777 4820 898 4873 ergo
950 4804 1208 4857 hominem
1266 4804 1523 4857 Dominus
1566 4804 1629 4879 de
1673 4803 1798 4855 limo

210 4883 388 4957 terrm,
412 4904 458 4947 et
491 4894 758 4963 inspiravit
780 4894 836 4946 in
862 4892 1050 4962 [aciem
1085 4893 1199 4961 ejus
1229 4893 1551 4961 spiraculum
1584 4893 1717 4957 vitm,
1751 4902 1799 4946 et

212 4980 387 5051 factus
414 4992 489 5036 est
523 4985 676 5037 homo
714 4984 771 5036 in
804 4984 1033 5036 animam
1062 4984 1307 5037 viventem
1352 4984 1506 5055 (Gen.
1532 4986 1627 5057 tt);
1678 5002 1799 5040 cum

214 5070 265 5125 ei
309 5072 672 5127 substantiam
712 5075 906 5128 animm
933 5088 997 5127 ac
1034 5073 1272 5142 Spiritus,
1325 5074 1378 5127 in
1429 5092 1535 5144 qua
1575 5077 1797 5139 viveret,

214 5164 441 5219 creavit.
465 5163 634 5216 Aliter
658 5164 817 5217 limus
836 5179 1047 5217 curuum
1078 5173 1133 5218 ct
1156 5164 1342 5217 sordes
1363 5166 1619 5231 exprimit
1644 5166 1801 5219 vitio-

215 5267 337 5306 rum
363 5292 377 5316 ,
408 5252 462 5304 in
494 5252 690 5321 quibus
716 5250 972 5318 polluitur
1014 5253 1191 5306 homo.
1238 5252 1501 5306 Similiter
1541 5262 1595 5306 et
1631 5254 1799 5308 lutum

215 5344 487 5413 duplicem
524 5341 967 5413 signiﬁcationem
997 5344 1193 5409 habet;
1229 5345 1328 5397 hoc
1370 5353 1469 5409 est,
1496 5347 1677 5398 carnis
1706 5347 1804 5399 hu-

214 5448 412 5495 manae,
446 5442 502 5486 et
529 5432 875 5502 pollutionem
900 5432 1172 5485 vitiorum.
1207 5432 1359 5488 Unde
1385 5434 1643 5487 Dominus
1668 5434 1798 5504 legi-

216 5533 306 5578 tur
328 5524 380 5577 in
409 5524 701 5593 Evangelia
732 5523 904 5577 lutum
936 5538 1001 5578 cx
1027 5533 1182 5593 Sputo
1210 5525 1420 5591 fecisse,
1453 5536 1507 5579 et
1536 5528 1661 5581 caeci
1692 5529 1800 5581 nati

214 5616 400 5670 oculos
435 5616 711 5684 aperuisse
747 5632 758 5667 :
802 5614 1020 5683 Exspuit
1043 5615 1175 5667 enim
1203 5617 1255 5668 in
1282 5626 1495 5679 terram,
1520 5627 1567 5671 et
1592 5618 1710 5685 fecit
1740 5620 1803 5671 de

216 5704 379 5758 Ialiru
430 5703 601 5757 lutum
657 5701 1108 5772 (Joau.tx),quia
1143 5704 1373 5759 Verbum
1422 5722 1549 5760 caro
1602 5706 1798 5760 factum

668 5793 943 5855 I’unor..
982 5792 1142 5851 CXI.

1901 4526 2044 4579 vasis
2074 4527 2302 4590 Domini,
2326 4536 2525 4594 quanta
2548 4536 2602 4581 et
2628 4529 2803 4596 qualia
2834 4530 2946 4583 ﬁeri
2974 4532 3204 4585 debeant
3246 4534 3482 4596 exhibet,

1901 4633 2023 4671 cum
2055 4617 2207 4671 nobis
2224 4616 2557 4687 Scripturam
2583 4620 2816 4690 regulam
2835 4620 3078 4689 justitiaz,
3106 4639 3267 4691 quam
3291 4639 3484 4692 sequa-

1902 4726 2044 4771 mur,
2088 4711 2323 4764 ostendit
2352 4728 2365 4764 ;
2399 4721 2814 4781 sanctorumque
2849 4714 3000 4767 nobis
3020 4714 3287 4781 exempla,
3314 4715 3404 4782 qui
3429 4716 3483 4769 in

1902 4805 2024 4874 igne
2048 4804 2456 4857 tribulationum
2482 4805 2817 4859 invincibiles
2838 4815 3274 4875 perseverarunt,
3292 4807 3346 4859 in
3370 4822 3486 4860 om-

1904 4894 2061 4947 nibus
2073 4896 2340 4962 sequeuda
2358 4894 2917 4969 pr:ettionstrat.Creta
2932 4897 2999 4949 ab
3020 4896 3191 4949 insula
3208 4895 3482 4958 Creta,ubi

1904 4987 2096 5040 melior
2120 4995 2221 5046 est,
2240 5002 2432 5039 nomen
2468 4988 2652 5041 traxit.
2677 4987 2835 5043 Creta
2860 4989 3085 5043 Cimolia
3107 4990 3332 5043 candida
3355 4998 3439 5044 est
3467 5009 3481 5044 :

1902 5093 1930 5131 a
1958 5077 2152 5130 Cimma
2177 5077 2337 5129 ltali:e
2364 5076 2535 5129 insula
2558 5078 2717 5140 dicta,
2746 5092 2972 5144 quarum
2998 5078 3166 5132 altera
3193 5078 3485 5132 vestimen-

1902 5178 2080 5220 torum
2103 5169 2368 5237 pretiosos
2408 5168 2615 5221 colores
2640 5167 2951 5233 emolliens,
2982 5170 3335 5223 contristatos
3366 5168 3481 5222 sul-

1903 5257 2095 5325 phure,
2125 5258 2357 5325 quodam
2396 5256 2569 5311 nitore
2599 5257 2898 5323 exhilarat;
2933 5259 3102 5313 altera
3141 5258 3367 5328 gemmis
3396 5258 3482 5309 ιιὶ-

1905 5354 2073 5399 torem
2104 5354 2338 5415 praestat.
2362 5344 2521 5399 Creta
2559 5348 2883 5414 argentaria,
2908 5356 2961 5401 et
2992 5348 3105 5416 ipsa
3135 5345 3360 5401 candida
3388 5360 3482 5415 ap-

1902 5437 2097 5506 pellata
2121 5452 2183 5491 eo
2207 5437 2346 5505 quod
2373 5439 2602 5491 nitorem
2631 5448 2852 5509 argento
2876 5441 3082 5494 reddat.
3114 5437 3278 5494 Terra
3298 5439 3479 5493 Samia

1904 5544 1932 5582 a
1952 5527 2115 5583 Samo
2138 5528 2307 5581 insula
2326 5528 2767 5599 dicta,glutinosa
2787 5538 2840 5583 et
2860 5530 3105 5593 candida,
3123 5537 3171 5584 ct
3197 5530 3390 5599 lingua:
3411 5529 3480 5582 le-

1905 5619 2011 5682 nis,
2030 5620 2436 5681 medicamentis
2465 5628 2519 5671 et
2536 5621 2765 5673 vasculis
2792 5621 3116 5674 necessaria.
3137 5620 3372 5689 Sulphur
3389 5634 3482 5671 vo-

1907 5718 2108 5775 catum,
2133 5710 2255 5777 quia
2284 5710 2404 5781 igne
2426 5710 2736 5764 acccnditur
2755 5729 2765 5765 :
2787 5720 2843 5765 ut
2868 5709 3150 5781 [Fortem]
3181 5713 3321 5765 cnim
3344 5712 3481 5782 ignis

2975 5804 3047 5863 15
