3922 6330
436 301 543 357 459

1106 298 1167 355 Β.
1207 296 1458 354 ltABANl
1500 296 1720 354 MAURI
1754 296 2070 351 ARCIIIEP.
2115 296 2421 354 MOGUNT.
2466 297 2752 354 OPERUM
2792 296 2971 352 PARS
3007 296 3071 351 ll.

3605 296 3715 352 460

436 428 687 474 est:nam
703 415 786 470 vis
803 411 917 483 ejus
937 415 991 468 in
1012 427 1083 491 ex
1109 414 1265 483 aquis
1286 413 1619 469 ferventibus
1636 414 1894 478 sentitur;
1920 429 2015 467 ne-
2042 416 2090 474 Α
2119 411 2209 467 Sal
2237 414 2457 481 quidam
2502 413 2705 467 dictum
2755 421 2976 482 putant,
3016 416 3159 483 quod
3186 414 3239 468 in
3271 415 3393 486 igne
3437 413 3662 470 exsiliat
3693 430 3711 470 :

434 524 540 580 que
556 508 658 562 alia
675 522 763 562 res
779 506 985 561 facilius
998 506 1341 560 accenditur:
1360 505 1602 559 nascitur
1617 506 1669 559 in
1688 505 1876 559 insulis
1889 503 2015 558 Ᾱιῖο-

432 600 542 664 liis,
571 599 712 654 inter
742 596 982 651 Siciliam
1031 604 1086 651 et
1129 596 1358 658 Italiam,
1390 610 1528 665 quas
1563 595 1756 650 ardere
1807 595 2012 649 dicunt.

429 688 708 745 Invenitur
752 694 808 743 et
848 686 901 740 in
937 685 1057 741 aliis
1099 685 1231 740 locis
1272 683 1550 739 effossum.
1598 683 1769 753 Hujus
1818 696 2015 753 genera

430 787 698 849 quatuor:
723 793 910 843 unum,
929 777 1071 845 quod
1102 774 1305 829 foditur
1338 774 1741 844 translucetque
1769 782 1823 828 et
1853 774 2012 839 viret,

428 886 535 941 quo
563 870 679 925 solo
699 885 766 924 ex
790 868 1039 923 omnibus
1074 866 1363 937 generibus
1397 866 1592 920 medici
1634 876 1893 929 utuntur;
1940 864 2016 919 al-

429 973 627 1026 terum,
675 962 820 1031 quod
864 959 1136 1031 appellant
1163 959 1396 1028 glebam,
1446 958 1633 1012 usibus
1672 964 1877 1011 tantum
1914 956 2016 1010 ful-

425 1052 611 1107 lonum
642 1051 954 1116 familiare;
1010 1050 1227 1104 tertium
1268 1049 1445 1118 liquor
1479 1055 1584 1113 est,
1631 1062 1760 1102 usus
1792 1048 1909 1117 ejus
1946 1046 2014 1100 ad

426 1141 581 1197 lanas
611 1137 886 1205 suflindas,
904 1139 1027 1209 quia
1048 1138 1337 1194 candorem
1361 1139 1744 1207 mollitiemquc
1770 1148 2008 1208 priestat.

427 1231 697 1300 Quartum’
709 1229 775 1283 ad
793 1230 1040 1299 elychnia
1063 1229 1297 1282 maxime
1315 1228 1648 1282 conficienda
1671 1237 1875 1297 aptum.
1894 1226 2014 1280 Sul-

424 1322 615 1393 phuris
643 1329 791 1374 tanta
814 1321 896 1373 vis
923 1327 1028 1383 est,
1052 1328 1110 1373 ut
1143 1319 1360 1373 morbos
1388 1318 1686 1373 comitiales
1710 1318 2012 1387 deprehen-

424 1412 514 1467 dat
549 1410 738 1465 nidore
766 1424 864 1465 suo
909 1410 1190 1479 impositus
1232 1409 1443 1480 ignibus
1464 1408 1757 1462 Anaxilaus
1784 1406 2011 1462 calicem

425 1504 561 1568 vini,
610 1516 895 1574 prunaque
933 1502 1169 1565 subdita,
1219 1500 1606 1557 circumferens
1655 1502 2013 1555 exardescen-

420 1596 494 1653 tis
507 1610 824 1665 repercussu
835 1636 847 1658 ,
863 1594 1124 1664 pallorem
1139 1594 1316 1648 dirum
1332 1592 1475 1648 velut
1488 1591 1865 1646 defunctorum
1880 1608 2012 1646 con-

422 1688 563 1743 vivis
587 1687 834 1742 offundit.
864 1687 1002 1753 Quid
1030 1687 1081 1739 in
1112 1685 1385 1754 sulphure,
1412 1684 1516 1738 nisi
1543 1683 1684 1738 fetor
1710 1683 1926 1738 carnis?
1956 1691 2009 1737 et

2117 503 2254 574 fugit
2279 504 2420 558 enim
2445 503 2647 573 ignem,
2674 505 2799 559 dum
2828 504 2899 557 sit
2924 504 3141 573 igneum
3174 519 3188 557 :
3218 506 3311 559 sed
3334 515 3589 559 naturam
3621 520 3714 560 se-

2117 595 2321 661 quitur,
2353 594 2480 663 quia
2523 595 2664 664 ignis
2700 603 2754 648 et
2786 609 2923 662 aqua
2951 609 3166 663 semper
3192 595 3332 651 inter
3377 612 3436 651 se
3482 597 3708 651 inimica

2116 695 2259 741 sunt.
2290 686 2393 740 Alii
2423 686 2503 741 sal
2534 702 2564 740 a
2586 686 2702 741 salo
2721 695 2771 741 et
2795 686 2906 741 sole
2930 695 3181 741 vocatum
3205 688 3551 753 existimant;
3576 703 3707 742 nam

2115 795 2181 834 ex
2208 780 2364 849 aquis
2385 779 2555 834 maris
2594 788 2786 848 sponte
2823 780 3084 850 gignitur,
3118 795 3305 849 spuma
3348 780 3400 835 in
3444 781 3709 836 extremis

2116 870 2390 926 littoribus
2407 871 2495 943 vel
2515 871 2749 940 scopulis
2778 870 3031 925 derelicta
3057 878 3111 924 et
3138 871 3251 925 sole
3276 872 3501 927 decocta
3528 888 3543 926 :
3574 880 3708 928 sunt

2114 969 2169 1015 et
2199 960 2371 1025 lacus,
2396 968 2451 1015 et
2477 960 2719 1027 flumina,
2751 969 2805 1015 et
2831 961 3045 1030 putei,e
3073 962 3270 1030 quibus
3307 961 3705 1025 hauritur,’de-

2115 1052 2243 1106 hinc
2289 1051 2341 1105 in
2376 1052 2564 1106 salinis
2612 1052 2853 1122 ingestus
2883 1052 2995 1106 sole
3042 1051 3316 1117 siccatur;
3365 1055 3458 1107 sed
3505 1063 3561 1108 ct
3603 1052 3706 1107 flu—

2114 1142 2261 1196 mina
2308 1142 2604 1196 densantur
2642 1144 2697 1196 in
2746 1142 2933 1204 salem,
2981 1156 3140 1196 amne
3186 1142 3395 1213 reliquo
3434 1145 3535 1198 sub
3575 1144 3701 1215 gelu

2114 1233 2332 1286 fluente.
2385 1232 2525 1286 Alibi
2583 1247 2796 1301 quoque
2852 1233 3112 1287 detractis
3180 1234 3359 1286 arenis
3406 1234 3703 1303 colligitur,

2113 1338 2366 1379 crescens
2397 1338 2520 1377 cum
2562 1322 2703 1375 luna:
2733 1321 3001 1376 noctibus.
3042 1320 3176 1375 Nam
3207 1322 3260 1375 in
3295 1323 3552 1391 Cyrenaaa
3585 1337 3706 1377 am-

2114 1412 2394 1466 moniacus
2420 1412 2518 1464 sub
2554 1411 2737 1465 arenis
2784 1410 3091 1464 invenitur:
3124 1419 3323 1465 suntet
3353 1421 3567 1465 montes
3605 1427 3704 1466 na-

2113 1502 2207 1555 tivi
2238 1501 2387 1562 salis,
2417 1500 2469 1554 in
2500 1501 2697 1569 quibus
2721 1498 2865 1554 ferro
2888 1501 3113 1555 czeditur
3144 1510 3203 1553 ut
3240 1499 3377 1570 lapis
3404 1514 3703 1556 renascens

2111 1590 2288 1659 majus
2346 1598 2496 1644 tanta
2542 1589 2739 1644 alicubi
2778 1590 3009 1654 duritie,
3059 1598 3118 1643 ut
3164 1606 3349 1645 muros
3396 1591 3700 1661 domusque

2112 1680 2307 1735 massis
2331 1680 2461 1735 salis
2492 1679 2713 1743 faciant,
2738 1680 2878 1733 sicut
2906 1680 2959 1732 in
2989 1680 3209 1733 Arabia.
3240 1680 3295 1734 In
3338 1690 3527 1734 natura
3564 1696 3701 1750 quo—

421 1778 551 1848 quid
581 1792 679 1846 per
701 1777 907 1846 ignem,
956 1775 1060 1829 nisi
1080 1774 1242 1829 ardor
1262 1773 1513 1829 desiderii
1541 1772 1796 1837 carnalis,
1822 1773 2006 1843 expri-
2034 1772 2081 1831 B
2111 1785 2215 1840 que
2263 1770 2393 1823 salis
2434 1768 2931 1843 differentire‘sunt.
2974 1768 3106 1820 Nam
3152 1768 3275 1821 alibi
3326 1772 3527 1831 suavis,
3567 1769 3699 1823 alibi

418 1866 767 1923 mitur?Cum
792 1880 920 1935 ergo
943 1866 1303 1920 habitantium
1328 1863 1577 1919 Sodomis
1592 1864 1675 1917 vel
1690 1863 2007 1919 Gomorrhae

416 1958 600 2013 carnis
635 1956 839 2011 scelera
878 1958 1071 2026 punire
1104 1956 1363 2009 Dominus
1400 1954 1742 2019 decrevisset,
1793 1955 1847 2009 in
1891 1954 2006 2024 ipsa

417 2048 676 2119 qualitate
698 2046 920 2101 ultionis
962 2046 1196 2100 innotuit
1244 2045 1513 2099 maculam
1556 2044 1843 2109 criminis;
1892 2045 2005 2099 sul-

418 2137 559 2210 phur
586 2136 783 2206 quippe
812 2135 1037 2189 fetorem
1080 2135 1263 2199 habet,
1296 2135 1435 2204 ignis
1460 2134 1731 2189 ardorem.
1775 2134 1874 2201 Qui
1907 2135 2007 2188 ita-

414 2242 522 2298 que
551 2228 617 2283 ad
643 2241 898 2298 perversa
921 2225 1188 2282 desideria
1216 2241 1282 2280 ex
1311 2226 1491 2280 carnis
1532 2224 1705 2280 fetore
1736 2233 2004 2291 arserant,

416 2318 638 2386 dignum
697 2317 797 2371 fuit
842 2325 902 2371 ut
938 2316 1097 2371 simul
1140 2316 1395 2385 sulphure
1438 2318 1680 2385 perirent
1732 2326 1787 2371 et
1829 2318 1951 2387 igne
1989 2333 2003 2369 :

413 2416 685 2477 quatenus
710 2420 775 2460 ex
799 2406 949 2476 juxta
982 2420 1144 2475 paena
1180 2405 1473 2470 discerent,
1513 2417 1581 2459 ex
1628 2405 1829 2475 injuste
1866 2404 2007 2458 desi-

415 2496 569 2555 derio
593 2496 724 2567 quid
751 2494 1027 2551 feciSsent.

1034 2582 1263 2638 CAPUT
1306 2583 1369 2636 Il.

947 2674 1025 2727 De
1051 2673 1211 2743 glebis
1237 2689 1301 2726 ex
1330 2674 1499 2743 aquis.

482 2767 735 2824 Bitumen
764 2766 817 2821 in
848 2764 1045 2820 Iudaeae
1084 2766 1203 2819 lacu
1227 2763 1531 2835 Asphaltite
1566 2764 1817 2836 emergit,
1850 2763 2005 2833 cujus

415 2861 605 2931 glebas
628 2867 1049 2928 supernatantes
1071 2866 1250 2911 nautae
1271 2857 1488 2925 scaphis
1508 2858 2006 2928 appropinquantes

414 2950 694 3020 colligunt.
736 2947 794 3001 In
841 2946 997 3017 Syria
1040 2954 1221 3000 autem
1258 2945 1417 2999 limus
1449 2954 1533 2999 est
1567 2947 1769 3016 passim
1804 2961 1835 2999 a
1861 2954 2006 3000 terra

413 3046 759 3103 exaestuans;
796 3038 1101 3106 spissantur
1147 3043 1329 3090 autem
1361 3044 1591 3106 utraque
1638 3044 1693 3090 et
1737 3037 2008 3091 densitate

2109 1860 2471 1923 salsissimus;
2504 1875 2793 1914 commune
2833 1859 2912 1914 sal
2964 1860 3015 1913 in
3046 1860 3170 1930 igne
3206 1863 3456 1930 crepitat.
3493 1862 3700 1933 Traga-

2108 1965 2273 2004 sreum
2305 1965 2405 2003 nec
2431 1949 2662 2018 crepitat
2689 1949 2744 2002 in
2775 1949 2914 2019 igne,
2936 1964 3037 2002 nec
3063 1950 3263 2003 exsilit.
3280 1950 3697 2021 Agrigentinum

2110 2040 2304 2093 Sicili:e
2327 2038 2819 2108 flammre'patieus,
2846 2038 2900 2094 in
2929 2053 3067 2108 aqua
3097 2040 3296 2099 exsilit,
3315 2040 3366 2092 in
3399 2041 3522 2110 igne
3556 2039 3697 2095 fluit.

2110 2126 2200 2179 Sal
2226 2127 2453 2195 mystice
2484 2125 2753 2195 significat
2773 2126 3180 2179 condimentum
3206 2128 3519 2195 sapientiai;
3553 2128 3699 2185 unde

2108 2216 2368 2271 Dominus
2417 2216 2482 2269 ad
2507 2215 2792 2285 Apostolos
2833 2215 2886 2269 in
2935 2216 3225 2287 Evangelia
3268 2219 3343 2271 ait
3376 2234 3388 2269 :
3424 2217 3527 2272 Vos
3571 2220 3699 2274 estis

2105 2305 2187 2359 sal
2219 2316 2371 2359 terra:
2394 2322 2411 2359 :
2432 2306 2571 2375 quod
2606 2307 2651 2359 si
2691 2306 2771 2359 sal
2801 2308 3091 2370 evanuerit,
3132 2308 3186 2360 in
3210 2325 3311 2378 quo
3340 2310 3601 2362 satietur?
3626 2309 3699 2362 ad

2109 2382 2328 2452 nihilum
2354 2395 2487 2450 valet
2534 2397 2674 2450 ultra
2714 2396 2814 2449 nisi
2850 2405 2903 2448 ut
2927 2397 3164 2449 mittatur
3200 2399 3367 2466 foras,
3399 2408 3446 2451 et
3481 2398 3701 2451 concul-

2108 2496 2255 2541 cetur
2276 2486 2339 2539 ab
2374 2486 2671 2539 hominibus
2699 2484 2917 2556 (Matth.
2945 2486 3019 2557 v).
3070 2487 3160 2542 Sic
3200 2488 3539 2558 appellantur
3569 2506 3701 2559 apo-

2109 2575 2253 2640 stoli,
2286 2574 2411 2643 quia
2453 2590 2551 2643 per
2580 2575 2727 2644 ipsos
2769 2575 3082 2629 universum
3123 2578 3403 2631 hominum
3442 2580 3703 2633 conditur

2109 2682 2316 2737 genus:
2349 2675 2506 2720 terrae
2550 2667 2693 2720 enim
2735 2666 2953 2723 nomine
2989 2667 3224 2721 humana
3254 2677 3447 2723 natura
3491 2671 3701 2741 signifi-

2109 2764 2281 2811 catur.
2335 2755 2393 2809 ln
2437 2755 2564 2810 salis
2614 2770 2741 2810 vero
2787 2756 2938 2810 verbi
2978 2757 3243 2825 sapientia
3276 2773 3290 2811 :
3320 2760 3463 2829 quod
3513 2770 3701 2816 autem

2110 2846 2383 2917 apostolos
2424 2862 2550 2902 suos
2595 2846 2802 2902 caelesti
2849 2862 2913 2901 ac
2953 2847 3134 2913 divina
3177 2849 3439 2919 sapientia
3481 2851 3701 2919 plenos,

2111 2935 2190 2991 sal
2220 2945 2377 2991 terrae
2408 2935 2657 2994 Salvator
2682 2936 2949 3002 nominat,
2998 2939 3232 2993 ostendit
3262 2938 3438 2995 fatuos
3466 2956 3590 2997 esse
3605 2940 3701 3010 ju-

2111 3026 2389 3090 dicandos,
2422 3027 2513 3095 qui
2544 3034 2757 3080 terrena
2780 3035 2989 3081 tantum
3020 3030 3259 3098 sapiunt,
3296 3032 3386 3101 qui
3424 3040 3702 3102 tempora-

414 3137 636 3193 coeunt,
686 3137 741 3183 et
771 3135 1001 3197 utraque
1030 3126 1204 3181 Graeci
1240 3125 1643 3196 pissasphalton
1692 3126 2005 3196 appellant;
2034 3118 2078 3180 C
2105 3116 2241 3170 lium
2268 3118 2529 3171 bonorum
2574 3116 2719 3170 velut
2748 3117 2956 3186 copiam
3002 3122 3294 3185 seetantes,
3343 3120 3426 3175 vel
3461 3121 3701 3191 inopiam

415 3229 612 3275 natura
641 3218 759 3288 ejus
788 3218 985 3272 ardens
1012 3225 1067 3272 et
1096 3218 1281 3287 ignum
1326 3215 1507 3288 [igni]
1552 3227 1805 3287 cognata,
1834 3226 1890 3271 et
1918 3230 2009 3271 ne-

414 3327 522 3383 que
546 3324 685 3379 aqua
715 3323 815 3362 nec
850 3308 995 3361 ferro
1018 3308 1288 3377 rumpitur
1320 3326 1332 3361 :
1366 3307 1466 3361 nisi
1502 3307 1629 3362 solis
1654 3308 2007 3363 muliebribus

415 3400 866 3473 inquinamentis,
896 3398 1045 3452 utilis
1082 3398 1149 3451 ad
1190 3414 1479 3469 compages
1520 3400 1755 3453 navium.
1783 3400 2007 3469 Mystice

418 3501 599 3546 autem
646 3490 886 3543 bitumen
908 3527 922 3551 ,
946 3488 1088 3557 quod
1117 3496 1198 3541 est
1227 3488 1680 3542 ferventissimam
1711 3497 1765 3542 et
1794 3489 2003 3544 violen-

418 3580 688 3634 tissimum
738 3576 937 3647 gluten,
982 3576 1254 3646 significat
1298 3577 1599 3632 dilectionis
1640 3579 1914 3643 ardorem,
1950 3578 2005 3631 vi

416 3686 613 3741 magna
656 3668 991 3723 fortitudinis
1018 3668 1085 3722 ad
1114 3668 1396 3724 tenendam
1424 3670 1736 3723 societatem
1784 3670 2003 3739 spirita-

417 3762 523 3817 lem
576 3762 756 3814 omnia
804 3758 1173 3814 tolerantem:
1223 3760 1364 3814 unde
1407 3760 1471 3814 de
1516 3775 1656 3814 arca:
1707 3768 2001 3823 structura,

418 3868 605 3923 quam,
639 3852 869 3906 Domino
908 3851 1151 3919 jubente,
1201 3849 1487 3904 aedificavit
1527 3849 1657 3914 Noe,
1694 3852 1764 3904 ita
1809 3852 2005 3919 legitur

418 3944 473 3997 in
504 3943 639 3996 libro
670 3940 897 3996 Genesis
928 3957 940 3991 :
976 3938 1089 3993 Fac
1121 3941 1212 3991 tibi
1246 3956 1423 3993 arcam
1456 3941 1520 3993 de
1553 3941 1708 4009 lignis
1747 3941 2003 4011 levigatis,

418 4031 818 4086 munsiunculas
862 4032 918 4083 in
949 4046 1073 4083 arra
1114 4031 1307 4099 facies,
1342 4040 1390 4082 et
1424 4030 1673 4083 bitumine
1712 4031 1863 4084 finies
1890 4048 2005 4084 eam

418 4125 734 4177 intrinsecus
770 4131 817 4174 et
843 4121 1250 4184 extrinsecus,et
1272 4121 1346 4173 sic
1376 4120 1537 4188 facies
1559 4136 1673 4172 eam
1709 4116 1874 4190 (Cen.
1907 4121 2005 4190 γι).

418 4209 615 4263 Arcam
650 4208 907 4261 instruxit
949 4206 1066 4260 Noe
1096 4206 1161 4260 de
1196 4205 1354 4275 lignis
1396 4220 1500 4259 non
1530 4206 1963 4275 putrescentibus
1995 4224 2007 4258 :

420 4308 475 4353 et
499 4275 741 4351 Ecclesia
765 4295 1103 4350 construitur
1126 4309 1155 4347 a
1178 4295 1393 4349 Christo
1414 4309 1479 4349 ex
1510 4296 1817 4350 hominibus
1843 4297 2012 4350 victu-

423 4388 501 4441 ris
538 4387 591 4439 in
624 4393 905 4439 mternum.
932 4384 1070 4437 Arca
1094 4384 1236 4436 enim
1265 4384 1559 4437 Ecclesium
1582 4384 2009 4449 demonstrabat,

2109 3213 2434 3269 metuentes,
2466 3205 2722 3259 amittunt
2749 3214 2972 3270 azterna,
3022 3221 3141 3275 qua:
3180 3221 3279 3261 nec
3311 3208 3425 3262 dari
3468 3218 3704 3278 possunt

2106 3296 2175 3350 ab
2204 3295 2531 3359 hominibus,
2580 3310 2681 3349 nec
2707 3294 2929 3351 auferri.
2977 3295 3280 3350 Notandum
3308 3308 3512 3363 autem,
3547 3300 3699 3368 quod

2106 3388 2237 3443 salis
2275 3396 2469 3441 natura
2516 3386 2962 3442 infecunditatem
2995 3397 3154 3441 terrae
3188 3388 3350 3453 facit;
3383 3392 3527 3444 unde
3555 3400 3610 3445 et
3642 3391 3703 3446 in

2105 3478 2321 3532 Psalmo
2339 3485 2459 3532 est:
2487 3475 2673 3531 Posuit
2697 3488 2892 3531 terram
2916 3478 3245 3547 fructiferam
3277 3481 3331 3534 in
3370 3480 3703 3552 salsuginem

2106 3571 2123 3639 (
2157 3568 2306 3622 Psal.
2346 3570 2502 3639 cvr);
2554 3577 2607 3621 et
2644 3568 2904 3637 quasdam
2941 3569 3361 3640 urbeslegimus
3399 3572 3479 3626 ira
3518 3574 3700 3629 victo-

2108 3675 2228 3712 rum
2257 3658 2367 3712 sale
2395 3658 2710 3721 seminatas,
2742 3667 2802 3710 ut
2837 3657 3038 3712 nullum
3073 3659 3123 3712 in
3149 3660 3227 3713 eis
3255 3676 3478 3730 germen
3520 3664 3705 3718 orire-

2112 3761 2220 3806 tur.
2250 3751 2553 3820 Allegorice
2573 3758 2752 3804 autem
2787 3750 2889 3803 hoc
2912 3758 2967 3803 et
2996 3752 3249 3805 convenit
3282 3752 3546 3807 doctrinae
3568 3769 3703 3823 apo-

2106 3841 2333 3906 stolicai,
2379 3852 2439 3894 ut
2465 3842 2756 3895 destructis
2796 3841 3231 3895 adversariorum
3280 3843 3701 3909 munitionibus,

2106 3942 2160 3988 et
2190 3931 2399 4001 peccati
2438 3945 2606 4000 regno
2641 3929 2883 3998 dejecto,
2929 3930 3042 3984 sale
3067 3932 3343 3999 sapientia:
3379 3945 3703 4002 compescat

2106 4021 2246 4074 ultra
2276 4020 2328 4073 in
2365 4020 2544 4074 carnis
2573 4019 2845 4083 humanm,
2878 4028 3036 4073 terra:
3071 4022 3251 4075 saeculi
3294 4022 3481 4075 luxum
3532 4035 3705 4092 atque

2110 4110 2405 4165 fmditatem
2432 4110 2737 4178 germinare
2763 4109 3038 4163 vitiorum.
3068 4108 3199 4163 Item
3223 4110 3350 4178 quia
3370 4110 3449 4163 sal
3479 4112 3547 4164 ad
3575 4127 3707 4165 eon-

2111 4199 2335 4255 diendos
2362 4198 2533 4263 cibos,
2575 4214 2879 4267 carnesque
2908 4199 3190 4253 siccandas
3233 4209 3416 4269 aptum
3444 4210 3564 4255 est:
3598 4202 3707 4257 rite

2114 4290 2483 4353 demonstrat,
2540 4289 2682 4357 quod
2749 4304 2844 4357 per
2915 4289 3349 4356 praedicationem
3420 4291 3704 4361 Evangelii

2116 4382 2295 4436 fluxus
2325 4381 2671 4451 restringitur
2696 4381 3029 4449 voluptatum
3065 4399 3077 4432 :
3111 4390 3165 4435 et
3211 4381 3443 4435 humana
3481 4392 3703 4445 natura,

422 4490 545 4546 qua:
570 4481 719 4527 natat
752 4462 1082 4526 in‘fluctibus
1111 4472 1295 4525 mundi
1325 4470 1502 4537 hujus.
1531 4472 1683 4538 Quod
1713 4485 1891 4528 autem
1924 4491 2008 4529 ea-
2036 4466 2084 4523 D
2113 4473 2348 4535 exclusis
2378 4471 2655 4525 vermibus
2697 4478 2751 4524 et
2796 4470 3081 4539 putredine
3111 4478 3476 4538 peccatorum,
3530 4471 3704 4526 illmsa

424 4566 545 4621 dem
577 4578 701 4617 arca
738 4564 805 4616 de
836 4561 996 4632 lignis
1020 4562 1299 4629 quadratis
1345 4560 1463 4614 fieri
1489 4562 1713 4630 jubetur
1749 4565 2004 4633 undique,

422 4655 671 4711 stabilem
704 4654 872 4707 vitam
922 4660 1234 4705 sanctorum
1270 4650 1565 4719 significat,
1595 4650 1661 4703 ad
1686 4665 1847 4705 omne
1876 4667 2011 4720 opus

422 4746 624 4800 bonum
654 4752 939 4811 paratam:
964 4756 1289 4810 quacunque
1330 4742 1473 4795 enim
1505 4740 1738 4796 verteris
1779 4742 2009 4811 quadra-

424 4844 565 4898 tum,
622 4832 851 4885 firmiter
899 4832 1081 4883 stabit.
1142 4831 1294 4897 Quod
1348 4831 1611 4885 bitumine
1673 4832 2008 4902 glutinantur

426 4941 568 4979 arcae
599 4924 743 4995 ligna
794 4923 1118 4976 intrinsecus
1145 4931 1199 4975 et
1226 4923 1561 4975 extrinsecus
1599 4930 1657 4975 ut
1701 4925 1753 4975 in
1792 4938 2004 4992 compa.

427 5016 552 5085 gine
600 5013 848 5076 unitatis,
878 5012 1214 5080 significatur
1246 5012 1557 5065 'tolerantia
1587 5014 1869 5067 charitatis
1897 5054 1911 5077 ,
1942 5028 2008 5067 ne

428 5102 699 5159 scandalis
732 5102 1028 5155 Ecclesium
1056 5102 1407 5167 teutantibus,
1446 5103 1560 5156 sive
1595 5104 1772 5157 abhis
1798 5104 1889 5172 qui
1924 5104 2009 5157 iu-

429 5204 517 5249 tus
548 5202 695 5257 sunt,
724 5194 837 5245 sive
868 5194 935 5245 ab
968 5192 1051 5245 bis
1098 5193 1187 5259 qui
1221 5193 1351 5247 foris
1388 5202 1539 5259 sunt,
1570 5196 1726 5249 cedat
1767 5195 2008 5249 fraterna

426 5287 705 5357 junctura,
734 5291 789 5336 et
826 5282 1067 5336 solvatur
1095 5282 1367 5336 vinculum
1392 5285 1558 5352 pacis.
1589 5284 1815 5340 Alumen
1848 5301 2012 5339 voea-

434 5385 605 5430 tuma
636 5373 867 5438 lumine,
902 5374 1044 5440 quod
1092 5372 1271 5428 lumen
1322 5374 1590 5429 coloribus
1637 5384 1856 5445 praestat
1902 5377 2009 5429 tiu-

434 5465 658 5535 guendis
701 5483 713 5518 :
750 5477 833 5519 est
896 5476 1072 5519 autem
1135 5466 1350 5535 salsugo
1415 5474 1613 5531 terrze,
1677 5467 2011 5537 efficiturque

436 5555 613 5608 hieme
641 5569 705 5608 ex
748 5570 882 5624 aqua
925 5566 979 5609 et
1020 5556 1169 5621 limo,
1209 5564 1265 5609 et
1305 5555 1507 5609 :estivis
1540 5556 1741 5611 solibus
1774 5566 2015 5610 matura-

443 5654 547 5697 tur.
591 5638 759 5714 Hujus
788 5646 995 5716 species
1026 5647 1143 5702 dua:
1171 5656 1294 5702 sunt
1320 5661 1333 5700 :
1367 5646 1627 5717 liquidum
1656 5656 1711 5701 et
1756 5646 2009 5716 spissum.

2112 4572 2361 4617 servatur
2396 4579 2498 4616 suo
2524 4563 2787 4616 conditori
2818 4576 2919 4630 per.
2942 4561 3059 4628 ejus
3083 4562 3381 4616 custodiam
3412 4562 3704 4617 mandato-

2114 4674 2252 4711 rum.
2284 4658 2489 4709 Bonum
2519 4658 2715 4725 quippe
2742 4665 2822 4709 est
2858 4655 2950 4709 Dei
2973 4657 3196 4709 verbum
3224 4658 3411 4710 audire
3440 4655 3707 4739 frequen-

2114 4750 2241 4807 tius.
2275 4748 2383 4801 sale
2405 4748 2681 4816 sapientize
2725 4746 2981 4815 spiritalis
3008 4747 3188 4800 cordis
3226 4762 3427 4801 arcana
3460 4747 3702 4812 condiri,

2116 4838 2225 4891 imo
2258 4838 2429 4905 ipsum
2465 4852 2586 4890 cum
2618 4835 2874 4904 apostolis
2904 4836 2977 4888 sal
3028 4847 3186 4889 terra:
3218 4836 3354 4899 fieri,
3386 4836 3436 4888 id
3466 4843 3569 4897 est,
3607 4850 3703 4888 eo—

2119 4942 2237 4979 rum
2268 4941 2481 4993 quoque
2522 4926 2610 4993 qui
2640 4926 2813 4979 adhuc
2850 4934 3062 4976 terrena
3111 4924 3348 4992 sapiunt,
3396 4923 3704 4979 imbuendis

2117 5016 2386 5069 mentibus
2416 5014 2675 5067 sufficere.
2709 5014 2777 5065 At
2809 5013 2853 5065 si
2886 5013 3008 5080 quis
3044 5014 3209 5067 semel
3238 5012 3578 5066 condimento
3609 5026 3705 5066 ve-

2118 5107 2292 5160 ritatis
2321 5106 2651 5160 illuminatus
2684 5105 2750 5157 ad
2795 5104 3120 5173 apostasiam
3155 5104 3397 5167 redierit,
3442 5118 3549 5172 quo
3591 5104 3705 5157 alio

2119 5199 2338 5251 doctore
2362 5198 2681 5266 corrigitur,
2718 5195 2808 5263 qui
2837 5209 2954 5247 eam
3001 5210 3162 5262 quam
3197 5195 3308 5263 ipse
3339 5193 3570 5262 gustavit
3612 5208 3704 5247 sa-

2116 5288 2330 5357 pientiae
2355 5288 2715 5349 dulcedinem,
2741 5285 2826 5339 vel
2856 5284 3098 5338 adversis
3137 5284 3319 5338 szeculi
3349 5283 3706 5353 perterritus,

2120 5378 2202 5433 vel
2251 5378 2514 5432 illecebris
2546 5378 2755 5431 illectus
2804 5374 3035 5442 alijecit?
3084 5374 3235 5435 Sicut
3274 5388 3402 5442 ergo
3438 5371 3517 5425 sal
3556 5371 3713 5427 infao

2120 5478 2323 5522 tuatum
2354 5484 2476 5522 cum
2511 5467 2579 5521 ad
2604 5466 2934 5521 condicndos
2966 5466 3115 5517 cibos
3155 5477 3452 5533 carnesque
3489 5462 3713 5519 siccan-

2119 5561 2215 5613 das
2238 5558 2413 5611 valere
2460 5557 2703 5621 desierit,
2735 5556 2880 5609 nullo
2920 5555 3031 5624 jam
3066 5556 3182 5607 usui
3228 5564 3408 5623 aptum
3436 5554 3568 5619 erit;
3600 5570 3712 5610 ne-

2120 5662 2221 5716 que
2242 5648 2383 5703 enim
2416 5645 2505 5717 (ut
2534 5648 2668 5703 alius
2691 5655 2943 5722 _testatur
2972 5645 3305 5713 Evangelista
3331 5646 3348 5715 )
3396 5648 3447 5699 in
3496 5657 3712 5703 terrain
