3922 6320
223 302 312 359 661

1171 292 1261 348 DE
1300 287 1648 350 UNIVERSO
1688 284 1866 341 LIBRI
1904 284 2068 340 XXII.
2108 314 2179 325 —
2218 283 2345 339 LIB.
2386 284 2547 339 XVII.

3286 280 3301 299 '
3373 282 3480 337 469

224 417 343 472 utile
368 420 471 477 est,
524 407 683 478 cujus
724 407 921 479 injectu
965 405 1273 477 germinare
1304 403 1665 472 prohibetur:
1697 413 1794 452 ne-
1824 402 1873 458 Α
1898 397 2154 451 scientias
2210 395 2560 466 singulorum.
2607 394 2995 453 Aphronitrum
3035 395 3243 460 Graece,
3287 395 3481 454 Latine

223 522 320 577 que
347 504 398 557 in
426 498 830 568 sterquilinium
875 494 1220 566 agriculturae
1266 492 1610 561 profuturum
1652 488 1796 558 quod

222 590 488 651 vivacibus
514 588 645 643 licet
695 588 865 657 glebis
906 586 1202 640 immistum
1233 598 1338 637 non
1384 581 1555 635 fetare
1592 580 1797 633 semina

223 683 448 751 frugum,
474 679 571 733 sed
617 678 961 746 exstinguere
1007 673 1333 727 naturaliter
1364 671 1518 726 solet.
1547 664 1662 723 ~Sic
1699 669 1796 721 ho-

222 772 392 835 minis,
428 771 521 841 qui
564 777 687 840 post
726 764 1058 839 agnitionem
1087 765 1334 819 veritatis
1374 773 1522 819 retro
1554 762 1795 827 redierit,

222 879 383 934 neque
428 864 543 933 ipse
570 861 804 915 fructum
841 858 964 913 boni
1004 858 1183 927 operis
1226 855 1390 920 ferre,
1444 868 1619 924 neque
1667 852 1801 908 alios

221 954 460 1011 excolere
482 952 647 1015 valet,
679 949 771 1005 sed
812 947 959 1004 foras
986 947 1301 1010 mittendus,
1331 947 1433 1001 hoc
1459 952 1559 1007 est,
1598 945 1665 999 ab
1700 944 1801 998 Ec-

221 1043 388 1101 clesia:
419 1049 506 1095 est
541 1040 747 1094 unitate
790 1038 1177 1102 secernendus,
1205 1045 1266 1089 ut
1278 1035 1431 1105 juxta
1459 1036 1618 1089 aliam
1644 1050 1802 1106 para-

221 1132 387 1189 bolam
421 1130 714 1184 irridentes
742 1144 865 1183 eum
891 1127 1093 1183 inimici
1123 1127 1307 1181 dicant
1330 1143 1343 1181 :
1371 1126 1509 1191 Quia
1536 1126 1619 1179 hic
1646 1126 1800 1179 homo

221 1224 359 1293 carpit
386 1222 670 1290 (edi/icere,
696 1230 742 1274 et
767 1237 869 1274 non
894 1219 1060 1289 potuit
1082 1232 1447 1272 Consummare
1478 1216 1639 1288 (Luc.
1664 1216 1796 1287 xw).

222 1312 423 1369 Nitrum
459 1328 490 1364 a
523 1311 641 1365 loco
676 1309 907 1378 sumpsit
955 1306 1277 1361 vocabulum
1318 1320 1333 1360 :
1374 1306 1614 1360 nascitur
1657 1304 1801 1359 enim

220 1404 270 1459 in
294 1402 486 1471 oppido
513 1401 596 1457 vel
632 1401 850 1470 regione
873 1398 1115 1469 Egypti,
1149 1396 1345 1463 Nitria,
1385 1412 1451 1451 ex
1481 1412 1587 1467 quo
1616 1406 1671 1451 et
1695 1410 1803 1450 me-

219 1492 400 1546 dicina:
434 1490 587 1553 ﬁunt,
619 1500 670 1544 et
694 1490 884 1544 sordes
912 1503 1199 1559 corporum
1243 1488 1583 1556 vestiumque
1612 1486 1799 1539 lavan-

220 1588 319 1635 tur.
348 1579 518 1647 Hujus
564 1589 755 1634 natura
804 1594 908 1634 non
942 1578 1169 1632 multum
1202 1593 1232 1632 a
1267 1578 1381 1633 sale
1423 1579 1605 1633 distat.
1632 1576 1802 1631 liabet

216 1671 351 1725 enim
394 1670 651 1724 virtutem
682 1670 835 1734 salis,
863 1677 916 1723 et
957 1668 1206 1723 similiter
1244 1669 1420 1723 oritur
1465 1667 1801 1723 eaneseenti-

1896 500 2086 555 spuma
2117 486 2247 539 nitri
2274 494 2358 539 est
2382 504 2393 537 :
2428 486 2493 539 de
2517 501 2625 555 quo
2647 485 2865 555 quidam
2898 484 3235 557 [Martialis]
3262 485 3373 540 ait:

1895 592 2122 656 Bustitus
2144 606 2219 651 es,
2244 596 2407 641 nescis
2428 596 2541 656 quid
2568 594 2735 645 Graeco
2760 596 2956 643 nomine
2989 595 3136 644 dicar.

1895 655 2074 716 Spuma
2101 668 2243 704 vocor
2270 658 2383 703 uitri
2406 667 2420 704 :
2448 655 2645 705 Graecus
2668 669 2742 717 es,
2768 657 3025 718 aphronito
3059 657 3477 720 (Aphronitrum).

1898 754 2179 825 Colligitur
2206 754 2260 809 in
2289 753 2417 809 Asia
2443 770 2473 808 a
2511 755 2780 825 speluncis
2816 755 3103 821 distillans,
3135 757 3329 812 dehinc
3378 758 3484 814 sior

1900 854 2055 900 catur
2095 846 2209 902 sole
2241 863 2253 899 :
2289 848 2550 916 optimum
2574 856 2812 917 putatur,
2840 849 2885 904 si
2913 851 3133 906 minime
3164 850 3325 905 fuerit
3350 866 3483 921 pon-

1900 937 2190 1005 derosum,
2237 947 2293 995 et
2344 939 2580 994 maxime
2639 938 2882 1007 friabile,
2938 942 3119 997 colore
3168 957 3306 1013 pene
3353 958 3483 1013 pur-

1900 1043 2087 1099 pureo.

2511 1120 2739 1177 CAPUT
2776 1120 2859 1176 lll.

2328 1211 2405 1266 De
2448 1212 2709 1282 lapidibus
2743 1212 3059 1281 vulgaribus.

1974 1302 2204 1374 Lapides
2234 1312 2490 1374 tanquam
2534 1314 2677 1359 terra
2717 1306 2937 1359 densior
2972 1305 3139 1361 etiam‘
3172 1306 3332 1375 vulgo
3375 1306 3485 1361 dis-

1902 1403 2221 1448 cernuntur.
2270 1392 2433 1462 Lapis
2462 1402 2643 1447 autem
2674 1394 2852 1449 dictus
2875 1395 3019 1463 quod
3048 1395 3207 1449 laedat
3243 1397 3435 1465 pedem
3468 1411 3480 1447 :

1902 1483 2040 1555 lapis
2067 1484 2283 1539 mobilis
2303 1493 2387 1539 est
2411 1492 2465 1539 et
2491 1499 2742 1553 sparsus:
2768 1501 2897 1540 saxa
2922 1486 3127 1539 haerent
3152 1494 3207 1539 et
3232 1500 3262 1539 a
3287 1484 3485 1540 monti-

1901 1574 2004 1630 bus
2047 1575 2390 1630 exciduntur.
2433 1574 2591 1629 Petra
2618 1574 2864 1629 Graecum
2892 1586 2994 1632 est.
3032 1576 3179 1631 Silex
3206 1587 3289 1632 est
3318 1578 3486 1632 durus

1902 1663 2057 1735 lapis,
2074 1679 2140 1719 eo
2162 1664 2303 1733 quod
2334 1664 2710 1734 cxsiliatdgnis
2737 1666 2805 1719 ab
2832 1680 2916 1731 eo,
2942 1667 3134 1721 dictus.
3163 1664 3427 1737 Scopulus
3457 1681 3488 1721 a

217 1760 311 1813 bus
342 1759 589 1812 siccitate
638 1757 927 1811 littoribus.
966 1754 1098 1811 Nam
1130 1754 1272 1810 sicut
1309 1756 1477 1809 salem
1521 1756 1572 1807 in
1620 1754 1798 1808 littore
1828 1742 1873 1801 Β
1902 1769 2034 1809 saxo
2057 1754 2335 1818 eminenti,
2361 1754 2514 1823 quasi
2538 1770 2567 1807 a
2592 1750 2942 1824 speculando,
2966 1756 3162 1824 dictus,
3197 1757 3311 1811 sive
3338 1772 3368 1810 a
3410 1765 3487 1811 te-

217 1849 373 1903 tnaris
404 1848 588 1904 fervor
614 1847 833 1903 conﬁcit
856 1846 1003 1911 solis,
1039 1847 1284 1900 durando
1311 1847 1363 1900 in
1390 1854 1597 1915 petram
1628 1860 1799 1915 aquas

214 1938 472 2001 marinas,
504 1953 639 2005 quas
667 1934 838 2003 major
873 1935 955 1987 vis
998 1943 1282 1989 ventorum
1317 1935 1397 1989 vel
1435 1935 1602 2003 ipsius
1634 1934 1800 1988 maris

213 2027 386 2084 fervor
430 2028 485 2081 in
514 2027 695 2080 littora
742 2023 994 2078 ulteriora
1032 2022 1321 2091 projecerit
1349 2041 1360 2076 :
1389 2023 1462 2076 ita
1505 2022 1557 2075 in
1603 2020 1798 2085 Nitria,

214 2116 300 2172 ubi
344 2125 537 2171 aestate
584 2114 779 2183 pluviae
834 2112 1156 2182 prolixiores
1201 2111 1445 2165 tellurem
1491 2108 1795 2173 infundunt,

212 2208 380 2263 aderit
408 2208 575 2260 ardor
600 2205 794 2260 sideris
824 2212 1026 2266 tantus,
1060 2202 1153 2272 qui
1181 2202 1325 2271 ipsas
1348 2216 1515 2271 aquas
1537 2198 1799 2270 pluviales

212 2312 301 2367 per
346 2298 690 2350 latitudinem
756 2309 1047 2349 arenarum
1119 2300 1429 2361 concoquat
1476 2292 1530 2344 in
1588 2298 1797 2360 petram

212 2390 305 2444 sali
333 2388 555 2459 quidem
590 2384 673 2440 vel
716 2384 906 2456 glaciei
930 2382 1172 2452 aspectui
1200 2382 1529 2436 simillimam
1561 2398 1573 2433 :
1604 2379 1698 2433 sed
1725 2378 1799 2432 nil

211 2477 358 2549 gelidi
395 2476 626 2546 rigoris,
683 2473 758 2527 nil
785 2472 914 2532 salis
961 2472 1171 2541 saporis
1218 2470 1528 2535 habentem,
1569 2475 1801 2538 (1113318-

212 2582 325 2621 men
348 2566 504 2634 juxta
537 2574 788 2618 naturam
819 2563 948 2618 salis
979 2563 1029 2617 in
1067 2572 1315 2617 caumate
1340 2561 1571 2624 durare,
1615 2568 1709 2614 aut
1742 2560 1797 2614 in

214 2656 445 2709 nubilosa
481 2669 611 2708 aere
659 2652 825 2707 liuere
868 2668 931 2707 ac
974 2652 1239 2721 liqueﬁeri
1280 2652 1437 2707 solet.
1475 2652 1625 2706 Hane
1658 2650 1797 2705 indi-

213 2760 353 2815 gena:
389 2752 669 2797 sumentes
693 2751 933 2808 servant,
962 2750 1017 2797 et
1053 2742 1143 2796 ubi
1180 2758 1316 2813 Opus
1362 2742 1653 2806 exstiterit,
1700 2756 1798 2810 pro

214 2838 439 2889 tomento
476 2842 723 2889 utuntur.
772 2833 924 2888 Unde
952 2833 1149 2888 Judtcce
1188 2834 1435 2903 peccanti
1481 2833 1613 2887 dicit
1659 2832 1795 2887 Pro-

211 2924 365 2995 pheta
402 2942 413 2976 :
457 2922 517 2977 Si
570 2922 760 2976 laveris
818 2930 866 2975 te
915 2923 1086 2988 nitro,
1134 2931 1181 2976 et
1224 2921 1652 2990 multiplicaveris
1705 2921 1799 2974 tibi

211 3015 411 3069 herbam
444 3015 614 3069 borith
644 3029 663 3066 .'
686 3013 950 3067 maculata
980 3030 1032 3066 es
1054 3014 1107 3067 in
1122 3003 1393 3083 iniquitate
1416 3021 1527 3074 tua,
1546 3012 1673 3065 dicit
1690 3010 1795 3064 Do-

1900 1852 2156 1913 gutnento
2172 1846 2411 1908 navium,
2429 1860 2530 1912 apo
2546 1855 2634 1899 ton
2652 1845 2891 1916 skepein.
2912 1847 3070 1917 Lapis
3087 1847 3168 1902 vel
3187 1856 3340 1918 petra
3354 1846 3489 1902 mul-

1902 1934 2138 2002 tiplicem
2156 1934 2609 2004 signiﬁeationem
2628 1935 2809 1989 habet.
2830 1938 3134 2007 Aliquando
3149 1939 3295 1993 enim
3316 1938 3485 2008 signi-

1902 2024 2318 2079 ﬁcatChristum
2352 2037 2573 2095 propter
2598 2025 2907 2080 ﬁrmitatem
2944 2027 3065 2083 ﬁdei
3090 2035 3252 2097 atque
3297 2028 3484 2083 solidi-

1902 2122 2067 2167 tatem
2114 2114 2378 2179 veritatis,
2431 2123 2488 2167 ut
2534 2122 2617 2168 est
2667 2115 2795 2168 illud
2844 2117 2894 2169 in
2945 2117 3151 2187 psalmo
3191 2116 3487 2187 :Lapidem

1897 2220 2051 2273 quem
2099 2203 2503 2273 reprobaverunt
2550 2205 2908 2273 a'di/icantes,
2958 2207 3041 2259 hic
3096 2206 3264 2275 factus
3310 2217 3383 2260 est
3432 2209 3489 2260 in

1899 2305 2055 2365 caput
2102 2295 2323 2365 anguli:
2348 2313 2380 2349 a
2413 2295 2637 2349 Domino
2664 2296 2863 2365 factum
2899 2306 2995 2363 est,
3024 2306 3072 2351 et
3118 2306 3194 2352 est
3246 2290 3486 2352 mirabile

1900 2386 1955 2438 iu
1988 2384 2152 2439 oculis
2198 2388 2388 2439 nostris
2431 2384 2616 2457 (Psal.
2642 2386 2840 2457 cxvu).
2876 2386 2942 2441 Et
2972 2386 3262 2456 Apostolus
3292 2400 3306 2439 :
3333 2385 3489 2440 Bibe-

1902 2474 2048 2539 bant,
2072 2474 2260 2544 inquit,
2287 2475 2351 2527 de
2378 2474 2640 2544 spirituali
2665 2476 2995 2545 consequenti
3025 2491 3111 2529 eos
3134 2485 3319 2543 petra:
3342 2486 3492 2543 petra

1903 2574 2077 2618 autem
2116 2574 2225 2617 erat
2267 2562 2507 2618 Christus
2536 2564 2554 2636 (
2582 2563 2612 2617 Ι
2652 2561 2773 2618 Cor.
2814 2564 2890 2635 χ).
2922 2563 3225 2633 Aliquando
3254 2579 3383 2618 vero
3407 2565 3487 2619 la-

1901 2655 2043 2725 pidis
2086 2656 2303 2710 nomine
2339 2648 2715 2727 signiﬁcantur
2749 2655 2973 2725 apostoli
3012 2664 3106 2709 aut
3148 2655 3321 2709 sancti
3360 2656 3485 2719 viri,

1900 2745 2013 2799 sive
2061 2745 2175 2814 ipsa
2227 2759 2389 2815 opera
2442 2746 2736 2810 virtutum;
2792 2746 2931 2800 unde
2990 2746 3252 2815 scriptum
3302 2754 3385 2800 est
3431 2746 3484 2799 in

1900 2833 2225 2907 Apocalypsi
2254 2854 2266 2889 :
2299 2834 2669 2889 Fundamenta
2698 2837 2837 2889 muri
2866 2836 3089 2889 civitatis
3112 2836 3287 2888 omnia
3315 2836 3490 2904 lapide

1900 2924 2124 2992 pretioso
2156 2933 2344 2977 ornata
2372 2924 2390 2995 (
2414 2923 2575 2993 Apoc.
2606 2923 2755 2997 ut).
2784 2925 2848 2978 Et
2874 2926 2924 2979 in
2952 2923 3159 2994 psalmo
3187 2926 3251 2979 de
3282 2926 3488 2980 sanctis

1903 3014 2165 3083 scriptum
2195 3021 2277 3070 est
2306 3033 2319 3067 :
2364 3013 2755 3083 Beneplacitum
2784 3015 3077 3068 habuerunt
3111 3014 3246 3067 servi
3276 3015 3372 3079 tui,
3404 3012 3486 3068 la-

211 3104 373 3157 minus
408 3105 554 3157 Deus
584 3102 737 3173 (Jer.
772 3118 808 3156 n
835 3101 873 3172 ).
907 3102 1149 3171 Crepitat
1175 3072 1355 3156 autem
1382 3101 1436 3155 in
1468 3072 1628 3171 aqua,
1663 3114 1796 3170 quo-
1824 3072 1867 3135 Ο
1897 3072 2043 3176 pides
2084 3106 2197 3177 ejus
2223 3117 2269 3160 et
2300 3115 2453 3162 terrae
2486 3072 2603 3176 ejus
2632 3107 3008 3161 miserebantur
3044 3107 3234 3178 (Psal.
3271 3124 3319 3163 Cl
3345 3072 3385 3180 )'.
3417 3108 3486 3163 Et

210 3194 361 3248 modo
392 3193 513 3269 calx
530 3193 692 3246 viva:
718 3200 771 3246 et
793 3192 906 3260 ipsa
932 3191 1147 3259 quidem
1182 3190 1407 3260 disperit
1432 3207 1449 3256 ;
1474 3193 1568 3247 sed
1592 3206 1793 3259 aquam
1814 3236 1844 3263 ,
1899 3197 2026 3251 alibi
2052 3215 2064 3251 :
2090 3197 2333 3268 Lapides,
2365 3198 2560 3269 inquit,
2594 3200 2757 3253 sancti
2780 3198 3053 3253 volvuntur
3082 3216 3236 3269 super
3263 3196 3480 3255 terram.

210 3265 474 3337 lavationi.
506 3282 741 3337 habilem
788 3280 983 3336 reddit.
1011 3278 1177 3348 Cujus
1210 3288 1402 3335 natura
1442 3280 1529 3335 cui
1568 3280 1641 3335 sit
1670 3290 1796 3350 apta

210 3372 409 3444 figurae,
464 3388 697 3428 cernens
737 3371 993 3426 Salomon
1032 3372 1149 3425 ait:
1182 3371 1402 3424 Acetum
1449 3372 1503 3423 in
1552 3370 1709 3435 nitro,
1749 3380 1795 3423 et

208 3464 293 3534 qui
318 3472 495 3516 cantat
520 3463 760 3515 carmina
790 3461 945 3514 corde
967 3461 1189 3529 pessimo
1215 3463 1231 3530 (
1256 3460 1416 3513 Prov.
1466 3476 1573 3513 xxv
1595 3459 1636 3530 ).
1665 3460 1797 3514 Ace-

211 3560 319 3607 tum
348 3554 549 3622 quippe
590 3550 636 3605 si
684 3550 929 3604 mittatur
955 3550 1010 3604 in
1036 3550 1263 3615 nitrum,
1293 3547 1548 3603 fervescit
1591 3549 1797 3602 nitrum

211 3644 474 3714 protinus,
523 3650 576 3696 et
608 3640 800 3695 ebullit
829 3658 839 3692 :
868 3648 922 3693 et
962 3656 1217 3709 perversa
1259 3654 1413 3694 mens
1454 3640 1671 3710 quando
1702 3656 1801 3709 per

212 3734 636 3804 inerepationem
678 3730 1002 3800 corripitur;
1045 3730 1110 3785 de
1148 3731 1493 3799 correptione
1544 3732 1603 3783 ﬁt
1648 3731 1799 3784 dete-

215 3825 337 3889 rior,
378 3834 433 3878 et
465 3825 591 3878 inde
623 3824 675 3877 in
698 3821 1143 3876 murmurationis
1181 3822 1524 3891 iniquitatem
1570 3837 1795 3877 succen-

213 3914 368 3977 ditur,
402 3914 550 3968 unde
580 3912 765 3967 debuit
795 3912 859 3965 ab
891 3912 1173 3980 iniquitate
1196 3912 1485 3981 compesci.
1519 3910 1669 3978 Quod
1695 3928 1795 3965 au-

214 4013 314 4059 tem
352 4006 418 4059 de
460 4004 781 4074 prophetica
829 4012 1099 4057 sententia
1145 4018 1305 4073 supra
1350 4005 1793 4068 commemoravi,

211 4098 297 4151 ubi
325 4098 588 4165 scriptum
621 4104 703 4149 est
732 4112 745 4149 :
781 4094 839 4148 Si
868 4094 1054 4148 laveris
1082 4104 1129 4148 te
1159 4096 1314 4159 nitro,
1347 4105 1392 4147 et
1423 4094 1797 4164 multiplicave-

214 4187 281 4241 ris
309 4188 399 4240 tibi
429 4187 649 4240 herbam
675 4186 863 4250 borith,
884 4193 988 4239 etc.
1016 4184 1150 4255 (Jer.
1183 4185 1266 4256 tt);
1291 4202 1389 4255 pro
1420 4187 1585 4241 herba
1617 4188 1794 4242 borith

212 4278 566 4350 Septuaginta
608 4278 1000 4332 transtulerunt
1024 4278 1203 4347 poian,
1229 4287 1288 4331 ut
1312 4279 1646 4347 signiﬁcaret
1674 4280 1797 4333 her-

212 4373 326 4428 bam
357 4374 647 4437 fullonum,
668 4387 786 4442 qua:
808 4370 962 4440 juxta
991 4372 1152 4425 ritum
1176 4372 1471 4441 provincia)
1497 4372 1796 4425 Palmstinm

212 4462 262 4515 in
291 4465 597 4518 virentibus
628 4470 681 4515 et
719 4460 984 4514 humectis
1032 4461 1277 4515 nascitur
1326 4461 1481 4525 locis,
1529 4470 1584 4514 et
1615 4462 1677 4515 ad
1724 4461 1799 4514 la-

214 4552 409 4604 vandas
435 4551 631 4605 sordes
670 4548 912 4601 eamdem
941 4546 1047 4601 vim
1091 4548 1273 4613 habet,
1304 4564 1463 4617 quam
1493 4558 1547 4603 et
1576 4551 1793 4603 nitrum.

211 4640 416 4695 Nitrum
448 4651 633 4694 autem
663 4649 905 4693 nostrum
932 4647 987 4692 et
1024 4639 1190 4694 herba
1237 4640 1451 4695 fallonis
1483 4641 1796 4709 pmnitentia

211 4741 289 4786 est
320 4751 332 4784 :
358 4732 768 4786 ecclesiasticus
798 4745 1009 4799 quoque
1053 4746 1255 4796 sermo,
1308 4732 1399 4800 qui
1433 4733 1611 4800 arguit
1637 4740 1690 4785 et
1720 4732 1798 4784 in—

212 4834 389 4893 crepat
416 4834 471 4878 et
514 4823 745 4892 corripit
783 4822 1207 4892 dclinqucnlem,
1254 4824 1633 4877 moderatioris
1672 4822 1797 4875 nitri

214 4915 369 4969 habet
393 4914 810 4968 similitudinem
838 4931 848 4965 :
874 4914 964 4983 qui
988 4928 1113 4967 vero
1140 4913 1241 4967 levi
1266 4922 1610 4982 peccatorum
1640 4915 1799 4968 sorde

214 5006 512 5059 maculatus
556 5013 661 5069 est,
717 5003 1008 5059 levioribus
1037 5015 1298 5075 purgatur
1342 5007 1581 5060 monitis.
1631 5005 1799 5061 Porro

212 5106 425 5163 peccata
457 5096 671 5167 gravia,
699 5112 816 5163 quas
849 5097 916 5149 ad
962 5105 1188 5151 mortem
1220 5099 1460 5162 trahunt,
1505 5114 1603 5152 nec
1634 5098 1797 5164 nitro,

216 5202 309 5241 nec
341 5190 511 5243 herba
540 5187 721 5241 borith
764 5187 890 5239 dilui
918 5196 1166 5256 possunt,
1200 5188 1291 5241 sed
1322 5188 1658 5256 gravioribus
1687 5197 1798 5243 tor-

216 5282 408 5334 mentis
440 5281 686 5349 indigent
712 5294 724 5331 :
752 5276 1174 5349 Uniuscujusque
1198 5280 1335 5333 enim
1366 5295 1491 5347 opus
1528 5279 1683 5348 quale
1711 5281 1800 5345 sit,

217 5366 345 5435 ignis
389 5369 634 5435 probabit
658 5377 704 5420 et
736 5367 850 5436 igne
890 5366 1203 5419 revelabitur
1247 5365 1315 5437 (1
1351 5366 1471 5420 Cor.
1515 5383 1573 5420 tu
1602 5366 1641 5436 ).
1675 5368 1798 5421 Pul-

218 5458 449 5526 chreque
498 5459 748 5512 addidit:
787 5455 1055 5511 Maculata
1106 5473 1157 5511 es
1208 5458 1261 5510 in
1302 5459 1574 5529 iniquitate
1614 5469 1705 5511 tua
1748 5461 1801 5513 in

220 5558 488 5616 conspectu
530 5564 647 5600 meo
680 5547 822 5617 (Jer.
874 5546 982 5617 tt);
1013 5547 1152 5616 quod
1180 5547 1343 5601 etiam
1398 5549 1442 5602 si
1493 5548 1803 5604 hominibus

221 5639 411 5694 munda
442 5637 707 5701 videaris,
756 5638 882 5691 mihi
927 5636 1122 5692 munda
1145 5650 1250 5692 non
1274 5651 1355 5703 es,
1388 5638 1477 5707 qui
1510 5638 1631 5693 novi
1676 5654 1802 5694 con-

1900 3287 2032 3343 ltem
2060 3288 2265 3358 lapides
2303 3290 2595 3359 aliquando
2622 3289 2929 3359 signiﬁcant
2961 3290 3206 3346 ordinem
3233 3291 3491 3361 praeposi-

1902 3389 2077 3434 torum
2104 3380 2155 3433 in
2170 3380 2429 3445 Ecclesia,
2458 3381 2522 3435 de
2543 3380 3013 3450 quibusleremias
3040 3398 3050 3433 :
3082 3380 3311 3449 Dispersi
3339 3390 3482 3444 sunt,

1901 3468 2093 3537 inquit,
2136 3469 2333 3539 lapides
2376 3470 2667 3523 sanctuarii
2708 3470 2761 3522 in
2808 3471 2974 3539 capite
3007 3471 3236 3523 omnium
3283 3469 3484 3539 platea-

1900 3574 2016 3609 rum
2044 3556 2271 3627 (Tltren.
2324 3557 2431 3627 tv),
2476 3558 2528 3613 id
2558 3567 2640 3612 est
2671 3559 2723 3611 in
2753 3558 2978 3611 latarum
3014 3559 3483 3628 spatiosarumque

1901 3647 2130 3710 viarum,
2163 3662 2283 3716 qua:
2311 3647 2513 3702 ducunt
2552 3648 2617 3700 ad
2642 3647 3019 3714 perditionem.
3050 3648 3349 3717 Aliquando
3384 3662 3485 3716 po-

1902 3738 2083 3806 pulum
2132 3736 2462 3803 Judzeorum,
2504 3739 2570 3792 de
2602 3738 2796 3806 quibus
2840 3738 2891 3791 in
2936 3740 3197 3807 propheta
3238 3738 3482 3792 dicitur:

1904 3826 2089 3879 Tollite
2116 3826 2313 3895 lapides
2340 3826 2404 3879 de
2436 3827 2536 3889 ria,
2568 3837 2613 3879 et
2646 3827 2860 3895 redigite
2886 3829 2939 3879 in
2979 3844 3185 3881 acervos
3219 3828 3236 3895 (
3254 3828 3367 3881 Jer.
3391 3845 3420 3881 ι
3443 3828 3487 3897 ).

1902 3913 2162 3968 Similiter
2190 3923 2369 3968 autem
2414 3915 2617 3983 lapides
2658 3915 2963 3983 signiﬁcant
3007 3916 3260 3969 duritiam
3304 3916 3484 3971 cordis

1900 4005 2200 4075 gentilium,
2233 4006 2299 4059 de
2332 4004 2527 4073 quibus
2564 4004 2821 4058 Dominus
2859 4004 2969 4057 ait:
3003 4004 3194 4059 Potens
3226 4015 3298 4059 est
3340 4006 3484 4060 Deus

1901 4095 1964 4148 de
1989 4094 2248 4163 lapidibus
2280 4096 2392 4149 istis
2433 4096 2685 4149 suscitare
2715 4096 2852 4163 ﬁlios
2875 4097 3098 4150 Abralta'
3130 4097 3147 4166 (
3176 4096 3301 4152 Luc.
3336 4098 3438 4170 nt)
3470 4117 3484 4153 ε

1901 4184 2171 4255 signiﬁcat
2202 4194 2379 4239 autem
2404 4194 2683 4254 ctpetrosa
2702 4195 2844 4239 terra
2872 4188 3208 4241 sterilitatem
3234 4190 3482 4244 cordium

1902 4276 2275 4344 reproborum,
2307 4275 2449 4329 unde
2477 4275 2529 4328 in
2568 4275 2856 4345 Evangelio
2886 4278 3143 4345 scriptum
3191 4286 3274 4331 est
3307 4278 3323 4349 (
3349 4277 3480 4332 Luc.

1902 4364 2057 4433 vm),
2102 4365 2246 4434 quod
2295 4380 2479 4418 semen
2530 4365 2678 4428 illud,
2714 4366 2855 4433 quod
2882 4366 2933 4420 in
2967 4375 3161 4421 terrain
3211 4377 3481 4437 petrosam

1905 4452 2124 4516 cecidit,
2176 4453 2412 4507 radicem
2454 4469 2557 4507 non
2612 4454 2864 4518 haberet;
2914 4457 3261 4523 reprohorum
3315 4459 3479 4511 corda

1904 4551 2265 4612 opportunum
2315 4543 2545 4597 fructum
2583 4544 2775 4599 afferre
2804 4561 2907 4599 non
2940 4556 3159 4615 possunt
3190 4565 3201 4600 :
3240 4563 3303 4602 eo
3340 4550 3483 4617 quod

1904 4631 1971 4685 ad
2004 4640 2215 4701 tempus
2245 4632 2471 4687 credunt
2497 4642 2552 4686 et
2581 4633 2633 4687 in
2664 4645 2903 4705 tempore
2938 4639 3245 4692 tentalionis
3277 4655 3305 4691 a
3336 4648 3479 4693 statu

1898 4721 2122 4790 justitite
2173 4723 2449 4777 recedunt.
2486 4724 2615 4778 Item
2662 4725 2726 4779 de
2774 4727 2967 4779 duritia
3019 4724 3211 4781 diaboli
3245 4730 3295 4782 in
3344 4730 3483 4785 libro

1904 4810 2003 4866 Job
2033 4813 2291 4882 scriptum
2330 4822 2411 4867 est
2438 4832 2448 4865 :
2486 4812 2589 4866 Cor
2616 4816 2729 4882 ejus
2760 4816 3092 4868 indurabitur
3120 4826 3367 4885 tauquam
3395 4818 3480 4872 la-

1906 4901 1985 4969 pis
2024 4901 2181 4969 (Job.
2237 4902 2365 4971 xu)
2398 4917 2411 4955 :
2447 4904 2570 4971 quia
2628 4904 2770 4957 nulla
2824 4921 3059 4973 unquam
3110 4908 3478 4963 conversionis

1904 4993 2218 5060 pmnitentia
2247 4994 2500 5048 mollitur.
2530 4994 2766 5065 Gypsum
2800 5007 3081 5067 COgnatum
3124 4998 3255 5052 calci
3291 5009 3391 5063 est,
3424 5010 3479 5054 et

1908 5093 1984 5137 est
2024 5082 2269 5139 Graecum
2324 5102 2555 5140 nomen:
2593 5088 2743 5156 plura
2795 5091 2909 5157 ejus
2960 5105 3182 5159 genera;
3236 5092 3479 5145 omnium

1910 5182 2084 5229 autem
2113 5175 2372 5244 optimum
2397 5178 2461 5231 de
2492 5176 2664 5245 lapide
2690 5179 2972 5247 speculari.
3005 5178 3131 5232 Calx
3164 5180 3282 5233 viva
3312 5180 3479 5246 dicta,

1908 5265 2031 5335 quia
2066 5265 2189 5318 dum
2224 5266 2292 5319 sit
2338 5274 2478 5321 tactu
2522 5265 2738 5334 frigida,
2780 5269 2924 5322 intus
2950 5269 3214 5322 occultum
3242 5268 3484 5323 continet

1909 5358 2104 5427 ignem.
2160 5356 2358 5411 Natura
2394 5359 2509 5427 ejus
2537 5360 2729 5413 mirum
2761 5360 2958 5429 aliquid
3005 5360 3131 5414 facit
3158 5378 3168 5411 :
3195 5368 3479 5429 postquam

1907 5450 2049 5505 enim
2091 5452 2308 5516 arserit,
2362 5452 2517 5520 aquis
2570 5452 2888 5515 incenditur,
2936 5452 3127 5519 quibus
3169 5451 3303 5505 solet
3347 5451 3483 5519 ignis

1906 5542 2335 5611 exstinguizoleo
2362 5544 2739 5613 exstinguitur,
2757 5558 2863 5611 quo
2893 5543 3027 5598 solet
3057 5543 3193 5613 ignis
3222 5541 3476 5596 accendi:

1906 5650 2035 5691 usus
2064 5631 2179 5701 ejus
2209 5633 2497 5689 structuris
2531 5632 2746 5689 fabricm
2791 5633 3141 5688 necessarius.
3183 5630 3313 5683 Nam
3344 5630 3483 5700 lapis
