3922 6340
408 316 510 375 463

1074 318 1134 375 Β.
1173 315 1426 376 RABANI
1468 321 1685 379 MAURI
1724 314 2037 374 ARCHIEP.
2083 314 2388 371 MOCUNT.
2428 314 2713 372 OPERUM
2752 316 2930 372 PARS
2968 318 3031 371 ll.

3560 316 3670 371 ιω

403 432 566 504 lapidi
590 446 695 487 non
720 437 901 503 potest
927 430 1203 486 adhaerere
1231 430 1442 496 fortius,
1468 432 1570 487 nisi
1602 430 1810 503 adlsit]
1832 430 1982 485 calce
2010 437 2059 493 Α
2088 435 2229 483 terra
2276 444 2466 499 sparsa
2513 440 2660 493 sunt,
2710 438 2765 485 et
2817 430 3194 499 pretiosissimi
3239 432 3473 501 generis,
3526 429 3673 485 sicut

401 523 739 593 conjunctus.
762 519 892 576 Calx
922 535 953 574 e
976 519 1155 590 lapide
1179 521 1300 577 albo
1335 530 1391 575 et
1412 522 1551 577 duro
1572 522 1773 577 melior
1800 535 1815 575 :
1838 520 1984 590 quod

400 613 707 682 significare
735 618 927 693 potest
948 610 1214 681 glutinum
1248 611 1556 677 charitatis,
1589 627 1697 682 quo
1728 611 1984 681 copulan-
2018 684 2026 692 .

397 708 488 759 tur
518 704 750 759 lnvicem
775 703 932 759 electi
968 705 1302 773 pertinentes
1332 705 1399 759 ad
1427 706 1671 775 spiritale
1696 705 1983 760 aedilicium

397 791 513 856 Dci,
555 792 683 861 quia
717 782 1277 850 ‘candore.virtutum
1316 793 1508 857 nitent,
1550 803 1604 848 et
1635 793 1986 865 pulchritudi-

398 898 520 935 nem
575 881 840 937 bonorum
870 892 1103 952 'operum
1145 882 1201 938 in
1248 899 1306 939 se
1348 886 1661 940 ostendunt.
1695 887 1871 939 Arena
1915 885 1984 938 ab

396 970 649 1025 ariditate
684 970 848 1036 dicta,
898 986 1005 1026 non
1050 970 1119 1025 ab
1170 973 1496 1029 adhaerendo
1542 976 1595 1029 in
1639 974 1878 1037 fabricis,
1923 981 1985 1028 ut

395 1059 614 1128 quidam
657 1058 862 1114 volunt.
923 1060 1092 1131 Hujus
1138 1062 1397 1131 probatio
1426 1072 1530 1128 est,
1582 1062 1627 1117 si
1676 1078 1836 1116 manu
1882 1062 1985 1116 im-

394 1164 581 1217 pressa
630 1150 848 1215 stridat,
900 1160 993 1205 aut
1041 1152 1085 1208 si
1129 1152 1181 1206 in
1213 1162 1417 1207 vestem
1461 1153 1746 1207 candidam
1793 1165 1981 1221 sparsa

395 1239 528 1293 nihil
561 1240 736 1295 sordis
773 1239 1060 1309 relinquat.
1101 1240 1278 1295 Arena
1308 1250 1487 1296 autem
1519 1241 1743 1312 mystice
1773 1240 1981 1310 signifi-

394 1340 485 1385 cat
514 1331 923 1389 instabilitatem
953 1333 1232 1387 hominum
1276 1341 1637 1397 terrenorum,
1664 1333 1750 1388 vel
1774 1331 1985 1401 inferti—

392 1418 605 1475 litatem
636 1419 844 1476 Judaici
875 1421 1078 1492 pepuli,
1120 1423 1211 1491 qui
1253 1423 1484 1478 terrenis
1529 1422 1985 1493 concupiscentiis

392 1511 685 1577 inhiantes,
715 1513 985 1584 spiritales
1013 1513 1219 1568 fructus
1248 1515 1467 1585 gignere
1490 1514 1843 1585 neglexerunt
1873 1528 1888 1567 :
1918 1514 1984 1568 de

393 1604 888 1675 quibttsscriptutn
920 1615 1003 1659 est
1032 1622 1045 1659 :
1074 1604 1429 1659 Diuumerabo
1465 1622 1569 1667 eos,
1601 1614 1649 1658 et
1680 1620 1837 1674 super
1864 1619 1983 1657 are-

394 1709 516 1746 nam
553 1692 1044 1763 multiplicabuntur
1069 1692 1089 1764 (
1112 1691 1261 1747 Psal.
1292 1692 1589 1762 cxxxvm).
1623 1692 1688 1745 Et
1717 1692 1770 1745 in
1808 1691 1984 1745 Evan-

2083 516 2545 573 Lacedazmouium
2561 520 2731 574 viride
2744 520 2953 573 cunctis
2971 519 3213 583 hilarius,
3230 529 3499 590 repertum
3517 520 3674 587 prius

2084 609 2225 676 apud
2277 608 2749 675 Lacedaemonios,
2796 610 2940 664 unde
2990 598 3405 665 et‘vocabulum
3448 612 3668 664 traxit:

2085 694 2274 751 Parius
2314 697 2565 751 candoris
2602 686 2811 763 eximii,
2841 698 3129 769 Lyebnites
3154 710 3533 769 cognomento.
3571 701 3673 756 llic

2084 786 2225 854 apud
2256 774 2433 841 Paron
2471 787 2707 841 insulam
2746 790 2990 843 nascitur
3018 802 3032 842 :
3060 789 3200 843 unde
3224 798 3280 843 et
3309 788 3503 846 Parius
3532 806 3674 844 nun-

2084 875 2341 947 cupatur’;
2372 878 2644 949 Lygdinus
2667 880 3052 948 magnitudine,
3070 895 3188 949 qua:
3208 880 3389 936 lances
3402 893 3674 937 crateras-

2083 980 2189 1034 que
2222 981 2327 1021 non
2365 968 2592 1033 excedat
2610 1006 2623 1030 ,
2649 969 2939 1037 unguentis
2965 969 3080 1038 ipse
3105 978 3281 1040 aptus.
3304 966 3497 1025 Parius
3520 972 3673 1025 enim

2082 1069 2323 1108 marmor
2348 1054 2547 1110 coloris
2578 1057 2790 1111 candidi
2814 1066 2918 1129 est,
2943 1068 2998 1112 et
3042 1060 3311 1131 significat
3344 1060 3671 1115 nmuditiam

2083 1144 2396 1200 electorum.
2427 1146 2578 1201 Unde
2596 1147 2647 1201 in
2687 1145 3229 1216 tempIO‘Salomonis
3258 1167 3325 1217 ex
3355 1152 3470 1221 ipso
3494 1151 3676 1221 lapide

2082 1233 2279 1303 legitur
2300 1235 2537 1305 parietes
2566 1236 2748 1305 templi
2774 1236 3071 1292 :edilicatos
3098 1254 3220 1293 csse
3245 1258 3256 1293 :
3286 1241 3427 1309 quod
3459 1239 3673 1306 signiti-

2082 1337 2188 1392 cat,
2217 1343 2284 1382 ex
2308 1328 2505 1382 munda
2542 1338 2852 1383 sanctorum
2884 1330 2992 1382 vita
3016 1338 3071 1383 et
3097 1329 3511 1387 conversatione
3546 1346 3676 1400 pro-

2081 1418 2362 1473 batissima
2402 1426 2648 1475 sanctam
2682 1419 2979 1474 Ecclesiam
3013 1421 3329 1475 aedificatam
3361 1437 3500 1476 esse.
3552 1421 3677 1476 Ala-

2081 1510 2340 1564 bastrites
2368 1510 2506 1581 lapis
2528 1511 2792 1566 candidus
2818 1511 3253 1577 interdistinctus
3284 1515 3451 1568 variis
3482 1514 3677 1569 colori-

2081 1598 2216 1666 bus;
2264 1615 2330 1654 ex
2378 1617 2487 1671 quo
2537 1603 2832 1671 evangelici
2889 1603 3031 1658 illius
3082 1607 3339 1674 unguenti
3394 1601 3675 1660 vasculum

2084 1689 2185 1745 fuit
2215 1691 2234 1762 (
2261 1690 2451 1746 Matth.
2512 1710 2637 1747 xxvi
2660 1694 2701 1765 ).
2730 1693 2939 1749 Cavant
2961 1696 3106 1750 enim
3139 1690 3282 1752 hunc
3311 1700 3379 1753 ad
3406 1714 3535 1752 vasa
3568 1715 3676 1753 un-

391 1784 533 1855 gelio
567 1784 765 1854 legitur
806 1783 1032 1854 (Matth.
1064 1783 1203 1854 vu),
1252 1784 1427 1866 virum
1469 1782 1767 1851 Sapientem
1816 1780 1984 1836 aedili-
2013 1778 2057 1837 B
2087 1780 2399 1849 guentaria,
2453 1783 2708 1851 quoniam
2753 1785 2958 1868 optime
3002 1800 3221 1841 servare
3251 1802 3315 1841 ea
3360 1789 3675 1857 incorrupta

392 1893 519 1932 care
547 1877 763 1932 domum
796 1893 947 1933 suam
986 1892 1149 1946 super
1196 1885 1440 1946 petram;
1472 1875 1696 1929 stultum
1726 1889 1856 1928 vero
1888 1888 1983 1927 su-

391 1983 490 2039 per
519 1983 740 2023 arenam
770 1983 993 2038 ponere.
1028 1968 1488 2032 Fundamentum,
1520 1967 1663 2035 quod
1704 1965 1983 2035 aposiolus

390 2056 593 2113 Paulus
624 2058 954 2113 architectus
980 2057 1177 2127 posuit,
1224 2071 1363 2110 unus
1392 2065 1475 2110 est
1517 2055 1777 2110 Dominus
1803 2064 1985 2109 noster

391 2146 552 2204 Jesus
590 2148 856 2203 Christus.
905 2148 1091 2216 Super
1109 2146 1213 2200 hoc
1260 2145 1671 2199 fundamentum
1710 2144 1900 2198 stabile
1928 2152 1983 2198 et

394 2240 610 2293 ﬁrmum
639 2248 696 2294 et
731 2253 829 2308 per
853 2253 912 2293 se
941 2238 1157 2291 robusta
1195 2234 1335 2290 mole
1374 2234 1655 2289 fundatum
1686 2233 1983 2288 aedificatur

390 2328 591 2385 Christi
622 2328 863 2383 Ecclesia
898 2345 910 2381 :
945 2343 1107 2397 super
1133 2341 1355 2381 arenam
1384 2341 1530 2388 vero,
1566 2341 1685 2395 quae
1708 2323 1871 2378 ﬂuida
1897 2331 1984 2378 est

389 2428 447 2473 et
490 2418 989 2489 coagmentarjnon
1038 2426 1236 2486 potest,
1287 2430 1390 2472 nec
1433 2416 1688 2471 in‘unam
1734 2414 1981 2485 copulam

390 2510 583 2578 redigi,
621 2509 799 2563 omnis
827 2508 1203 2563 haereticorum
1239 2520 1421 2562 sermo
1468 2514 1576 2572 est,
1627 2505 1719 2576 qui
1754 2505 1833 2559 ad
1880 2504 1985 2559 hoc

387 2599 713 2665 adilicatur,
746 2607 806 2653 ut
834 2608 1071 2653 corruat.

1001 2689 1229 2745 CAPUT
1286 2689 1372 2743 IV.

776 2779 853 2833 De
883 2778 1159 2849 lapidibus.
1184 2778 1579 2849 insignioribus.

458 2869 679 2941 Magnes
719 2870 855 2941 lapis
887 2869 1101 2925 Indicus
1142 2871 1209 2925 ab
1253 2872 1533 2925 inventore
1574 2876 1818 2924 vocatus.
1855 2868 1981 2923 Fuit

394 2970 574 3017 autem
604 2962 657 3014 in
682 2960 827 3013 India
858 2961 930 3014 ita
957 2961 1191 3029 primum
1225 2968 1473 3029 repertus
1499 2977 1510 3012 :
1537 2958 1703 3013 clavis
1731 2959 1975 3028 crepida-

394 3067 515 3106 rum
550 3049 836 3119 baculique
886 3050 1093 3119 cuspidi
1127 3051 1370 3114 bzerens,
1401 3066 1526 3104 cum
1558 3058 1803 3104 armenta
1835 3048 1976 3102 idem

384 3140 608 3213 Magnes
628 3116 872 3211 pasceret
901 3116 1124 3209 :postea
1150 3147 1206 3195 et
1235 3139 1436 3210 passim
1461 3140 1728 3195 inventus.
1757 3140 1854 3194 Est
1877 3154 1974 3193 au-
2005 3116 2053 3181 ο

386 3241 495 3287 tem
526 3232 710 3286 colore
737 3231 1108 3301 ferrugineus,
1150 3230 1243 3284 sed
1275 3230 1536 3299 probatur
1565 3246 1688 3284 cum
1716 3229 1861 3285 ferro
1883 3230 1978 3283 ad-

382 3326 625 3397 junctus,
649 3323 765 3393 ejus
784 3324 977 3389 fecerit
1007 3334 1218 3394 raptum
1247 3343 1259 3379 :
1295 3342 1418 3379 nam
1458 3327 1593 3381 adeo
1619 3326 1979 3397 apprehendit

385 3416 627 3480 ferrum,
682 3427 739 3470 ut
798 3426 1049 3471 catenam
1100 3416 1265 3470 faciat
1316 3412 1679 3483 annulorum,
1724 3418 1867 3471 unde
1920 3427 1975 3472 et

382 3524 509 3563 eum
560 3508 751 3579 vulgus
798 3506 1001 3561 ferrum
1054 3507 1235 3561 vivum
1280 3507 1531 3576 appellat.
1573 3507 1808 3578 Gagates
1838 3508 1974 3577 lapis

382 3596 617 3666 primum
670 3598 918 3649 inventus
963 3604 1047 3649 est
1095 3595 1148 3649 in
1202 3594 1410 3660 Cicilia,
1461 3594 1682 3665 Gagatis
1736 3595 1975 3651 fluminis

384 3682 555 3737 ﬂuore
587 3683 840 3752 rejectus,
869 3684 1012 3738 unde
1040 3692 1095 3737 et
1121 3684 1435 3737 nominatur
1466 3700 1480 3737 :
1511 3684 1634 3738 licet
1676 3684 1728 3737 in
1761 3684 1975 3737 Britan-

383 3775 471 3831 nia
497 3774 565 3827 sit
592 3773 874 3843 pluriums.
909 3774 1005 3827 Est
1030 3781 1209 3826 autem
1240 3774 1416 3844 niger,
1460 3773 1676 3843 planus,
1714 3773 1870 3839 lenis,
1920 3781 1977 3829 et

382 3866 585 3921 ardens
616 3866 725 3935 igni
770 3866 1041 3919 admotus.
1076 3864 1286 3929 Fictilia
1318 3880 1384 3920 ex
1411 3881 1478 3920 eo
1500 3866 1698 3936 scripta
1735 3883 1841 3921 non
1874 3868 1967 3920 de-

381 3951 563 4009 lentur
592 3972 604 4007 :
639 3956 893 4009 incensus
922 3963 1206 4024 serpentes
1247 3952 1419 4024 fugat,
1458 3956 1816 4031 dmutoxxiacos
1845 3972 1971 4027 pro-

382 4045 493 4111 dit,
530 4045 898 4116 virginitatem
961 4045 1333 4115 deprehendit,
1372 4047 1568 4101 mirum
1606 4049 1731 4118 quia
1781 4066 1973 4104 acren-
2010 4111 2017 4117 ο

384 4139 535 4194 ditur
574 4152 737 4209 aqua,
767 4136 886 4193 oleo
918 4137 1304 4208 exstinguitur.
1324 4136 1584 4194 Asbestos
1610 4139 1857 4194 Arcadiae
1888 4140 1970 4195 la-

381 4230 469 4301 pis
496 4226 659 4284 ferrei
708 4228 929 4293 coloris,
957 4230 1025 4284 ab
1053 4229 1174 4299 igne
1215 4244 1409 4283 nomen
1441 4231 1687 4295 sortitus,
1718 4230 1800 4286 eo'
1828 4231 1970 4300 quod

383 4335 653 4376 accensus
687 4320 853 4374 semel
899 4336 1177 4388 nunquam
1206 4320 1568 4391 exstinguitur
1598 4339 1610 4375 :
1650 4321 1716 4375 de
1742 4338 1850 4392 quo
1887 4321 1968 4375 la-

381 4411 509 4484 pide
550 4409 926 4465 mechanicum
970 4408 1174 4480 aliquid
1214 4424 1307 4464 ars
1356 4409 1588 4464 humana
1628 4410 1813 4465 molita
1863 4417 1966 4476 est,

383 4475 529 4574 quod
546 4503 774 4575 gentiles
790 4503 934 4572 capti
973 4475 1258 4571 sacrilegio
1279 4501 1635 4554 mirarentur:
1662 4503 1893 4570 denique
1914 4475 1969 4555 in
1998 4475 2048 4533 D

382 4595 585 4664 templo
614 4595 847 4663 quodam
883 4592 1050 4647 fuisse
1074 4591 1302 4647 Veneris
1326 4592 1509 4646 fanum
1553 4594 1762 4658 dicunt,
1790 4593 1970 4662 ibique

382 4684 792 4747 candelabrum,
823 4683 954 4737 etin
996 4698 1063 4738 eo
1109 4683 1386 4739 lucernam
1414 4685 1514 4738 sub
1544 4684 1632 4738 dio
1661 4684 1740 4737 sie
1770 4685 1969 4738 arden-

378 4786 515 4839 tem,
532 4783 589 4827 ut
611 4788 731 4827 eam
760 4772 904 4827 nulla
928 4782 1240 4843 tempestas,
1266 4774 1445 4829 nullus
1470 4774 1643 4829 imber
1663 4776 1974 4846 exstingue-

380 4875 484 4923 ret.
520 4865 822 4939 Selenites,
866 4865 960 4935 qui
986 4865 1153 4920 latine
1191 4865 1398 4922 lunaris
1440 4867 1859 4937 interpretatur,
1904 4883 1970 4923 eo

382 4958 526 5027 quod
572 4956 886 5010 interiorem
926 4955 1043 5026 ejus
1072 4957 1361 5013 candorem
1406 4974 1528 5013 cum
1574 4958 1699 5013 luna
1726 4972 1974 5016 crescere

381 5057 545 5115 atque
572 5044 805 5100 deficere
827 5044 979 5099 aiunt
1012 5061 1027 5099 '.
1056 5046 1294 5119 gignitur
1323 5047 1375 5101 in
1410 5046 1651 5103 Perside.

1015 5155 1243 5212 CAPUT
1272 5156 1339 5210 ν.

947 5226 1024 5279 De
1046 5228 1413 5280 marmoribus.

452 5315 687 5370 Marmor
731 5329 982 5370 sermone
1007 5314 1196 5370 Graeco
1225 5331 1255 5369 a
1297 5298 1569 5373 viriditate
1615 5328 1835 5374 vocatus
1870 5337 1883 5373 :
1916 5327 1971 5374 et

382 5409 630 5479 quamvis
672 5418 859 5479 postea
896 5416 947 5462 et
972 5408 1061 5462 alii
1102 5408 1309 5463 colores
1348 5408 1714 5475 inveniantur,
1769 5427 1966 5465 nomen

381 5510 561 5553 tamen
601 5498 885 5567 pristinum
932 5516 960 5551 a
1004 5498 1279 5552 viriditate
1324 5498 1680 5553 retinuerunt.
1730 5499 1967 5554 Marmo-

382 5606 502 5645 rum
524 5590 734 5644 colores
759 5598 813 5642 et
852 5606 1045 5659 genera
1094 5590 1504 5646 innumerabilia
1544 5603 1669 5647 sunt
1700 5611 1711 5646 :
1740 5610 1845 5648 non
1882 5602 1964 5646 ta-

384 5694 506 5735 men
554 5681 734 5735 omnia
777 5696 807 5737 e
847 5680 1069 5751 rupibus
1111 5682 1475 5737 exciduntur:
1510 5685 1601 5739 scd
1652 5686 1815 5739 multa
1866 5688 1964 5742 sub

2087 1869 2286 1924 dicitur
2312 1888 2325 1925 :
2353 1873 2597 1927 nascitur
2621 1875 2765 1929 circa
2798 1875 3015 1931 Thebas
3053 1877 3337 1947 Egyptias
3364 1886 3420 1931 et
3449 1880 3678 1932 Damas-

2086 1975 2209 2015 cum
2247 1960 2449 2033 Syriae,
2500 1967 2712 2020 ueteris
2749 1968 3030 2022 candidior
3059 1985 3072 2021 :
3100 1968 3517 2038 probatissimus
3546 1986 3681 2026 vero

2087 2049 2141 2104 in
2201 2050 2376 2131 India.
2432 2053 2777 2109 Alabastrum
2840 2058 3069 2126 mystice
3125 2068 3304 2128 potest
3366 2061 3681 2131 signiﬁcare

2091 2150 2333 2195 sanctam
2372 2129 2744 2211 'Scripturam,
2769 2160 2889 2215 qua:
2930 2148 3173 2202 continet
3200 2129 3529 2220 unguentum
3557 2169 3682 2221 pre-

2090 2228 2307 2294 tiosnm,
2358 2231 2461 2286 hoc
2503 2242 2586 2286 est
2612 2272 2627 2297 ,
2669 2235 2952 2289 scientiam
3000 2238 3331 2306 spiritalem,
3359 2256 3479 2309 qua:
3512 2245 3684 2298 afore

2085 2330 2182 2370 suo
2212 2326 2383 2372 totum
2434 2323 2695 2377 mundum
2730 2325 2921 2393 replet.
2964 2325 3116 2383 Unde
3162 2328 3357 2398 legitur
3409 2331 3464 2384 iu
3508 2332 3682 2385 Evan-

2086 2406 2226 2475 gelio
2268 2410 2463 2465 mulier
2504 2411 2711 2467 habens
2748 2414 3083 2470 alabastrum
3125 2421 3385 2489 unguenti
3424 2422 3680 2490 pretiosi,

2087 2497 2342 2554 eﬂ'udiSSe
2367 2500 2541 2569 ipsum
2574 2512 2907 2572 unguentum
2939 2516 3100 2575 super
3120 2517 3280 2577 caput
3312 2508 3438 2564 Jesu
3471 2526 3686 2565 recum-

2084 2585 2303 2642 bentis:
2338 2590 2481 2657 quod
2522 2590 2794 2660 signiﬁcat
2824 2593 3113 2649 ecclesiam
3142 2596 3479 2652 divinitatem
3522 2599 3684 2653 Chri-

2086 2677 2154 2731 sti
2184 2680 2479 2747 przedieare
2515 2680 2568 2734 in
2600 2689 2712 2736 toto
2760 2684 2981 2738 mundo.
3033 2684 3195 2740 Unxit
3236 2695 3291 2741 et
3330 2665 3441 2757 ipsa
3483 2690 3684 2744 mulier

2082 2769 2245 2840 pedes
2288 2770 2501 2825 Domini
2542 2787 2612 2827 ex
2662 2774 2852 2828 eodem
2899 2787 3176 2845 unguento
3208 2794 3221 2829 :
3254 2780 3380 2847 quia
3430 2779 3520 2832 illa
3562 2781 3684 2849 ejus

2085 2852 2357 2926 naturam,
2386 2876 2493 2931 qua
2533 2870 2736 2916 terram
2760 2864 3103 2935 contingere,
3131 2866 3235 2921 hoc
3258 2876 3360 2933 est,
3409 2869 3553 2928 inter
3582 2871 3684 2924 bo-

2084 2952 2261 3007 mines
2304 2956 2617 3010 conversari
2670 2956 2925 3022 dignatus
2971 2966 3094 3023 est,
3151 2958 3237 3028 pia
3286 2962 3681 3029 pnedicalioue

2088 3047 2431 3101 commendat
2456 3062 2522 3102 ae
2547 3048 2754 3103 devotis
2788 3059 3079 3103 veneratur
3103 3051 3400 3121 obsequiis.

2705 3157 2935 3215 CAPUT
2978 3160 3060 3215 Vl.

2736 3230 2813 3282 De
2843 3232 3014 3284 ebore.

2151 3314 2296 3371 Ebur
2322 3332 2351 3370 a
2374 3316 2560 3384 barro,
2586 3318 2639 3373 id
2664 3328 2768 3384 est,
2794 3320 3081 3390 elephanto
3100 3321 3303 3377 dictum
3333 3338 3347 3377 :
3381 3323 3675 3382 Horatius:

2080 3405 2223 3470 Quid
2254 3406 2347 3459 tibi
2378 3408 2474 3473 vis,
2501 3408 2709 3471 mulier,
2741 3411 2904 3478 nigris
2931 3410 3237 3479 dignissima
3264 3413 3432 3468 barris
3449 3416 3475 3467 ?
3496 3415 3681 3485 Signi-

2077 3494 2205 3550 licat
2260 3506 2442 3551 autem
2498 3499 2635 3554 ebur
2690 3500 2962 3569 pudicitia:
3016 3503 3410 3557 continentiam
3465 3522 3479 3558 :
3532 3507 3678 3561 unde

2076 3589 2337 3659 scriptum
2385 3598 2470 3643 est
2522 3590 2575 3643 in
2620 3589 2837 3644 Psalmo
2894 3592 2959 3646 de
3016 3593 3255 3649 Ecclesia
3301 3596 3572 3667 :Myrrlm
3625 3610 3677 3653 et

2075 3687 2223 3747 gutta
2264 3687 2312 3731 et
2347 3679 2491 3731 casia
2543 3695 2575 3731 a
2621 3680 2930 3734 vestimentis
2980 3683 3109 3747 tuis,
3165 3700 3197 3737 a
3230 3684 3469 3739 domibus
3521 3686 3679 3739 ebur-

2077 3766 2205 3827 neis,
2260 3775 2365 3827 etc.
2398 3764 2573 3837 (Psal.
2604 3766 2772 3838 κων).
2810 3768 2955 3849 Dixit
2999 3771 3143 3825 enim
3170 3775 3474 3844 propheta,
3528 3777 3677 3833 unde

2074 3856 2256 3911 veniat
2283 3873 2494 3927 sponsa:
2519 3857 2905 3927 gloriosissima
2935 3862 3299 3930 pulchritudo,
3332 3882 3451 3935 qua:
3486 3884 3517 3920 a
3567 3867 3676 3920 Do-

2076 3946 2210 4000 mini
2239 3949 2447 4003 dcxtris
2470 3949 2645 4005 locata
2669 3953 2931 4015 consistit,
2966 3955 3019 4009 id
3047 3964 3149 4022 est,
3175 3971 3206 4009 a
3233 3956 3483 4013 domibus
3504 3961 3671 4015 ebur-

2075 4041 2215 4105 neis,
2279 4043 2423 4112 quod
2467 4046 2738 4115 significat
2787 4056 3106 4102 ornamenta
3155 4049 3513 4118 palatiorum,
3550 4069 3675 4122 quae

2073 4135 2293 4202 copioso
2328 4137 2491 4191 ebore
2535 4138 2860 4193 vestiuntur.
2921 4139 3028 4195 Sed
3068 4140 3204 4195 ebur
3260 4159 3369 4201 non
3420 4146 3487 4198 ad
3528 4146 3675 4202 solas

2073 4225 2290 4280 divitias
2315 4226 2676 4297 intelligamus
2700 4237 2940 4298 aptatum
2976 4248 2989 4285 :
3022 4232 3116 4286 sed
3146 4235 3402 4302 quoniam
3424 4235 3673 4304 elephas,

2073 4314 2228 4383 cujus
2254 4316 2367 4370 hzec
2390 4332 2511 4372 ossa
2545 4326 2691 4384 sunt,
2727 4319 2905 4373 nimia:
2948 4322 3215 4377 castitatis
3252 4326 3545 4389 asscritur;
3575 4327 3673 4397 qui

2076 4406 2217 4461 inter
2253 4408 2617 4479 quadrupedia
2660 4420 2712 4464 et
2747 4426 2906 4465 sensu
2934 4412 3223 4481 plurimum
3255 4416 3415 4479 valet,
3445 4427 3499 4470 et
3529 4427 3673 4471 tem.

2075 4505 2329 4565 peranter
2363 4498 2622 4552 miscetur
2649 4498 2863 4553 fcminm
2899 4516 3029 4565 suae,
3061 4510 3115 4557 et
3159 4502 3388 4573 conjuge
3430 4508 3673 4563 secunda

2075 4603 2181 4641 non
2222 4588 2408 4641 utitur.
2442 4587 2556 4644 Hoc
2596 4590 2807 4658 pudicis
2860 4590 3077 4647 feminis
3124 4593 3381 4649 decenter
3422 4604 3672 4665 aptatum

2074 4686 2157 4733 est
2186 4697 2198 4731 :
2232 4680 2359 4748 quia
2384 4680 2486 4735 illa:
2510 4681 2562 4735 in
2586 4683 2833 4737 domibus
2857 4685 3114 4740 eburneis
3142 4688 3407 4742 mansisse
3435 4703 3675 4743 noscan-

2076 4779 2184 4834 tur,
2234 4785 2353 4840 quaz
2400 4786 2498 4840 per
2539 4773 2845 4827 castitatem
2892 4773 3093 4829 Christi
3143 4776 3354 4830 Domini
3394 4787 3673 4847 pueceptl

2072 4869 2271 4914 secuta:
2314 4870 2459 4916 sunt.
2498 4862 2647 4918 lianc
2677 4864 2820 4918 enim
2854 4856 3260 4920 translationem
3300 4870 3675 4938 probaverunt

2075 4949 2373 5005 doczissimi
2402 4950 2593 5008 Patres
2624 4953 2955 5021 Augustinus
2985 4964 3149 5025 atque
3182 4956 3561 5031 Hieronymus.

2677 5065 2905 5121 CAPUT
2943 5066 3050 5121 νη.

2697 5136 2774 5189 De
2798 5138 3031 5205 gemmis.

2144 5223 2272 5279 Post
2310 5241 2640 5279 marmormu
2684 5242 2898 5303 genera,
2924 5244 3150 5299 gemma
3186 5236 3509 5301 sequuntur,
3538 5248 3669 5303 qua

2074 5316 2299 5371 multum
2345 5333 2479 5371 auro
2518 5318 2769 5372 decorem
2812 5319 3054 5375 tribuunt
3082 5315 3365 5377 venustate
3392 5320 3668 5381 colorum.

2071 5406 2281 5461 Genera
2320 5422 2651 5478 gemmarum
2688 5408 3100 5466 innumerabilia
3141 5428 3263 5468 esse
3290 5413 3601 5479 traduntur,
3632 5430 3669 5474 ο

2070 5502 2265 5571 quibus
2298 5520 2395 5557 nos
2418 5519 2479 5558 ea
2502 5491 2731 5583 tantum,
2767 5521 2887 5575 qua:
2917 5507 3234 5577 principalia
3258 5516 3384 5563 sunt
3412 5496 3527 5563 sive
3554 5525 3665 5563 n0-

2073 5596 2300 5657 tissima,
2334 5598 2733 5651 annotabimus.
2764 5596 3005 5652 Cemmse
3036 5608 3261 5663 vocatae,
3291 5600 3435 5668 quod
3482 5600 3672 5656 instar

2070 5689 2213 5756 guini
2256 5688 2623 5744 transluceant
2649 5707 2660 5743 :
2685 5690 2906 5760 pretiosi
2947 5689 3149 5762 lapides
3192 5690 3311 5748 ideo
3343 5693 3471 5748 dicti
3508 5700 3668 5761 sunt.
