  <div class='ocr_page' id='page_1' title='image "/cluster/home/n/w/nwhite01/storage/ocr_20150623/111/uva.x000827067/240.png"; bbox 0 0 3922 6336; ppageno 0'>
   <div class='ocr_carea' id='block_1_1' title="bbox 231 431 326 489">
    <p class='ocr_par' dir='ltr' id='par_1_1' title="bbox 231 431 326 489">
     <span class='ocr_line' id='line_1_1' title="bbox 231 431 326 489; baseline 0.011 -1"><span class='ocrx_word' id='word_1_1' title='bbox 231 431 326 489; x_wconf 74' lang='grc'><strong>485</strong></span> 
     </span>
    </p>
   </div>
   <div class='ocr_carea' id='block_1_2' title="bbox 1169 416 2545 481">
    <p class='ocr_par' dir='ltr' id='par_1_2' title="bbox 1169 416 2545 481">
     <span class='ocr_line' id='line_1_2' title="bbox 1169 416 2545 481; baseline -0.004 -2"><span class='ocrx_word' id='word_1_2' title='bbox 1169 424 1258 480; x_wconf 83' lang='lat' dir='ltr'><strong>DE</strong></span> <span class='ocrx_word' id='word_1_3' title='bbox 1296 420 1643 481; x_wconf 74' lang='lat' dir='ltr'><strong>UNIVERSO</strong></span> <span class='ocrx_word' id='word_1_4' title='bbox 1685 420 1865 476; x_wconf 75' lang='lat' dir='ltr'><strong>LIBRI</strong></span> <span class='ocrx_word' id='word_1_5' title='bbox 1903 419 2064 476; x_wconf 82' lang='lat' dir='ltr'><strong>XXII.</strong></span> <span class='ocrx_word' id='word_1_6' title='bbox 2106 448 2174 459; x_wconf 95' lang='lat'><strong>—</strong></span> <span class='ocrx_word' id='word_1_7' title='bbox 2210 416 2340 473; x_wconf 86' lang='lat' dir='ltr'><strong>LIB.</strong></span> <span class='ocrx_word' id='word_1_8' title='bbox 2380 417 2545 476; x_wconf 73' lang='lat' dir='ltr'><strong>XVII.</strong></span> 
     </span>
    </p>
   </div>
   <div class='ocr_carea' id='block_1_3' title="bbox 3381 418 3496 475">
    <p class='ocr_par' dir='ltr' id='par_1_3' title="bbox 3381 418 3496 475">
     <span class='ocr_line' id='line_1_3' title="bbox 3381 418 3496 475; baseline 0.017 -3"><span class='ocrx_word' id='word_1_9' title='bbox 3381 418 3496 475; x_wconf 68' lang='grc'><strong>486</strong></span> 
     </span>
    </p>
   </div>
   <div class='ocr_carea' id='block_1_4' title="bbox 234 533 3489 615">
    <p class='ocr_par' dir='ltr' id='par_1_4' title="bbox 234 533 3489 615">
     <span class='ocr_line' id='line_1_4' title="bbox 234 533 3489 615; baseline -0.001 -19"><span class='ocrx_word' id='word_1_10' title='bbox 234 543 343 615; x_wconf 86' lang='lat' dir='ltr'><strong>quia</strong></span> <span class='ocrx_word' id='word_1_11' title='bbox 369 540 524 596; x_wconf 88' lang='lat' dir='ltr'><strong>cbare</strong></span> <span class='ocrx_word' id='word_1_12' title='bbox 552 536 756 602; x_wconf 83' lang='lat' dir='ltr'><strong>valent,</strong></span> <span class='ocrx_word' id='word_1_13' title='bbox 784 536 895 592; x_wconf 83' lang='lat' dir='ltr'><strong>sive</strong></span> <span class='ocrx_word' id='word_1_14' title='bbox 916 543 975 590; x_wconf 91' lang='lat' dir='ltr'><strong>ut</strong></span> <span class='ocrx_word' id='word_1_15' title='bbox 1011 550 1042 590; x_wconf 89' lang='lat' dir='ltr'><strong>a</strong></span> <span class='ocrx_word' id='word_1_16' title='bbox 1070 535 1263 589; x_wconf 84' lang='lat' dir='ltr'><strong>vilibus</strong></span> <span class='ocrx_word' id='word_1_17' title='bbox 1300 536 1535 591; x_wconf 86' lang='lat' dir='ltr'><strong>discerni</strong></span> <span class='ocrx_word' id='word_1_18' title='bbox 1565 535 1791 605; x_wconf 89' lang='lat' dir='ltr'><strong>possint,</strong></span> <span class='ocrx_word' id='word_1_19' title='bbox 1823 539 1870 596; x_wconf 79' lang='grc' dir='ltr'>Α</span> <span class='ocrx_word' id='word_1_20' title='bbox 1898 536 2023 589; x_wconf 88' lang='lat' dir='ltr'><strong>dum</strong></span> <span class='ocrx_word' id='word_1_21' title='bbox 2052 549 2148 605; x_wconf 89' lang='lat' dir='ltr'><strong>per</strong></span> <span class='ocrx_word' id='word_1_22' title='bbox 2176 535 2374 604; x_wconf 87' lang='lat' dir='ltr'><strong>ignem,</strong></span> <span class='ocrx_word' id='word_1_23' title='bbox 2410 534 2646 606; x_wconf 88' lang='lat' dir='ltr'><strong>llguram</strong></span> <span class='ocrx_word' id='word_1_24' title='bbox 2674 534 2879 589; x_wconf 86' lang='lat' dir='ltr'><strong>habere</strong></span> <span class='ocrx_word' id='word_1_25' title='bbox 2918 533 3196 589; x_wconf 84' lang='lat' dir='ltr'><strong>dicuntur.</strong></span> <span class='ocrx_word' id='word_1_26' title='bbox 3232 536 3384 592; x_wconf 72' lang='lat' dir='ltr'><strong>Unde</strong></span> <span class='ocrx_word' id='word_1_27' title='bbox 3410 536 3489 593; x_wconf 82' lang='lat' dir='ltr'><strong>le-</strong></span> 
     </span>
    </p>
   </div>
   <div class='ocr_carea' id='block_1_5' title="bbox 233 626 1793 701">
    <p class='ocr_par' dir='ltr' id='par_1_5' title="bbox 233 626 1793 701">
     <span class='ocr_line' id='line_1_5' title="bbox 233 626 1793 701; baseline -0.004 -16"><span class='ocrx_word' id='word_1_28' title='bbox 233 650 316 690; x_wconf 71' lang='lat' dir='ltr'><strong>seu</strong></span> <span class='ocrx_word' id='word_1_29' title='bbox 358 628 494 701; x_wconf 91' lang='lat' dir='ltr'><strong>quod</strong></span> <span class='ocrx_word' id='word_1_30' title='bbox 538 628 649 681; x_wconf 86' lang='lat' dir='ltr'><strong>rari</strong></span> <span class='ocrx_word' id='word_1_31' title='bbox 699 628 849 683; x_wconf 90' lang='lat' dir='ltr'><strong>sint:</strong></span> <span class='ocrx_word' id='word_1_32' title='bbox 880 642 1040 681; x_wconf 89' lang='lat' dir='ltr'><strong>omne</strong></span> <span class='ocrx_word' id='word_1_33' title='bbox 1079 626 1244 691; x_wconf 90' lang='lat' dir='ltr'><strong>enim,</strong></span> <span class='ocrx_word' id='word_1_34' title='bbox 1285 628 1427 696; x_wconf 93' lang='lat' dir='ltr'><strong>quod</strong></span> <span class='ocrx_word' id='word_1_35' title='bbox 1481 642 1660 679; x_wconf 89' lang='lat' dir='ltr'><strong>rarum</strong></span> <span class='ocrx_word' id='word_1_36' title='bbox 1688 634 1793 691; x_wconf 93' lang='lat' dir='ltr'><strong>est,</strong></span> 
     </span>
    </p>
   </div>
   <div class='ocr_carea' id='block_1_6' title="bbox 235 714 1795 791">
    <p class='ocr_par' dir='ltr' id='par_1_6' title="bbox 235 714 1795 791">
     <span class='ocr_line' id='line_1_6' title="bbox 235 714 1795 791; baseline -0.004 -14"><span class='ocrx_word' id='word_1_37' title='bbox 235 735 463 791; x_wconf 82' lang='lat' dir='ltr'><strong>magnum</strong></span> <span class='ocrx_word' id='word_1_38' title='bbox 494 726 551 771; x_wconf 90' lang='lat' dir='ltr'><strong>et</strong></span> <span class='ocrx_word' id='word_1_39' title='bbox 581 717 874 788; x_wconf 89' lang='lat' dir='ltr'><strong>pretiosum</strong></span> <span class='ocrx_word' id='word_1_40' title='bbox 907 726 1147 781; x_wconf 89' lang='lat' dir='ltr'><strong>vocatur,</strong></span> <span class='ocrx_word' id='word_1_41' title='bbox 1176 716 1317 771; x_wconf 90' lang='lat' dir='ltr'><strong>sicut</strong></span> <span class='ocrx_word' id='word_1_42' title='bbox 1336 724 1400 769; x_wconf 84' lang='lat' dir='ltr'><strong>et</strong></span> <span class='ocrx_word' id='word_1_43' title='bbox 1433 716 1488 769; x_wconf 89' lang='lat' dir='ltr'><strong>in</strong></span> <span class='ocrx_word' id='word_1_44' title='bbox 1529 714 1795 770; x_wconf 61' lang='lat' dir='ltr'><strong>Samuelis</strong></span> 
     </span>
    </p>
   </div>
   <div class='ocr_carea' id='block_1_7' title="bbox 232 806 1795 881">
    <p class='ocr_par' dir='ltr' id='par_1_7' title="bbox 232 806 1795 881">
     <span class='ocr_line' id='line_1_7' title="bbox 232 806 1795 881; baseline -0.003 -18"><span class='ocrx_word' id='word_1_45' title='bbox 232 809 482 865; x_wconf 85' lang='lat' dir='ltr'><strong>volumine</strong></span> <span class='ocrx_word' id='word_1_46' title='bbox 504 808 738 881; x_wconf 85' lang='lat' dir='ltr'><strong>legitur:</strong></span> <span class='ocrx_word' id='word_1_47' title='bbox 773 806 1037 873; x_wconf 84' lang='lat' dir='ltr'><strong>Etsermo</strong></span> <span class='ocrx_word' id='word_1_48' title='bbox 1064 806 1276 861; x_wconf 88' lang='lat' dir='ltr'><strong>Domini</strong></span> <span class='ocrx_word' id='word_1_49' title='bbox 1310 806 1564 876; x_wconf 88' lang='lat' dir='ltr'><strong>pretiosus</strong></span> <span class='ocrx_word' id='word_1_50' title='bbox 1595 814 1706 859; x_wconf 86' lang='lat' dir='ltr'><strong>erat</strong></span> <span class='ocrx_word' id='word_1_51' title='bbox 1739 806 1795 860; x_wconf 85' lang='lat' dir='ltr'><strong>in</strong></span> 
     </span>
    </p>
   </div>
   <div class='ocr_carea' id='block_1_8' title="bbox 234 893 1795 968">
    <p class='ocr_par' dir='ltr' id='par_1_8' title="bbox 234 893 1795 968">
     <span class='ocr_line' id='line_1_8' title="bbox 234 893 1795 968; baseline -0.004 -13"><span class='ocrx_word' id='word_1_52' title='bbox 234 898 387 955; x_wconf 86' lang='lat' dir='ltr'><strong>Israel</strong></span> <span class='ocrx_word' id='word_1_53' title='bbox 413 896 460 968; x_wconf 93' lang='lat' dir='ltr'><strong>(I</strong></span> <span class='ocrx_word' id='word_1_54' title='bbox 493 895 621 966; x_wconf 79' lang='lat' dir='ltr'><strong>Reg.</strong></span> <span class='ocrx_word' id='word_1_55' title='bbox 656 895 760 967; x_wconf 85' lang='lat' dir='ltr'><strong>III),</strong></span> <span class='ocrx_word' id='word_1_56' title='bbox 793 896 894 948; x_wconf 85' lang='lat' dir='ltr'><strong>hoc</strong></span> <span class='ocrx_word' id='word_1_57' title='bbox 934 904 1036 959; x_wconf 90' lang='lat' dir='ltr'><strong>est,</strong></span> <span class='ocrx_word' id='word_1_58' title='bbox 1081 911 1256 949; x_wconf 85' lang='lat' dir='ltr'><strong>rarus.</strong></span> <span class='ocrx_word' id='word_1_59' title='bbox 1306 893 1534 963; x_wconf 82' lang='lat' dir='ltr'><strong>Lapides</strong></span> <span class='ocrx_word' id='word_1_60' title='bbox 1573 894 1795 962; x_wconf 75' lang='lat' dir='ltr'><strong>pretiosi</strong></span> 
     </span>
    </p>
   </div>
   <div class='ocr_carea' id='block_1_9' title="bbox 232 985 1794 1059">
    <p class='ocr_par' dir='ltr' id='par_1_9' title="bbox 232 985 1794 1059">
     <span class='ocr_line' id='line_1_9' title="bbox 232 985 1794 1059; baseline -0.003 -14"><span class='ocrx_word' id='word_1_61' title='bbox 232 990 586 1059; x_wconf 79' lang='lat' dir='ltr'><strong>intelliguntur</strong></span> <span class='ocrx_word' id='word_1_62' title='bbox 610 987 781 1042; x_wconf 82' lang='lat' dir='ltr'><strong>sancti</strong></span> <span class='ocrx_word' id='word_1_63' title='bbox 808 987 1045 1055; x_wconf 85' lang='lat' dir='ltr'><strong>Apostoli</strong></span> <span class='ocrx_word' id='word_1_64' title='bbox 1073 996 1127 1042; x_wconf 91' lang='lat' dir='ltr'><strong>et</strong></span> <span class='ocrx_word' id='word_1_65' title='bbox 1150 1001 1340 1040; x_wconf 89' lang='lat' dir='ltr'><strong>omnes</strong></span> <span class='ocrx_word' id='word_1_66' title='bbox 1361 985 1554 1051; x_wconf 87' lang='lat' dir='ltr'><strong>sancti,</strong></span> <span class='ocrx_word' id='word_1_67' title='bbox 1584 986 1649 1041; x_wconf 91' lang='lat' dir='ltr'><strong>de</strong></span> <span class='ocrx_word' id='word_1_68' title='bbox 1674 986 1794 1056; x_wconf 89' lang='lat' dir='ltr'><strong>qui-</strong></span> 
     </span>
    </p>
   </div>
   <div class='ocr_carea' id='block_1_10' title="bbox 232 1077 1791 1150">
    <p class='ocr_par' dir='ltr' id='par_1_10' title="bbox 232 1077 1791 1150">
     <span class='ocr_line' id='line_1_10' title="bbox 232 1077 1791 1150; baseline -0.003 -13"><span class='ocrx_word' id='word_1_69' title='bbox 232 1083 321 1137; x_wconf 82' lang='lat' dir='ltr'><strong>bus</strong></span> <span class='ocrx_word' id='word_1_70' title='bbox 348 1083 396 1135; x_wconf 92' lang='lat' dir='ltr'><strong>in</strong></span> <span class='ocrx_word' id='word_1_71' title='bbox 422 1079 743 1150; x_wconf 76' lang='lat' dir='ltr'><strong>Apocalypsi</strong></span> <span class='ocrx_word' id='word_1_72' title='bbox 782 1078 973 1134; x_wconf 79' lang='lat' dir='ltr'><strong>civitas</strong></span> <span class='ocrx_word' id='word_1_73' title='bbox 1012 1080 1152 1149; x_wconf 89' lang='lat' dir='ltr'><strong>regis</strong></span> <span class='ocrx_word' id='word_1_74' title='bbox 1195 1077 1374 1149; x_wconf 81' lang='lat' dir='ltr'><strong>magni</strong></span> <span class='ocrx_word' id='word_1_75' title='bbox 1428 1078 1791 1134; x_wconf 86' lang='lat' dir='ltr'><strong>constituitur.</strong></span> 
     </span>
    </p>
   </div>
   <div class='ocr_carea' id='block_1_11' title="bbox 230 1168 1794 1239">
    <p class='ocr_par' dir='ltr' id='par_1_11' title="bbox 230 1168 1794 1239">
     <span class='ocr_line' id='line_1_11' title="bbox 230 1168 1794 1239; baseline -0.002 -12"><span class='ocrx_word' id='word_1_76' title='bbox 230 1173 348 1227; x_wconf 84' lang='lat' dir='ltr'><strong>Item</strong></span> <span class='ocrx_word' id='word_1_77' title='bbox 377 1173 427 1224; x_wconf 90' lang='lat' dir='ltr'><strong>in</strong></span> <span class='ocrx_word' id='word_1_78' title='bbox 460 1170 744 1225; x_wconf 80' lang='lat' dir='ltr'><strong>Ezechiele</strong></span> <span class='ocrx_word' id='word_1_79' title='bbox 784 1169 1034 1239; x_wconf 77' lang='lat' dir='ltr'><strong>leguntur</strong></span> <span class='ocrx_word' id='word_1_80' title='bbox 1071 1184 1261 1223; x_wconf 82' lang='lat' dir='ltr'><strong>novem</strong></span> <span class='ocrx_word' id='word_1_81' title='bbox 1306 1169 1523 1222; x_wconf 90' lang='lat' dir='ltr'><strong>nomina</strong></span> <span class='ocrx_word' id='word_1_82' title='bbox 1559 1168 1794 1238; x_wconf 87' lang='lat' dir='ltr'><strong>lapidum</strong></span> 
     </span>
    </p>
   </div>
   <div class='ocr_carea' id='block_1_12' title="bbox 232 1260 1797 1332">
    <p class='ocr_par' dir='ltr' id='par_1_12' title="bbox 232 1260 1797 1332">
     <span class='ocr_line' id='line_1_12' title="bbox 232 1260 1797 1332; baseline 0.001 -18"><span class='ocrx_word' id='word_1_83' title='bbox 232 1263 611 1332; x_wconf 85' lang='lat' dir='ltr'><strong>pretiosorum,</strong></span> <span class='ocrx_word' id='word_1_84' title='bbox 664 1260 719 1314; x_wconf 90' lang='lat' dir='ltr'><strong>in</strong></span> <span class='ocrx_word' id='word_1_85' title='bbox 765 1261 960 1331; x_wconf 80' lang='lat' dir='ltr'><strong>quibus</strong></span> <span class='ocrx_word' id='word_1_86' title='bbox 1002 1276 1196 1315; x_wconf 89' lang='lat' dir='ltr'><strong>novem</strong></span> <span class='ocrx_word' id='word_1_87' title='bbox 1234 1261 1451 1315; x_wconf 89' lang='lat' dir='ltr'><strong>ordines</strong></span> <span class='ocrx_word' id='word_1_88' title='bbox 1482 1260 1797 1331; x_wconf 78' lang='lat' dir='ltr'><strong>angelorum</strong></span> 
     </span>
    </p>
   </div>
   <div class='ocr_carea' id='block_1_13' title="bbox 229 1348 1796 1419">
    <p class='ocr_par' dir='ltr' id='par_1_13' title="bbox 229 1348 1796 1419">
     <span class='ocr_line' id='line_1_13' title="bbox 229 1348 1796 1419; baseline 0.001 -17"><span class='ocrx_word' id='word_1_89' title='bbox 229 1351 611 1419; x_wconf 75' lang='lat' dir='ltr'><strong>exprimuntur.</strong></span> <span class='ocrx_word' id='word_1_90' title='bbox 646 1348 797 1405; x_wconf 66' lang='lat' dir='ltr'><strong>Unde</strong></span> <span class='ocrx_word' id='word_1_91' title='bbox 834 1365 931 1419; x_wconf 89' lang='lat' dir='ltr'><strong>per</strong></span> <span class='ocrx_word' id='word_1_92' title='bbox 966 1349 1281 1419; x_wconf 86' lang='lat' dir='ltr'><strong>prophetam</strong></span> <span class='ocrx_word' id='word_1_93' title='bbox 1314 1358 1500 1404; x_wconf 91' lang='lat' dir='ltr'><strong>contra</strong></span> <span class='ocrx_word' id='word_1_94' title='bbox 1526 1350 1796 1405; x_wconf 87' lang='lat' dir='ltr'><strong>diabolum</strong></span> 
     </span>
    </p>
   </div>
   <div class='ocr_carea' id='block_1_14' title="bbox 228 1440 1795 1510">
    <p class='ocr_par' dir='ltr' id='par_1_14' title="bbox 228 1440 1795 1510">
     <span class='ocr_line' id='line_1_14' title="bbox 228 1440 1795 1510; baseline 0 -15"><span class='ocrx_word' id='word_1_95' title='bbox 228 1441 410 1496; x_wconf 89' lang='lat' dir='ltr'><strong>dicitur</strong></span> <span class='ocrx_word' id='word_1_96' title='bbox 440 1456 453 1495; x_wconf 91' lang='lat'><strong>:</strong></span> <span class='ocrx_word' id='word_1_97' title='bbox 487 1440 673 1495; x_wconf 81' lang='lat' dir='ltr'><strong>Omnis</strong></span> <span class='ocrx_word' id='word_1_98' title='bbox 715 1440 848 1510; x_wconf 88' lang='lat' dir='ltr'><strong>lapis</strong></span> <span class='ocrx_word' id='word_1_99' title='bbox 891 1442 1149 1509; x_wconf 85' lang='lat' dir='ltr'><strong>pretiosus</strong></span> <span class='ocrx_word' id='word_1_100' title='bbox 1188 1442 1560 1510; x_wconf 82' lang='lat' dir='ltr'><strong>operimentum</strong></span> <span class='ocrx_word' id='word_1_101' title='bbox 1598 1450 1744 1495; x_wconf 89' lang='lat' dir='ltr'><strong>tuum</strong></span> <span class='ocrx_word' id='word_1_102' title='bbox 1775 1453 1795 1495; x_wconf 90' lang='lat'><strong><em>:</em></strong></span> 
     </span>
    </p>
   </div>
   <div class='ocr_carea' id='block_1_15' title="bbox 226 1530 1794 1602">
    <p class='ocr_par' dir='ltr' id='par_1_15' title="bbox 226 1530 1794 1602">
     <span class='ocr_line' id='line_1_15' title="bbox 226 1530 1794 1602; baseline -0.001 -16"><span class='ocrx_word' id='word_1_103' title='bbox 226 1532 441 1597; x_wconf 86' lang='lat' dir='ltr'><strong>sardins,</strong></span> <span class='ocrx_word' id='word_1_104' title='bbox 471 1532 734 1601; x_wconf 78' lang='lat' dir='ltr'><strong>topazius,</strong></span> <span class='ocrx_word' id='word_1_105' title='bbox 759 1530 1339 1601; x_wconf 81' lang='lat' dir='ltr'><strong>jaspis,chrysolithus,</strong></span> <span class='ocrx_word' id='word_1_106' title='bbox 1361 1547 1519 1601; x_wconf 72' lang='lat' dir='ltr'><strong>onyx,</strong></span> <span class='ocrx_word' id='word_1_107' title='bbox 1547 1530 1794 1602; x_wconf 87' lang='lat' dir='ltr'><strong>beryllus,</strong></span> 
     </span>
    </p>
   </div>
   <div class='ocr_carea' id='block_1_16' title="bbox 227 1620 1793 1693">
    <p class='ocr_par' dir='ltr' id='par_1_16' title="bbox 227 1620 1793 1693">
     <span class='ocr_line' id='line_1_16' title="bbox 227 1620 1793 1693; baseline 0 -18"><span class='ocrx_word' id='word_1_108' title='bbox 227 1622 507 1691; x_wconf 77' lang='lat' dir='ltr'><strong>sapphirus,‘</strong></span> <span class='ocrx_word' id='word_1_109' title='bbox 538 1620 910 1686; x_wconf 76' lang='lat' dir='ltr'><strong>carbunculus,</strong></span> <span class='ocrx_word' id='word_1_110' title='bbox 932 1630 979 1674; x_wconf 88' lang='lat' dir='ltr'><strong>et</strong></span> <span class='ocrx_word' id='word_1_111' title='bbox 998 1622 1312 1692; x_wconf 80' lang='lat' dir='ltr'><strong>smaragdus</strong></span> <span class='ocrx_word' id='word_1_112' title='bbox 1338 1621 1552 1693; x_wconf 71' lang='lat' dir='ltr'><strong>(Ezech.</strong></span> <span class='ocrx_word' id='word_1_113' title='bbox 1577 1622 1793 1691; x_wconf 72' lang='lat' dir='ltr'><strong>XXVIII).</strong></span> 
     </span>
    </p>
   </div>
   <div class='ocr_carea' id='block_1_17' title="bbox 226 1699 1798 1780">
    <p class='ocr_par' dir='ltr' id='par_1_17' title="bbox 226 1699 1798 1780">
     <span class='ocr_line' id='line_1_17' title="bbox 226 1699 1798 1780; baseline -0.001 -15"><span class='ocrx_word' id='word_1_114' title='bbox 226 1699 429 1779; x_wconf 25' lang='lat' dir='ltr'><strong>Et‘post</strong></span> <span class='ocrx_word' id='word_1_115' title='bbox 452 1725 624 1778; x_wconf 88' lang='lat' dir='ltr'><strong>pauca</strong></span> <span class='ocrx_word' id='word_1_116' title='bbox 656 1724 674 1765; x_wconf 84' lang='lat'><strong>:</strong></span> <span class='ocrx_word' id='word_1_117' title='bbox 711 1708 777 1762; x_wconf 88' lang='lat' dir='ltr'><strong>In</strong></span> <span class='ocrx_word' id='word_1_118' title='bbox 803 1709 973 1763; x_wconf 88' lang='lat' dir='ltr'><strong>medio</strong></span> <span class='ocrx_word' id='word_1_119' title='bbox 1003 1708 1238 1779; x_wconf 81' lang='lat' dir='ltr'><strong>lapidum</strong></span> <span class='ocrx_word' id='word_1_120' title='bbox 1270 1710 1576 1780; x_wconf 86' lang='lat' dir='ltr'><strong>ignitorum,</strong></span> <span class='ocrx_word' id='word_1_121' title='bbox 1614 1710 1798 1764; x_wconf 77' lang='lat' dir='ltr'><strong>ambu-</strong></span> 
     </span>
    </p>
   </div>
   <div class='ocr_carea' id='block_1_18' title="bbox 225 1797 1792 1870">
    <p class='ocr_par' dir='ltr' id='par_1_18' title="bbox 225 1797 1792 1870">
     <span class='ocr_line' id='line_1_18' title="bbox 225 1797 1792 1870; baseline 0.002 -19"><span class='ocrx_word' id='word_1_122' title='bbox 225 1797 335 1851; x_wconf 87' lang='lat' dir='ltr'><strong>lasti</strong></span> <span class='ocrx_word' id='word_1_123' title='bbox 366 1798 623 1866; x_wconf 77' lang='lat' dir='ltr'><strong>perfectus</strong></span> <span class='ocrx_word' id='word_1_124' title='bbox 666 1797 850 1850; x_wconf 82' lang='lat' dir='ltr'><strong>decore</strong></span> <span class='ocrx_word' id='word_1_125' title='bbox 893 1814 926 1851; x_wconf 88' lang='lat' dir='ltr'><strong>a</strong></span> <span class='ocrx_word' id='word_1_126' title='bbox 962 1797 1046 1851; x_wconf 87' lang='lat' dir='ltr'><strong>die</strong></span> <span class='ocrx_word' id='word_1_127' title='bbox 1093 1797 1402 1852; x_wconf 76' lang='lat' dir='ltr'><strong>conditionis</strong></span> <span class='ocrx_word' id='word_1_128' title='bbox 1446 1808 1553 1853; x_wconf 73' lang='lat' dir='ltr'><strong>tua:</strong></span> <span class='ocrx_word' id='word_1_129' title='bbox 1582 1797 1792 1870; x_wconf 84' lang='lat' dir='ltr'><strong>(Ibid.).</strong></span> 
     </span>
    </p>
   </div>
   <div class='ocr_carea' id='block_1_19' title="bbox 1896 624 3486 697">
    <p class='ocr_par' dir='ltr' id='par_1_19' title="bbox 1896 624 3486 697">
     <span class='ocr_line' id='line_1_19' title="bbox 1896 624 3486 697; baseline 0.003 -19"><span class='ocrx_word' id='word_1_130' title='bbox 1896 626 2040 697; x_wconf 90' lang='lat' dir='ltr'><strong>gitur</strong></span> <span class='ocrx_word' id='word_1_131' title='bbox 2068 627 2120 680; x_wconf 94' lang='lat' dir='ltr'><strong>in</strong></span> <span class='ocrx_word' id='word_1_132' title='bbox 2150 624 2466 697; x_wconf 82' lang='lat' dir='ltr'><strong>Apocalypsi</strong></span> <span class='ocrx_word' id='word_1_133' title='bbox 2505 644 2518 680; x_wconf 76' lang='grc' dir='ltr'>ε</span> <span class='ocrx_word' id='word_1_134' title='bbox 2554 624 2658 692; x_wconf 82' lang='lat' dir='ltr'><strong>Qui</strong></span> <span class='ocrx_word' id='word_1_135' title='bbox 2687 625 2895 681; x_wconf 76' lang='lat' dir='ltr'><strong>sedebat</strong></span> <span class='ocrx_word' id='word_1_136' title='bbox 2934 642 3091 696; x_wconf 80' lang='lat' dir='ltr'><strong>super</strong></span> <span class='ocrx_word' id='word_1_137' title='bbox 3118 627 3385 693; x_wconf 79' lang='lat' dir='ltr'><strong>thronum,</strong></span> <span class='ocrx_word' id='word_1_138' title='bbox 3408 628 3455 683; x_wconf 85' lang='lat' dir='ltr'><strong>si</strong></span> <span class='ocrx_word' id='word_1_139' title='bbox 3464 658 3486 671; x_wconf 86' lang='lat'><strong>-</strong></span> 
     </span>
    </p>
   </div>
   <div class='ocr_carea' id='block_1_20' title="bbox 1894 715 3487 795">
    <p class='ocr_par' dir='ltr' id='par_1_20' title="bbox 1894 715 3487 795">
     <span class='ocr_line' id='line_1_20' title="bbox 1894 715 3487 795; baseline 0.001 -25"><span class='ocrx_word' id='word_1_140' title='bbox 1894 716 2033 795; x_wconf 75' lang='lat' dir='ltr'><strong>milis</strong></span> <span class='ocrx_word' id='word_1_141' title='bbox 2078 725 2190 771; x_wconf 88' lang='lat' dir='ltr'><strong>erat</strong></span> <span class='ocrx_word' id='word_1_142' title='bbox 2238 715 2403 785; x_wconf 83' lang='lat' dir='ltr'><strong>lapidi</strong></span> <span class='ocrx_word' id='word_1_143' title='bbox 2441 716 2643 787; x_wconf 83' lang='lat' dir='ltr'><strong>jaspidi</strong></span> <span class='ocrx_word' id='word_1_144' title='bbox 2690 724 2739 771; x_wconf 85' lang='lat' dir='ltr'><strong>et</strong></span> <span class='ocrx_word' id='word_1_145' title='bbox 2780 715 2959 770; x_wconf 87' lang='lat' dir='ltr'><strong>sardio</strong></span> <span class='ocrx_word' id='word_1_146' title='bbox 2991 716 3184 789; x_wconf 76' lang='lat' dir='ltr'><strong>(Apoc.</strong></span> <span class='ocrx_word' id='word_1_147' title='bbox 3212 718 3321 787; x_wconf 87' lang='lat' dir='ltr'><strong>Iv).</strong></span> <span class='ocrx_word' id='word_1_148' title='bbox 3353 716 3487 773; x_wconf 88' lang='lat' dir='ltr'><strong>Item</strong></span> 
     </span>
    </p>
   </div>
   <div class='ocr_carea' id='block_1_21' title="bbox 1888 805 3489 877">
    <p class='ocr_par' dir='ltr' id='par_1_21' title="bbox 1888 805 3489 877">
     <span class='ocr_line' id='line_1_21' title="bbox 1888 805 3489 877; baseline 0.002 -17"><span class='ocrx_word' id='word_1_149' title='bbox 1888 805 2059 877; x_wconf 89' lang='lat' dir='ltr'><strong>jaspis</strong></span> <span class='ocrx_word' id='word_1_150' title='bbox 2087 806 2393 861; x_wconf 87' lang='lat' dir='ltr'><strong>testimonia</strong></span> <span class='ocrx_word' id='word_1_151' title='bbox 2408 805 2810 877; x_wconf 89' lang='lat' dir='ltr'><strong>Scripturarum</strong></span> <span class='ocrx_word' id='word_1_152' title='bbox 2838 805 3127 877; x_wconf 73' lang='lat' dir='ltr'><strong>signiﬁcat,</strong></span> <span class='ocrx_word' id='word_1_153' title='bbox 3160 817 3221 862; x_wconf 90' lang='lat' dir='ltr'><strong>ut</strong></span> <span class='ocrx_word' id='word_1_154' title='bbox 3248 815 3332 863; x_wconf 88' lang='lat' dir='ltr'><strong>est</strong></span> <span class='ocrx_word' id='word_1_155' title='bbox 3356 807 3489 863; x_wconf 88' lang='lat' dir='ltr'><strong>illud</strong></span> 
     </span>
    </p>
   </div>
   <div class='ocr_carea' id='block_1_22' title="bbox 1896 895 3491 969">
    <p class='ocr_par' dir='ltr' id='par_1_22' title="bbox 1896 895 3491 969">
     <span class='ocr_line' id='line_1_22' title="bbox 1896 895 3491 969; baseline -0.001 -17"><span class='ocrx_word' id='word_1_156' title='bbox 1896 897 1950 952; x_wconf 89' lang='lat' dir='ltr'><strong>in</strong></span> <span class='ocrx_word' id='word_1_157' title='bbox 1973 897 2110 952; x_wconf 88' lang='lat' dir='ltr'><strong>Isaia</strong></span> <span class='ocrx_word' id='word_1_158' title='bbox 2139 913 2153 949; x_wconf 88' lang='lat'><strong>:</strong></span> <span class='ocrx_word' id='word_1_159' title='bbox 2179 895 2819 969; x_wconf 79' lang='lat' dir='ltr'><strong>Jaspidepropugnacula</strong></span> <span class='ocrx_word' id='word_1_160' title='bbox 2848 907 2938 951; x_wconf 88' lang='lat' dir='ltr'><strong>tua</strong></span> <span class='ocrx_word' id='word_1_161' title='bbox 2964 895 3099 968; x_wconf 88' lang='lat' dir='ltr'><strong>(Isa.</strong></span> <span class='ocrx_word' id='word_1_162' title='bbox 3132 898 3263 969; x_wconf 78' lang='lat' dir='ltr'><strong>Liv).</strong></span> <span class='ocrx_word' id='word_1_163' title='bbox 3290 897 3491 952; x_wconf 84' lang='lat' dir='ltr'><strong>Secun-</strong></span> 
     </span>
    </p>
   </div>
   <div class='ocr_carea' id='block_1_23' title="bbox 1896 986 3499 1059">
    <p class='ocr_par' dir='ltr' id='par_1_23' title="bbox 1896 986 3499 1059">
     <span class='ocr_line' id='line_1_23' title="bbox 1896 986 3499 1059; baseline 0.001 -18"><span class='ocrx_word' id='word_1_164' title='bbox 1896 987 1997 1041; x_wconf 86' lang='lat' dir='ltr'><strong>dus</strong></span> <span class='ocrx_word' id='word_1_165' title='bbox 2019 987 2315 1057; x_wconf 80' lang='lat' dir='ltr'><strong>sapphiru‘s.</strong></span> <span class='ocrx_word' id='word_1_166' title='bbox 2339 986 2509 1056; x_wconf 81' lang='lat' dir='ltr'><strong>Hujus</strong></span> <span class='ocrx_word' id='word_1_167' title='bbox 2531 988 2724 1059; x_wconf 86' lang='lat' dir='ltr'><strong>lapidis</strong></span> <span class='ocrx_word' id='word_1_168' title='bbox 2745 987 2979 1044; x_wconf 89' lang='lat' dir='ltr'><strong>colorem</strong></span> <span class='ocrx_word' id='word_1_169' title='bbox 3002 987 3208 1057; x_wconf 89' lang='lat' dir='ltr'><strong>pariter</strong></span> <span class='ocrx_word' id='word_1_170' title='bbox 3227 997 3281 1043; x_wconf 89' lang='lat' dir='ltr'><strong>et</strong></span> <span class='ocrx_word' id='word_1_171' title='bbox 3304 1003 3499 1043; x_wconf 64' lang='grc' dir='ltr'><strong>ὅπη-ο</strong></span> 
     </span>
    </p>
   </div>
   <div class='ocr_carea' id='block_1_24' title="bbox 1897 1075 3490 1147">
    <p class='ocr_par' dir='ltr' id='par_1_24' title="bbox 1897 1075 3490 1147">
     <span class='ocr_line' id='line_1_24' title="bbox 1897 1075 3490 1147; baseline 0 -16"><span class='ocrx_word' id='word_1_172' title='bbox 1897 1084 2138 1131; x_wconf 89' lang='lat' dir='ltr'><strong>mentum</strong></span> <span class='ocrx_word' id='word_1_173' title='bbox 2170 1075 2382 1147; x_wconf 81' lang='lat' dir='ltr'><strong>Moyses</strong></span> <span class='ocrx_word' id='word_1_174' title='bbox 2409 1077 2659 1147; x_wconf 81' lang='lat' dir='ltr'><strong>exposuit</strong></span> <span class='ocrx_word' id='word_1_175' title='bbox 2686 1094 2699 1130; x_wconf 89' lang='lat'>:</span> <span class='ocrx_word' id='word_1_176' title='bbox 2731 1093 2853 1132; x_wconf 89' lang='lat' dir='ltr'><strong>cum</strong></span> <span class='ocrx_word' id='word_1_177' title='bbox 2884 1077 2979 1133; x_wconf 86' lang='lat' dir='ltr'><strong>Dei</strong></span> <span class='ocrx_word' id='word_1_178' title='bbox 3007 1076 3490 1133; x_wconf 80' lang='lat' dir='ltr'><strong>habitumdeseri-</strong></span> 
     </span>
    </p>
   </div>
   <div class='ocr_carea' id='block_1_25' title="bbox 1896 1161 3497 1237">
    <p class='ocr_par' dir='ltr' id='par_1_25' title="bbox 1896 1161 3497 1237">
     <span class='ocr_line' id='line_1_25' title="bbox 1896 1161 3497 1237; baseline -0.001 -16"><span class='ocrx_word' id='word_1_179' title='bbox 1896 1166 2030 1221; x_wconf 83' lang='lat' dir='ltr'><strong>hens</strong></span> <span class='ocrx_word' id='word_1_180' title='bbox 2066 1166 2272 1221; x_wconf 88' lang='lat' dir='ltr'><strong>diceret</strong></span> <span class='ocrx_word' id='word_1_181' title='bbox 2304 1184 2317 1222; x_wconf 87' lang='lat'><strong>:</strong></span> <span class='ocrx_word' id='word_1_182' title='bbox 2350 1164 2459 1221; x_wconf 87' lang='lat' dir='ltr'><strong>Sub</strong></span> <span class='ocrx_word' id='word_1_183' title='bbox 2504 1166 2719 1237; x_wconf 84' lang='lat' dir='ltr'><strong>pedibus</strong></span> <span class='ocrx_word' id='word_1_184' title='bbox 2769 1168 2882 1236; x_wconf 85' lang='lat' dir='ltr'><strong>ejus</strong></span> <span class='ocrx_word' id='word_1_185' title='bbox 2926 1161 3076 1237; x_wconf 82' lang='lat' dir='ltr'><strong>q&#39;uasi</strong></span> <span class='ocrx_word' id='word_1_186' title='bbox 3123 1167 3314 1237; x_wconf 84' lang='lat' dir='ltr'><strong>lapidis</strong></span> <span class='ocrx_word' id='word_1_187' title='bbox 3360 1183 3497 1237; x_wconf 79' lang='lat' dir='ltr'><strong>opus</strong></span> 
     </span>
    </p>
   </div>
   <div class='ocr_carea' id='block_1_26' title="bbox 1897 1257 3488 1330">
    <p class='ocr_par' dir='ltr' id='par_1_26' title="bbox 1897 1257 3488 1330">
     <span class='ocr_line' id='line_1_26' title="bbox 1897 1257 3488 1330; baseline -0.001 -15"><span class='ocrx_word' id='word_1_188' title='bbox 1897 1258 2148 1328; x_wconf 86' lang='lat' dir='ltr'><strong>sapphiri,</strong></span> <span class='ocrx_word' id='word_1_189' title='bbox 2195 1266 2245 1312; x_wconf 87' lang='lat' dir='ltr'><strong>et</strong></span> <span class='ocrx_word' id='word_1_190' title='bbox 2299 1257 2451 1328; x_wconf 85' lang='lat' dir='ltr'><strong>quasi</strong></span> <span class='ocrx_word' id='word_1_191' title='bbox 2502 1257 2687 1313; x_wconf 69' lang='lat' dir='ltr'><strong>caelum</strong></span> <span class='ocrx_word' id='word_1_192' title='bbox 2734 1274 2853 1312; x_wconf 89' lang='lat' dir='ltr'><strong>cum</strong></span> <span class='ocrx_word' id='word_1_193' title='bbox 2898 1275 3136 1313; x_wconf 86' lang='lat' dir='ltr'><strong>serenum</strong></span> <span class='ocrx_word' id='word_1_194' title='bbox 3183 1258 3488 1330; x_wconf 82' lang='lat' dir='ltr'><strong>est‘(E:cod.</strong></span> 
     </span>
    </p>
   </div>
   <div class='ocr_carea' id='block_1_27' title="bbox 1898 1347 3491 1418">
    <p class='ocr_par' dir='ltr' id='par_1_27' title="bbox 1898 1347 3491 1418">
     <span class='ocr_line' id='line_1_27' title="bbox 1898 1347 3491 1418; baseline 0.001 -17"><span class='ocrx_word' id='word_1_195' title='bbox 1898 1347 2070 1416; x_wconf 77' lang='lat' dir='ltr'><strong>xxrv).</strong></span> <span class='ocrx_word' id='word_1_196' title='bbox 2106 1347 2357 1403; x_wconf 88' lang='lat' dir='ltr'><strong>Ezechiel</strong></span> <span class='ocrx_word' id='word_1_197' title='bbox 2386 1362 2601 1418; x_wconf 88' lang='lat' dir='ltr'><strong>quoque</strong></span> <span class='ocrx_word' id='word_1_198' title='bbox 2628 1348 2757 1402; x_wconf 84' lang='lat' dir='ltr'><strong>dicit</strong></span> <span class='ocrx_word' id='word_1_199' title='bbox 2784 1347 2927 1416; x_wconf 93' lang='lat' dir='ltr'><strong>quod</strong></span> <span class='ocrx_word' id='word_1_200' title='bbox 2953 1347 3105 1402; x_wconf 91' lang='lat' dir='ltr'><strong>locus</strong></span> <span class='ocrx_word' id='word_1_201' title='bbox 3134 1347 3186 1401; x_wconf 94' lang='lat' dir='ltr'><strong>in</strong></span> <span class='ocrx_word' id='word_1_202' title='bbox 3215 1362 3321 1416; x_wconf 90' lang='lat' dir='ltr'><strong>quo</strong></span> <span class='ocrx_word' id='word_1_203' title='bbox 3344 1348 3491 1402; x_wconf 84' lang='lat' dir='ltr'><strong>thro—</strong></span> 
     </span>
    </p>
   </div>
   <div class='ocr_carea' id='block_1_28' title="bbox 1899 1436 3494 1509">
    <p class='ocr_par' dir='ltr' id='par_1_28' title="bbox 1899 1436 3494 1509">
     <span class='ocr_line' id='line_1_28' title="bbox 1899 1436 3494 1509; baseline 0.002 -17"><span class='ocrx_word' id='word_1_204' title='bbox 1899 1451 2002 1492; x_wconf 87' lang='lat' dir='ltr'><strong>nus</strong></span> <span class='ocrx_word' id='word_1_205' title='bbox 2028 1436 2123 1491; x_wconf 88' lang='lat' dir='ltr'><strong>Dei</strong></span> <span class='ocrx_word' id='word_1_206' title='bbox 2152 1438 2241 1503; x_wconf 90' lang='lat' dir='ltr'><strong>sit,</strong></span> <span class='ocrx_word' id='word_1_207' title='bbox 2271 1438 2509 1507; x_wconf 15' lang='lat' dir='ltr'><strong>sapphhiri</strong></span> <span class='ocrx_word' id='word_1_208' title='bbox 2547 1439 2743 1493; x_wconf 87' lang='lat' dir='ltr'><strong>habeat</strong></span> <span class='ocrx_word' id='word_1_209' title='bbox 2771 1438 3195 1501; x_wconf 84' lang='lat' dir='ltr'><strong>similitudinem,</strong></span> <span class='ocrx_word' id='word_1_210' title='bbox 3230 1446 3285 1493; x_wconf 90' lang='lat' dir='ltr'><strong>et</strong></span> <span class='ocrx_word' id='word_1_211' title='bbox 3322 1438 3494 1509; x_wconf 78' lang='lat' dir='ltr'><strong>gloria</strong></span> 
     </span>
    </p>
   </div>
   <div class='ocr_carea' id='block_1_29' title="bbox 1899 1524 3491 1598">
    <p class='ocr_par' dir='ltr' id='par_1_29' title="bbox 1899 1524 3491 1598">
     <span class='ocr_line' id='line_1_29' title="bbox 1899 1524 3491 1598; baseline -0.001 -16"><span class='ocrx_word' id='word_1_212' title='bbox 1899 1525 2111 1582; x_wconf 86' lang='lat' dir='ltr'><strong>Domini</strong></span> <span class='ocrx_word' id='word_1_213' title='bbox 2153 1527 2208 1580; x_wconf 93' lang='lat' dir='ltr'><strong>in</strong></span> <span class='ocrx_word' id='word_1_214' title='bbox 2257 1527 2439 1582; x_wconf 90' lang='lat' dir='ltr'><strong>colore</strong></span> <span class='ocrx_word' id='word_1_215' title='bbox 2496 1528 2774 1582; x_wconf 81' lang='lat' dir='ltr'><strong>consistat.</strong></span> <span class='ocrx_word' id='word_1_216' title='bbox 2828 1527 2929 1594; x_wconf 81' lang='lat' dir='ltr'><strong>Qui</strong></span> <span class='ocrx_word' id='word_1_217' title='bbox 2976 1536 3156 1597; x_wconf 82' lang='lat' dir='ltr'><strong>portat</strong></span> <span class='ocrx_word' id='word_1_218' title='bbox 3202 1524 3491 1598; x_wconf 85' lang='lat' dir='ltr'><strong>imaginem</strong></span> 
     </span>
    </p>
   </div>
   <div class='ocr_carea' id='block_1_30' title="bbox 1899 1616 3492 1687">
    <p class='ocr_par' dir='ltr' id='par_1_30' title="bbox 1899 1616 3492 1687">
     <span class='ocr_line' id='line_1_30' title="bbox 1899 1616 3492 1687; baseline 0 -16"><span class='ocrx_word' id='word_1_219' title='bbox 1899 1616 2361 1685; x_wconf 79' lang='lat' dir='ltr'><strong>super‘cmlestem,</strong></span> <span class='ocrx_word' id='word_1_220' title='bbox 2391 1626 2449 1670; x_wconf 92' lang='lat' dir='ltr'><strong>ut</strong></span> <span class='ocrx_word' id='word_1_221' title='bbox 2476 1617 2567 1685; x_wconf 87' lang='lat' dir='ltr'><strong>qui</strong></span> <span class='ocrx_word' id='word_1_222' title='bbox 2597 1617 2720 1671; x_wconf 90' lang='lat' dir='ltr'><strong>talis</strong></span> <span class='ocrx_word' id='word_1_223' title='bbox 2742 1626 2843 1679; x_wconf 90' lang='lat' dir='ltr'><strong>est,</strong></span> <span class='ocrx_word' id='word_1_224' title='bbox 2872 1633 2993 1672; x_wconf 89' lang='lat' dir='ltr'><strong>cum</strong></span> <span class='ocrx_word' id='word_1_225' title='bbox 3025 1617 3281 1687; x_wconf 80' lang='lat' dir='ltr'><strong>Apostolo</strong></span> <span class='ocrx_word' id='word_1_226' title='bbox 3319 1617 3492 1687; x_wconf 84' lang='lat' dir='ltr'><strong>possit</strong></span> 
     </span>
    </p>
   </div>
   <div class='ocr_carea' id='block_1_31' title="bbox 1900 1705 3489 1778">
    <p class='ocr_par' dir='ltr' id='par_1_31' title="bbox 1900 1705 3489 1778">
     <span class='ocr_line' id='line_1_31' title="bbox 1900 1705 3489 1778; baseline -0.001 -16"><span class='ocrx_word' id='word_1_227' title='bbox 1900 1707 2082 1763; x_wconf 83' lang='lat' dir='ltr'><strong>dicere</strong></span> <span class='ocrx_word' id='word_1_228' title='bbox 2110 1725 2124 1761; x_wconf 86' lang='lat'><strong>:</strong></span> <span class='ocrx_word' id='word_1_229' title='bbox 2157 1705 2357 1762; x_wconf 86' lang='lat' dir='ltr'><strong>Nostra</strong></span> <span class='ocrx_word' id='word_1_230' title='bbox 2388 1710 2560 1760; x_wconf 84' lang='lat' dir='ltr'><strong>autem</strong></span> <span class='ocrx_word' id='word_1_231' title='bbox 2593 1709 2909 1761; x_wconf 82' lang='lat' dir='ltr'><strong>conversatio</strong></span> <span class='ocrx_word' id='word_1_232' title='bbox 2942 1707 2995 1760; x_wconf 88' lang='lat' dir='ltr'><strong>in</strong></span> <span class='ocrx_word' id='word_1_233' title='bbox 3034 1707 3172 1761; x_wconf 66' lang='lat' dir='ltr'><strong>caelis</strong></span> <span class='ocrx_word' id='word_1_234' title='bbox 3206 1718 3281 1762; x_wconf 89' lang='lat' dir='ltr'><strong>est</strong></span> <span class='ocrx_word' id='word_1_235' title='bbox 3310 1706 3489 1778; x_wconf 82' lang='lat' dir='ltr'><strong>(Phil.</strong></span> 
     </span>
    </p>
   </div>
   <div class='ocr_carea' id='block_1_32' title="bbox 1900 1786 3489 1869">
    <p class='ocr_par' dir='ltr' id='par_1_32' title="bbox 1900 1786 3489 1869">
     <span class='ocr_line' id='line_1_32' title="bbox 1900 1786 3489 1869; baseline -0.001 -16"><span class='ocrx_word' id='word_1_236' title='bbox 1900 1797 2030 1869; x_wconf 86' lang='lat' dir='ltr'><strong>III);</strong></span> <span class='ocrx_word' id='word_1_237' title='bbox 2061 1798 2153 1868; x_wconf 92' lang='lat' dir='ltr'><strong>qui</strong></span> <span class='ocrx_word' id='word_1_238' title='bbox 2184 1786 2350 1852; x_wconf 85' lang='lat' dir='ltr'><strong>radiis</strong></span> <span class='ocrx_word' id='word_1_239' title='bbox 2370 1798 2658 1868; x_wconf 81' lang='lat' dir='ltr'><strong>percussus</strong></span> <span class='ocrx_word' id='word_1_240' title='bbox 2679 1789 2809 1852; x_wconf 82' lang='lat' dir='ltr'><strong>solis</strong></span> <span class='ocrx_word' id='word_1_241' title='bbox 2830 1795 3093 1868; x_wconf 78' lang='lat' dir='ltr'><strong>fulgorem</strong></span> <span class='ocrx_word' id='word_1_242' title='bbox 3116 1798 3396 1852; x_wconf 86' lang='lat' dir='ltr'><strong>ardentem</strong></span> <span class='ocrx_word' id='word_1_243' title='bbox 3421 1814 3489 1852; x_wconf 78' lang='lat' dir='ltr'><strong>ex</strong></span> 
     </span>
    </p>
   </div>
   <div class='ocr_carea' id='block_1_33' title="bbox 224 1884 3493 1959">
    <p class='ocr_par' dir='ltr' id='par_1_33' title="bbox 224 1884 3493 1959">
     <span class='ocr_line' id='line_1_33' title="bbox 224 1884 3493 1959; baseline 0.001 -18"><span class='ocrx_word' id='word_1_244' title='bbox 224 1886 591 1942; x_wconf 85' lang='lat' dir='ltr'><strong>Pretiosissimi</strong></span> <span class='ocrx_word' id='word_1_245' title='bbox 640 1895 821 1945; x_wconf 83' lang='lat' dir='ltr'><strong>autem</strong></span> <span class='ocrx_word' id='word_1_246' title='bbox 864 1887 1070 1957; x_wconf 87' lang='lat' dir='ltr'><strong>lapides</strong></span> <span class='ocrx_word' id='word_1_247' title='bbox 1114 1887 1168 1941; x_wconf 92' lang='lat' dir='ltr'><strong>in</strong></span> <span class='ocrx_word' id='word_1_248' title='bbox 1214 1887 1398 1942; x_wconf 78' lang='lat' dir='ltr'><strong>Exodo</strong></span> <span class='ocrx_word' id='word_1_249' title='bbox 1424 1898 1793 1954; x_wconf 88' lang='lat' dir='ltr'><strong>numerantur,</strong></span> <span class='ocrx_word' id='word_1_250' title='bbox 1825 1884 1871 1944; x_wconf 87' lang='grc' dir='ltr'><strong>Β</strong></span> <span class='ocrx_word' id='word_1_251' title='bbox 1898 1890 2186 1955; x_wconf 88' lang='lat' dir='ltr'><strong>seemittit;</strong></span> <span class='ocrx_word' id='word_1_252' title='bbox 2203 1890 2327 1959; x_wconf 90' lang='lat' dir='ltr'><strong>quia</strong></span> <span class='ocrx_word' id='word_1_253' title='bbox 2348 1890 2659 1946; x_wconf 77' lang='lat' dir='ltr'><strong>etelestibus</strong></span> <span class='ocrx_word' id='word_1_254' title='bbox 2674 1904 2888 1959; x_wconf 90' lang='lat' dir='ltr'><strong>semper</strong></span> <span class='ocrx_word' id='word_1_255' title='bbox 2904 1891 3163 1956; x_wconf 86' lang='lat' dir='ltr'><strong>intentus,</strong></span> <span class='ocrx_word' id='word_1_256' title='bbox 3181 1899 3493 1946; x_wconf 89' lang='lat' dir='ltr'><strong>sanctorum</strong></span> 
     </span>
    </p>
   </div>
   <div class='ocr_carea' id='block_1_34' title="bbox 223 1976 1798 2047">
    <p class='ocr_par' dir='ltr' id='par_1_34' title="bbox 223 1976 1798 2047">
     <span class='ocr_line' id='line_1_34' title="bbox 223 1976 1798 2047; baseline 0.001 -16"><span class='ocrx_word' id='word_1_257' title='bbox 223 1978 318 2031; x_wconf 87' lang='lat' dir='ltr'><strong>hoc</strong></span> <span class='ocrx_word' id='word_1_258' title='bbox 348 1986 459 2040; x_wconf 86' lang='lat' dir='ltr'><strong>est.</strong></span> <span class='ocrx_word' id='word_1_259' title='bbox 494 1977 549 2030; x_wconf 93' lang='lat' dir='ltr'><strong>in</strong></span> <span class='ocrx_word' id='word_1_260' title='bbox 587 1976 833 2030; x_wconf 88' lang='lat' dir='ltr'><strong>rationali</strong></span> <span class='ocrx_word' id='word_1_261' title='bbox 866 1976 1140 2046; x_wconf 83' lang='lat' dir='ltr'><strong>pontificis</strong></span> <span class='ocrx_word' id='word_1_262' title='bbox 1194 1977 1373 2047; x_wconf 87' lang='lat' dir='ltr'><strong>positi,</strong></span> <span class='ocrx_word' id='word_1_263' title='bbox 1404 1986 1461 2033; x_wconf 88' lang='lat' dir='ltr'><strong>et</strong></span> <span class='ocrx_word' id='word_1_264' title='bbox 1508 1977 1560 2032; x_wconf 91' lang='lat' dir='ltr'><strong>in</strong></span> <span class='ocrx_word' id='word_1_265' title='bbox 1590 1977 1798 2047; x_wconf 79' lang='lat' dir='ltr'><strong>Apoca-</strong></span> 
     </span>
    </p>
   </div>
   <div class='ocr_carea' id='block_1_35' title="bbox 224 2067 1800 2139">
    <p class='ocr_par' dir='ltr' id='par_1_35' title="bbox 224 2067 1800 2139">
     <span class='ocr_line' id='line_1_35' title="bbox 224 2067 1800 2139; baseline 0.003 -18"><span class='ocrx_word' id='word_1_266' title='bbox 224 2067 345 2139; x_wconf 81' lang='lat' dir='ltr'><strong>lypsi</strong></span> <span class='ocrx_word' id='word_1_267' title='bbox 395 2069 447 2121; x_wconf 93' lang='lat' dir='ltr'><strong>in</strong></span> <span class='ocrx_word' id='word_1_268' title='bbox 497 2068 908 2127; x_wconf 87' lang='lat' dir='ltr'><strong>constructione</strong></span> <span class='ocrx_word' id='word_1_269' title='bbox 962 2068 1223 2137; x_wconf 80' lang='lat' dir='ltr'><strong>spiritalis</strong></span> <span class='ocrx_word' id='word_1_270' title='bbox 1272 2069 1528 2124; x_wconf 67' lang='lat' dir='ltr'><strong>eititatis.</strong></span> <span class='ocrx_word' id='word_1_271' title='bbox 1576 2068 1711 2124; x_wconf 87' lang='lat' dir='ltr'><strong>Nam</strong></span> <span class='ocrx_word' id='word_1_272' title='bbox 1746 2070 1800 2125; x_wconf 91' lang='lat' dir='ltr'><strong>in</strong></span> 
     </span>
    </p>
   </div>
   <div class='ocr_carea' id='block_1_36' title="bbox 222 2157 1802 2230">
    <p class='ocr_par' dir='ltr' id='par_1_36' title="bbox 222 2157 1802 2230">
     <span class='ocr_line' id='line_1_36' title="bbox 222 2157 1802 2230; baseline 0.001 -17"><span class='ocrx_word' id='word_1_273' title='bbox 222 2158 393 2213; x_wconf 78' lang='lat' dir='ltr'><strong>Exodo</strong></span> <span class='ocrx_word' id='word_1_274' title='bbox 433 2159 506 2213; x_wconf 85' lang='lat' dir='ltr'><strong>ita</strong></span> <span class='ocrx_word' id='word_1_275' title='bbox 551 2158 810 2228; x_wconf 89' lang='lat' dir='ltr'><strong>scriptum</strong></span> <span class='ocrx_word' id='word_1_276' title='bbox 857 2166 986 2214; x_wconf 88' lang='lat' dir='ltr'><strong>est:</strong></span> <span class='ocrx_word' id='word_1_277' title='bbox 1019 2157 1087 2212; x_wconf 88' lang='lat' dir='ltr'><strong>In</strong></span> <span class='ocrx_word' id='word_1_278' title='bbox 1130 2161 1299 2228; x_wconf 86' lang='lat' dir='ltr'><strong>primo</strong></span> <span class='ocrx_word' id='word_1_279' title='bbox 1339 2175 1491 2214; x_wconf 79' lang='lat' dir='ltr'><strong>versu</strong></span> <span class='ocrx_word' id='word_1_280' title='bbox 1523 2161 1620 2215; x_wconf 85' lang='lat' dir='ltr'><strong>erit</strong></span> <span class='ocrx_word' id='word_1_281' title='bbox 1666 2160 1802 2230; x_wconf 90' lang='lat' dir='ltr'><strong>lapis</strong></span> 
     </span>
    </p>
   </div>
   <div class='ocr_carea' id='block_1_37' title="bbox 222 2250 1803 2324">
    <p class='ocr_par' dir='ltr' id='par_1_37' title="bbox 222 2250 1803 2324">
     <span class='ocr_line' id='line_1_37' title="bbox 222 2250 1803 2324; baseline -0.001 -16"><span class='ocrx_word' id='word_1_282' title='bbox 222 2253 438 2318; x_wconf 80' lang='lat' dir='ltr'><strong>sardius,</strong></span> <span class='ocrx_word' id='word_1_283' title='bbox 486 2254 723 2324; x_wconf 85' lang='lat' dir='ltr'><strong>topasius</strong></span> <span class='ocrx_word' id='word_1_284' title='bbox 768 2261 816 2307; x_wconf 90' lang='lat' dir='ltr'><strong>et</strong></span> <span class='ocrx_word' id='word_1_285' title='bbox 859 2252 1192 2322; x_wconf 88' lang='lat' dir='ltr'><strong>smaragdus.</strong></span> <span class='ocrx_word' id='word_1_286' title='bbox 1225 2250 1291 2305; x_wconf 86' lang='lat' dir='ltr'><strong>In</strong></span> <span class='ocrx_word' id='word_1_287' title='bbox 1316 2250 1547 2305; x_wconf 88' lang='lat' dir='ltr'><strong>secundo</strong></span> <span class='ocrx_word' id='word_1_288' title='bbox 1577 2251 1803 2307; x_wconf 73' lang='lat' dir='ltr'><strong>carbun-</strong></span> 
     </span>
    </p>
   </div>
   <div class='ocr_carea' id='block_1_38' title="bbox 219 2327 1796 2413">
    <p class='ocr_par' dir='ltr' id='par_1_38' title="bbox 219 2327 1796 2413">
     <span class='ocr_line' id='line_1_38' title="bbox 219 2327 1796 2413; baseline -0.001 -16"><span class='ocrx_word' id='word_1_289' title='bbox 219 2343 375 2403; x_wconf 81' lang='lat' dir='ltr'><strong>culus,</strong></span> <span class='ocrx_word' id='word_1_290' title='bbox 416 2335 695 2411; x_wconf 65' lang='lat' dir='ltr'><strong>sappjtirus</strong></span> <span class='ocrx_word' id='word_1_291' title='bbox 720 2351 767 2396; x_wconf 89' lang='lat' dir='ltr'><strong>et</strong></span> <span class='ocrx_word' id='word_1_292' title='bbox 782 2343 975 2413; x_wconf 85' lang='lat' dir='ltr'><strong>jaspis.</strong></span> <span class='ocrx_word' id='word_1_293' title='bbox 1010 2341 1077 2396; x_wconf 89' lang='lat' dir='ltr'><strong>In</strong></span> <span class='ocrx_word' id='word_1_294' title='bbox 1094 2342 1255 2396; x_wconf 80' lang='lat' dir='ltr'><strong>tertio</strong></span> <span class='ocrx_word' id='word_1_295' title='bbox 1267 2327 1537 2411; x_wconf 38' lang='lat' dir='ltr'><strong>&#39;lygurius,</strong></span> <span class='ocrx_word' id='word_1_296' title='bbox 1567 2341 1796 2407; x_wconf 80' lang='lat' dir='ltr'><strong>achates,</strong></span> 
     </span>
    </p>
   </div>
   <div class='ocr_carea' id='block_1_39' title="bbox 218 2424 1801 2502">
    <p class='ocr_par' dir='ltr' id='par_1_39' title="bbox 218 2424 1801 2502">
     <span class='ocr_line' id='line_1_39' title="bbox 218 2424 1801 2502; baseline -0.001 -18"><span class='ocrx_word' id='word_1_297' title='bbox 218 2440 264 2484; x_wconf 85' lang='lat' dir='ltr'><strong>et</strong></span> <span class='ocrx_word' id='word_1_298' title='bbox 286 2432 620 2501; x_wconf 82' lang='lat' dir='ltr'><strong>amethystus.</strong></span> <span class='ocrx_word' id='word_1_299' title='bbox 654 2431 721 2485; x_wconf 86' lang='lat' dir='ltr'><strong>In</strong></span> <span class='ocrx_word' id='word_1_300' title='bbox 749 2441 937 2502; x_wconf 87' lang='lat' dir='ltr'><strong>quarto</strong></span> <span class='ocrx_word' id='word_1_301' title='bbox 965 2431 1335 2501; x_wconf 86' lang='lat' dir='ltr'><strong>chrysolithus,</strong></span> <span class='ocrx_word' id='word_1_302' title='bbox 1368 2444 1523 2501; x_wconf 72' lang='lat' dir='ltr'><strong>onyx‘</strong></span> <span class='ocrx_word' id='word_1_303' title='bbox 1546 2440 1594 2485; x_wconf 85' lang='lat' dir='ltr'><strong>et</strong></span> <span class='ocrx_word' id='word_1_304' title='bbox 1633 2424 1801 2501; x_wconf 83' lang='lat' dir='ltr'><strong>beryl-</strong></span> 
     </span>
    </p>
   </div>
   <div class='ocr_carea' id='block_1_40' title="bbox 221 2518 1797 2592">
    <p class='ocr_par' dir='ltr' id='par_1_40' title="bbox 221 2518 1797 2592">
     <span class='ocr_line' id='line_1_40' title="bbox 221 2518 1797 2592; baseline 0.003 -20"><span class='ocrx_word' id='word_1_305' title='bbox 221 2520 296 2573; x_wconf 81' lang='lat' dir='ltr'><strong>lus</strong></span> <span class='ocrx_word' id='word_1_306' title='bbox 318 2518 511 2589; x_wconf 69' lang='lat' dir='ltr'><strong>(Exod.</strong></span> <span class='ocrx_word' id='word_1_307' title='bbox 540 2520 756 2591; x_wconf 80' lang='lat' dir='ltr'><strong>xxvm).</strong></span> <span class='ocrx_word' id='word_1_308' title='bbox 782 2521 837 2576; x_wconf 90' lang='lat' dir='ltr'><strong>In</strong></span> <span class='ocrx_word' id='word_1_309' title='bbox 858 2520 1176 2592; x_wconf 70' lang='lat' dir='ltr'><strong>Apocalypsi</strong></span> <span class='ocrx_word' id='word_1_310' title='bbox 1199 2536 1415 2591; x_wconf 89' lang='lat' dir='ltr'><strong>quoque</strong></span> <span class='ocrx_word' id='word_1_311' title='bbox 1445 2521 1520 2574; x_wconf 89' lang='lat' dir='ltr'><strong>ita</strong></span> <span class='ocrx_word' id='word_1_312' title='bbox 1563 2521 1797 2592; x_wconf 84' lang='lat' dir='ltr'><strong>legitur:</strong></span> 
     </span>
    </p>
   </div>
   <div class='ocr_carea' id='block_1_41' title="bbox 223 2606 1793 2679">
    <p class='ocr_par' dir='ltr' id='par_1_41' title="bbox 223 2606 1793 2679">
     <span class='ocr_line' id='line_1_41' title="bbox 223 2606 1793 2679; baseline 0 -16"><span class='ocrx_word' id='word_1_313' title='bbox 223 2606 586 2663; x_wconf 79' lang='lat' dir='ltr'><strong>Fundamenta</strong></span> <span class='ocrx_word' id='word_1_314' title='bbox 615 2610 754 2663; x_wconf 87' lang='lat' dir='ltr'><strong>muri</strong></span> <span class='ocrx_word' id='word_1_315' title='bbox 785 2610 1010 2664; x_wconf 81' lang='lat' dir='ltr'><strong>civitatis</strong></span> <span class='ocrx_word' id='word_1_316' title='bbox 1043 2610 1185 2663; x_wconf 89' lang='lat' dir='ltr'><strong>omni</strong></span> <span class='ocrx_word' id='word_1_317' title='bbox 1229 2608 1403 2679; x_wconf 80' lang='lat' dir='ltr'><strong>lapide</strong></span> <span class='ocrx_word' id='word_1_318' title='bbox 1447 2611 1672 2678; x_wconf 85' lang='lat' dir='ltr'><strong>pretioso</strong></span> <span class='ocrx_word' id='word_1_319' title='bbox 1698 2620 1793 2663; x_wconf 70' lang='grc' dir='ltr'><strong>ὀτ-</strong></span> 
     </span>
    </p>
   </div>
   <div class='ocr_carea' id='block_1_42' title="bbox 221 2696 1803 2770">
    <p class='ocr_par' dir='ltr' id='par_1_42' title="bbox 221 2696 1803 2770">
     <span class='ocr_line' id='line_1_42' title="bbox 221 2696 1803 2770; baseline -0.001 -18"><span class='ocrx_word' id='word_1_320' title='bbox 221 2706 355 2753; x_wconf 87' lang='lat' dir='ltr'><strong>nata.</strong></span> <span class='ocrx_word' id='word_1_321' title='bbox 392 2696 821 2753; x_wconf 84' lang='lat' dir='ltr'><strong>Fundamentum</strong></span> <span class='ocrx_word' id='word_1_322' title='bbox 845 2700 1071 2770; x_wconf 89' lang='lat' dir='ltr'><strong>primum</strong></span> <span class='ocrx_word' id='word_1_323' title='bbox 1090 2698 1262 2769; x_wconf 84' lang='lat' dir='ltr'><strong>jaspis</strong></span> <span class='ocrx_word' id='word_1_324' title='bbox 1305 2697 1563 2753; x_wconf 87' lang='lat' dir='ltr'><strong>secundus</strong></span> <span class='ocrx_word' id='word_1_325' title='bbox 1594 2698 1803 2768; x_wconf 85' lang='lat' dir='ltr'><strong>sapphi—</strong></span> 
     </span>
    </p>
   </div>
   <div class='ocr_carea' id='block_1_43' title="bbox 219 2789 1802 2861">
    <p class='ocr_par' dir='ltr' id='par_1_43' title="bbox 219 2789 1802 2861">
     <span class='ocr_line' id='line_1_43' title="bbox 219 2789 1802 2861; baseline 0.001 -17"><span class='ocrx_word' id='word_1_326' title='bbox 219 2808 320 2855; x_wconf 86' lang='lat' dir='ltr'><strong>rus,</strong></span> <span class='ocrx_word' id='word_1_327' title='bbox 350 2791 537 2843; x_wconf 84' lang='lat' dir='ltr'><strong>tertius</strong></span> <span class='ocrx_word' id='word_1_328' title='bbox 564 2789 953 2857; x_wconf 86' lang='lat' dir='ltr'><strong>chalcedonius,</strong></span> <span class='ocrx_word' id='word_1_329' title='bbox 982 2802 1201 2861; x_wconf 86' lang='lat' dir='ltr'><strong>quartus</strong></span> <span class='ocrx_word' id='word_1_330' title='bbox 1228 2789 1560 2860; x_wconf 87' lang='lat' dir='ltr'><strong>smaragdus,</strong></span> <span class='ocrx_word' id='word_1_331' title='bbox 1589 2790 1802 2860; x_wconf 85' lang='lat' dir='ltr'><strong>quintus</strong></span> 
     </span>
    </p>
   </div>
   <div class='ocr_carea' id='block_1_44' title="bbox 217 2878 1801 2951">
    <p class='ocr_par' dir='ltr' id='par_1_44' title="bbox 217 2878 1801 2951">
     <span class='ocr_line' id='line_1_44' title="bbox 217 2878 1801 2951; baseline -0.001 -16"><span class='ocrx_word' id='word_1_332' title='bbox 217 2898 365 2951; x_wconf 72' lang='lat' dir='ltr'><strong>onyx,</strong></span> <span class='ocrx_word' id='word_1_333' title='bbox 408 2891 589 2935; x_wconf 73' lang='lat' dir='ltr'><strong>sextus</strong></span> <span class='ocrx_word' id='word_1_334' title='bbox 625 2881 927 2946; x_wconf 87' lang='lat' dir='ltr'><strong>sardonius,</strong></span> <span class='ocrx_word' id='word_1_335' title='bbox 973 2882 1221 2951; x_wconf 88' lang='lat' dir='ltr'><strong>septimus</strong></span> <span class='ocrx_word' id='word_1_336' title='bbox 1256 2878 1625 2949; x_wconf 77' lang='lat' dir='ltr'><strong>chrysolithus,</strong></span> <span class='ocrx_word' id='word_1_337' title='bbox 1656 2890 1801 2934; x_wconf 89' lang='lat' dir='ltr'><strong>octa-</strong></span> 
     </span>
    </p>
   </div>
   <div class='ocr_carea' id='block_1_45' title="bbox 217 2971 1796 3043">
    <p class='ocr_par' dir='ltr' id='par_1_45' title="bbox 217 2971 1796 3043">
     <span class='ocr_line' id='line_1_45' title="bbox 217 2971 1796 3043; baseline -0.001 -17"><span class='ocrx_word' id='word_1_338' title='bbox 217 2989 302 3026; x_wconf 84' lang='lat' dir='ltr'><strong>rus</strong></span> <span class='ocrx_word' id='word_1_339' title='bbox 330 2974 583 3043; x_wconf 80' lang='lat' dir='ltr'><strong>beryllus,</strong></span> <span class='ocrx_word' id='word_1_340' title='bbox 613 2989 779 3026; x_wconf 86' lang='lat' dir='ltr'><strong>nonus</strong></span> <span class='ocrx_word' id='word_1_341' title='bbox 816 2974 1069 3043; x_wconf 88' lang='lat' dir='ltr'><strong>topasius,</strong></span> <span class='ocrx_word' id='word_1_342' title='bbox 1107 2973 1337 3026; x_wconf 86' lang='lat' dir='ltr'><strong>decimus</strong></span> <span class='ocrx_word' id='word_1_343' title='bbox 1375 2971 1796 3041; x_wconf 79' lang='lat' dir='ltr'><strong>chrysOprassus,</strong></span> 
     </span>
    </p>
   </div>
   <div class='ocr_carea' id='block_1_46' title="bbox 219 3060 1803 3130">
    <p class='ocr_par' dir='ltr' id='par_1_46' title="bbox 219 3060 1803 3130">
     <span class='ocr_line' id='line_1_46' title="bbox 219 3060 1803 3130; baseline 0 -16"><span class='ocrx_word' id='word_1_344' title='bbox 219 3062 509 3115; x_wconf 77' lang='lat' dir='ltr'><strong>undecimus</strong></span> <span class='ocrx_word' id='word_1_345' title='bbox 557 3062 889 3130; x_wconf 86' lang='lat' dir='ltr'><strong>hyacinthus,</strong></span> <span class='ocrx_word' id='word_1_346' title='bbox 936 3062 1275 3114; x_wconf 86' lang='lat' dir='ltr'><strong>duodecimus</strong></span> <span class='ocrx_word' id='word_1_347' title='bbox 1345 3062 1686 3129; x_wconf 84' lang='lat' dir='ltr'><strong>amethystus.</strong></span> <span class='ocrx_word' id='word_1_348' title='bbox 1734 3060 1803 3114; x_wconf 83' lang='lat' dir='ltr'><strong>Et</strong></span> 
     </span>
    </p>
   </div>
   <div class='ocr_carea' id='block_1_47' title="bbox 216 3149 1795 3221">
    <p class='ocr_par' dir='ltr' id='par_1_47' title="bbox 216 3149 1795 3221">
     <span class='ocr_line' id='line_1_47' title="bbox 216 3149 1795 3221; baseline -0.001 -18"><span class='ocrx_word' id='word_1_349' title='bbox 216 3150 477 3203; x_wconf 81' lang='lat' dir='ltr'><strong>duodecim</strong></span> <span class='ocrx_word' id='word_1_350' title='bbox 497 3160 666 3221; x_wconf 78' lang='lat' dir='ltr'><strong>porta:</strong></span> <span class='ocrx_word' id='word_1_351' title='bbox 688 3151 961 3204; x_wconf 80' lang='lat' dir='ltr'><strong>duodecim</strong></span> <span class='ocrx_word' id='word_1_352' title='bbox 984 3152 1289 3221; x_wconf 74' lang='lat' dir='ltr'><strong>margarita:</strong></span> <span class='ocrx_word' id='word_1_353' title='bbox 1312 3158 1432 3203; x_wconf 88' lang='lat' dir='ltr'><strong>sunt</strong></span> <span class='ocrx_word' id='word_1_354' title='bbox 1458 3166 1551 3220; x_wconf 87' lang='lat' dir='ltr'><strong>per</strong></span> <span class='ocrx_word' id='word_1_355' title='bbox 1569 3149 1795 3220; x_wconf 82' lang='lat' dir='ltr'><strong>singula,</strong></span> 
     </span>
    </p>
   </div>
   <div class='ocr_carea' id='block_1_48' title="bbox 214 3240 1792 3312">
    <p class='ocr_par' dir='ltr' id='par_1_48' title="bbox 214 3240 1792 3312">
     <span class='ocr_line' id='line_1_48' title="bbox 214 3240 1792 3312; baseline -0.001 -17"><span class='ocrx_word' id='word_1_356' title='bbox 214 3252 258 3295; x_wconf 85' lang='lat' dir='ltr'><strong>et</strong></span> <span class='ocrx_word' id='word_1_357' title='bbox 281 3242 495 3311; x_wconf 79' lang='lat' dir='ltr'><strong>singula:</strong></span> <span class='ocrx_word' id='word_1_358' title='bbox 530 3252 696 3311; x_wconf 82' lang='lat' dir='ltr'><strong>porta:</strong></span> <span class='ocrx_word' id='word_1_359' title='bbox 735 3251 883 3295; x_wconf 89' lang='lat' dir='ltr'><strong>erant</strong></span> <span class='ocrx_word' id='word_1_360' title='bbox 922 3258 988 3295; x_wconf 77' lang='lat' dir='ltr'><strong>ea:</strong></span> <span class='ocrx_word' id='word_1_361' title='bbox 1023 3240 1244 3310; x_wconf 83' lang='lat' dir='ltr'><strong>singulis</strong></span> <span class='ocrx_word' id='word_1_362' title='bbox 1276 3241 1577 3310; x_wconf 67' lang='lat' dir='ltr'><strong>margaritis</strong></span> <span class='ocrx_word' id='word_1_363' title='bbox 1608 3240 1792 3312; x_wconf 75' lang='lat' dir='ltr'><strong>(Apoc.</strong></span> 
     </span>
    </p>
   </div>
   <div class='ocr_carea' id='block_1_49' title="bbox 214 3331 1798 3400">
    <p class='ocr_par' dir='ltr' id='par_1_49' title="bbox 214 3331 1798 3400">
     <span class='ocr_line' id='line_1_49' title="bbox 214 3331 1798 3400; baseline 0.001 -15"><span class='ocrx_word' id='word_1_364' title='bbox 214 3332 341 3394; x_wconf 69' lang='lat' dir='ltr'><strong>ut).</strong></span> <span class='ocrx_word' id='word_1_365' title='bbox 376 3332 665 3385; x_wconf 80' lang='lat' dir='ltr'><strong>\‘ariorum</strong></span> <span class='ocrx_word' id='word_1_366' title='bbox 698 3332 1007 3386; x_wconf 88' lang='lat' dir='ltr'><strong>nominibus</strong></span> <span class='ocrx_word' id='word_1_367' title='bbox 1034 3331 1291 3400; x_wconf 89' lang='lat' dir='ltr'><strong>lapidum,</strong></span> <span class='ocrx_word' id='word_1_368' title='bbox 1321 3331 1404 3384; x_wconf 88' lang='lat' dir='ltr'><strong>vel</strong></span> <span class='ocrx_word' id='word_1_369' title='bbox 1444 3333 1652 3400; x_wconf 88' lang='lat' dir='ltr'><strong>species</strong></span> <span class='ocrx_word' id='word_1_370' title='bbox 1687 3333 1798 3388; x_wconf 82' lang='lat' dir='ltr'><strong>vir-</strong></span> 
     </span>
    </p>
   </div>
   <div class='ocr_carea' id='block_1_50' title="bbox 217 3422 1796 3492">
    <p class='ocr_par' dir='ltr' id='par_1_50' title="bbox 217 3422 1796 3492">
     <span class='ocr_line' id='line_1_50' title="bbox 217 3422 1796 3492; baseline 0.004 -19"><span class='ocrx_word' id='word_1_371' title='bbox 217 3431 399 3486; x_wconf 88' lang='lat' dir='ltr'><strong>tutum,</strong></span> <span class='ocrx_word' id='word_1_372' title='bbox 432 3422 517 3476; x_wconf 88' lang='lat' dir='ltr'><strong>vel</strong></span> <span class='ocrx_word' id='word_1_373' title='bbox 545 3423 698 3485; x_wconf 88' lang='lat' dir='ltr'><strong>odor,</strong></span> <span class='ocrx_word' id='word_1_374' title='bbox 729 3423 813 3477; x_wconf 91' lang='lat' dir='ltr'><strong>vel</strong></span> <span class='ocrx_word' id='word_1_375' title='bbox 846 3424 1131 3477; x_wconf 81' lang='lat' dir='ltr'><strong>diversitas</strong></span> <span class='ocrx_word' id='word_1_376' title='bbox 1154 3423 1445 3486; x_wconf 85' lang='lat' dir='ltr'><strong>indicatur,</strong></span> <span class='ocrx_word' id='word_1_377' title='bbox 1466 3424 1662 3492; x_wconf 82' lang='lat' dir='ltr'><strong>quibus</strong></span> <span class='ocrx_word' id='word_1_378' title='bbox 1685 3433 1796 3479; x_wconf 90' lang='lat' dir='ltr'><strong>tota</strong></span> 
     </span>
    </p>
   </div>
   <div class='ocr_carea' id='block_1_51' title="bbox 212 3511 1795 3570">
    <p class='ocr_par' dir='ltr' id='par_1_51' title="bbox 212 3511 1795 3570">
     <span class='ocr_line' id='line_1_51' title="bbox 212 3511 1795 3570; baseline 0.003 -5"><span class='ocrx_word' id='word_1_379' title='bbox 212 3511 500 3567; x_wconf 84' lang='lat' dir='ltr'><strong>Jerusalem</strong></span> <span class='ocrx_word' id='word_1_380' title='bbox 557 3514 795 3569; x_wconf 67' lang='lat' dir='ltr'><strong>cmlestis</strong></span> <span class='ocrx_word' id='word_1_381' title='bbox 866 3515 1185 3570; x_wconf 82' lang='lat' dir='ltr'><strong>exstruitur.</strong></span> <span class='ocrx_word' id='word_1_382' title='bbox 1239 3512 1462 3570; x_wconf 87' lang='lat' dir='ltr'><strong>Diilicile</strong></span> <span class='ocrx_word' id='word_1_383' title='bbox 1515 3524 1599 3570; x_wconf 91' lang='lat' dir='ltr'><strong>est</strong></span> <span class='ocrx_word' id='word_1_384' title='bbox 1652 3517 1795 3569; x_wconf 88' lang='lat' dir='ltr'><strong>enim</strong></span> 
     </span>
    </p>
   </div>
   <div class='ocr_carea' id='block_1_52' title="bbox 213 3604 1797 3675">
    <p class='ocr_par' dir='ltr' id='par_1_52' title="bbox 213 3604 1797 3675">
     <span class='ocr_line' id='line_1_52' title="bbox 213 3604 1797 3675; baseline 0.002 -17"><span class='ocrx_word' id='word_1_385' title='bbox 213 3604 443 3674; x_wconf 86' lang='lat' dir='ltr'><strong>singulos</strong></span> <span class='ocrx_word' id='word_1_386' title='bbox 480 3605 695 3660; x_wconf 91' lang='lat' dir='ltr'><strong>cunctis</strong></span> <span class='ocrx_word' id='word_1_387' title='bbox 736 3605 929 3660; x_wconf 91' lang='lat' dir='ltr'><strong>llorere</strong></span> <span class='ocrx_word' id='word_1_388' title='bbox 978 3605 1290 3669; x_wconf 81' lang='lat' dir='ltr'><strong>virtutibus.</strong></span> <span class='ocrx_word' id='word_1_389' title='bbox 1335 3606 1574 3675; x_wconf 90' lang='lat' dir='ltr'><strong>Denique</strong></span> <span class='ocrx_word' id='word_1_390' title='bbox 1628 3606 1797 3662; x_wconf 86' lang='lat' dir='ltr'><strong>Isaias</strong></span> 
     </span>
    </p>
   </div>
   <div class='ocr_carea' id='block_1_53' title="bbox 210 3697 1791 3767">
    <p class='ocr_par' dir='ltr' id='par_1_53' title="bbox 210 3697 1791 3767">
     <span class='ocr_line' id='line_1_53' title="bbox 210 3697 1791 3767; baseline 0.003 -18"><span class='ocrx_word' id='word_1_391' title='bbox 210 3711 324 3750; x_wconf 88' lang='lat' dir='ltr'><strong>cum</strong></span> <span class='ocrx_word' id='word_1_392' title='bbox 356 3698 600 3767; x_wconf 85' lang='lat' dir='ltr'><strong>ejnslem</strong></span> <span class='ocrx_word' id='word_1_393' title='bbox 636 3708 887 3751; x_wconf 88' lang='lat' dir='ltr'><strong>ornatum</strong></span> <span class='ocrx_word' id='word_1_394' title='bbox 917 3698 1245 3752; x_wconf 86' lang='lat' dir='ltr'><strong>describeret</strong></span> <span class='ocrx_word' id='word_1_395' title='bbox 1283 3697 1539 3763; x_wconf 88' lang='lat' dir='ltr'><strong>civitatis,</strong></span> <span class='ocrx_word' id='word_1_396' title='bbox 1565 3698 1749 3754; x_wconf 90' lang='lat' dir='ltr'><strong>dicens</strong></span> <span class='ocrx_word' id='word_1_397' title='bbox 1779 3718 1791 3753; x_wconf 94' lang='lat'>:</span> 
     </span>
    </p>
   </div>
   <div class='ocr_carea' id='block_1_54' title="bbox 214 3782 1798 3857">
    <p class='ocr_par' dir='ltr' id='par_1_54' title="bbox 214 3782 1798 3857">
     <span class='ocr_line' id='line_1_54' title="bbox 214 3782 1798 3857; baseline 0.004 -21"><span class='ocrx_word' id='word_1_398' title='bbox 214 3782 339 3837; x_wconf 76' lang='lat' dir='ltr'><strong>Ecce</strong></span> <span class='ocrx_word' id='word_1_399' title='bbox 378 3802 471 3855; x_wconf 90' lang='lat' dir='ltr'><strong>ego</strong></span> <span class='ocrx_word' id='word_1_400' title='bbox 518 3796 750 3854; x_wconf 76' lang='lat' dir='ltr'><strong>sternant</strong></span> <span class='ocrx_word' id='word_1_401' title='bbox 784 3802 877 3855; x_wconf 88' lang='lat' dir='ltr'><strong>per</strong></span> <span class='ocrx_word' id='word_1_402' title='bbox 915 3786 1151 3839; x_wconf 84' lang='lat' dir='ltr'><strong>ordinent</strong></span> <span class='ocrx_word' id='word_1_403' title='bbox 1176 3785 1381 3855; x_wconf 74' lang='lat' dir='ltr'><strong>lapides</strong></span> <span class='ocrx_word' id='word_1_404' title='bbox 1416 3797 1552 3851; x_wconf 88' lang='lat' dir='ltr'><strong>tuos,</strong></span> <span class='ocrx_word' id='word_1_405' title='bbox 1598 3798 1647 3841; x_wconf 88' lang='lat' dir='ltr'><strong>et</strong></span> <span class='ocrx_word' id='word_1_406' title='bbox 1677 3788 1798 3857; x_wconf 74' lang='lat' dir='ltr'><strong>fan-</strong></span> 
     </span>
    </p>
   </div>
   <div class='ocr_carea' id='block_1_55' title="bbox 211 3876 1792 3949">
    <p class='ocr_par' dir='ltr' id='par_1_55' title="bbox 211 3876 1792 3949">
     <span class='ocr_line' id='line_1_55' title="bbox 211 3876 1792 3949; baseline 0.004 -21"><span class='ocrx_word' id='word_1_407' title='bbox 211 3876 337 3947; x_wconf 72' lang='lat' dir='ltr'><strong>dpbo</strong></span> <span class='ocrx_word' id='word_1_408' title='bbox 370 3888 415 3931; x_wconf 86' lang='lat' dir='ltr'><strong>te</strong></span> <span class='ocrx_word' id='word_1_409' title='bbox 445 3878 499 3930; x_wconf 87' lang='lat' dir='ltr'><strong>in</strong></span> <span class='ocrx_word' id='word_1_410' title='bbox 538 3879 820 3947; x_wconf 79' lang='lat' dir='ltr'><strong>sapphiris,</strong></span> <span class='ocrx_word' id='word_1_411' title='bbox 849 3886 954 3945; x_wconf 75' lang='lat' dir='ltr'><strong>etc.</strong></span> <span class='ocrx_word' id='word_1_412' title='bbox 986 3877 1121 3947; x_wconf 89' lang='lat' dir='ltr'><strong>(Isa.</strong></span> <span class='ocrx_word' id='word_1_413' title='bbox 1148 3878 1281 3949; x_wconf 79' lang='lat' dir='ltr'><strong>LIV),</strong></span> <span class='ocrx_word' id='word_1_414' title='bbox 1310 3878 1495 3932; x_wconf 81' lang='lat' dir='ltr'><strong>statim</strong></span> <span class='ocrx_word' id='word_1_415' title='bbox 1523 3878 1749 3947; x_wconf 86' lang='lat' dir='ltr'><strong>subjecit</strong></span> <span class='ocrx_word' id='word_1_416' title='bbox 1780 3899 1792 3935; x_wconf 88' lang='lat'>:</span> 
     </span>
    </p>
   </div>
   <div class='ocr_carea' id='block_1_56' title="bbox 215 3965 1796 4041">
    <p class='ocr_par' dir='ltr' id='par_1_56' title="bbox 215 3965 1796 4041">
     <span class='ocr_line' id='line_1_56' title="bbox 215 3965 1796 4041; baseline 0.003 -20"><span class='ocrx_word' id='word_1_417' title='bbox 215 3965 480 4023; x_wconf 82' lang='lat' dir='ltr'><strong>Uuirersos</strong></span> <span class='ocrx_word' id='word_1_418' title='bbox 511 3970 653 4039; x_wconf 78' lang='lat' dir='ltr'><strong>filios</strong></span> <span class='ocrx_word' id='word_1_419' title='bbox 683 3979 799 4023; x_wconf 90' lang='lat' dir='ltr'><strong>tuos</strong></span> <span class='ocrx_word' id='word_1_420' title='bbox 825 3970 1003 4023; x_wconf 86' lang='lat' dir='ltr'><strong>doctos</strong></span> <span class='ocrx_word' id='word_1_421' title='bbox 1028 3988 1058 4023; x_wconf 90' lang='lat' dir='ltr'><strong>a</strong></span> <span class='ocrx_word' id='word_1_422' title='bbox 1089 3970 1312 4023; x_wconf 85' lang='lat' dir='ltr'><strong>Domino</strong></span> <span class='ocrx_word' id='word_1_423' title='bbox 1335 3970 1542 4041; x_wconf 86' lang='lat' dir='ltr'><strong>(Ibid.).</strong></span> <span class='ocrx_word' id='word_1_424' title='bbox 1576 3970 1796 4026; x_wconf 83' lang='lat' dir='ltr'><strong>Funda-</strong></span> 
     </span>
    </p>
   </div>
   <div class='ocr_carea' id='block_1_57' title="bbox 212 4060 1795 4131">
    <p class='ocr_par' dir='ltr' id='par_1_57' title="bbox 212 4060 1795 4131">
     <span class='ocr_line' id='line_1_57' title="bbox 212 4060 1795 4131; baseline 0.001 -18"><span class='ocrx_word' id='word_1_425' title='bbox 212 4072 453 4126; x_wconf 85' lang='lat' dir='ltr'><strong>mentum,</strong></span> <span class='ocrx_word' id='word_1_426' title='bbox 490 4062 685 4130; x_wconf 85' lang='lat' dir='ltr'><strong>inquit,</strong></span> <span class='ocrx_word' id='word_1_427' title='bbox 713 4062 936 4130; x_wconf 88' lang='lat' dir='ltr'><strong>primum</strong></span> <span class='ocrx_word' id='word_1_428' title='bbox 953 4062 1143 4131; x_wconf 86' lang='lat' dir='ltr'><strong>jaspis.</strong></span> <span class='ocrx_word' id='word_1_429' title='bbox 1173 4060 1448 4129; x_wconf 83' lang='lat' dir='ltr'><strong>Jaspidurn</strong></span> <span class='ocrx_word' id='word_1_430' title='bbox 1476 4062 1639 4115; x_wconf 88' lang='lat' dir='ltr'><strong>multa</strong></span> <span class='ocrx_word' id='word_1_431' title='bbox 1668 4070 1795 4116; x_wconf 86' lang='lat' dir='ltr'><strong>sunt</strong></span> 
     </span>
    </p>
   </div>
   <div class='ocr_carea' id='block_1_58' title="bbox 210 4152 1793 4222">
    <p class='ocr_par' dir='ltr' id='par_1_58' title="bbox 210 4152 1793 4222">
     <span class='ocr_line' id='line_1_58' title="bbox 210 4152 1793 4222; baseline 0.002 -18"><span class='ocrx_word' id='word_1_432' title='bbox 210 4166 417 4221; x_wconf 87' lang='lat' dir='ltr'><strong>genera.</strong></span> <span class='ocrx_word' id='word_1_433' title='bbox 466 4153 622 4206; x_wconf 89' lang='lat' dir='ltr'><strong>Alius</strong></span> <span class='ocrx_word' id='word_1_434' title='bbox 670 4152 811 4205; x_wconf 90' lang='lat' dir='ltr'><strong>enim</strong></span> <span class='ocrx_word' id='word_1_435' title='bbox 851 4152 1039 4206; x_wconf 86' lang='lat' dir='ltr'><strong>viridis</strong></span> <span class='ocrx_word' id='word_1_436' title='bbox 1066 4152 1285 4216; x_wconf 88' lang='lat' dir='ltr'><strong>coloris,</strong></span> <span class='ocrx_word' id='word_1_437' title='bbox 1322 4162 1376 4208; x_wconf 90' lang='lat' dir='ltr'><strong>et</strong></span> <span class='ocrx_word' id='word_1_438' title='bbox 1408 4152 1605 4207; x_wconf 90' lang='lat' dir='ltr'><strong>tinctus</strong></span> <span class='ocrx_word' id='word_1_439' title='bbox 1638 4155 1793 4222; x_wconf 87' lang='lat' dir='ltr'><strong>quasi</strong></span> 
     </span>
    </p>
   </div>
   <div class='ocr_carea' id='block_1_59' title="bbox 208 4240 1795 4314">
    <p class='ocr_par' dir='ltr' id='par_1_59' title="bbox 208 4240 1795 4314">
     <span class='ocr_line' id='line_1_59' title="bbox 208 4240 1795 4314; baseline 0.003 -19"><span class='ocrx_word' id='word_1_440' title='bbox 208 4240 419 4297; x_wconf 77' lang='lat' dir='ltr'><strong>floribus</strong></span> <span class='ocrx_word' id='word_1_441' title='bbox 449 4251 697 4312; x_wconf 83' lang='lat' dir='ltr'><strong>apparet.</strong></span> <span class='ocrx_word' id='word_1_442' title='bbox 736 4242 888 4297; x_wconf 79' lang='lat' dir='ltr'><strong>Alius</strong></span> <span class='ocrx_word' id='word_1_443' title='bbox 930 4243 1199 4314; x_wconf 83' lang='lat' dir='ltr'><strong>smaragdi</strong></span> <span class='ocrx_word' id='word_1_444' title='bbox 1241 4244 1445 4299; x_wconf 85' lang='lat' dir='ltr'><strong>habens</strong></span> <span class='ocrx_word' id='word_1_445' title='bbox 1487 4244 1795 4300; x_wconf 87' lang='lat' dir='ltr'><strong>similitudi-</strong></span> 
     </span>
    </p>
   </div>
   <div class='ocr_carea' id='block_1_60' title="bbox 209 4334 1793 4405">
    <p class='ocr_par' dir='ltr' id='par_1_60' title="bbox 209 4334 1793 4405">
     <span class='ocr_line' id='line_1_60' title="bbox 209 4334 1793 4405; baseline 0.003 -20"><span class='ocrx_word' id='word_1_446' title='bbox 209 4346 346 4395; x_wconf 86' lang='lat' dir='ltr'><strong>nem,</strong></span> <span class='ocrx_word' id='word_1_447' title='bbox 398 4334 493 4388; x_wconf 85' lang='lat' dir='ltr'><strong>sed</strong></span> <span class='ocrx_word' id='word_1_448' title='bbox 543 4334 710 4387; x_wconf 69' lang='lat' dir='ltr'><strong>crassi</strong></span> <span class='ocrx_word' id='word_1_449' title='bbox 758 4334 973 4398; x_wconf 88' lang='lat' dir='ltr'><strong>coloris,</strong></span> <span class='ocrx_word' id='word_1_450' title='bbox 1023 4350 1132 4403; x_wconf 90' lang='lat' dir='ltr'><strong>quo</strong></span> <span class='ocrx_word' id='word_1_451' title='bbox 1183 4336 1364 4389; x_wconf 89' lang='lat' dir='ltr'><strong>omnia</strong></span> <span class='ocrx_word' id='word_1_452' title='bbox 1414 4336 1793 4405; x_wconf 90' lang='lat' dir='ltr'><strong>phantasmata</strong></span> 
     </span>
    </p>
   </div>
   <div class='ocr_carea' id='block_1_61' title="bbox 208 4419 1789 4494">
    <p class='ocr_par' dir='ltr' id='par_1_61' title="bbox 208 4419 1789 4494">
     <span class='ocr_line' id='line_1_61' title="bbox 208 4419 1789 4494; baseline 0.004 -19"><span class='ocrx_word' id='word_1_453' title='bbox 208 4419 373 4493; x_wconf 75' lang='lat' dir='ltr'><strong>fugari</strong></span> <span class='ocrx_word' id='word_1_454' title='bbox 418 4432 727 4478; x_wconf 85' lang='lat' dir='ltr'><strong>autumant.</strong></span> <span class='ocrx_word' id='word_1_455' title='bbox 774 4423 923 4479; x_wconf 87' lang='lat' dir='ltr'><strong>Alius</strong></span> <span class='ocrx_word' id='word_1_456' title='bbox 969 4424 1108 4479; x_wconf 83' lang='lat' dir='ltr'><strong>nivei</strong></span> <span class='ocrx_word' id='word_1_457' title='bbox 1137 4434 1191 4479; x_wconf 91' lang='lat' dir='ltr'><strong>ct</strong></span> <span class='ocrx_word' id='word_1_458' title='bbox 1230 4441 1432 4494; x_wconf 76' lang='lat' dir='ltr'><strong>spumze</strong></span> <span class='ocrx_word' id='word_1_459' title='bbox 1462 4443 1789 4481; x_wconf 86' lang='lat' dir='ltr'><strong>marmorum</strong></span> 
     </span>
    </p>
   </div>
   <div class='ocr_carea' id='block_1_62' title="bbox 207 4510 1790 4585">
    <p class='ocr_par' dir='ltr' id='par_1_62' title="bbox 207 4510 1790 4585">
     <span class='ocr_line' id='line_1_62' title="bbox 207 4510 1790 4585; baseline 0.003 -20"><span class='ocrx_word' id='word_1_460' title='bbox 207 4510 482 4577; x_wconf 81' lang='lat' dir='ltr'><strong>ﬂuctuum,</strong></span> <span class='ocrx_word' id='word_1_461' title='bbox 508 4514 667 4582; x_wconf 80' lang='lat' dir='ltr'><strong>quasi</strong></span> <span class='ocrx_word' id='word_1_462' title='bbox 716 4515 876 4569; x_wconf 86' lang='lat' dir='ltr'><strong>misto</strong></span> <span class='ocrx_word' id='word_1_463' title='bbox 915 4530 1107 4568; x_wconf 84' lang='lat' dir='ltr'><strong>cruore</strong></span> <span class='ocrx_word' id='word_1_464' title='bbox 1142 4515 1458 4570; x_wconf 90' lang='lat' dir='ltr'><strong>obrutilans.</strong></span> <span class='ocrx_word' id='word_1_465' title='bbox 1490 4515 1594 4570; x_wconf 89' lang='lat' dir='ltr'><strong>Per</strong></span> <span class='ocrx_word' id='word_1_466' title='bbox 1622 4514 1790 4585; x_wconf 88' lang='lat' dir='ltr'><strong>jaspi-</strong></span> 
     </span>
    </p>
   </div>
   <div class='ocr_carea' id='block_1_63' title="bbox 207 4608 1788 4680">
    <p class='ocr_par' dir='ltr' id='par_1_63' title="bbox 207 4608 1788 4680">
     <span class='ocr_line' id='line_1_63' title="bbox 207 4608 1788 4680; baseline 0 -17"><span class='ocrx_word' id='word_1_467' title='bbox 207 4609 320 4663; x_wconf 89' lang='lat' dir='ltr'><strong>dem</strong></span> <span class='ocrx_word' id='word_1_468' title='bbox 350 4625 482 4679; x_wconf 87' lang='lat' dir='ltr'><strong>ergo</strong></span> <span class='ocrx_word' id='word_1_469' title='bbox 516 4610 641 4662; x_wconf 86' lang='lat' dir='ltr'><strong>lidci</strong></span> <span class='ocrx_word' id='word_1_470' title='bbox 671 4610 815 4662; x_wconf 86' lang='lat' dir='ltr'><strong>viror</strong></span> <span class='ocrx_word' id='word_1_471' title='bbox 854 4609 1318 4663; x_wconf 84' lang='lat' dir='ltr'><strong>immarcescibilis</strong></span> <span class='ocrx_word' id='word_1_472' title='bbox 1352 4608 1636 4674; x_wconf 87' lang='lat' dir='ltr'><strong>indicatur,</strong></span> <span class='ocrx_word' id='word_1_473' title='bbox 1668 4626 1788 4680; x_wconf 79' lang='lat' dir='ltr'><strong>quae</strong></span> 
     </span>
    </p>
   </div>
   <div class='ocr_carea' id='block_1_64' title="bbox 207 4699 1788 4770">
    <p class='ocr_par' dir='ltr' id='par_1_64' title="bbox 207 4699 1788 4770">
     <span class='ocr_line' id='line_1_64' title="bbox 207 4699 1788 4770; baseline 0.001 -17"><span class='ocrx_word' id='word_1_474' title='bbox 207 4699 493 4755; x_wconf 79' lang='lat' dir='ltr'><strong>Dominica:</strong></span> <span class='ocrx_word' id='word_1_475' title='bbox 540 4700 809 4769; x_wconf 84' lang='lat' dir='ltr'><strong>passionis</strong></span> <span class='ocrx_word' id='word_1_476' title='bbox 857 4708 1195 4755; x_wconf 85' lang='lat' dir='ltr'><strong>sacramento</strong></span> <span class='ocrx_word' id='word_1_477' title='bbox 1242 4715 1339 4769; x_wconf 90' lang='lat' dir='ltr'><strong>per</strong></span> <span class='ocrx_word' id='word_1_478' title='bbox 1370 4701 1570 4755; x_wconf 91' lang='lat' dir='ltr'><strong>undam</strong></span> <span class='ocrx_word' id='word_1_479' title='bbox 1609 4700 1788 4770; x_wconf 87' lang='lat' dir='ltr'><strong>bapti-</strong></span> 
     </span>
    </p>
   </div>
   <div class='ocr_carea' id='block_1_65' title="bbox 205 4790 1789 4866">
    <p class='ocr_par' dir='ltr' id='par_1_65' title="bbox 205 4790 1789 4866">
     <span class='ocr_line' id='line_1_65' title="bbox 205 4790 1789 4866; baseline 0.002 -23"><span class='ocrx_word' id='word_1_480' title='bbox 205 4793 390 4846; x_wconf 85' lang='lat' dir='ltr'><strong>smatis</strong></span> <span class='ocrx_word' id='word_1_481' title='bbox 420 4791 686 4845; x_wconf 85' lang='lat' dir='ltr'><strong>imbuitur</strong></span> <span class='ocrx_word' id='word_1_482' title='bbox 714 4801 874 4858; x_wconf 90' lang='lat' dir='ltr'><strong>atque</strong></span> <span class='ocrx_word' id='word_1_483' title='bbox 904 4790 969 4844; x_wconf 90' lang='lat' dir='ltr'><strong>ad</strong></span> <span class='ocrx_word' id='word_1_484' title='bbox 1004 4806 1191 4845; x_wconf 89' lang='lat' dir='ltr'><strong>omnes</strong></span> <span class='ocrx_word' id='word_1_485' title='bbox 1225 4792 1546 4861; x_wconf 89' lang='lat' dir='ltr'><strong>spiritalium</strong></span> <span class='ocrx_word' id='word_1_486' title='bbox 1586 4793 1789 4866; x_wconf 82' lang='lat' dir='ltr'><strong>gratia-</strong></span> 
     </span>
    </p>
   </div>
   <div class='ocr_carea' id='block_1_66' title="bbox 204 4878 1789 4948">
    <p class='ocr_par' dir='ltr' id='par_1_66' title="bbox 204 4878 1789 4948">
     <span class='ocr_line' id='line_1_66' title="bbox 204 4878 1789 4948; baseline 0.004 -18"><span class='ocrx_word' id='word_1_487' title='bbox 204 4893 315 4932; x_wconf 89' lang='lat' dir='ltr'><strong>rum</strong></span> <span class='ocrx_word' id='word_1_488' title='bbox 359 4880 520 4934; x_wconf 80' lang='lat' dir='ltr'><strong>liores</strong></span> <span class='ocrx_word' id='word_1_489' title='bbox 574 4878 979 4948; x_wconf 79' lang='lat' dir='ltr'><strong>proﬁcientibus</strong></span> <span class='ocrx_word' id='word_1_490' title='bbox 1033 4881 1239 4935; x_wconf 87' lang='lat' dir='ltr'><strong>meritis</strong></span> <span class='ocrx_word' id='word_1_491' title='bbox 1285 4881 1587 4936; x_wconf 88' lang='lat' dir='ltr'><strong>instruitur.</strong></span> <span class='ocrx_word' id='word_1_492' title='bbox 1638 4881 1789 4936; x_wconf 89' lang='lat' dir='ltr'><strong>Ilanc</strong></span> 
     </span>
    </p>
   </div>
   <div class='ocr_carea' id='block_1_67' title="bbox 204 4968 1789 5040">
    <p class='ocr_par' dir='ltr' id='par_1_67' title="bbox 204 4968 1789 5040">
     <span class='ocr_line' id='line_1_67' title="bbox 204 4968 1789 5040; baseline 0.002 -19"><span class='ocrx_word' id='word_1_493' title='bbox 204 4968 338 5021; x_wconf 88' lang='lat' dir='ltr'><strong>enim</strong></span> <span class='ocrx_word' id='word_1_494' title='bbox 393 4970 485 5039; x_wconf 88' lang='lat' dir='ltr'><strong>qui</strong></span> <span class='ocrx_word' id='word_1_495' title='bbox 536 4969 804 5031; x_wconf 84' lang='lat' dir='ltr'><strong>habuerit,</strong></span> <span class='ocrx_word' id='word_1_496' title='bbox 852 4978 1021 5023; x_wconf 84' lang='lat' dir='ltr'><strong>vanos</strong></span> <span class='ocrx_word' id='word_1_497' title='bbox 1068 4970 1287 5023; x_wconf 89' lang='lat' dir='ltr'><strong>timores</strong></span> <span class='ocrx_word' id='word_1_498' title='bbox 1331 4969 1500 5040; x_wconf 85' lang='lat' dir='ltr'><strong>fugat,</strong></span> <span class='ocrx_word' id='word_1_499' title='bbox 1535 4982 1789 5025; x_wconf 79' lang='lat' dir='ltr'><strong>monente</strong></span> 
     </span>
    </p>
   </div>
   <div class='ocr_carea' id='block_1_68' title="bbox 202 5060 1785 5129">
    <p class='ocr_par' dir='ltr' id='par_1_68' title="bbox 202 5060 1785 5129">
     <span class='ocr_line' id='line_1_68' title="bbox 202 5060 1785 5129; baseline 0.003 -16"><span class='ocrx_word' id='word_1_500' title='bbox 202 5060 352 5113; x_wconf 80' lang='lat' dir='ltr'><strong>beato</strong></span> <span class='ocrx_word' id='word_1_501' title='bbox 398 5060 562 5114; x_wconf 76' lang='lat' dir='ltr'><strong>Petro</strong></span> <span class='ocrx_word' id='word_1_502' title='bbox 608 5060 889 5129; x_wconf 83' lang='lat' dir='ltr'><strong>apostolo:</strong></span> <span class='ocrx_word' id='word_1_503' title='bbox 922 5060 1265 5115; x_wconf 75' lang='lat' dir='ltr'><strong>Adversarius</strong></span> <span class='ocrx_word' id='word_1_504' title='bbox 1316 5074 1479 5115; x_wconf 80' lang='lat' dir='ltr'><strong>vester</strong></span> <span class='ocrx_word' id='word_1_505' title='bbox 1519 5064 1785 5129; x_wconf 79' lang='lat' dir='ltr'><strong>diabolus,</strong></span> 
     </span>
    </p>
   </div>
   <div class='ocr_carea' id='block_1_69' title="bbox 202 5150 1785 5221">
    <p class='ocr_par' dir='ltr' id='par_1_69' title="bbox 202 5150 1785 5221">
     <span class='ocr_line' id='line_1_69' title="bbox 202 5150 1785 5221; baseline 0.003 -20"><span class='ocrx_word' id='word_1_506' title='bbox 202 5160 442 5217; x_wconf 75' lang='lat' dir='ltr'><strong>tanquam</strong></span> <span class='ocrx_word' id='word_1_507' title='bbox 471 5150 552 5202; x_wconf 82' lang='lat' dir='ltr'><strong>leo</strong></span> <span class='ocrx_word' id='word_1_508' title='bbox 587 5152 792 5218; x_wconf 83' lang='lat' dir='ltr'><strong>rugiens</strong></span> <span class='ocrx_word' id='word_1_509' title='bbox 813 5191 826 5215; x_wconf 94' lang='lat'><strong>,</strong></span> <span class='ocrx_word' id='word_1_510' title='bbox 855 5151 1037 5204; x_wconf 79' lang='lat' dir='ltr'><strong>circuit</strong></span> <span class='ocrx_word' id='word_1_511' title='bbox 1068 5167 1324 5219; x_wconf 69' lang='lat' dir='ltr'><strong>qurerens,</strong></span> <span class='ocrx_word' id='word_1_512' title='bbox 1354 5169 1505 5221; x_wconf 84' lang='lat' dir='ltr'><strong>quem</strong></span> <span class='ocrx_word' id='word_1_513' title='bbox 1536 5154 1739 5208; x_wconf 80' lang='lat' dir='ltr'><strong>devoret</strong></span> <span class='ocrx_word' id='word_1_514' title='bbox 1766 5167 1785 5205; x_wconf 88' lang='lat'><strong><em>:</em></strong></span> 
     </span>
    </p>
   </div>
   <div class='ocr_carea' id='block_1_70' title="bbox 204 5237 1785 5312">
    <p class='ocr_par' dir='ltr' id='par_1_70' title="bbox 204 5237 1785 5312">
     <span class='ocr_line' id='line_1_70' title="bbox 204 5237 1785 5312; baseline 0.006 -21"><span class='ocrx_word' id='word_1_515' title='bbox 204 5239 281 5291; x_wconf 85' lang='lat' dir='ltr'><strong>cui</strong></span> <span class='ocrx_word' id='word_1_516' title='bbox 311 5240 529 5291; x_wconf 76' lang='lat' dir='ltr'><strong>resistite</strong></span> <span class='ocrx_word' id='word_1_517' title='bbox 566 5237 724 5305; x_wconf 79' lang='lat' dir='ltr'><strong>fortes</strong></span> <span class='ocrx_word' id='word_1_518' title='bbox 764 5241 815 5293; x_wconf 89' lang='lat' dir='ltr'><strong>in</strong></span> <span class='ocrx_word' id='word_1_519' title='bbox 854 5241 959 5308; x_wconf 80' lang='lat' dir='ltr'><strong>ﬁde</strong></span> <span class='ocrx_word' id='word_1_520' title='bbox 988 5240 1045 5311; x_wconf 93' lang='lat' dir='ltr'><strong>(I</strong></span> <span class='ocrx_word' id='word_1_521' title='bbox 1074 5240 1215 5295; x_wconf 81' lang='lat' dir='ltr'><strong>I’etr.</strong></span> <span class='ocrx_word' id='word_1_522' title='bbox 1246 5241 1331 5310; x_wconf 84' lang='lat' dir='ltr'><strong>v).</strong></span> <span class='ocrx_word' id='word_1_523' title='bbox 1368 5243 1431 5295; x_wconf 82' lang='lat' dir='ltr'><strong>Et</strong></span> <span class='ocrx_word' id='word_1_524' title='bbox 1459 5252 1634 5312; x_wconf 83' lang='lat' dir='ltr'><strong>potest</strong></span> <span class='ocrx_word' id='word_1_525' title='bbox 1661 5261 1785 5300; x_wconf 90' lang='lat' dir='ltr'><strong>cum</strong></span> 
     </span>
    </p>
   </div>
   <div class='ocr_carea' id='block_1_71' title="bbox 204 5328 1784 5401">
    <p class='ocr_par' dir='ltr' id='par_1_71' title="bbox 204 5328 1784 5401">
     <span class='ocr_line' id='line_1_71' title="bbox 204 5328 1784 5401; baseline 0.006 -22"><span class='ocrx_word' id='word_1_526' title='bbox 204 5342 392 5396; x_wconf 79' lang='lat' dir='ltr'><strong>sponsa</strong></span> <span class='ocrx_word' id='word_1_527' title='bbox 421 5328 608 5383; x_wconf 83' lang='lat' dir='ltr'><strong>dicere</strong></span> <span class='ocrx_word' id='word_1_528' title='bbox 636 5343 649 5381; x_wconf 89' lang='lat'><strong>:</strong></span> <span class='ocrx_word' id='word_1_529' title='bbox 682 5328 913 5383; x_wconf 86' lang='lat' dir='ltr'><strong>Dilectus</strong></span> <span class='ocrx_word' id='word_1_530' title='bbox 944 5350 1085 5386; x_wconf 84' lang='lat' dir='ltr'><strong>meus</strong></span> <span class='ocrx_word' id='word_1_531' title='bbox 1114 5333 1366 5386; x_wconf 85' lang='lat' dir='ltr'><strong>candidus</strong></span> <span class='ocrx_word' id='word_1_532' title='bbox 1393 5345 1438 5386; x_wconf 87' lang='lat' dir='ltr'><strong>et</strong></span> <span class='ocrx_word' id='word_1_533' title='bbox 1463 5335 1784 5401; x_wconf 81' lang='lat' dir='ltr'><strong>rubicundus</strong></span> 
     </span>
    </p>
   </div>
   <div class='ocr_carea' id='block_1_72' title="bbox 205 5416 1783 5498">
    <p class='ocr_par' dir='ltr' id='par_1_72' title="bbox 205 5416 1783 5498">
     <span class='ocr_line' id='line_1_72' title="bbox 205 5416 1783 5498; baseline 0.01 -30"><span class='ocrx_word' id='word_1_534' title='bbox 205 5416 372 5484; x_wconf 81' lang='lat' dir='ltr'><strong>(Cant.</strong></span> <span class='ocrx_word' id='word_1_535' title='bbox 401 5420 478 5487; x_wconf 91' lang='lat' dir='ltr'><strong>v).</strong></span> <span class='ocrx_word' id='word_1_536' title='bbox 514 5419 669 5473; x_wconf 82' lang='lat' dir='ltr'><strong>Unde</strong></span> <span class='ocrx_word' id='word_1_537' title='bbox 700 5422 889 5474; x_wconf 87' lang='lat' dir='ltr'><strong>merito</strong></span> <span class='ocrx_word' id='word_1_538' title='bbox 927 5438 992 5475; x_wconf 81' lang='lat' dir='ltr'><strong>cx</strong></span> <span class='ocrx_word' id='word_1_539' title='bbox 1037 5425 1137 5477; x_wconf 86' lang='lat' dir='ltr'><strong>hoc</strong></span> <span class='ocrx_word' id='word_1_540' title='bbox 1166 5424 1339 5494; x_wconf 83' lang='lat' dir='ltr'><strong>lapide</strong></span> <span class='ocrx_word' id='word_1_541' title='bbox 1381 5426 1431 5479; x_wconf 89' lang='lat' dir='ltr'><strong>in</strong></span> <span class='ocrx_word' id='word_1_542' title='bbox 1462 5427 1783 5498; x_wconf 83' lang='lat' dir='ltr'><strong>Apocalypsi</strong></span> 
     </span>
    </p>
   </div>
   <div class='ocr_carea' id='block_1_73' title="bbox 204 5514 1784 5589">
    <p class='ocr_par' dir='ltr' id='par_1_73' title="bbox 204 5514 1784 5589">
     <span class='ocr_line' id='line_1_73' title="bbox 204 5514 1784 5589; baseline 0.008 -27"><span class='ocrx_word' id='word_1_543' title='bbox 204 5518 469 5566; x_wconf 84' lang='lat' dir='ltr'><strong>structura</strong></span> <span class='ocrx_word' id='word_1_544' title='bbox 513 5514 675 5574; x_wconf 82' lang='lat' dir='ltr'><strong>muri,</strong></span> <span class='ocrx_word' id='word_1_545' title='bbox 708 5522 760 5566; x_wconf 87' lang='lat' dir='ltr'><strong>et</strong></span> <span class='ocrx_word' id='word_1_546' title='bbox 799 5517 936 5581; x_wconf 64' lang='lat' dir='ltr'><strong>apud</strong></span> <span class='ocrx_word' id='word_1_547' title='bbox 984 5516 1174 5570; x_wconf 86' lang='lat' dir='ltr'><strong>Isaiam</strong></span> <span class='ocrx_word' id='word_1_548' title='bbox 1216 5520 1611 5587; x_wconf 78' lang='lat' dir='ltr'><strong>pmpugnacula</strong></span> <span class='ocrx_word' id='word_1_549' title='bbox 1642 5522 1784 5589; x_wconf 77' lang='lat' dir='ltr'><strong>ejus-</strong></span> 
     </span>
    </p>
   </div>
   <div class='ocr_carea' id='block_1_74' title="bbox 204 5597 1782 5671">
    <p class='ocr_par' dir='ltr' id='par_1_74' title="bbox 204 5597 1782 5671">
     <span class='ocr_line' id='line_1_74' title="bbox 204 5597 1782 5671; baseline 0.01 -21"><span class='ocrx_word' id='word_1_550' title='bbox 204 5597 315 5651; x_wconf 80' lang='lat' dir='ltr'><strong>dem</strong></span> <span class='ocrx_word' id='word_1_551' title='bbox 356 5602 596 5656; x_wconf 50' lang='lat' dir='ltr'><strong>civitatis</strong></span> <span class='ocrx_word' id='word_1_552' title='bbox 648 5604 959 5655; x_wconf 83' lang='lat' dir='ltr'><strong>muniuntur</strong></span> <span class='ocrx_word' id='word_1_553' title='bbox 1005 5607 1208 5671; x_wconf 87' lang='lat' dir='ltr'><strong>pariter</strong></span> <span class='ocrx_word' id='word_1_554' title='bbox 1246 5616 1300 5661; x_wconf 89' lang='lat' dir='ltr'><strong>et</strong></span> <span class='ocrx_word' id='word_1_555' title='bbox 1342 5604 1621 5661; x_wconf 75' lang='lat' dir='ltr'><strong>eruantur.</strong></span> <span class='ocrx_word' id='word_1_556' title='bbox 1670 5611 1782 5667; x_wconf 88' lang='lat' dir='ltr'><strong>Duo</strong></span> 
     </span>
    </p>
   </div>
   <div class='ocr_carea' id='block_1_75' title="bbox 204 5691 1780 5763">
    <p class='ocr_par' dir='ltr' id='par_1_75' title="bbox 204 5691 1780 5763">
     <span class='ocr_line' id='line_1_75' title="bbox 204 5691 1780 5763; baseline 0.01 -24"><span class='ocrx_word' id='word_1_557' title='bbox 204 5697 374 5741; x_wconf 71' lang='lat' dir='ltr'><strong>autem</strong></span> <span class='ocrx_word' id='word_1_558' title='bbox 426 5691 652 5760; x_wconf 12' lang='lat' dir='ltr'><strong>lapillos,</strong></span> <span class='ocrx_word' id='word_1_559' title='bbox 711 5693 763 5746; x_wconf 84' lang='lat' dir='ltr'><strong>id</strong></span> <span class='ocrx_word' id='word_1_560' title='bbox 813 5704 915 5757; x_wconf 81' lang='lat' dir='ltr'><strong>cst,</strong></span> <span class='ocrx_word' id='word_1_561' title='bbox 950 5692 1118 5763; x_wconf 52' lang='grc' dir='ltr'><strong>⁵ξιιδμίε</strong></span> <span class='ocrx_word' id='word_1_562' title='bbox 1161 5706 1214 5747; x_wconf 87' lang='lat' dir='ltr'><strong>et</strong></span> <span class='ocrx_word' id='word_1_563' title='bbox 1259 5698 1503 5761; x_wconf 85' lang='lat' dir='ltr'><strong>sardins,</strong></span> <span class='ocrx_word' id='word_1_564' title='bbox 1554 5699 1780 5754; x_wconf 86' lang='lat' dir='ltr'><strong>duorum</strong></span> 
     </span>
    </p>
   </div>
   <div class='ocr_carea' id='block_1_76' title="bbox 201 5774 1777 5857">
    <p class='ocr_par' dir='ltr' id='par_1_76' title="bbox 201 5774 1777 5857">
     <span class='ocr_line' id='line_1_76' title="bbox 201 5774 1777 5857; baseline 0.01 -25"><span class='ocrx_word' id='word_1_565' title='bbox 201 5774 519 5850; x_wconf 82' lang='lat' dir='ltr'><strong>judiciorutu</strong></span> <span class='ocrx_word' id='word_1_566' title='bbox 565 5783 684 5849; x_wconf 76' lang='lat' dir='ltr'><strong>Dei,</strong></span> <span class='ocrx_word' id='word_1_567' title='bbox 720 5785 951 5855; x_wconf 88' lang='lat' dir='ltr'><strong>primum</strong></span> <span class='ocrx_word' id='word_1_568' title='bbox 988 5801 1083 5856; x_wconf 86' lang='lat' dir='ltr'><strong>per</strong></span> <span class='ocrx_word' id='word_1_569' title='bbox 1120 5802 1318 5857; x_wconf 79' lang='lat' dir='ltr'><strong>aquam</strong></span> <span class='ocrx_word' id='word_1_570' title='bbox 1349 5790 1552 5856; x_wconf 86' lang='lat' dir='ltr'><strong>diluvii,</strong></span> <span class='ocrx_word' id='word_1_571' title='bbox 1584 5806 1777 5847; x_wconf 85' lang='lat' dir='ltr'><strong>secun-</strong></span> 
     </span>
    </p>
   </div>
   <div class='ocr_carea' id='block_1_77' title="bbox 1816 4560 1866 4619">
    <p class='ocr_par' dir='ltr' id='par_1_77' title="bbox 1816 4560 1866 4619">
     <span class='ocr_line' id='line_1_77' title="bbox 1816 4560 1866 4619; baseline 0 0"><span class='ocrx_word' id='word_1_572' title='bbox 1816 4560 1866 4619; x_wconf 93' lang='lat' dir='ltr'><strong>D</strong></span> 
     </span>
    </p>
   </div>
   <div class='ocr_carea' id='block_1_78' title="bbox 1902 1979 3491 2049">
    <p class='ocr_par' dir='ltr' id='par_1_78' title="bbox 1902 1979 3491 2049">
     <span class='ocr_line' id='line_1_78' title="bbox 1902 1979 3491 2049; baseline -0.001 -13"><span class='ocrx_word' id='word_1_573' title='bbox 1902 1981 2118 2044; x_wconf 86' lang='lat' dir='ltr'><strong>animis,</strong></span> <span class='ocrx_word' id='word_1_574' title='bbox 2134 1980 2302 2034; x_wconf 88' lang='lat' dir='ltr'><strong>divini</strong></span> <span class='ocrx_word' id='word_1_575' title='bbox 2323 1979 2542 2034; x_wconf 90' lang='lat' dir='ltr'><strong>luminis</strong></span> <span class='ocrx_word' id='word_1_576' title='bbox 2557 1980 2796 2049; x_wconf 89' lang='lat' dir='ltr'><strong>quotidie</strong></span> <span class='ocrx_word' id='word_1_577' title='bbox 2812 1979 2977 2044; x_wconf 83' lang='lat' dir='ltr'><strong>radiis</strong></span> <span class='ocrx_word' id='word_1_578' title='bbox 3005 1980 3311 2045; x_wconf 86' lang='lat' dir='ltr'><strong>innovatus,</strong></span> <span class='ocrx_word' id='word_1_579' title='bbox 3339 1995 3459 2034; x_wconf 90' lang='lat' dir='ltr'><strong>com</strong></span> <span class='ocrx_word' id='word_1_580' title='bbox 3471 2009 3491 2021; x_wconf 87' lang='lat'><strong>-</strong></span> 
     </span>
    </p>
   </div>
   <div class='ocr_carea' id='block_1_79' title="bbox 1902 2052 3495 2141">
    <p class='ocr_par' dir='ltr' id='par_1_79' title="bbox 1902 2052 3495 2141">
     <span class='ocr_line' id='line_1_79' title="bbox 1902 2052 3495 2141; baseline 0.001 -18"><span class='ocrx_word' id='word_1_581' title='bbox 1902 2070 2153 2141; x_wconf 87' lang='lat' dir='ltr'><strong>punctior</strong></span> <span class='ocrx_word' id='word_1_582' title='bbox 2168 2052 2566 2140; x_wconf 82' lang='lat' dir='ltr'><strong>quodammodo</strong></span> <span class='ocrx_word' id='word_1_583' title='bbox 2588 2076 2751 2139; x_wconf 88' lang='lat' dir='ltr'><strong>atque</strong></span> <span class='ocrx_word' id='word_1_584' title='bbox 2770 2069 3047 2123; x_wconf 90' lang='lat' dir='ltr'><strong>ardentior</strong></span> <span class='ocrx_word' id='word_1_585' title='bbox 3060 2078 3261 2125; x_wconf 74' lang='lat' dir='ltr'><strong>teterna</strong></span> <span class='ocrx_word' id='word_1_586' title='bbox 3281 2071 3495 2139; x_wconf 83' lang='lat' dir='ltr'><strong>perqui-</strong></span> 
     </span>
    </p>
   </div>
   <div class='ocr_carea' id='block_1_80' title="bbox 1904 2157 3495 2229">
    <p class='ocr_par' dir='ltr' id='par_1_80' title="bbox 1904 2157 3495 2229">
     <span class='ocr_line' id='line_1_80' title="bbox 1904 2157 3495 2229; baseline -0.001 -14"><span class='ocrx_word' id='word_1_587' title='bbox 1904 2159 1976 2216; x_wconf 87' lang='lat' dir='ltr'><strong>rit</strong></span> <span class='ocrx_word' id='word_1_588' title='bbox 1998 2158 2307 2229; x_wconf 77' lang='lat' dir='ltr'><strong>:‘altiusque</strong></span> <span class='ocrx_word' id='word_1_589' title='bbox 2330 2158 2385 2213; x_wconf 89' lang='lat' dir='ltr'><strong>in</strong></span> <span class='ocrx_word' id='word_1_590' title='bbox 2416 2158 2734 2227; x_wconf 89' lang='lat' dir='ltr'><strong>inquirenda</strong></span> <span class='ocrx_word' id='word_1_591' title='bbox 2768 2159 3072 2228; x_wconf 90' lang='lat' dir='ltr'><strong>persuadet.</strong></span> <span class='ocrx_word' id='word_1_592' title='bbox 3102 2157 3236 2213; x_wconf 89' lang='lat' dir='ltr'><strong>Nam</strong></span> <span class='ocrx_word' id='word_1_593' title='bbox 3265 2162 3410 2228; x_wconf 87' lang='lat' dir='ltr'><strong>quod</strong></span> <span class='ocrx_word' id='word_1_594' title='bbox 3440 2159 3495 2213; x_wconf 87' lang='lat' dir='ltr'><strong>in</strong></span> 
     </span>
    </p>
   </div>
   <div class='ocr_carea' id='block_1_81' title="bbox 1904 2248 3497 2331">
    <p class='ocr_par' dir='ltr' id='par_1_81' title="bbox 1904 2248 3497 2331">
     <span class='ocr_line' id='line_1_81' title="bbox 1904 2248 3497 2331; baseline 0.001 -27"><span class='ocrx_word' id='word_1_595' title='bbox 1904 2249 2092 2304; x_wconf 83' lang='lat' dir='ltr'><strong>Rubro</strong></span> <span class='ocrx_word' id='word_1_596' title='bbox 2105 2250 2240 2307; x_wconf 90' lang='lat' dir='ltr'><strong>mari</strong></span> <span class='ocrx_word' id='word_1_597' title='bbox 2256 2248 2482 2319; x_wconf 84' lang='lat' dir='ltr'><strong>reperiri</strong></span> <span class='ocrx_word' id='word_1_598' title='bbox 2498 2249 2713 2313; x_wconf 90' lang='lat' dir='ltr'><strong>dicitur,</strong></span> <span class='ocrx_word' id='word_1_599' title='bbox 2730 2248 3017 2331; x_wconf 62' lang='lat' dir='ltr'><strong>signiﬁcat,</strong></span> <span class='ocrx_word' id='word_1_600' title='bbox 3034 2264 3129 2319; x_wconf 90' lang='lat' dir='ltr'><strong>per</strong></span> <span class='ocrx_word' id='word_1_601' title='bbox 3141 2249 3354 2305; x_wconf 90' lang='lat' dir='ltr'><strong>Domini</strong></span> <span class='ocrx_word' id='word_1_602' title='bbox 3370 2266 3497 2323; x_wconf 84' lang='lat' dir='ltr'><strong>pas-</strong></span> 
     </span>
    </p>
   </div>
   <div class='ocr_carea' id='block_1_82' title="bbox 1902 2339 3501 2410">
    <p class='ocr_par' dir='ltr' id='par_1_82' title="bbox 1902 2339 3501 2410">
     <span class='ocr_line' id='line_1_82' title="bbox 1902 2339 3501 2410; baseline 0 -14"><span class='ocrx_word' id='word_1_603' title='bbox 1902 2341 2110 2396; x_wconf 83' lang='lat' dir='ltr'><strong>sionem</strong></span> <span class='ocrx_word' id='word_1_604' title='bbox 2160 2348 2215 2395; x_wconf 89' lang='lat' dir='ltr'><strong>et</strong></span> <span class='ocrx_word' id='word_1_605' title='bbox 2246 2339 2390 2395; x_wconf 82' lang='lat' dir='ltr'><strong>sacri</strong></span> <span class='ocrx_word' id='word_1_606' title='bbox 2415 2339 2758 2410; x_wconf 83' lang='lat' dir='ltr'><strong>baptismatis</strong></span> <span class='ocrx_word' id='word_1_607' title='bbox 2784 2340 3081 2404; x_wconf 86' lang='lat' dir='ltr'><strong>lavacrum,</strong></span> <span class='ocrx_word' id='word_1_608' title='bbox 3114 2349 3324 2397; x_wconf 84' lang='lat' dir='ltr'><strong>mentes</strong></span> <span class='ocrx_word' id='word_1_609' title='bbox 3349 2357 3501 2396; x_wconf 90' lang='lat' dir='ltr'><strong>mor-</strong></span> 
     </span>
    </p>
   </div>
   <div class='ocr_carea' id='block_1_83' title="bbox 1904 2429 3493 2503">
    <p class='ocr_par' dir='ltr' id='par_1_83' title="bbox 1904 2429 3493 2503">
     <span class='ocr_line' id='line_1_83' title="bbox 1904 2429 3493 2503; baseline -0.001 -17"><span class='ocrx_word' id='word_1_610' title='bbox 1904 2431 2090 2486; x_wconf 86' lang='lat' dir='ltr'><strong>talium</strong></span> <span class='ocrx_word' id='word_1_611' title='bbox 2139 2431 2626 2500; x_wconf 29' lang='lat' dir='ltr'><strong>ad‘przesumenda</strong></span> <span class='ocrx_word' id='word_1_612' title='bbox 2680 2429 2928 2488; x_wconf 67' lang='lat' dir='ltr'><strong>cmlestia.</strong></span> <span class='ocrx_word' id='word_1_613' title='bbox 2978 2429 3283 2489; x_wconf 73' lang='lat' dir='ltr'><strong>Sublimiter</strong></span> <span class='ocrx_word' id='word_1_614' title='bbox 3335 2431 3493 2503; x_wconf 89' lang='lat' dir='ltr'><strong>erigi.</strong></span> 
     </span>
    </p>
   </div>
   <div class='ocr_carea' id='block_1_84' title="bbox 1906 2519 3493 2598">
    <p class='ocr_par' dir='ltr' id='par_1_84' title="bbox 1906 2519 3493 2598">
     <span class='ocr_line' id='line_1_84' title="bbox 1906 2519 3493 2598; baseline 0.002 -22"><span class='ocrx_word' id='word_1_615' title='bbox 1906 2519 2112 2576; x_wconf 84' lang='lat' dir='ltr'><strong>Tertius</strong></span> <span class='ocrx_word' id='word_1_616' title='bbox 2141 2519 2507 2598; x_wconf 82' lang='lat' dir='ltr'><strong>chalcedonius</strong></span> <span class='ocrx_word' id='word_1_617' title='bbox 2535 2520 2718 2591; x_wconf 78' lang='lat' dir='ltr'><strong>(Apoc.</strong></span> <span class='ocrx_word' id='word_1_618' title='bbox 2747 2521 2882 2592; x_wconf 74' lang='lat' dir='ltr'><strong>XXI).</strong></span> <span class='ocrx_word' id='word_1_619' title='bbox 2916 2520 3308 2579; x_wconf 78' lang='lat' dir='ltr'><strong>Chalcedonius</strong></span> <span class='ocrx_word' id='word_1_620' title='bbox 3334 2523 3493 2593; x_wconf 83' lang='lat' dir='ltr'><strong>quasi</strong></span> 
     </span>
    </p>
   </div>
   <div class='ocr_carea' id='block_1_85' title="bbox 1904 2609 3497 2681">
    <p class='ocr_par' dir='ltr' id='par_1_85' title="bbox 1904 2609 3497 2681">
     <span class='ocr_line' id='line_1_85' title="bbox 1904 2609 3497 2681; baseline 0.003 -18"><span class='ocrx_word' id='word_1_621' title='bbox 1904 2609 2044 2681; x_wconf 89' lang='lat' dir='ltr'><strong>Ignis</strong></span> <span class='ocrx_word' id='word_1_622' title='bbox 2087 2610 2321 2665; x_wconf 71' lang='lat' dir='ltr'><strong>lucerna:</strong></span> <span class='ocrx_word' id='word_1_623' title='bbox 2366 2610 2615 2679; x_wconf 90' lang='lat' dir='ltr'><strong>pallentis</strong></span> <span class='ocrx_word' id='word_1_624' title='bbox 2661 2611 2841 2679; x_wconf 81' lang='lat' dir='ltr'><strong>specie</strong></span> <span class='ocrx_word' id='word_1_625' title='bbox 2872 2611 3089 2675; x_wconf 65' lang='lat' dir='ltr'><strong>renitet,</strong></span> <span class='ocrx_word' id='word_1_626' title='bbox 3117 2620 3174 2667; x_wconf 91' lang='lat' dir='ltr'><strong>et</strong></span> <span class='ocrx_word' id='word_1_627' title='bbox 3198 2611 3361 2667; x_wconf 86' lang='lat' dir='ltr'><strong>habet</strong></span> <span class='ocrx_word' id='word_1_628' title='bbox 3390 2611 3497 2667; x_wconf 75' lang='lat' dir='ltr'><strong>lul-</strong></span> 
     </span>
    </p>
   </div>
   <div class='ocr_carea' id='block_1_86' title="bbox 1905 2699 3493 2773">
    <p class='ocr_par' dir='ltr' id='par_1_86' title="bbox 1905 2699 3493 2773">
     <span class='ocr_line' id='line_1_86' title="bbox 1905 2699 3493 2773; baseline 0.002 -20"><span class='ocrx_word' id='word_1_629' title='bbox 1905 2714 2088 2773; x_wconf 87' lang='lat' dir='ltr'><strong>gorem</strong></span> <span class='ocrx_word' id='word_1_630' title='bbox 2119 2699 2219 2754; x_wconf 93' lang='lat' dir='ltr'><strong>sub</strong></span> <span class='ocrx_word' id='word_1_631' title='bbox 2242 2700 2353 2761; x_wconf 91' lang='lat' dir='ltr'><strong>dio,</strong></span> <span class='ocrx_word' id='word_1_632' title='bbox 2379 2715 2486 2754; x_wconf 91' lang='lat' dir='ltr'><strong>non</strong></span> <span class='ocrx_word' id='word_1_633' title='bbox 2515 2699 2569 2754; x_wconf 88' lang='lat' dir='ltr'><strong>in</strong></span> <span class='ocrx_word' id='word_1_634' title='bbox 2596 2700 2755 2755; x_wconf 90' lang='lat' dir='ltr'><strong>domo</strong></span> <span class='ocrx_word' id='word_1_635' title='bbox 2786 2715 2799 2755; x_wconf 92' lang='lat'><strong>:</strong></span> <span class='ocrx_word' id='word_1_636' title='bbox 2825 2715 2932 2770; x_wconf 91' lang='lat' dir='ltr'><strong>quo</strong></span> <span class='ocrx_word' id='word_1_637' title='bbox 2955 2701 3395 2757; x_wconf 83' lang='lat' dir='ltr'><strong>demonstrantur</strong></span> <span class='ocrx_word' id='word_1_638' title='bbox 3414 2702 3493 2768; x_wconf 89' lang='lat' dir='ltr'><strong>hi,</strong></span> 
     </span>
    </p>
   </div>
   <div class='ocr_carea' id='block_1_87' title="bbox 1904 2791 3496 2863">
    <p class='ocr_par' dir='ltr' id='par_1_87' title="bbox 1904 2791 3496 2863">
     <span class='ocr_line' id='line_1_87' title="bbox 1904 2791 3496 2863; baseline 0.003 -18"><span class='ocrx_word' id='word_1_639' title='bbox 1904 2794 1996 2863; x_wconf 91' lang='lat' dir='ltr'><strong>qui</strong></span> <span class='ocrx_word' id='word_1_640' title='bbox 2029 2792 2236 2848; x_wconf 65' lang='lat' dir='ltr'><strong>caelosti</strong></span> <span class='ocrx_word' id='word_1_641' title='bbox 2273 2791 2538 2847; x_wconf 90' lang='lat' dir='ltr'><strong>desiderio</strong></span> <span class='ocrx_word' id='word_1_642' title='bbox 2566 2792 2799 2857; x_wconf 83' lang='lat' dir='ltr'><strong>subnixi,</strong></span> <span class='ocrx_word' id='word_1_643' title='bbox 2845 2793 3155 2849; x_wconf 84' lang='lat' dir='ltr'><strong>hominibus</strong></span> <span class='ocrx_word' id='word_1_644' title='bbox 3199 2803 3379 2849; x_wconf 90' lang='lat' dir='ltr'><strong>tamen</strong></span> <span class='ocrx_word' id='word_1_645' title='bbox 3415 2794 3496 2850; x_wconf 85' lang='lat' dir='ltr'><strong>Ia-</strong></span> 
     </span>
    </p>
   </div>
   <div class='ocr_carea' id='block_1_88' title="bbox 1905 2881 3488 2958">
    <p class='ocr_par' dir='ltr' id='par_1_88' title="bbox 1905 2881 3488 2958">
     <span class='ocr_line' id='line_1_88' title="bbox 1905 2881 3488 2958; baseline 0.002 -20"><span class='ocrx_word' id='word_1_646' title='bbox 1905 2894 2039 2948; x_wconf 88' lang='lat' dir='ltr'><strong>tent,</strong></span> <span class='ocrx_word' id='word_1_647' title='bbox 2064 2892 2120 2939; x_wconf 90' lang='lat' dir='ltr'><strong>et</strong></span> <span class='ocrx_word' id='word_1_648' title='bbox 2143 2884 2295 2953; x_wconf 90' lang='lat' dir='ltr'><strong>quasi</strong></span> <span class='ocrx_word' id='word_1_649' title='bbox 2322 2884 2375 2938; x_wconf 94' lang='lat' dir='ltr'><strong>in</strong></span> <span class='ocrx_word' id='word_1_650' title='bbox 2403 2884 2720 2939; x_wconf 89' lang='lat' dir='ltr'><strong>abscondito</strong></span> <span class='ocrx_word' id='word_1_651' title='bbox 2752 2881 3042 2952; x_wconf 76' lang='lat' dir='ltr'><strong>jejunium,</strong></span> <span class='ocrx_word' id='word_1_652' title='bbox 3066 2884 3488 2958; x_wconf 87' lang='lat' dir='ltr'><strong>eleemosynam,</strong></span> 
     </span>
    </p>
   </div>
   <div class='ocr_carea' id='block_1_89' title="bbox 1902 2981 3495 3052">
    <p class='ocr_par' dir='ltr' id='par_1_89' title="bbox 1902 2981 3495 3052">
     <span class='ocr_line' id='line_1_89' title="bbox 1902 2981 3495 3052; baseline 0.003 -19"><span class='ocrx_word' id='word_1_653' title='bbox 1902 2994 2199 3050; x_wconf 85' lang='lat' dir='ltr'><strong>precesque</strong></span> <span class='ocrx_word' id='word_1_654' title='bbox 2228 2994 2355 3036; x_wconf 91' lang='lat' dir='ltr'><strong>suas</strong></span> <span class='ocrx_word' id='word_1_655' title='bbox 2399 2992 2593 3052; x_wconf 88' lang='lat' dir='ltr'><strong>agunt;</strong></span> <span class='ocrx_word' id='word_1_656' title='bbox 2634 2981 2727 3036; x_wconf 89' lang='lat' dir='ltr'><strong>sed</strong></span> <span class='ocrx_word' id='word_1_657' title='bbox 2774 2998 2896 3045; x_wconf 88' lang='lat' dir='ltr'><strong>cum</strong></span> <span class='ocrx_word' id='word_1_658' title='bbox 2946 2983 3207 3039; x_wconf 74' lang='lat' dir='ltr'><strong>doctrina:</strong></span> <span class='ocrx_word' id='word_1_659' title='bbox 3245 2981 3331 3038; x_wconf 89' lang='lat' dir='ltr'><strong>vel</strong></span> <span class='ocrx_word' id='word_1_660' title='bbox 3373 2981 3495 3037; x_wconf 88' lang='lat' dir='ltr'><strong>aliis</strong></span> 
     </span>
    </p>
   </div>
   <div class='ocr_carea' id='block_1_90' title="bbox 1904 3072 3493 3144">
    <p class='ocr_par' dir='ltr' id='par_1_90' title="bbox 1904 3072 3493 3144">
     <span class='ocr_line' id='line_1_90' title="bbox 1904 3072 3493 3144; baseline 0.001 -18"><span class='ocrx_word' id='word_1_661' title='bbox 1904 3081 2213 3126; x_wconf 88' lang='lat' dir='ltr'><strong>sanctorum</strong></span> <span class='ocrx_word' id='word_1_662' title='bbox 2238 3072 2422 3127; x_wconf 86' lang='lat' dir='ltr'><strong>usibus</strong></span> <span class='ocrx_word' id='word_1_663' title='bbox 2449 3073 2781 3138; x_wconf 87' lang='lat' dir='ltr'><strong>inservituri,</strong></span> <span class='ocrx_word' id='word_1_664' title='bbox 2806 3075 2875 3129; x_wconf 89' lang='lat' dir='ltr'><strong>ad</strong></span> <span class='ocrx_word' id='word_1_665' title='bbox 2898 3074 3172 3144; x_wconf 88' lang='lat' dir='ltr'><strong>publicum</strong></span> <span class='ocrx_word' id='word_1_666' title='bbox 3195 3074 3493 3144; x_wconf 81' lang='lat' dir='ltr'><strong>procedere</strong></span> 
     </span>
    </p>
   </div>
   <div class='ocr_carea' id='block_1_91' title="bbox 1898 3158 3492 3233">
    <p class='ocr_par' dir='ltr' id='par_1_91' title="bbox 1898 3158 3492 3233">
     <span class='ocr_line' id='line_1_91' title="bbox 1898 3158 3492 3233; baseline 0.001 -19"><span class='ocrx_word' id='word_1_667' title='bbox 1898 3158 2174 3233; x_wconf 77' lang='lat' dir='ltr'><strong>iubentur,</strong></span> <span class='ocrx_word' id='word_1_668' title='bbox 2204 3176 2352 3226; x_wconf 83' lang='lat' dir='ltr'><strong>mox,</strong></span> <span class='ocrx_word' id='word_1_669' title='bbox 2397 3162 2525 3232; x_wconf 86' lang='lat' dir='ltr'><strong>quid</strong></span> <span class='ocrx_word' id='word_1_670' title='bbox 2554 3160 2777 3233; x_wconf 83' lang='lat' dir='ltr'><strong>fulgoris</strong></span> <span class='ocrx_word' id='word_1_671' title='bbox 2818 3164 2962 3217; x_wconf 91' lang='lat' dir='ltr'><strong>intus</strong></span> <span class='ocrx_word' id='word_1_672' title='bbox 2990 3163 3275 3233; x_wconf 80' lang='lat' dir='ltr'><strong>gesserint,</strong></span> <span class='ocrx_word' id='word_1_673' title='bbox 3302 3170 3492 3217; x_wconf 88' lang='lat' dir='ltr'><strong>osten-</strong></span> 
     </span>
    </p>
   </div>
   <div class='ocr_carea' id='block_1_92' title="bbox 1901 3251 3489 3323">
    <p class='ocr_par' dir='ltr' id='par_1_92' title="bbox 1901 3251 3489 3323">
     <span class='ocr_line' id='line_1_92' title="bbox 1901 3251 3489 3323; baseline 0.001 -17"><span class='ocrx_word' id='word_1_674' title='bbox 1901 3253 2051 3317; x_wconf 80' lang='lat' dir='ltr'><strong>dunt.</strong></span> <span class='ocrx_word' id='word_1_675' title='bbox 2085 3251 2219 3305; x_wconf 89' lang='lat' dir='ltr'><strong>Nam</strong></span> <span class='ocrx_word' id='word_1_676' title='bbox 2265 3253 2407 3321; x_wconf 89' lang='lat' dir='ltr'><strong>quod</strong></span> <span class='ocrx_word' id='word_1_677' title='bbox 2446 3253 2741 3323; x_wconf 88' lang='lat' dir='ltr'><strong>sculpturis</strong></span> <span class='ocrx_word' id='word_1_678' title='bbox 2778 3253 3053 3317; x_wconf 83' lang='lat' dir='ltr'><strong>resistere,</strong></span> <span class='ocrx_word' id='word_1_679' title='bbox 3102 3254 3267 3307; x_wconf 86' lang='lat' dir='ltr'><strong>radiis</strong></span> <span class='ocrx_word' id='word_1_680' title='bbox 3304 3260 3489 3308; x_wconf 88' lang='lat' dir='ltr'><strong>autem</strong></span> 
     </span>
    </p>
   </div>
   <div class='ocr_carea' id='block_1_93' title="bbox 1899 3342 3491 3414">
    <p class='ocr_par' dir='ltr' id='par_1_93' title="bbox 1899 3342 3491 3414">
     <span class='ocr_line' id='line_1_93' title="bbox 1899 3342 3491 3414; baseline 0.003 -17"><span class='ocrx_word' id='word_1_681' title='bbox 1899 3342 2027 3397; x_wconf 87' lang='lat' dir='ltr'><strong>solis</strong></span> <span class='ocrx_word' id='word_1_682' title='bbox 2061 3343 2143 3397; x_wconf 90' lang='lat' dir='ltr'><strong>vel</strong></span> <span class='ocrx_word' id='word_1_683' title='bbox 2182 3343 2469 3413; x_wconf 82' lang='lat' dir='ltr'><strong>digitorum</strong></span> <span class='ocrx_word' id='word_1_684' title='bbox 2511 3344 2715 3409; x_wconf 90' lang='lat' dir='ltr'><strong>attrita,</strong></span> <span class='ocrx_word' id='word_1_685' title='bbox 2757 3344 2800 3398; x_wconf 92' lang='lat' dir='ltr'><strong>si</strong></span> <span class='ocrx_word' id='word_1_686' title='bbox 2847 3345 3169 3409; x_wconf 81' lang='lat' dir='ltr'><strong>excandeat,</strong></span> <span class='ocrx_word' id='word_1_687' title='bbox 3200 3345 3384 3414; x_wconf 87' lang='lat' dir='ltr'><strong>paleas</strong></span> <span class='ocrx_word' id='word_1_688' title='bbox 3417 3344 3491 3402; x_wconf 88' lang='lat' dir='ltr'><strong>ad</strong></span> 
     </span>
    </p>
   </div>
   <div class='ocr_carea' id='block_1_94' title="bbox 1900 3435 3490 3507">
    <p class='ocr_par' dir='ltr' id='par_1_94' title="bbox 1900 3435 3490 3507">
     <span class='ocr_line' id='line_1_94' title="bbox 1900 3435 3490 3507; baseline 0.001 -15"><span class='ocrx_word' id='word_1_689' title='bbox 1900 3453 1959 3492; x_wconf 90' lang='lat' dir='ltr'><strong>se</strong></span> <span class='ocrx_word' id='word_1_690' title='bbox 2010 3452 2197 3505; x_wconf 88' lang='lat' dir='ltr'><strong>rapere</strong></span> <span class='ocrx_word' id='word_1_691' title='bbox 2246 3435 2449 3491; x_wconf 89' lang='lat' dir='ltr'><strong>dicitur</strong></span> <span class='ocrx_word' id='word_1_692' title='bbox 2482 3455 2493 3490; x_wconf 90' lang='lat'><strong>:</strong></span> <span class='ocrx_word' id='word_1_693' title='bbox 2527 3436 2725 3491; x_wconf 86' lang='lat' dir='ltr'><strong>talibus</strong></span> <span class='ocrx_word' id='word_1_694' title='bbox 2770 3438 2963 3497; x_wconf 86' lang='lat' dir='ltr'><strong>merito</strong></span> <span class='ocrx_word' id='word_1_695' title='bbox 2997 3438 3268 3507; x_wconf 79' lang='lat' dir='ltr'><strong>congruit,</strong></span> <span class='ocrx_word' id='word_1_696' title='bbox 3308 3436 3400 3506; x_wconf 89' lang='lat' dir='ltr'><strong>qui</strong></span> <span class='ocrx_word' id='word_1_697' title='bbox 3431 3437 3490 3494; x_wconf 87' lang='lat' dir='ltr'><strong>in</strong></span> 
     </span>
    </p>
   </div>
   <div class='ocr_carea' id='block_1_95' title="bbox 1901 3526 3492 3599">
    <p class='ocr_par' dir='ltr' id='par_1_95' title="bbox 1901 3526 3492 3599">
     <span class='ocr_line' id='line_1_95' title="bbox 1901 3526 3492 3599; baseline 0 -19"><span class='ocrx_word' id='word_1_698' title='bbox 1901 3528 2045 3580; x_wconf 88' lang='lat' dir='ltr'><strong>nullo</strong></span> <span class='ocrx_word' id='word_1_699' title='bbox 2067 3543 2217 3582; x_wconf 89' lang='lat' dir='ltr'><strong>suam</strong></span> <span class='ocrx_word' id='word_1_700' title='bbox 2247 3526 2632 3599; x_wconf 69' lang='lat' dir='ltr'><strong>fortitudinem</strong></span> <span class='ocrx_word' id='word_1_701' title='bbox 2672 3526 2813 3581; x_wconf 85' lang='lat' dir='ltr'><strong>vinci</strong></span> <span class='ocrx_word' id='word_1_702' title='bbox 2842 3526 3236 3595; x_wconf 88' lang='lat' dir='ltr'><strong>permittentes,</strong></span> <span class='ocrx_word' id='word_1_703' title='bbox 3268 3527 3366 3596; x_wconf 88' lang='lat' dir='ltr'><strong>ipsi</strong></span> <span class='ocrx_word' id='word_1_704' title='bbox 3395 3541 3492 3596; x_wconf 92' lang='lat' dir='ltr'><strong>po-</strong></span> 
     </span>
    </p>
   </div>
   <div class='ocr_carea' id='block_1_96' title="bbox 1901 3617 3491 3689">
    <p class='ocr_par' dir='ltr' id='par_1_96' title="bbox 1901 3617 3491 3689">
     <span class='ocr_line' id='line_1_96' title="bbox 1901 3617 3491 3689; baseline 0.003 -20"><span class='ocrx_word' id='word_1_705' title='bbox 1901 3618 2005 3672; x_wconf 86' lang='lat' dir='ltr'><strong>tius</strong></span> <span class='ocrx_word' id='word_1_706' title='bbox 2052 3617 2351 3684; x_wconf 83' lang='lat' dir='ltr'><strong>lragiliores</strong></span> <span class='ocrx_word' id='word_1_707' title='bbox 2395 3633 2643 3687; x_wconf 83' lang='lat' dir='ltr'><strong>quosque</strong></span> <span class='ocrx_word' id='word_1_708' title='bbox 2687 3618 2740 3672; x_wconf 91' lang='lat' dir='ltr'><strong>in</strong></span> <span class='ocrx_word' id='word_1_709' title='bbox 2780 3618 2863 3671; x_wconf 86' lang='lat' dir='ltr'><strong>sui</strong></span> <span class='ocrx_word' id='word_1_710' title='bbox 2909 3617 3128 3672; x_wconf 89' lang='lat' dir='ltr'><strong>luminis</strong></span> <span class='ocrx_word' id='word_1_711' title='bbox 3172 3618 3491 3689; x_wconf 84' lang='lat' dir='ltr'><strong>ardorisque</strong></span> 
     </span>
    </p>
   </div>
   <div class='ocr_carea' id='block_1_97' title="bbox 1892 3707 3491 3778">
    <p class='ocr_par' dir='ltr' id='par_1_97' title="bbox 1892 3707 3491 3778">
     <span class='ocr_line' id='line_1_97' title="bbox 1892 3707 3491 3778; baseline 0.004 -21"><span class='ocrx_word' id='word_1_712' title='bbox 1892 3708 2014 3778; x_wconf 79' lang='lat' dir='ltr'><strong>jnra</strong></span> <span class='ocrx_word' id='word_1_713' title='bbox 2046 3707 2395 3777; x_wconf 83' lang='lat' dir='ltr'><strong>conjnngunt.</strong></span> <span class='ocrx_word' id='word_1_714' title='bbox 2432 3708 2507 3762; x_wconf 91' lang='lat' dir='ltr'><strong>De</strong></span> <span class='ocrx_word' id='word_1_715' title='bbox 2535 3722 2764 3776; x_wconf 90' lang='lat' dir='ltr'><strong>quorum</strong></span> <span class='ocrx_word' id='word_1_716' title='bbox 2808 3722 2915 3763; x_wconf 92' lang='lat' dir='ltr'><strong>uno</strong></span> <span class='ocrx_word' id='word_1_717' title='bbox 2957 3707 3155 3763; x_wconf 89' lang='lat' dir='ltr'><strong>dicitur</strong></span> <span class='ocrx_word' id='word_1_718' title='bbox 3187 3726 3200 3761; x_wconf 88' lang='lat'><strong>:</strong></span> <span class='ocrx_word' id='word_1_719' title='bbox 3230 3707 3332 3762; x_wconf 87' lang='lat' dir='ltr'><strong>Ille</strong></span> <span class='ocrx_word' id='word_1_720' title='bbox 3374 3720 3491 3765; x_wconf 83' lang='lat' dir='ltr'><strong>erat</strong></span> 
     </span>
    </p>
   </div>
   <div class='ocr_carea' id='block_1_98' title="bbox 1899 3795 3489 3868">
    <p class='ocr_par' dir='ltr' id='par_1_98' title="bbox 1899 3795 3489 3868">
     <span class='ocr_line' id='line_1_98' title="bbox 1899 3795 3489 3868; baseline 0.002 -18"><span class='ocrx_word' id='word_1_721' title='bbox 1899 3797 2111 3865; x_wconf 70' lang='lat' dir='ltr'><strong>lucerna</strong></span> <span class='ocrx_word' id='word_1_722' title='bbox 2144 3796 2349 3851; x_wconf 82' lang='lat' dir='ltr'><strong>ardens</strong></span> <span class='ocrx_word' id='word_1_723' title='bbox 2399 3806 2447 3850; x_wconf 84' lang='lat' dir='ltr'><strong>et</strong></span> <span class='ocrx_word' id='word_1_724' title='bbox 2497 3796 2673 3851; x_wconf 85' lang='lat' dir='ltr'><strong>lucens</strong></span> <span class='ocrx_word' id='word_1_725' title='bbox 2711 3797 2903 3865; x_wconf 83' lang='lat' dir='ltr'><strong>(Joan.</strong></span> <span class='ocrx_word' id='word_1_726' title='bbox 2953 3796 3042 3868; x_wconf 88' lang='lat' dir='ltr'><strong>v).</strong></span> <span class='ocrx_word' id='word_1_727' title='bbox 3096 3795 3305 3860; x_wconf 82' lang='lat' dir='ltr'><strong>Ardens</strong></span> <span class='ocrx_word' id='word_1_728' title='bbox 3360 3797 3489 3853; x_wconf 80' lang='lat' dir='ltr'><strong>ﬁdei</strong></span> 
     </span>
    </p>
   </div>
   <div class='ocr_carea' id='block_1_99' title="bbox 1899 3886 3486 3952">
    <p class='ocr_par' dir='ltr' id='par_1_99' title="bbox 1899 3886 3486 3952">
     <span class='ocr_line' id='line_1_99' title="bbox 1899 3886 3486 3952; baseline 0.001 -12"><span class='ocrx_word' id='word_1_729' title='bbox 1899 3902 2102 3952; x_wconf 88' lang='lat' dir='ltr'><strong>amore,</strong></span> <span class='ocrx_word' id='word_1_730' title='bbox 2120 3888 2303 3942; x_wconf 87' lang='lat' dir='ltr'><strong>lucens</strong></span> <span class='ocrx_word' id='word_1_731' title='bbox 2316 3900 2595 3952; x_wconf 88' lang='lat' dir='ltr'><strong>sermone;</strong></span> <span class='ocrx_word' id='word_1_732' title='bbox 2612 3886 2792 3941; x_wconf 90' lang='lat' dir='ltr'><strong>lumen</strong></span> <span class='ocrx_word' id='word_1_733' title='bbox 2807 3886 3065 3940; x_wconf 88' lang='lat' dir='ltr'><strong>virtutum</strong></span> <span class='ocrx_word' id='word_1_734' title='bbox 3082 3902 3301 3941; x_wconf 88' lang='lat' dir='ltr'><strong>suarum</strong></span> <span class='ocrx_word' id='word_1_735' title='bbox 3323 3887 3486 3941; x_wconf 85' lang='lat' dir='ltr'><strong>inter-</strong></span> 
     </span>
    </p>
   </div>
   <div class='ocr_carea' id='block_1_100' title="bbox 1899 3976 3488 4044">
    <p class='ocr_par' dir='ltr' id='par_1_100' title="bbox 1899 3976 3488 4044">
     <span class='ocr_line' id='line_1_100' title="bbox 1899 3976 3488 4044; baseline 0 -13"><span class='ocrx_word' id='word_1_736' title='bbox 1899 3993 1980 4031; x_wconf 76' lang='lat' dir='ltr'><strong>na:</strong></span> <span class='ocrx_word' id='word_1_737' title='bbox 2009 3976 2289 4030; x_wconf 87' lang='lat' dir='ltr'><strong>ebaritatis</strong></span> <span class='ocrx_word' id='word_1_738' title='bbox 2313 3976 2454 4041; x_wconf 91' lang='lat' dir='ltr'><strong>oleo,</strong></span> <span class='ocrx_word' id='word_1_739' title='bbox 2477 3988 2544 4029; x_wconf 90' lang='lat' dir='ltr'><strong>ne</strong></span> <span class='ocrx_word' id='word_1_740' title='bbox 2566 3976 2800 4040; x_wconf 76' lang='lat' dir='ltr'><strong>deficiat,</strong></span> <span class='ocrx_word' id='word_1_741' title='bbox 2847 3991 3059 4044; x_wconf 85' lang='lat' dir='ltr'><strong>semper</strong></span> <span class='ocrx_word' id='word_1_742' title='bbox 3089 3986 3370 4030; x_wconf 88' lang='lat' dir='ltr'><strong>renovant.</strong></span> <span class='ocrx_word' id='word_1_743' title='bbox 3422 3978 3488 4031; x_wconf 84' lang='lat' dir='ltr'><strong>Et</strong></span> 
     </span>
    </p>
   </div>
   <div class='ocr_carea' id='block_1_101' title="bbox 1896 4067 3482 4139">
    <p class='ocr_par' dir='ltr' id='par_1_101' title="bbox 1896 4067 3482 4139">
     <span class='ocr_line' id='line_1_101' title="bbox 1896 4067 3482 4139; baseline 0 -18"><span class='ocrx_word' id='word_1_744' title='bbox 1896 4070 2037 4139; x_wconf 86' lang='lat' dir='ltr'><strong>quod</strong></span> <span class='ocrx_word' id='word_1_745' title='bbox 2062 4069 2201 4138; x_wconf 87' lang='lat' dir='ltr'><strong>apud</strong></span> <span class='ocrx_word' id='word_1_746' title='bbox 2232 4068 2589 4137; x_wconf 82' lang='lat' dir='ltr'><strong>Nasamonas,</strong></span> <span class='ocrx_word' id='word_1_747' title='bbox 2614 4083 2733 4137; x_wconf 71' lang='lat' dir='ltr'><strong>qua:</strong></span> <span class='ocrx_word' id='word_1_748' title='bbox 2759 4075 2843 4122; x_wconf 79' lang='lat' dir='ltr'><strong>est</strong></span> <span class='ocrx_word' id='word_1_749' title='bbox 2865 4067 3152 4137; x_wconf 60' lang='lat' dir='ltr'><strong>Ethiopice</strong></span> <span class='ocrx_word' id='word_1_750' title='bbox 3180 4069 3482 4137; x_wconf 85' lang='lat' dir='ltr'><strong>provincia,</strong></span> 
     </span>
    </p>
   </div>
   <div class='ocr_carea' id='block_1_102' title="bbox 1898 4157 3481 4225">
    <p class='ocr_par' dir='ltr' id='par_1_102' title="bbox 1898 4157 3481 4225">
     <span class='ocr_line' id='line_1_102' title="bbox 1898 4157 3481 4225; baseline 0 -12"><span class='ocrx_word' id='word_1_751' title='bbox 1898 4160 2160 4225; x_wconf 88' lang='lat' dir='ltr'><strong>nascitur,</strong></span> <span class='ocrx_word' id='word_1_752' title='bbox 2186 4160 2386 4213; x_wconf 82' lang='lat' dir='ltr'><strong>indicat</strong></span> <span class='ocrx_word' id='word_1_753' title='bbox 2414 4174 2508 4214; x_wconf 79' lang='lat' dir='ltr'><strong>eos</strong></span> <span class='ocrx_word' id='word_1_754' title='bbox 2532 4159 2633 4213; x_wconf 92' lang='lat' dir='ltr'><strong>sub</strong></span> <span class='ocrx_word' id='word_1_755' title='bbox 2661 4158 2883 4212; x_wconf 89' lang='lat' dir='ltr'><strong>ardente</strong></span> <span class='ocrx_word' id='word_1_756' title='bbox 2912 4157 3128 4212; x_wconf 84' lang='lat' dir='ltr'><strong>fervore</strong></span> <span class='ocrx_word' id='word_1_757' title='bbox 3159 4158 3481 4224; x_wconf 84' lang='lat' dir='ltr'><strong>dilectionis,</strong></span> 
     </span>
    </p>
   </div>
   <div class='ocr_carea' id='block_1_103' title="bbox 1896 4246 3480 4316">
    <p class='ocr_par' dir='ltr' id='par_1_103' title="bbox 1896 4246 3480 4316">
     <span class='ocr_line' id='line_1_103' title="bbox 1896 4246 3480 4316; baseline -0.003 -13"><span class='ocrx_word' id='word_1_758' title='bbox 1896 4248 2039 4303; x_wconf 87' lang='lat' dir='ltr'><strong>fama</strong></span> <span class='ocrx_word' id='word_1_759' title='bbox 2088 4256 2267 4302; x_wconf 88' lang='lat' dir='ltr'><strong>tamen</strong></span> <span class='ocrx_word' id='word_1_760' title='bbox 2311 4247 2561 4312; x_wconf 86' lang='lat' dir='ltr'><strong>obscura,</strong></span> <span class='ocrx_word' id='word_1_761' title='bbox 2607 4246 2760 4316; x_wconf 89' lang='lat' dir='ltr'><strong>quasi</strong></span> <span class='ocrx_word' id='word_1_762' title='bbox 2804 4246 3051 4316; x_wconf 83' lang='lat' dir='ltr'><strong>nigrante</strong></span> <span class='ocrx_word' id='word_1_763' title='bbox 3094 4254 3217 4300; x_wconf 90' lang='lat' dir='ltr'><strong>cute</strong></span> <span class='ocrx_word' id='word_1_764' title='bbox 3242 4248 3480 4301; x_wconf 88' lang='lat' dir='ltr'><strong>sordere.</strong></span> 
     </span>
    </p>
   </div>
   <div class='ocr_carea' id='block_1_104' title="bbox 1898 4332 3487 4406">
    <p class='ocr_par' dir='ltr' id='par_1_104' title="bbox 1898 4332 3487 4406">
     <span class='ocr_line' id='line_1_104' title="bbox 1898 4332 3487 4406; baseline -0.001 -16"><span class='ocrx_word' id='word_1_765' title='bbox 1898 4338 2131 4402; x_wconf 82' lang='lat' dir='ltr'><strong>Quartus</strong></span> <span class='ocrx_word' id='word_1_766' title='bbox 2172 4337 2487 4405; x_wconf 85' lang='lat' dir='ltr'><strong>smaragdus</strong></span> <span class='ocrx_word' id='word_1_767' title='bbox 2527 4334 2707 4406; x_wconf 76' lang='lat' dir='ltr'><strong>(Apoc.</strong></span> <span class='ocrx_word' id='word_1_768' title='bbox 2752 4334 2888 4403; x_wconf 68' lang='grc' dir='ltr'><strong>χιι).</strong></span> <span class='ocrx_word' id='word_1_769' title='bbox 2946 4332 3273 4403; x_wconf 84' lang='lat' dir='ltr'><strong>Smaragdus</strong></span> <span class='ocrx_word' id='word_1_770' title='bbox 3306 4335 3487 4389; x_wconf 60' lang='lat' dir='ltr'><strong>nimim</strong></span> 
     </span>
    </p>
   </div>
   <div class='ocr_carea' id='block_1_105' title="bbox 1894 4423 3488 4496">
    <p class='ocr_par' dir='ltr' id='par_1_105' title="bbox 1894 4423 3488 4496">
     <span class='ocr_line' id='line_1_105' title="bbox 1894 4423 3488 4496; baseline 0.001 -16"><span class='ocrx_word' id='word_1_771' title='bbox 1894 4426 2182 4480; x_wconf 69' lang='lat' dir='ltr'><strong>virizlitatis</strong></span> <span class='ocrx_word' id='word_1_772' title='bbox 2206 4433 2289 4479; x_wconf 90' lang='lat' dir='ltr'><strong>est</strong></span> <span class='ocrx_word' id='word_1_773' title='bbox 2318 4444 2329 4478; x_wconf 91' lang='lat'>:</span> <span class='ocrx_word' id='word_1_774' title='bbox 2366 4424 2517 4490; x_wconf 81' lang='lat' dir='ltr'><strong>adeo,</strong></span> <span class='ocrx_word' id='word_1_775' title='bbox 2551 4432 2609 4478; x_wconf 89' lang='lat' dir='ltr'><strong>ut</strong></span> <span class='ocrx_word' id='word_1_776' title='bbox 2646 4425 2840 4493; x_wconf 87' lang='lat' dir='ltr'><strong>herbas</strong></span> <span class='ocrx_word' id='word_1_777' title='bbox 2870 4424 3130 4488; x_wconf 89' lang='lat' dir='ltr'><strong>virentes,</strong></span> <span class='ocrx_word' id='word_1_778' title='bbox 3160 4423 3488 4496; x_wconf 79' lang='lat' dir='ltr'><strong>frondesque</strong></span> 
     </span>
    </p>
   </div>
   <div class='ocr_carea' id='block_1_106' title="bbox 1895 4514 3487 4590">
    <p class='ocr_par' dir='ltr' id='par_1_106' title="bbox 1895 4514 3487 4590">
     <span class='ocr_line' id='line_1_106' title="bbox 1895 4514 3487 4590; baseline 0.002 -19"><span class='ocrx_word' id='word_1_779' title='bbox 1895 4518 2138 4590; x_wconf 85' lang='lat' dir='ltr'><strong>geminas</strong></span> <span class='ocrx_word' id='word_1_780' title='bbox 2192 4517 2355 4571; x_wconf 87' lang='lat' dir='ltr'><strong>etiam</strong></span> <span class='ocrx_word' id='word_1_781' title='bbox 2404 4524 2623 4586; x_wconf 91' lang='lat' dir='ltr'><strong>superet</strong></span> <span class='ocrx_word' id='word_1_782' title='bbox 2673 4531 2877 4576; x_wconf 90' lang='lat' dir='ltr'><strong>omnes,</strong></span> <span class='ocrx_word' id='word_1_783' title='bbox 2931 4514 3179 4571; x_wconf 87' lang='lat' dir='ltr'><strong>inliciens</strong></span> <span class='ocrx_word' id='word_1_784' title='bbox 3230 4516 3372 4571; x_wconf 90' lang='lat' dir='ltr'><strong>circa</strong></span> <span class='ocrx_word' id='word_1_785' title='bbox 3427 4532 3487 4574; x_wconf 82' lang='lat' dir='ltr'><strong>se</strong></span> 
     </span>
    </p>
   </div>
   <div class='ocr_carea' id='block_1_107' title="bbox 1893 4605 3485 4675">
    <p class='ocr_par' dir='ltr' id='par_1_107' title="bbox 1893 4605 3485 4675">
     <span class='ocr_line' id='line_1_107' title="bbox 1893 4605 3485 4675; baseline 0.001 -12"><span class='ocrx_word' id='word_1_786' title='bbox 1893 4608 2165 4663; x_wconf 86' lang='lat' dir='ltr'><strong>viriditate</strong></span> <span class='ocrx_word' id='word_1_787' title='bbox 2205 4622 2582 4675; x_wconf 86' lang='lat' dir='ltr'><strong>repercussum</strong></span> <span class='ocrx_word' id='word_1_788' title='bbox 2633 4622 2831 4660; x_wconf 78' lang='lat' dir='ltr'><strong>aerem.</strong></span> <span class='ocrx_word' id='word_1_789' title='bbox 2881 4605 2983 4671; x_wconf 85' lang='lat' dir='ltr'><strong>Qui</strong></span> <span class='ocrx_word' id='word_1_790' title='bbox 3034 4622 3185 4661; x_wconf 89' lang='lat' dir='ltr'><strong>mero</strong></span> <span class='ocrx_word' id='word_1_791' title='bbox 3232 4616 3287 4663; x_wconf 91' lang='lat' dir='ltr'><strong>et</strong></span> <span class='ocrx_word' id='word_1_792' title='bbox 3327 4609 3485 4665; x_wconf 84' lang='lat' dir='ltr'><strong>viridi</strong></span> 
     </span>
    </p>
   </div>
   <div class='ocr_carea' id='block_1_108' title="bbox 1893 4690 3486 4772">
    <p class='ocr_par' dir='ltr' id='par_1_108' title="bbox 1893 4690 3486 4772">
     <span class='ocr_line' id='line_1_108' title="bbox 1893 4690 3486 4772; baseline 0.001 -19"><span class='ocrx_word' id='word_1_793' title='bbox 1893 4700 2105 4772; x_wconf 87' lang='lat' dir='ltr'><strong>prolicit</strong></span> <span class='ocrx_word' id='word_1_794' title='bbox 2151 4690 2290 4763; x_wconf 86' lang='lat' dir='ltr'><strong>oleo,</strong></span> <span class='ocrx_word' id='word_1_795' title='bbox 2328 4698 2576 4767; x_wconf 84' lang='lat' dir='ltr'><strong>quamvis</strong></span> <span class='ocrx_word' id='word_1_796' title='bbox 2620 4707 2811 4751; x_wconf 89' lang='lat' dir='ltr'><strong>natura</strong></span> <span class='ocrx_word' id='word_1_797' title='bbox 2856 4698 3150 4751; x_wconf 82' lang='lat' dir='ltr'><strong>imbuatur.</strong></span> <span class='ocrx_word' id='word_1_798' title='bbox 3189 4698 3354 4767; x_wconf 88' lang='lat' dir='ltr'><strong>Cujus</strong></span> <span class='ocrx_word' id='word_1_799' title='bbox 3393 4716 3486 4770; x_wconf 53' lang='lat' dir='ltr'><strong>ge.</strong></span> 
     </span>
    </p>
   </div>
   <div class='ocr_carea' id='block_1_109' title="bbox 1896 4790 3488 4862">
    <p class='ocr_par' dir='ltr' id='par_1_109' title="bbox 1896 4790 3488 4862">
     <span class='ocr_line' id='line_1_109' title="bbox 1896 4790 3488 4862; baseline 0 -14"><span class='ocrx_word' id='word_1_800' title='bbox 1896 4810 2024 4848; x_wconf 83' lang='lat' dir='ltr'><strong>nera</strong></span> <span class='ocrx_word' id='word_1_801' title='bbox 2055 4793 2312 4862; x_wconf 82' lang='lat' dir='ltr'><strong>plurima;</strong></span> <span class='ocrx_word' id='word_1_802' title='bbox 2349 4791 2443 4845; x_wconf 89' lang='lat' dir='ltr'><strong>sed</strong></span> <span class='ocrx_word' id='word_1_803' title='bbox 2471 4790 2761 4845; x_wconf 88' lang='lat' dir='ltr'><strong>nobiliores</strong></span> <span class='ocrx_word' id='word_1_804' title='bbox 2789 4790 3364 4859; x_wconf 83' lang='lat' dir='ltr'><strong>Scytbici,secundum</strong></span> <span class='ocrx_word' id='word_1_805' title='bbox 3404 4793 3488 4848; x_wconf 80' lang='lat' dir='ltr'><strong>lo-</strong></span> 
     </span>
    </p>
   </div>
   <div class='ocr_carea' id='block_1_110' title="bbox 1894 4881 3490 4953">
    <p class='ocr_par' dir='ltr' id='par_1_110' title="bbox 1894 4881 3490 4953">
     <span class='ocr_line' id='line_1_110' title="bbox 1894 4881 3490 4953; baseline 0.002 -14"><span class='ocrx_word' id='word_1_806' title='bbox 1894 4900 2014 4939; x_wconf 87' lang='lat' dir='ltr'><strong>cum</strong></span> <span class='ocrx_word' id='word_1_807' title='bbox 2064 4891 2247 4937; x_wconf 89' lang='lat' dir='ltr'><strong>tenent</strong></span> <span class='ocrx_word' id='word_1_808' title='bbox 2291 4882 2588 4945; x_wconf 83' lang='lat' dir='ltr'><strong>Bactriani,</strong></span> <span class='ocrx_word' id='word_1_809' title='bbox 2635 4882 2847 4934; x_wconf 88' lang='lat' dir='ltr'><strong>tertium</strong></span> <span class='ocrx_word' id='word_1_810' title='bbox 2888 4881 3152 4951; x_wconf 67' lang='lat' dir='ltr'><strong>lEgyptii.</strong></span> <span class='ocrx_word' id='word_1_811' title='bbox 3204 4882 3490 4953; x_wconf 74' lang='lat' dir='ltr'><strong>Signiﬁcat</strong></span> 
     </span>
    </p>
   </div>
   <div class='ocr_carea' id='block_1_111' title="bbox 1895 4977 3481 5048">
    <p class='ocr_par' dir='ltr' id='par_1_111' title="bbox 1895 4977 3481 5048">
     <span class='ocr_line' id='line_1_111' title="bbox 1895 4977 3481 5048; baseline 0.001 -16"><span class='ocrx_word' id='word_1_812' title='bbox 1895 4978 2101 5032; x_wconf 88' lang='lat' dir='ltr'><strong>animas</strong></span> <span class='ocrx_word' id='word_1_813' title='bbox 2140 4977 2240 5029; x_wconf 87' lang='lat' dir='ltr'><strong>lide</strong></span> <span class='ocrx_word' id='word_1_814' title='bbox 2270 4992 2484 5044; x_wconf 81' lang='lat' dir='ltr'><strong>semper</strong></span> <span class='ocrx_word' id='word_1_815' title='bbox 2511 4978 2767 5038; x_wconf 86' lang='lat' dir='ltr'><strong>virentes,</strong></span> <span class='ocrx_word' id='word_1_816' title='bbox 2801 4991 2923 5044; x_wconf 75' lang='lat' dir='ltr'><strong>qum</strong></span> <span class='ocrx_word' id='word_1_817' title='bbox 2952 4992 3061 5046; x_wconf 93' lang='lat' dir='ltr'><strong>quo</strong></span> <span class='ocrx_word' id='word_1_818' title='bbox 3088 4977 3260 5048; x_wconf 88' lang='lat' dir='ltr'><strong>magis</strong></span> <span class='ocrx_word' id='word_1_819' title='bbox 3284 4979 3481 5034; x_wconf 83' lang='lat' dir='ltr'><strong>adver—</strong></span> 
     </span>
    </p>
   </div>
   <div class='ocr_carea' id='block_1_112' title="bbox 1890 5065 3481 5139">
    <p class='ocr_par' dir='ltr' id='par_1_112' title="bbox 1890 5065 3481 5139">
     <span class='ocr_line' id='line_1_112' title="bbox 1890 5065 3481 5139; baseline 0.002 -20"><span class='ocrx_word' id='word_1_820' title='bbox 1890 5068 2050 5121; x_wconf 81' lang='lat' dir='ltr'><strong>sitate</strong></span> <span class='ocrx_word' id='word_1_821' title='bbox 2088 5066 2292 5131; x_wconf 62' lang='lat' dir='ltr'><strong>saeculi,</strong></span> <span class='ocrx_word' id='word_1_822' title='bbox 2324 5081 2444 5136; x_wconf 69' lang='lat' dir='ltr'><strong>qua:</strong></span> <span class='ocrx_word' id='word_1_823' title='bbox 2481 5065 2706 5136; x_wconf 79' lang='lat' dir='ltr'><strong>ﬁguram</strong></span> <span class='ocrx_word' id='word_1_824' title='bbox 2737 5065 2975 5136; x_wconf 75' lang='lat' dir='ltr'><strong>Scythia:</strong></span> <span class='ocrx_word' id='word_1_825' title='bbox 3009 5067 3274 5139; x_wconf 86' lang='lat' dir='ltr'><strong>designat,</strong></span> <span class='ocrx_word' id='word_1_826' title='bbox 3304 5076 3481 5122; x_wconf 81' lang='lat' dir='ltr'><strong>atten-</strong></span> 
     </span>
    </p>
   </div>
   <div class='ocr_carea' id='block_1_113' title="bbox 1890 5157 3481 5228">
    <p class='ocr_par' dir='ltr' id='par_1_113' title="bbox 1890 5157 3481 5228">
     <span class='ocr_line' id='line_1_113' title="bbox 1890 5157 3481 5228; baseline 0.003 -17"><span class='ocrx_word' id='word_1_827' title='bbox 1890 5166 2073 5211; x_wconf 87' lang='lat' dir='ltr'><strong>tantur</strong></span> <span class='ocrx_word' id='word_1_828' title='bbox 2090 5198 2104 5222; x_wconf 92' lang='lat'><strong>,</strong></span> <span class='ocrx_word' id='word_1_829' title='bbox 2141 5172 2208 5212; x_wconf 89' lang='lat' dir='ltr'><strong>eo</strong></span> <span class='ocrx_word' id='word_1_830' title='bbox 2229 5157 2461 5228; x_wconf 91' lang='lat' dir='ltr'><strong>amplius</strong></span> <span class='ocrx_word' id='word_1_831' title='bbox 2480 5157 2849 5211; x_wconf 70' lang='lat' dir='ltr'><strong>hmreditatem</strong></span> <span class='ocrx_word' id='word_1_832' title='bbox 2874 5158 3401 5225; x_wconf 82' lang='lat' dir='ltr'><strong>immarcescibilem,</strong></span> <span class='ocrx_word' id='word_1_833' title='bbox 3426 5170 3481 5215; x_wconf 87' lang='lat' dir='ltr'><strong>et</strong></span> 
     </span>
    </p>
   </div>
   <div class='ocr_carea' id='block_1_114' title="bbox 1884 5246 3480 5317">
    <p class='ocr_par' dir='ltr' id='par_1_114' title="bbox 1884 5246 3480 5317">
     <span class='ocr_line' id='line_1_114' title="bbox 1884 5246 3480 5317; baseline 0.002 -17"><span class='ocrx_word' id='word_1_834' title='bbox 1884 5255 2143 5301; x_wconf 78' lang='lat' dir='ltr'><strong>:eternam</strong></span> <span class='ocrx_word' id='word_1_835' title='bbox 2176 5257 2552 5301; x_wconf 86' lang='lat' dir='ltr'><strong>conservatam</strong></span> <span class='ocrx_word' id='word_1_836' title='bbox 2602 5247 2655 5302; x_wconf 92' lang='lat' dir='ltr'><strong>in</strong></span> <span class='ocrx_word' id='word_1_837' title='bbox 2686 5246 2859 5308; x_wconf 85' lang='lat' dir='ltr'><strong>caelis,</strong></span> <span class='ocrx_word' id='word_1_838' title='bbox 2902 5258 2957 5301; x_wconf 90' lang='lat' dir='ltr'><strong>et</strong></span> <span class='ocrx_word' id='word_1_839' title='bbox 2986 5257 3163 5302; x_wconf 90' lang='lat' dir='ltr'><strong>mente</strong></span> <span class='ocrx_word' id='word_1_840' title='bbox 3194 5251 3480 5317; x_wconf 78' lang='lat' dir='ltr'><strong>concipere</strong></span> 
     </span>
    </p>
   </div>
   <div class='ocr_carea' id='block_1_115' title="bbox 1886 5337 3480 5409">
    <p class='ocr_par' dir='ltr' id='par_1_115' title="bbox 1886 5337 3480 5409">
     <span class='ocr_line' id='line_1_115' title="bbox 1886 5337 3480 5409; baseline 0.003 -20"><span class='ocrx_word' id='word_1_841' title='bbox 1886 5337 2174 5406; x_wconf 86' lang='lat' dir='ltr'><strong>sperando,</strong></span> <span class='ocrx_word' id='word_1_842' title='bbox 2206 5345 2261 5391; x_wconf 87' lang='lat' dir='ltr'><strong>et</strong></span> <span class='ocrx_word' id='word_1_843' title='bbox 2290 5337 2347 5391; x_wconf 87' lang='lat' dir='ltr'><strong>in</strong></span> <span class='ocrx_word' id='word_1_844' title='bbox 2391 5337 2667 5406; x_wconf 76' lang='lat' dir='ltr'><strong>proximos</strong></span> <span class='ocrx_word' id='word_1_845' title='bbox 2703 5344 2958 5405; x_wconf 81' lang='lat' dir='ltr'><strong>satagunt</strong></span> <span class='ocrx_word' id='word_1_846' title='bbox 2988 5352 3243 5407; x_wconf 87' lang='lat' dir='ltr'><strong>spargere</strong></span> <span class='ocrx_word' id='word_1_847' title='bbox 3287 5340 3480 5409; x_wconf 70' lang='lat' dir='ltr'><strong>prredi-</strong></span> 
     </span>
    </p>
   </div>
   <div class='ocr_carea' id='block_1_116' title="bbox 1887 5427 3478 5498">
    <p class='ocr_par' dir='ltr' id='par_1_116' title="bbox 1887 5427 3478 5498">
     <span class='ocr_line' id='line_1_116' title="bbox 1887 5427 3478 5498; baseline 0.002 -17"><span class='ocrx_word' id='word_1_848' title='bbox 1887 5428 2072 5482; x_wconf 88' lang='lat' dir='ltr'><strong>cando.</strong></span> <span class='ocrx_word' id='word_1_849' title='bbox 2092 5428 2220 5495; x_wconf 80' lang='lat' dir='ltr'><strong>Quae</strong></span> <span class='ocrx_word' id='word_1_850' title='bbox 2235 5428 2397 5483; x_wconf 90' lang='lat' dir='ltr'><strong>etiam</strong></span> <span class='ocrx_word' id='word_1_851' title='bbox 2412 5428 2578 5483; x_wconf 88' lang='lat' dir='ltr'><strong>calice</strong></span> <span class='ocrx_word' id='word_1_852' title='bbox 2588 5427 2884 5483; x_wconf 67' lang='lat' dir='ltr'><strong>Dominicre</strong></span> <span class='ocrx_word' id='word_1_853' title='bbox 2897 5428 3161 5498; x_wconf 85' lang='lat' dir='ltr'><strong>passionis</strong></span> <span class='ocrx_word' id='word_1_854' title='bbox 3180 5436 3234 5482; x_wconf 88' lang='lat' dir='ltr'><strong>et</strong></span> <span class='ocrx_word' id='word_1_855' title='bbox 3254 5430 3478 5485; x_wconf 79' lang='lat' dir='ltr'><strong>internae</strong></span> 
     </span>
    </p>
   </div>
   <div class='ocr_carea' id='block_1_117' title="bbox 1885 5516 3477 5587">
    <p class='ocr_par' dir='ltr' id='par_1_117' title="bbox 1885 5516 3477 5587">
     <span class='ocr_line' id='line_1_117' title="bbox 1885 5516 3477 5587; baseline 0.003 -19"><span class='ocrx_word' id='word_1_856' title='bbox 1885 5517 2209 5586; x_wconf 83' lang='lat' dir='ltr'><strong>pinguedine</strong></span> <span class='ocrx_word' id='word_1_857' title='bbox 2253 5518 2557 5582; x_wconf 86' lang='lat' dir='ltr'><strong>cbaritatis,</strong></span> <span class='ocrx_word' id='word_1_858' title='bbox 2612 5533 2732 5587; x_wconf 60' lang='lat' dir='ltr'><strong>qua:</strong></span> <span class='ocrx_word' id='word_1_859' title='bbox 2776 5532 2875 5586; x_wconf 87' lang='lat' dir='ltr'><strong>per</strong></span> <span class='ocrx_word' id='word_1_860' title='bbox 2922 5516 3183 5586; x_wconf 86' lang='lat' dir='ltr'><strong>Spiritum</strong></span> <span class='ocrx_word' id='word_1_861' title='bbox 3227 5527 3477 5573; x_wconf 88' lang='lat' dir='ltr'><strong>sanctum</strong></span> 
     </span>
    </p>
   </div>
   <div class='ocr_carea' id='block_1_118' title="bbox 1887 5607 3476 5678">
    <p class='ocr_par' dir='ltr' id='par_1_118' title="bbox 1887 5607 3476 5678">
     <span class='ocr_line' id='line_1_118' title="bbox 1887 5607 3476 5678; baseline 0.001 -17"><span class='ocrx_word' id='word_1_862' title='bbox 1887 5608 2061 5671; x_wconf 77' lang='lat' dir='ltr'><strong>(IJllll‘,</strong></span> <span class='ocrx_word' id='word_1_863' title='bbox 2115 5608 2180 5661; x_wconf 87' lang='lat' dir='ltr'><strong>ad</strong></span> <span class='ocrx_word' id='word_1_864' title='bbox 2227 5618 2591 5677; x_wconf 84' lang='lat' dir='ltr'><strong>contemptum</strong></span> <span class='ocrx_word' id='word_1_865' title='bbox 2642 5608 2825 5661; x_wconf 89' lang='lat' dir='ltr'><strong>mundi</strong></span> <span class='ocrx_word' id='word_1_866' title='bbox 2870 5608 3175 5677; x_wconf 79' lang='lat' dir='ltr'><strong>proﬁciunt.</strong></span> <span class='ocrx_word' id='word_1_867' title='bbox 3212 5607 3308 5664; x_wconf 75' lang='lat' dir='ltr'><strong>His</strong></span> <span class='ocrx_word' id='word_1_868' title='bbox 3334 5609 3476 5678; x_wconf 80' lang='lat' dir='ltr'><strong>ejus-</strong></span> 
     </span>
    </p>
   </div>
   <div class='ocr_carea' id='block_1_119' title="bbox 1886 5699 3473 5769">
    <p class='ocr_par' dir='ltr' id='par_1_119' title="bbox 1886 5699 3473 5769">
     <span class='ocr_line' id='line_1_119' title="bbox 1886 5699 3473 5769; baseline 0.001 -18"><span class='ocrx_word' id='word_1_869' title='bbox 1886 5699 2004 5751; x_wconf 78' lang='lat' dir='ltr'><strong>dem</strong></span> <span class='ocrx_word' id='word_1_870' title='bbox 2035 5714 2248 5767; x_wconf 84' lang='lat' dir='ltr'><strong>quoque</strong></span> <span class='ocrx_word' id='word_1_871' title='bbox 2277 5701 2469 5769; x_wconf 82' lang='lat' dir='ltr'><strong>lapidis</strong></span> <span class='ocrx_word' id='word_1_872' title='bbox 2488 5701 2658 5768; x_wconf 86' lang='lat' dir='ltr'><strong>patria</strong></span> <span class='ocrx_word' id='word_1_873' title='bbox 2684 5700 2847 5754; x_wconf 77' lang='lat' dir='ltr'><strong>tellus</strong></span> <span class='ocrx_word' id='word_1_874' title='bbox 2872 5700 3231 5769; x_wconf 73' lang='lat' dir='ltr'><strong>pulcherrima</strong></span> <span class='ocrx_word' id='word_1_875' title='bbox 3263 5699 3473 5753; x_wconf 83' lang='lat' dir='ltr'><strong>ratione</strong></span> 
     </span>
    </p>
   </div>
   <div class='ocr_carea' id='block_1_120' title="bbox 1884 5790 3467 5862">
    <p class='ocr_par' dir='ltr' id='par_1_120' title="bbox 1884 5790 3467 5862">
     <span class='ocr_line' id='line_1_120' title="bbox 1884 5790 3467 5862; baseline -0.002 -15"><span class='ocrx_word' id='word_1_876' title='bbox 1884 5790 2147 5861; x_wconf 84' lang='lat' dir='ltr'><strong>congruit.</strong></span> <span class='ocrx_word' id='word_1_877' title='bbox 2183 5791 2364 5849; x_wconf 83' lang='lat' dir='ltr'><strong>Tellus</strong></span> <span class='ocrx_word' id='word_1_878' title='bbox 2412 5791 2681 5862; x_wconf 82' lang='lat' dir='ltr'><strong>locuples,</strong></span> <span class='ocrx_word' id='word_1_879' title='bbox 2729 5793 2825 5849; x_wconf 74' lang='lat' dir='ltr'><strong>se]</strong></span> <span class='ocrx_word' id='word_1_880' title='bbox 2872 5790 3235 5848; x_wconf 74' lang='lat' dir='ltr'><strong>inhabitabilis</strong></span> <span class='ocrx_word' id='word_1_881' title='bbox 3282 5810 3293 5844; x_wconf 86' lang='lat'><strong>:</strong></span> <span class='ocrx_word' id='word_1_882' title='bbox 3340 5804 3467 5845; x_wconf 90' lang='lat' dir='ltr'><strong>nam</strong></span> 
     </span>
    </p>
   </div>
  </div>
