3922 6346
398 448 500 504 467

1066 447 1127 501 Β.
1169 447 1422 502 RABANI
1461 446 1678 504 ΜΑυηί
1712 445 2030 502 ARCHIEP.
2068 446 2376 507 MOGUNT.
2417 448 2699 505 OPERUM
2737 450 2917 507 PARS
2952 450 3016 506 ιι.

3551 449 3659 506 468

397 574 520 614 cum
554 572 689 612 auro
724 566 779 611 et
815 557 1040 627 gemmis
1085 556 1302 620 afﬂuat;
1349 556 1580 625 Griphes
1627 565 1810 610 tenent
1852 555 1978 608 uni-
2005 557 2058 615 Α
2081 560 2236 628 cxv);
2263 559 2454 614 merito
2475 569 2626 616 sexto
2649 559 2766 614 loco
2790 561 3019 629 positus,
3047 577 3170 639 cum
3199 560 3456 617 Dominus
3475 573 3666 618 noster

396 665 573 713 versa,
621 648 775 702 alites
818 646 1185 713 ferocissimae,
1219 646 1302 702 vel
1336 647 1515 717 potius
1546 646 1672 702 lene
1713 645 1976 701 volantes.

394 739 535 798 Sunt
564 738 708 794 enim
725 737 1122 808 quadrupedes,
1149 746 1202 792 et
1220 751 1448 806 corpore
1473 737 1689 808 quidem
1713 736 1977 801 leonibus,

394 830 573 899 capite
605 843 732 882 vero
761 836 817 882 et
844 827 945 881 alis
987 827 1180 897 aquilis
1221 827 1528 881 simillimaa.
1575 825 1822 898 Armaspi
1855 839 1980 880 cum

391 919 478 976 his
507 917 787 980 dimicant,
812 917 901 985 qui
933 931 1039 970 uno
1066 916 1222 970 oculo
1245 916 1299 970 in
1328 915 1507 972 fronte
1530 916 1704 970 media
1733 915 1982 970 feruntur

391 1009 652 1080 insignes,
693 1017 751 1064 ut
791 1008 1058 1078 accipiant
1105 1009 1205 1064 hos
1245 1009 1471 1078 lapides,
1514 1009 1652 1062 mira
1689 1002 1980 1078 cupiditate

307 1143 311 1147 .
388 1108 446 1154 et
487 1099 620 1154 feris
663 1097 1042 1168 capientibus,
1093 1108 1149 1153 et
1197 1097 1476 1167 Armaspis
1531 1096 1974 1152 custodientibus.

388 1187 543 1245 Hanc
586 1187 729 1242 enim
773 1196 978 1241 terram
1016 1187 1274 1241 virtutum
1316 1187 1587 1242 thesauris
1619 1185 1978 1241 abundantem

388 1279 635 1335 audierat
685 1278 1005 1344 Psalmista,
1063 1293 1185 1333 cum
1239 1279 1451 1333 dicebat
1494 1295 1506 1331 :
1555 1277 1691 1331 Ecce
1733 1275 1980 1346 elongavi

386 1375 612 1445 fugiens,
661 1383 711 1430 et
753 1374 926 1428 mansi
963 1375 1018 1427 in
1059 1373 1342 1428 solitudine
1366 1371 1537 1443 (Psal.
1571 1370 1700 1441 LIV),
1734 1371 1785 1425 id
1815 1378 1921 1433 est,
1945 1385 1978 1424 a

386 1466 578 1521 mundi
619 1465 887 1520 illecebris
923 1463 1134 1518 animos
1163 1462 1462 1534 elongando
1491 1462 1754 1516 subtraxi.
1790 1461 1848 1515 ln
1875 1461 1976 1516 hac

387 1556 692 1611 contrarias
713 1555 814 1610 sibi
839 1555 1038 1610 bestias
1062 1554 1376 1620 ofl'enderat,
1401 1570 1522 1608 cum
1549 1554 1835 1624 increpans
1861 1553 1971 1607 ait:

387 1645 540 1700 Muta
565 1646 853 1716 efﬁciantur
880 1645 1020 1699 labia
1043 1645 1250 1711 dolosa,
1278 1661 1395 1716 qua:
1421 1645 1707 1715 loquuntur
1727 1647 1974 1698 adversus

381 1736 584 1807 justum
630 1737 955 1808 iniquitatem
993 1738 1050 1791 in
1091 1738 1335 1808 superbia
1372 1746 1419 1791 et
1463 1745 1755 1805 contemptu
1790 1733 1974 1804 (Psal.

383 1826 537 1895 xxx).
567 1824 625 1879 In
655 1826 758 1880 hac
786 1840 1000 1896 quoque
1031 1825 1206 1882 Gazas
1231 1825 1616 1881 desiderabiles
1645 1825 1888 1879 invenire
1917 1839 1975 1879 se

2081 656 2136 702 et
2179 657 2330 704 sexta
2375 657 2533 719 (etate
2561 649 2743 702 saeculi
2773 649 3104 715 incarnatus,
3137 661 3189 705 et
3224 663 3376 707 sexta
3422 652 3556 706 feria
3591 654 3666 708 sit

2079 753 2180 808 pro
2205 739 2369 793 totius
2391 739 2572 793 mundi
2600 737 2771 793 salute
2792 739 3100 794 crucifixus.
3129 739 3388 810 Septimus
3411 743 3666 814 chrysoli-

2081 830 2219 883 thus.
2251 829 2621 901 Chrysolithus
2649 829 2804 900 lapis,
2848 829 2999 900 quasi
3047 844 3258 895 aurum,
3308 832 3493 902 fulget,
3519 834 3666 888 scin-

2081 917 2223 972 tillas
2261 920 2464 973 habens
2506 920 2778 976 ardentes.
2823 919 2986 990 Cujus
3029 919 3208 989 specie
3254 919 3553 991 figurantur
3581 921 3665 988 hi,

2081 1009 2172 1076 qui
2227 1009 2499 1064 intellectu
2559 1025 2806 1078 superna:
2855 1024 2997 1064 verse
3033 1009 3309 1078 sapientia:
3368 1010 3665 1080 fulgentes,

2080 1099 2245 1153 verba
2269 1099 2661 1156 exhortationis
2686 1099 2737 1152 in
2766 1098 3057 1167 proximos,
3089 1097 3171 1152 vel
3202 1099 3365 1152 etiam
3396 1100 3664 1154 virtutum

2079 1188 2252 1258 signa,
2298 1188 2454 1258 quasi
2501 1188 2761 1244 scintillas
2801 1187 2942 1257 ignis
2994 1185 3291 1242 effundunt.
3325 1187 3565 1254 Quorum
3607 1197 3666 1243 ct

2077 1279 2276 1336 Arator
2303 1280 2421 1334 ait:

2201 1376 2451 1427 Mentibus
2473 1377 2618 1426 instat
2644 1389 2796 1434 amor,
2819 1375 3128 1425 sermonibus
3149 1382 3325 1426 aestuat
3346 1375 3508 1426 ardor.

2078 1459 2232 1526 Quod
2252 1461 2377 1529 quia
2410 1460 2523 1514 solo
2551 1459 2810 1528 spiritalis
2843 1458 3031 1529 gratim
3058 1473 3285 1513 munere
3311 1460 3536 1530 geritur,
3565 1457 3663 1513 de-

2077 1551 2386 1606 centissime
2429 1550 2656 1618 septimo
2716 1549 3066 1604 fundamento
3119 1551 3483 1620 chrysolithus
3532 1568 3546 1605 :
3603 1551 3662 1605 in

2077 1639 2374 1709 septiformi
2405 1641 2550 1694 enim
2586 1655 2813 1695 numero
2843 1640 2982 1695 solet
3011 1641 3244 1710 Spiritus
3277 1642 3448 1698 sancti
3485 1641 3666 1712 gratia

2077 1730 2316 1802 ﬁgurari.
2342 1731 2417 1786 De
2437 1745 2544 1800 quo
2564 1746 2725 1802 supra
2747 1730 2982 1785 dicitur”:
3009 1729 3077 1784 Et
3106 1747 3135 1783 a
3156 1743 3346 1800 septem
3367 1731 3662 1801 spiritibus,

2075 1823 2164 1892 qui
2191 1823 2243 1876 in
2274 1831 2548 1891 conspectu
2587 1823 2761 1876 throni
2785 1822 2899 1892 ejus
2945 1831 3063 1875 sunt
3102 1819 3286 1890 (Apoc.
3315 1821 3378 1892 ι).
3406 1821 3504 1876 Cui
3533 1837 3665 1876 seu-

383 1913 768 1969 manif'estabat
811 1930 934 1970 cum
991 1901 1346 1972 admiratione
1397 1916 1700 1972 delectabili
1754 1926 1974 1972 secutus
2001 1907 2049 1967 B
2077 1915 2160 1970 sui
2186 1922 2447 1969 consonat
2474 1914 2637 1968 etiam
2669 1914 2791 1977 hoc,
2823 1913 2964 1982 quod
2993 1911 3233 1981 ejusdem
3265 1912 3457 1981 lapidis
3487 1927 3662 1983 genus

382 2001 676 2073 adjungerc
705 2002 890 2058 dicens
923 2020 935 2056 :
970 2003 1143 2069 Quam
1183 2021 1376 2075 magna
1414 2004 1696 2058 multitudo
1739 2004 1974 2058 dulcedi-

385 2093 466 2146 nis
517 2105 642 2158 tute,
697 2093 940 2159 Domine,
999 2112 1158 2165 quam
1207 2095 1523 2149 abscondisti
1575 2081 1875 2149 ti'mentibus
1923 2105 1972 2148 te

384 2181 598 2252 (Ibid.),
617 2190 672 2236 et
698 2193 891 2264 caetera
920 2200 1089 2254 usque
1115 2185 1181 2238 ad
1209 2185 1368 2239 finem
1404 2184 1615 2253 psalmi.
1647 2183 1844 2240 Contra
1873 2185 1972 2239 hu-

377 2269 613 2339 iusmodi
651 2272 826 2336 alites,
878 2287 1062 2327 semen
1112 2264 1278 2327 divini
1314 2274 1464 2328 verbi
1496 2274 1652 2328 nobis
1679 2274 1973 2344 praeripere

379 2359 714 2425 anhelantes,
765 2361 967 2430 quique
1008 2370 1320 2428 sanctorum
1372 2362 1682 2432 invigilant,
1743 2363 1973 2432 simplici

377 2461 479 2518 per
520 2448 737 2504 cmleste
779 2449 1102 2504 desiderium
1142 2450 1463 2516 intentione,
1496 2451 1652 2519 quasi
1682 2466 1788 2504 uno
1815 2452 1974 2506 oculo

378 2537 700 2602 admirandi,
719 2547 776 2592 ut
803 2553 1069 2608 gemmam
1095 2540 1239 2606 fidei,
1263 2549 1690 2609 caeterarumque
1711 2541 1972 2596 virtutum

377 2627 708 2699 investigare
755 2637 810 2687 et
856 2628 1095 2686 effodere
1134 2640 1352 2700 queant.
1391 2631 1509 2699 Quo
1556 2632 1700 2686 enim
1746 2647 1974 2701 quasque

377 2716 766 2774 virtus'celsior
789 2728 893 2786 est,
912 2735 976 2777 eo
997 2721 1281 2791 pauciores
1301 2721 1464 2776 habet
1487 2721 1744 2784 cultores,
1767 2720 1976 2791 gravio-

379 2826 606 2882 remque
619 2812 686 2867 ab
701 2812 992 2870 immundis
1007 2813 1284 2883 spiritibus
1297 2812 1728 2883 persecutionem
1754 2812 1970 2876 tolerat,

378 2905 468 2973 qui
496 2904 641 2959 velut
663 2904 880 2975 griphes
903 2904 1158 2964 horrendi
1189 2905 1510 2958 meritorum
1541 2901 1842 2970 dejectione
1865 2909 1973 2980 ter-

376 3002 601 3059 restres,
629 2993 725 3049 sed
749 2993 980 3063 superba
1010 2993 1206 3048 mentis
1227 2991 1513 3046 altitudine
1542 2989 1808 3051 volucres,
1834 2986 1972 3042 divi-

377 3085 483 3140 tias
530 3084 800 3153 spiritales
843 3098 947 3137 non
981 3083 1081 3137 sibi
1109 3082 1175 3136 ad
1206 3098 1360 3137 usum
1401 3081 1696 3152 possidere,
1732 3079 1826 3134 sed
1867 3079 1968 3134 ho-

377 3177 614 3232 minibus
640 3175 854 3231 auferre
897 3174 1165 3230 indefesso
1197 3173 1381 3228 labore
1421 3174 1718 3228 decertant.
1751 3171 1818 3226 Et
1842 3170 1965 3242 quia

377 3277 526 3323 tanta
566 3269 689 3323 fidei
738 3268 1041 3324 sublimitas
1082 3284 1179 3337 per
1211 3267 1557 3336 Evangelium
1588 3266 1788 3320 mundo
1813 3237 2039 3320 inno-C

376 3359 479 3412 tuit
507 3372 522 3411 :
554 3367 676 3427 apte
713 3366 934 3428 propter
973 3367 1207 3428 quatuor
1250 3357 1528 3427 Evangelii
1575 3357 1744 3411 libros
1774 3361 1968 3425 quarto

375 3448 500 3504 loco
533 3450 850 3520 smaragdus
884 3451 1120 3519 ponitur.
1165 3450 1391 3515 Quintus
1430 3450 1717 3518 sardouyx.
1765 3448 1864 3503 llic
1900 3461 1967 3502 ex

378 3538 592 3607 onyche
640 3539 949 3601 candorem,
997 3555 1063 3592 ex
1109 3539 1289 3594 sardio
1331 3540 1581 3594 ruborem
1618 3540 1858 3603 trahens,
1899 3539 1967 3593 ab

375 3636 608 3697 utraque
655 3628 936 3698 sardonyci
988 3643 1181 3682 nomen
1228 3629 1436 3698 accepit
1469 3648 1480 3682 :
1514 3638 1638 3683 sunt
1673 3629 1816 3684 enim
1849 3627 1967 3697 ejus

377 3734 578 3789 genera
604 3720 854 3788 plurima.
897 3719 1048 3774 Alius
1073 3721 1214 3774 enim
1250 3730 1406 3776 terrm
1437 3724 1614 3776 rubrm
1651 3722 1964 3778 similitudi-

377 3826 502 3866 nem
535 3820 697 3867 tenet.
732 3810 906 3874 Alius,
937 3813 1090 3881 quasi
1120 3828 1216 3882 per
1253 3813 1547 3867 humanmn
1587 3828 1820 3882 unguem
1849 3829 1967 3868 san-

375 3902 499 3975 guis
526 3903 746 3965 eniteat,
773 3902 977 3957 bicolor
1003 3913 1247 3973 apparet.
1282 3903 1432 3961 Alius
1466 3903 1637 3956 tribus
1672 3903 1964 3968 coloribus,

375 3991 650 4050 subterius
679 3991 851 4060 nigro,
884 3992 1059 4046 medio
1091 3994 1339 4057 candide,
1371 3993 1618 4062 superius
1648 3995 1805 4048 niveo
1833 4011 1966 4049 con-

375 4081 540 4136 sistit.
587 4079 683 4134 Cui
715 4089 1100 4148 comparantur
1142 4080 1386 4133 homines
1428 4081 1673 4148 corporis
1715 4082 1967 4150 passione

380 4169 687 4233 rubicundi,
721 4170 947 4239 spiritus
991 4169 1224 4238 puritate
1253 4170 1466 4224 candidi
1498 4187 1510 4222 z
1545 4171 1638 4224 sed
1667 4173 1862 4227 mentis
1893 4173 1966 4228 si-

376 4260 546 4314 bimet
593 4258 891 4312 humilitate
933 4259 1194 4327 deSpecti,
1233 4273 1353 4312 cum
1392 4259 1646 4327 Apostolo
1671 4271 1967 4330 protestan-

379 4362 508 4406 tes:
551 4350 617 4402 Et
659 4350 705 4401 si
755 4350 982 4402 exterior
1029 4349 1182 4402 homo
1221 4362 1395 4403 noster
1445 4354 1821 4422 corrumpitur,
1874 4355 1965 4408 sed

377 4453 553 4495 tamen
592 4441 808 4494 interior
853 4449 1133 4492 renovatur
1168 4442 1231 4494 de
1260 4441 1342 4495 die
1378 4442 1428 4494 in
1463 4442 1600 4495 diem
1635 4441 1684 4512 (I
1717 4441 1837 4497 Cor.
1866 4443 1961 4514 tv).

377 4533 446 4595 Et
473 4533 666 4585 iterum
701 4549 711 4582 :
748 4528 896 4582 Nihil
924 4530 1049 4582 mihi
1081 4533 1317 4585 conscius
1346 4548 1481 4596 sum,
1514 4533 1604 4586 sed
1637 4550 1738 4586 non
1771 4535 1822 4587 iu
1851 4537 1962 4588 ha'c

377 4621 696 4687 justi/iratus
746 4636 861 4672 sum
917 4621 1011 4690 (II
1042 4621 1160 4677 Cor.
1195 4625 1298 4693 tv).
1349 4625 1585 4694 Itemque
1632 4627 1958 4682 Psalmista:

383 4713 699 4782 Quanquam
748 4715 803 4766 in
854 4715 1079 4783 imagine
1135 4716 1231 4769 Dei
1277 4718 1429 4770 homo
1489 4718 1714 4772 ambulet
1775 4718 1960 4788 (I’sal.

381 4805 634 4872 xxxviii),
672 4805 721 4858 id
753 4815 853 4868 cst,
897 4806 961 4859 de
1005 4807 1202 4860 virtute
1234 4809 1448 4872 mentis,
1479 4819 1650 4862 tamen
1683 4827 1808 4864 vane
1837 4829 1960 4864 cou-

381 4895 692 4958 turbabitur,
743 4896 791 4948 id
832 4904 933 4961 cst,
983 4895 1048 4949 de
1093 4896 1401 4951 infirmitate
1432 4899 1627 4952 carnis.
1669 4899 1798 4966 Qua}
1827 4916 1960 4968 quo—

383 4987 525 5039 niam
552 4989 727 5055 passio
753 4988 802 5040 in
827 4989 1066 5056 corporis
1091 4989 1400 5043 infirmitate
1423 4999 1670 5044 versatur
1691 4990 1798 5060 (qui
1820 4991 1962 5044 enim

383 5078 620 5131 occidunt
647 5095 855 5146 corpus,
878 5078 1104 5130 animam
1132 5096 1233 5132 non
1259 5090 1471 5148 possunt
1494 5082 1726 5134 occidere
1749 5080 1963 5152 [Matt/t.

389 5165 489 5235 xl),
520 5177 572 5219 et
604 5168 879 5221 humilitas
914 5169 980 5222 tle
1012 5169 1248 5237 ejusdem
1281 5170 1526 5240 corporis
1556 5171 1844 5241 fragilitate
1877 5173 1970 5227 de-

385 5259 614 5321 scendit,
645 5274 764 5311 cum
788 5258 982 5311 dicitur
1013 5277 1023 5311 :
1056 5258 1253 5326 Infelix.
1278 5278 1368 5328 ego
1396 5262 1570 5324 homo,
1593 5262 1707 5330 quis
1736 5280 1814 5315 mc
1845 5263 1967 5317 libc-

384 5349 521 5410 τωΙτίι
550 5349 612 5399 de
643 5363 855 5414 corpore
891 5348 1070 5400 mortis
1105 5348 1263 5416 hujus
1296 5349 1472 5418 (Rom.
1507 5351 1632 5419 vn);
1667 5360 1812 5406 recte
1847 5368 1966 5406 sar-

387 5441 559 5508 donyx
621 5441 808 5507 quinto
864 5438 1209 5494 fundamento
1257 5441 1530 5495 inseritur.
1581 5442 1712 5496 Nam
1772 5459 1967 5512 corpus

390 5540 627 5584 nostrum
679 5532 914 5601 (minque
959 5534 1206 5588 sensibus
1264 5533 1559 5588 subsistere
1605 5546 1811 5590 certum
1863 5546 1964 5592 est.

391 5623 581 5674 St‘a'ttts
622 5625 850 5687 sartlitts,
881 5624 969 5691 qui
1004 5639 1065 5678 ex
1099 5624 1309 5693 integro
1336 5624 1611 5693 sanguinei
1640 5626 1836 5680 coloris
1864 5635 1967 5690 est,

388 5724 683 5781 martyrum
734 5715 954 5783 gloriam
993 5715 1264 5786 significat
1297 5733 1308 5768 :
1341 5717 1404 5770 de
1433 5732 1539 5786 qua
1571 5716 1768 5771 dicitur
1795 5734 1808 5770 :
1841 5714 1970 5771 Pre-

390 5806 520 5856 tiosa
553 5805 604 5858 in
631 5816 898 5876 compa-tu
938 5807 1141 5860 Domini
1167 5825 1301 5861 mors
1332 5819 1630 5862 sanctorum
1656 5807 1769 5878 ejus
1794 5806 1964 5877 (Psal.

2072 2005 2342 2072 quoddam
2396 2004 2629 2060 caerulaei
2683 2003 3072 2073 viridantisque
3119 2002 3318 2058 coloris
3367 2002 3662 2057 invenitur.

2073 2093 2226 2149 Unde
2253 2103 2307 2148 et
2335 2094 2474 2164 apud
2514 2093 2768 2170 Hebraeos
2798 2109 2828 2147 a
2855 2091 3049 2147 marini
3085 2091 3281 2147 coloris
3310 2091 3667 2147 similitudine

2071 2186 2272 2241 tharsis
2329 2185 2646 2256 appellatur.
2707 2185 2867 2239 Viror
2922 2184 3119 2255 quippe
3169 2184 3237 2239 ad
3289 2184 3664 2253 integritatem

2073 2276 2216 2342 fidei,
2248 2293 2367 2346 qua
2404 2277 2615 2330 initium
2643 2276 2918 2345 sapientia:
2953 2275 3152 2330 dicitur
3178 2287 3195 2326 τ’
3223 2288 3362 2342 aqua
3396 2287 3526 2326 vero
3553 2281 3668 2327 tro-

2071 2367 2190 2439 pice
2242 2365 2308 2420 ad
2361 2365 2622 2434 Spiritum
2669 2373 2915 2421 sanctum
2963 2365 3218 2434 pertinet,
3256 2365 3484 2418 Domino
3524 2374 3638 2418 atte

2071 2464 2270 2520 stante,
2300 2454 2392 2524 qui
2428 2453 2506 2508 ait
2537 2471 2550 2506 ε
2582 2452 2684 2518 Qui
2713 2453 2875 2510 credit
2905 2453 2960 2508 in
2991 2469 3092 2518 me,
3122 2453 3343 2524 ﬂumina
3382 2453 3446 2507 de
3489 2464 3668 2508 ventre

2071 2547 2185 2616 ejus
2213 2547 2374 2615 ﬂuent
2405 2560 2554 2615 aqua!
2593 2545 2738 2605 vivae.
2771 2543 2888 2598 Hoc
2922 2555 3096 2598 autem
3124 2544 3324 2599 dicebat
3354 2545 3418 2598 de
3447 2545 3665 2614 spiritu,

2072 2655 2223 2712 quem
2265 2638 2526 2707 accepturi
2572 2646 2721 2696 erant
2769 2636 3034 2691 credentes
3068 2638 3122 2694 in
3169 2653 3287 2691 eum
3324 2636 3507 2707 (Joan.
3537 2636 3662 2708 vn).

2075 2728 2304 2783 Octavus
2361 2727 2609 2797 beryllus,
2669 2727 2911 2804 Beryllus
2963 2736 3082 2792 est,
3133 2727 3288 2796 quasi
3349 2727 3666 2784 consideres

2073 2834 2267 2889 aquam
2297 2818 2426 2873 solis
2452 2817 2657 2888 fulgore
2679 2832 2992 2886 percussam
3022 2815 3379 2871 rubicundum
3410 2831 3474 2869 ac
3501 2817 3663 2870 deco-

2071 2922 2191 2962 rum
2223 2906 2446 2961 reddere
2474 2904 2707 2960 colorem
2742 2922 2755 2957 :
2788 2903 2881 2959 sed
2911 2919 3015 2958 non
3051 2903 3219 2973 fulget
3245 2903 3348 2957 nisi
3379 2903 3432 2956 in
3464 2917 3668 2957 sexan-

2070 2997 2251 3068 gulam
2290 2996 2519 3052 formam
2555 2996 2803 3066 poliendo
2829 2997 3108 3066 ﬁguretur.
3143 2995 3483 3064 [tepercussu
3515 2995 3663 3053 enim

2069 3088 2387 3159 angulorum
2434 3087 2686 3156 splendor
2726 3087 2868 3141 illius
2901 3087 3132 3140 acuitur.
3167 3084 3449 3157 Significat
3476 3094 3662 3143 autem

2071 3180 2320 3234 homines
2365 3177 2582 3246 quidem
2627 3177 2842 3247 ingenio
2877 3191 3120 3247 sagaces,
3171 3178 3266 3231 sed
3310 3175 3542 3246 amplius
3570 3192 3662 3230 su-

2070 3283 2251 3339 perna:
2292 3267 2478 3338 gratia:
2519 3266 2719 3322 lmnine
2771 3265 3118 3337 refulgentes.
3166 3266 3302 3320 Nam
3344 3267 3487 3334 quod
3518 3281 3658 3334 aqua

2071 3375 2261 3416 sensus
2299 3358 2632 3412 altitudinem
2661 3357 2926 3429 designet,
2957 3356 3214 3412 Salomon
3247 3358 3401 3411 testis
3425 3365 3532 3421 est,
3565 3356 3662 3426 qui

2071 3451 2146 3504 ait
2172 3468 2183 3502 :
2217 3451 2362 3517 Aqua
2391 3448 2653 3518 profunda
2679 3449 2833 3502 verba
2861 3465 2925 3502 ex
2961 3465 3048 3503 ore
3079 3448 3174 3502 viri
3204 3446 3388 3518 (Prov.
3428 3449 3662 3519 xxv-nt);

2069 3540 2162 3593 sed
2189 3548 2271 3593 est
2293 3537 2517 3609 perfecti
2551 3538 2774 3608 fulgoris
2797 3537 2880 3592 vel
2911 3539 3145 3592 humana
3174 3537 3258 3591 vel
3285 3539 3449 3590 etiam
3473 3539 3664 3594 divina

2068 3632 2352 3702 sapientia,
2391 3631 2493 3685 nisi
2524 3646 2746 3700 operum
2785 3645 2999 3700 quoque
3030 3630 3498 3684 consummatione
3527 3631 3662 3684 sub-

2067 3729 2330 3775 vertatur.
2365 3719 2498 3773 Nam
2550 3720 2764 3774 senario
2793 3735 2932 3789 saepe
2973 3735 3200 3774 numero
3228 3717 3488 3788 perfectio
3516 3718 3666 3774 desi-

2068 3822 2262 3884 gnatur
2288 3813 2548 3874 actionis;
2578 3813 2836 3877 maxime,
2860 3827 2980 3866 cum
3011 3812 3062 3866 in
3091 3811 3192 3866 hoc
3217 3827 3442 3866 numero
3471 3811 3664 3866 mundi

2068 3903 2227 3972 hujus
2253 3904 2320 3958 sit
2349 3918 2484 3973 opus
2511 3912 2965 3957 consummatum.
2991 3901 3252 3969 Quodque
3281 3900 3516 3955 tenentis
3546 3915 3666 3954 ma-

2068 4009 2197 4048 num
2243 3992 2473 4051 adurere
2506 3991 2721 4053 dicitur,
2757 3989 2943 4056 procul
2977 3988 3141 4042 dubio
3167 3996 3332 4055 patet,
3358 3988 3485 4056 quia
3510 3989 3668 4056 quis-

2067 4081 2187 4152 quis
2229 4088 2418 4136 sancto
2468 4079 2583 4133 viro
2630 4075 2993 4146 coniungitur,
3037 4077 3154 4144 ejus
3197 4075 3452 4134 nimirum
3503 4074 3668 4129 bona:

2065 4169 2490 4226 conversationis
2513 4170 2634 4239 igne
2659 4175 2955 4222 recreatur.
2985 4164 3171 4218 Nouus
3195 4164 3452 4233 topasius.
3480 4163 3665 4232 Tepo-

2067 4261 2184 4314 zius
2227 4259 2362 4330 lapis
2401 4267 2660 4326 quantum
2705 4257 3014 4312 inventione
3054 4271 3236 4319 rarus,
3271 4263 3480 4309 tantum
3509 4269 3664 4309 mer-

2067 4357 2210 4411 cium
2239 4354 2540 4424 quantitate
2563 4353 2832 4420 prctiusus
2853 4360 2958 4415 est,
2987 4350 3077 4420 qui
3102 4351 3239 4405 duos
3259 4350 3431 4404 fertur
3454 4350 3667 4404 habere

2066 4447 2273 4502 colores
2303 4465 2315 4499 :
2347 4459 2510 4498 unum
2560 4443 2677 4497 auri
2720 4440 3018 4512 purissimi,
3064 4451 3119 4496 et
3159 4440 3388 4494 alterum
3418 4441 3666 4495 zethcrea

2069 4540 2313 4594 claritate
2361 4536 2690 4591 relucentem
2722 4553 2734 4589 :
2769 4533 3034 4605 pinguedo
3081 4546 3270 4594 rosea,
3323 4531 3670 4585 verecunda-

2070 4644 2175 4698 que
2223 4627 2460 4697 puritas;
2511 4626 2719 4680 vicinus
2766 4623 2925 4694 lapidi
2963 4623 3352 4693 chrySOprasso
3384 4619 3666 4689 magnitu-p

2069 4722 2194 4776 dine
2233 4721 2314 4774 vel
2362 4719 2564 4780 colore,
2610 4716 2735 4785 quia
2783 4714 3018 4768 maxime
3077 4712 3298 4781 lampat,
3355 4726 3477 4766 cum
3527 4711 3670 4764 solis

2071 4810 2353 4879 splendore
2385 4807 2720 4876 percutitur,
2748 4804 2987 4859 omnium
3025 4818 3358 4872 gemmarum
3391 4817 3669 4870 superans

2070 4899 2488 4970 pretiosissimas
2515 4895 2808 4956 claritatcs,
2844 4894 2897 4947 in
2926 4901 3202 4964 aspectum
3232 4907 3388 4948 suum
3417 4891 3666 4960 singula-

2071 4992 2204 5046 riter
2233 5004 2527 5061 provocans
2559 4987 2835 5042 oculerum
2866 4984 3268 5054 cupidissimum
3304 4983 3664 5053 voluptatem.

2075 5081 2241 5147 Quem
2293 5081 2334 5136 si
2385 5079 2555 5150 polire
2588 5078 2740 5144 velis,
2776 5077 3036 5132 obscuras
3065 5092 3079 5129 :
3111 5074 3154 5131 si
3191 5084 3397 5136 natura:
3425 5075 3668 5144 propria

2074 5171 2366 5239 relinquas,
2397 5169 2637 5223 irradiat.
2675 5168 2771 5224 Hic
2813 5167 3028 5237 regibus
3057 5166 3186 5234 ipsis
3216 5165 3385 5219 fertur
3409 5180 3529 5224 esse
3555 5168 3669 5221 mi-

2075 5263 2280 5326 rabilis,
2312 5272 2370 5316 ut
2395 5262 2535 5327 inter
2555 5261 2772 5316 divitias
2793 5274 2918 5315 suas
2945 5258 3076 5322 nihil
3103 5273 3162 5313 se
3183 5259 3358 5313 simile
3381 5258 3669 5328 possidere

2074 5361 2416 5430 cognoscant.
2444 5349 2609 5419 Cujus
2636 5349 2995 5421 pulcherrima
3027 5358 3234 5404 natura:
3265 5347 3498 5418 qualitas
3523 5363 3667 5403 con-

2075 5447 2397 5517 templativa:
2423 5447 2546 5500 vita:
2571 5444 2751 5498 decori
2773 5443 3085 5514 dignissime
3113 5449 3478 5519 comparatur.
3504 5440 3666 5500 lianc

2075 5537 2216 5588 cnim
2265 5551 2418 5604 reges
2465 5534 2659 5599 sancti,
2703 5549 2934 5603 quorum
2981 5549 3075 5588 cor
3127 5540 3210 5588 est
3249 5532 3303 5586 in
3343 5547 3504 5587 manu
3536 5532 3662 5598 Dei,

2075 5627 2282 5682 eunetis
2311 5626 2571 5680 bonorum
2599 5640 2822 5694 operum
2856 5624 3061 5679 divitiis
3087 5623 3457 5694 universisque
3487 5625 3664 5678 virtu-

2076 5727 2186 5772 tum
2211 5718 2436 5789 gemmis
2464 5717 2654 5771 merito
2675 5717 2984 5786 prteferunt,
3021 5717 3072 5770 in
3100 5731 3220 5770 eam
3251 5717 3484 5770 maxime
3507 5731 3667 5785 pum

2077 5824 2184 5865 sum
2215 5808 2411 5864 mentis
2441 5808 2688 5864 intuitum
2718 5807 3001 5880 aciemque
3025 5805 3339 5880 dirigentes,
3371 5816 3526 5862 tante
3561 5821 3664 5863 ar-
