3922 6392
269 436 373 496 469

1246 442 1337 497 DE
1379 440 1723 499 UNIVERSO
1757 441 1933 499 LIBRI
1973 442 2136 499 XXII.
2174 474 2243 485 -
2279 444 2407 501 LIB.
2446 446 2609 503 XVII.

3456 457 3564 515 470

274 555 489 613 dentius
512 554 758 611 etelestis
780 555 903 611 vita:
927 556 1264 612 dulcedinem
1296 559 1475 611 animo
1500 558 1863 627 complecten-
1895 566 1941 622 Α
1971 569 2132 628 atque
2176 560 2431 629 angelicae
2476 560 2874 631 quodammodo
2908 561 3204 636 (quantum
3243 570 3566 630 mortalibus

276 656 394 712 tes,
447 654 655 715 quanto
711 645 1047 715 frequentius
1100 663 1347 717 superna:
1402 648 1589 718 gratim
1655 646 1870 702 fuerunt

275 737 557 808 splendore
595 739 861 806 percussi.
910 737 1121 793 Habent
1166 753 1296 806 ergo
1323 740 1491 793 sancti
1524 740 1620 793 viri
1646 755 1867 795 aureum

276 829 514 884 colorem
542 842 607 882 ex
637 827 852 882 flamma
884 822 1110 883 interna:
1142 828 1446 893 charitatis,
1478 829 1680 884 habent
1705 831 1871 885 aethe-

276 920 419 973 rium
441 934 504 972 ex
528 934 777 988 supernae
795 918 1245 987 contemplatione
1266 918 1583 983 dulcedinis,
1610 920 1701 988 qui
1725 935 1867 989 smpe

274 1007 556 1077 praesentis
587 1007 770 1061 sauculi
806 1007 1017 1060 turbine
1056 1006 1201 1060 velut
1242 1007 1457 1060 attritus
1496 1006 1725 1063 vilescit.
1751 1007 1866 1063 Non

276 1093 425 1151 enim
465 1096 622 1152 facile
668 1107 845 1167 potest
885 1097 1098 1151 animus
1129 1111 1236 1150 uno
1270 1097 1566 1166 eodemque
1595 1109 1868 1155 momento

276 1186 511 1241 terrenis
555 1185 854 1250 laboribus,
900 1187 1157 1241 aerumnis
1197 1187 1451 1255 eurisque
1500 1188 1869 1246 et‘doloribus

274 1276 385 1343 agi,
417 1286 472 1332 et
515 1277 606 1330 illa
654 1276 892 1331 caelestis
938 1277 1063 1331 vitae
1108 1277 1303 1347 gaudia
1336 1277 1640 1355 tranquilla:
1670 1281 1867 1337 mentis

271 1376 418 1423 statu
471 1368 767 1423 delectatus
814 1369 1028 1423 intueri.
1076 1369 1213 1436 Quin
1253 1371 1434 1439 potius
1465 1371 1867 1442 ingemiscenda

269 1460 615 1530 proclamat:
652 1459 912 1514 Turbatus
956 1471 1049 1526 est,
1096 1462 1365 1531 inquiens,
1404 1480 1515 1533 pra:
1559 1465 1641 1519 ira
1684 1466 1864 1521 oculus

271 1565 418 1602 meus
455 1565 473 1603 :
504 1550 785 1603 inveteravi
815 1551 867 1604 in
902 1567 1077 1605 omnes
1118 1553 1355 1607 inimicos
1385 1571 1526 1609 meos
1560 1554 1733 1627 (Psal.
1764 1556 1862 1628 γι).

269 1639 426 1707 Quod
457 1655 587 1695 vero
617 1641 671 1695 in
703 1641 874 1695 insula
906 1641 1201 1708 Thebaide,
1239 1659 1358 1713 quae
1385 1645 1655 1716 Topazion
1685 1648 1864 1718 appel-

268 1729 417 1784 latur
459 1731 635 1803 (unde
679 1733 793 1803 ipse
840 1751 1034 1791 nomen
1076 1736 1314 1809 accepit)
1363 1737 1591 1793 inveniri
1639 1722 1890 1809 dicitur,.

1974 648 2058 703 fas
2088 650 2201 719 est)
2250 652 2645 706 conversationi
2684 654 3110 723 propinquantes
3140 673 3152 709 :
3185 657 3379 725 qnibus
3412 662 3561 717 omni

1974 743 2215 799 custodia
2260 744 2432 799 virtus
2468 746 2813 803 discretionis
2855 762 3073 803 servare
3109 749 3420 820 praecipitur
3453 770 3464 806 :
3494 768 3564 809 ne

1971 836 2057 890 vel
2105 836 2286 889 omnia
2332 852 2523 891 sensus
2573 837 2870 894 subtilitate
2913 840 3207 905 callentes,
3258 841 3450 896 aitiora
3503 858 3564 899 se

1972 941 2234 995 quaerere,
2270 934 2326 981 et
2346 926 2567 983 fortiora
2594 944 2652 983 se
2677 931 2905 985 scrutari
2932 933 3165 987 audeant
3194 930 3398 1005 (Gloria
3420 934 3561 988 enim

1971 1022 2183 1076 Domini
2222 1022 2392 1077 celare
2431 1024 2639 1078 verbum
2686 1024 2866 1093 (Prov.
2896 1027 3046 1099 xxv),
3078 1028 3131 1082 id
3165 1038 3265 1092 est,
3303 1038 3465 1084 caute
3494 1028 3561 1084 de

1970 1114 2079 1170 Deo
2123 1114 2206 1168 vel
2242 1114 2460 1170 homine
2490 1114 2707 1171 Christo
2740 1118 3138 1188 philosophari:
3166 1118 3311 1189 ),vel
3342 1134 3563 1175 rursum

1970 1205 2193 1260 desidia‘
2218 1212 2494 1274 torpentes
2533 1207 2599 1260 ad
2645 1206 2860 1261 inﬁrma
2902 1208 3023 1263 fidei
3074 1209 3229 1263 initia
3259 1218 3420 1279 atque
3447 1209 3559 1265 ele-

1967 1306 2150 1354 menta
2175 1299 2382 1353 exordii
2422 1312 2734 1355 sermonum
2775 1300 2868 1354 Dei
2914 1299 3245 1354 relabantur.
3293 1301 3433 1368 Quin
3458 1314 3562 1369 po-

1967 1387 2073 1443 tius
2108 1388 2195 1441 via
2224 1389 2368 1457 regia
2400 1388 2727 1460 gradientes,
2753 1404 2783 1442 a
2814 1389 3020 1443 dextris
3051 1399 3103 1444 et
3143 1406 3173 1443 a
3199 1389 3436 1445 sinistris
3464 1404 3564 1458 per

1922 1498 1925 1501 λ
1967 1492 2116 1532 arma
2136 1476 2363 1545 iustitia:
2383 1480 2656 1549 procurati
2682 1480 2976 1548 procedant
3000 1488 3271 1550 raptaque
3298 1480 3563 1549 temporis

1966 1568 2308 1623 observantia
2331 1584 2453 1623 cum
2470 1569 2606 1624 coelo
2634 1568 2827 1625 faciem
2856 1578 3130 1625 mutantes
3158 1570 3270 1641 suis
3294 1570 3563 1639 inspecto-

1966 1657 2116 1711 ribus
2142 1656 2326 1711 dicant
2353 1676 2365 1711 :
2400 1656 2517 1712 Sive
2544 1659 2681 1712 enim
2708 1670 2877 1713 mente
2905 1660 3204 1714 excedimus
3223 1702 3236 1726 ,
3265 1659 3374 1714 Deo
3411 1678 3427 1714 :
3455 1662 3562 1715 sire

1964 1749 2127 1802 sobrii
2172 1765 2379 1814 sumus,
2406 1749 2546 1803 vobis
2573 1748 2659 1820 (ΙΙ
2687 1748 2810 1803 Cor.
2842 1749 2918 1820 v).
2949 1750 3109 1815 Quasi
3156 1751 3303 1805 enim
3332 1749 3559 1820 hyacin-

266 1822 557 1891 dupliciter
581 1823 983 1895 intelligendum
1021 1834 1126 1892 est,
1156 1828 1281 1896 quia
1323 1836 1379 1883 et
1421 1828 1523 1884 illa:
1551 1832 1857 1901 praecipua),
1894 1840 1933 1908 _'
1967 1847 2054 1894 tus
2102 1838 2283 1894 nubilo
2328 1840 2717 1903 circumdatus,
2763 1838 3037 1907 loquitur:
3078 1838 3147 1891 Et
3186 1855 3249 1892 ne
3286 1838 3561 1908 angustia-

264 1917 319 1973 id
352 1929 456 1986 est,
488 1920 865 1992 Egyptiorum
911 1924 1161 1994 regiones
1196 1925 1582 1979 monachorum
1612 1927 1864 1997 gregibus
1894 1903 1938 1961 Β
1967 1929 2094 1982 mini
2124 1930 2179 1983 in
2208 1928 2377 1993 nobis,
2400 1930 2778 1999 angustiamini
2800 1939 2973 1983 autent
3000 1915 3357 1984 initiaret-ibus
3378 1929 3560 1983 vestris

263 2012 564 2078 abundent,
605 2023 659 2069 et
694 2016 1001 2084 quicunque
1032 2015 1132 2071 soli
1157 2016 1383 2085 iustitia:
1414 2017 1624 2072 vicinus
1654 2017 1865 2073 habita-

261 2104 428 2169 verit,
474 2106 695 2160 :etherei
739 2106 997 2160 nimirum
1044 2105 1263 2161 luminis
1296 2105 1505 2177 fulgore
1551 2115 1860 2162 coronetur.

260 2194 332 2249 Et
361 2194 589 2263 pulchre
624 2195 765 2250 sicut
794 2196 847 2249 in
887 2203 1080 2250 octavo
1115 2196 1306 2251 ordine
1352 2196 1541 2251 activae
1575 2194 1700 2251 vita;
1743 2182 1875 2266 per-,

258 2282 447 2348 fectio,
476 2285 553 2339 sic
581 2284 634 2338 in
662 2300 804 2339 nouo
832 2285 1176 2354 speculativce
1210 2285 1494 2341 suavitatis
1523 2300 1734 2357 gemma
1765 2301 1857 2355 po-

258 2373 445 2440 nitur;
476 2374 590 2430 sive
617 2376 745 2444 quia
789 2389 982 2429 novem
1012 2375 1231 2430 ordines
1262 2375 1596 2445 angelorum,
1631 2390 1863 2444 quorum

256 2464 429 2519 vitam
456 2465 716 2529 imitatur,
750 2465 803 2518 in
833 2464 1112 2533 Scriptura
1139 2474 1327 2521 sancta
1349 2466 1714 2535 reperiantur,
1744 2468 1861 2522 sive

256 2557 393 2626 quia
413 2573 443 2610 a
473 2557 725 2627 perfectae
754 2556 1107 2613 beatitudinis
1137 2558 1360 2613 denario
1389 2576 1496 2615 uno
1527 2540 1733 2615 tantum
1766 2562 1861 2633 (ut

258 2646 333 2703 ita
367 2645 566 2716 dicam)
596 2648 763 2717 gradu
799 2647 990 2702 mortis
1029 2648 1201 2711 abest,
1243 2648 1327 2702 cui
1356 2662 1568 2703 summo
1592 2650 1861 2706 desiderio

256 2739 522 2808 propheta
564 2740 843 2810 suspirans
880 2741 1063 2794 aiebat
1094 2758 1107 2793 :
1139 2739 1266 2793 Ideo
1298 2739 1457 2794 dilexi
1483 2742 1737 2797 mandata
1764 2752 1857 2798 tua

254 2845 418 2897 super
443 2846 633 2882 aurum
665 2840 713 2883 et
744 2831 987 2899 topazion
1028 2829 1200 2901 (Psal.
1232 2831 1445 2900 cxvut),
1484 2831 1540 2885 id
1566 2839 1670 2897 est,
1696 2848 1861 2903 super

256 2935 477 2975 omnem
523 2922 761 2991 probatae
803 2922 1031 2976 actionis
1072 2921 1393 2987 claritatem,
1434 2938 1703 2993 superque
1737 2940 1856 2980 om-

256 3028 384 3067 nem
436 3029 557 3083 qute
604 3014 655 3068 in
705 3014 810 3067 hoc
846 3015 1043 3069 saeculo
1068 3014 1182 3070 fieri
1224 3024 1421 3084 potest,
1454 3016 1856 3088 contemplativi

256 3103 439 3172 gaudii
464 3103 849 3171 sublimitatem
883 3104 1193 3159 dulcissimo
1235 3106 1613 3161 mandatorum
1639 3116 1855 3163 tuorum

253 3192 568 3248 delectabar
591 3210 795 3257 amore,
822 3210 1051 3264 quorum
1075 3197 1309 3266 primum
1332 3208 1387 3251 et
1408 3200 1704 3254 maximum
1730 3210 1813 3255 est
1837 3215 1852 3252 :

254 3284 456 3355 Diliges
486 3285 765 3339 Dominum
793 3288 959 3341 Deum
983 3298 1132 3355 luunt
1160 3306 1224 3343 ea:
1254 3298 1361 3343 toto
1391 3292 1569 3357 corde,
1602 3302 1709 3345 tota
1736 3294 1853 3347 ani-

251 3392 369 3442 ma,
412 3387 521 3431 tota
572 3380 756 3432 virtute
792 3379 979 3447 (Deut.
1007 3380 1102 3449 vi).
1152 3378 1303 3448 Quod
1349 3397 1476 3448 non,
1523 3384 1625 3437 nisi
1674 3384 1727 3438 in
1763 3384 1855 3439 illo

251 3466 495 3522 caelestis
524 3469 675 3538 regni
708 3454 975 3533 culmine:
1009 3468 1076 3523 ad
1127 3471 1401 3541 integrum
1449 3472 1635 3541 perlici
1668 3488 1849 3542 posse,

251 3549 621 3613 certissimum
646 3568 746 3614 est.
778 3559 1021 3615 Decimus
1048 3562 1470 3632 chrysoprassus.
1496 3563 1854 3635 Cbrysopras.

251 3662 351 3701 sus
394 3656 477 3701 est
529 3648 736 3713 viridis,
784 3664 1071 3719 aureteque
1113 3652 1363 3705 mixtura:
1392 3669 1407 3721 ξ
1439 3652 1658 3721 quidam
1689 3654 1853 3708 etiam

248 3753 586 3809 purpureum
632 3740 796 3809 jubar
845 3742 1086 3807 trahens,
1133 3743 1315 3797 aureis
1363 3743 1851 3799 iuterveuientilms

248 3832 450 3902 guttis;
484 3832 727 3883 nascitur
772 3840 952 3886 autem
1002 3832 1057 3885 in
1101 3832 1268 3886 India.
1302 3829 1401 3899 Qui
1437 3833 1709 3902 significat
1757 3852 1853 3890 eos

249 3922 371 3989 qui,
399 3921 730 3975 viriditatem
776 3930 991 3976 aeternae
1035 3923 1223 3992 patri-.e
1268 3921 1523 3991 perfecta:
1572 3922 1852 3978 charitatis
1890 3984 1893 3985 ν

249 4013 464 4081 fulgore
506 4020 901 4081 promercutes,
947 4027 1068 4065 eam
1118 4012 1281 4068 etiam
1325 4013 1537 4067 caneris
1578 4029 1849 4083 purpurea

250 4103 502 4173 martyrii
543 4103 624 4157 sui
659 4102 777 4156 luce
825 4101 1177 4171 patefaciunt.
1228 4102 1330 4169 Qui
1382 4103 1638 4171 quoniam
1676 4104 1728 4157 in
1761 4120 1846 4170 eo,

250 4195 400 4264 quod
430 4205 750 4264 prmsentem
782 4195 946 4247 vitam
976 4193 1301 4263 despiciunt,
1331 4202 1591 4249 aeternam
1622 4195 1849 4264 gloriam

248 4286 571 4358 praeferunt.
604 4287 814 4340 Domini
842 4286 895 4339 in
927 4301 1091 4341 carne
1129 4287 1437 4355 apparentis
1479 4287 1723 4357 exempla
1766 4302 1850 4342 se-

248 4386 515 4448 quuntur,
538 4377 651 4446 jam
679 4375 844 4429 veluti
875 4375 1043 4440 ludia,
1078 4376 1129 4429 id
1160 4384 1265 4441 est,
1296 4391 1462 4446 prope
1493 4376 1623 4431 solis
1645 4387 1845 4444 ortum,

249 4472 575 4527 meritorum
618 4484 840 4523 suorum
886 4467 1066 4538 fulgur
1111 4468 1435 4533 ostendunt;
1479 4476 1532 4523 et
1558 4470 1670 4538 qui,
1702 4469 1849 4524 velut

246 4562 357 4628 sol,
406 4563 458 4617 in
501 4550 666 4630 riguo
712 4558 889 4613 Patris
931 4557 1135 4628 fulgere
1175 4558 1398 4627 regique
1436 4573 1556 4620 suo.
1584 4558 1669 4612 cui
1703 4574 1845 4612 nunc

244 4652 669 4720 compatiuntur,
726 4658 853 4704 tunc
882 4662 1213 4717 conregnare
1252 4647 1622 4703 desiderantes
1652 4662 1843 4718 exspe-

243 4749 427 4805 ctant,
448 4739 569 4808 jure
594 4741 645 4794 in
674 4739 884 4794 decimo
913 4738 1033 4793 loco
1066 4745 1190 4792 sunt
1221 4738 1401 4806 positi.
1433 4736 1537 4792 Per
1558 4737 1839 4793 denarium

240 4834 431 4895 enim,
468 4847 574 4900 quo
612 4831 908 4884 Dominica:
942 4830 1110 4883 vincte
1140 4827 1373 4882 cultores
1404 4836 1838 4893 remunerantur,

239 4923 442 4981 aeterni
481 4921 621 4992 regis
655 4909 999 4992 percipienda
1034 4921 1210 4989 imago
1243 4916 1547 4989 figuratur‘;
1579 4918 1667 4973 ubi
1699 4919 1841 4987 quod

245 5021 301 5074 in
319 5031 474 5073 novo
494 5016 662 5083 gradu
686 5030 791 5068 non
828 5021 1060 5083 poterat,
1086 5011 1327 5083 perfecta
1358 5010 1645 5066 dilectione
1672 5009 1765 5064 Dei
1786 5017 1841 5064 et

238 5104 483 5182 proiimi
512 5124 609 5179 per
635 5108 816 5163 omnia
845 5106 1133 5176 decalogus
1158 5104 1489 5174 implebitur.
1523 5101 1839 5156 Undecimus

235 5204 583 5273 hyacinthus.
609 5201 945 5271 Hyacinthus
967 5202 1020 5254 in
1047 5198 1321 5268 zEtbiOpia
1356 5198 1643 5267 reperitur,
1671 5211 1842 5251 czcruq

232 5297 395 5348 leum
432 5292 669 5346 colorem
718 5293 941 5347 habens.
978 5290 1257 5360 Optimus,
1278 5289 1369 5359 qui
1403 5304 1501 5343 nec
1551 5303 1706 5366 rarus
1732 5296 1834 5349 est,

235 5399 355 5441 nec
381 5383 646 5438 densitate
668 5383 911 5447 obtusus,
942 5382 1037 5437 sed
1061 5397 1126 5435 ex
1151 5390 1379 5449 utroque
1407 5386 1838 5449 temperamento

234 5478 424 5540 lucet,
479 5484 533 5529 et
581 5473 926 5544 purificatum
976 5472 1214 5528 suaviter
1259 5469 1444 5525 florem
1501 5470 1686 5525 trahit.
1741 5468 1841 5523 llic

233 5575 433 5625 autem
482 5582 588 5620 non
630 5564 818 5618 rutilat
861 5564 1186 5634 aequaliter:
1220 5562 1315 5617 sed
1363 5578 1487 5617 cum
1536 5561 1658 5616 ωε)ιὶ
1706 5560 1844 5616 facie

234 5665 492 5716 mutatur
517 5676 529 5710 :
558 5672 755 5712 sereno
775 5666 952 5710 autem
976 5655 1295 5725 perspicuus
1318 5663 1479 5723 atque
1507 5662 1693 5724 gratus
1717 5662 1799 5705 est
1828 5670 1840 5705 :

234 5747 435 5807 nttlvilo
464 5764 649 5801 coram
684 5747 855 5801 oculis
877 5724 1155 5801 evanescit
1181 5755 1341 5814 atque
1370 5743 1673 5797 marcescit.
1704 5743 1842 5797 ludi-

235 5852 338 5905 eat
368 5851 546 5900 autem
574 5844 786 5900 animas
816 5840 1021 5898 caelesti
1052 5854 1264 5909 semper
1298 5834 1579 5893 intentioni
1612 5835 1843 5903 deditas,

1882 3244 1929 3305 C

1874 4611 1923 4669 D

1968 2018 2054 2089 (II
2076 2018 2201 2072 Cor.
2224 2018 2322 2089 vt).
2364 2020 2429 2073 Et
2452 2021 2648 2074 iterum
2676 2038 2687 2074 :
2723 2018 2873 2074 Nihil
2897 2021 3034 2075 enim
3050 2020 3291 2090 judicavi
3318 2035 3399 2073 me
3426 2019 3561 2073 scire

1965 2108 2102 2161 inter
2128 2124 2238 2174 vos,
2258 2108 2382 2162 "nisi
2408 2108 2591 2162 Iesum
2620 2107 2886 2163 Christum
2905 2149 2920 2175 ,
2969 2120 3017 2164 et
3061 2110 3200 2163 hunc
3244 2108 3558 2177 cruci/imum

1968 2198 2018 2273 (Ι
2043 2197 2168 2254 Cor.
2190 2200 2279 2272 ιι),
2307 2210 2364 2256 et
2389 2203 2543 2271 quasi
2575 2202 2629 2256 in
2658 2216 2849 2256 serena
2874 2200 2992 2256 luce
3015 2201 3164 2255 visus
3193 2200 3304 2254 ait:
3334 2198 3558 2269 Sapien-

1965 2292 2095 2345 tiam
2128 2301 2302 2345 autem
2331 2291 2599 2363 loquimur
2626 2292 2759 2345 inter
2784 2286 3041 2362 perfectos
3072 2292 3121 2364 (I
3128 2293 3259 2363 bid.)
3289 2292 3554 2346 Duodeci-

1936 2456 1941 2458 ἓ
1963 2397 2081 2434 mus
2105 2381 2444 2451 amethystus.
2475 2380 2831 2452 Amethystus
2856 2398 3159 2452 purpureus
3181 2391 3264 2437 est
3286 2381 3558 2453 permixto

1962 2470 2204 2526 violaceo
2244 2471 2442 2537 colore,
2467 2480 2523 2526 et
2568 2471 2723 2542 quasi
2768 2487 2905 2525 rosae
2952 2472 3149 2535 nitore,
3182 2472 3557 2541 quasdamque

1963 2561 2157 2618 leviter
2185 2562 2488 2619 ﬂammulas
2518 2563 2767 2619 fundens.
2808 2562 2915 2619 Sed
2939 2571 2995 2618 et
3024 2564 3239 2633 quidam
3272 2564 3415 2618 illius
3443 2576 3554 2618 non

1962 2666 2031 2708 ex
2061 2660 2176 2707 toto
2213 2652 2268 2707 in
2303 2667 2543 2723 purpura
2582 2654 2790 2724 igneus,
2824 2653 2920 2708 sed
2950 2654 3105 2723 quasi
3134 2653 3318 2708 vinum
3351 2654 3556 2709 rubens

1962 2748 2207 2810 apparet.
2248 2740 2561 2811 Purpureus
2590 2756 2720 2812 ergo
2748 2741 2911 2797 decor
2940 2742 3183 2797 caelestis
3214 2743 3366 2812 regni
3398 2742 3555 2799 habi-

1963 2838 2101 2895 tum,
2119 2844 2311 2885 roseus
2330 2845 2461 2886 vero
2479 2840 2641 2900 atque
2659 2831 2935 2888 violaceus
2960 2832 3217 2887 humilem
3240 2840 3555 2889 sanctorum

1960 2921 2343 2976 verecundiam
2363 2964 2376 2987 ,
2406 2924 2807 2994 pretiosamqne
2852 2935 3081 2979 mortem
3108 2910 3392 2995 designat:
3422 2939 3558 2995 quo-

1958 3026 2081 3065 rum
2132 3011 2257 3066 fidei
2308 3027 2463 3066 mens
2511 3012 2882 3083 principaliter
2927 3013 2981 3068 in
3031 3013 3258 3068 summis
3301 3013 3551 3082 erigitur,

1957 3102 2142 3163 etiam,
2177 3118 2300 3158 cum
2333 3105 2594 3160 extremis
2623 3106 2832 3175 perpeti
2861 3104 3071 3173 abjecta
3101 3114 3419 3171 cernuntur,
3448 3103 3553 3161 Do-

1958 3190 2142 3245 minici
2174 3206 2388 3260 semper
2416 3192 2558 3248 inter
2578 3194 2803 3269 adversa
2828 3209 3037 3248 memor
3058 3194 3345 3263 promissi:
3373 3193 3553 3249 Nolite

1957 3282 2142 3335 timere
2186 3282 2410 3350 pusillus
2454 3299 2600 3354 grex,
2646 3285 2770 3355 quia
2817 3284 3133 3355 complacuit
3172 3284 3324 3338 Patri
3363 3296 3551 3350 vestro,

1958 3373 2087 3427 dare
2116 3374 2256 3428 vobis
2284 3392 2498 3445 regnum
2528 3374 2678 3445 (Luc.
2712 3374 2843 3446 xu);
2883 3376 3081 3445 quique
3110 3374 3382 3430 flammam
3412 3377 3548 3431 cha-

1959 3463 2138 3517 ritatis
2166 3478 2271 3517 non
2299 3464 2366 3518 ad
2391 3479 2450 3519 se
2476 3462 2689 3518 tantuni
2714 3465 2964 3531 invicem,
2996 3466 3088 3520 sed
3118 3466 3184 3520 ad
3212 3467 3358 3535 ipsos
3382 3469 3548 3521 etiam

1956 3563 2335 3623 persecutores
2379 3564 2696 3625 spargentes
2738 3555 2929 3624 positis
2960 3556 3185 3626 genibus
3215 3555 3544 3626 implorant:

1956 3642 2202 3708 Domine,
2231 3660 2293 3697 ne
2316 3653 2517 3698 statuas
2540 3643 2645 3697 illis
2666 3645 2763 3699 hoc
2786 3642 3219 3716 peccaturn'(Act.
3240 3644 3336 3714 vu)
3354 3661 3367 3709 ;
3388 3654 3551 3715 atque

1958 3733 2101 3789 inter
2128 3735 2353 3790 calicem
2382 3736 2654 3806 passionis
2686 3736 3002 3801 bibendum,
3036 3737 3177 3791 illius
3208 3739 3386 3807 potius
3412 3738 3549 3806 vini,

1955 3825 2101 3894 quod
2148 3824 2386 3880 laetificat
2446 3841 2542 3882 cor
2574 3827 2832 3892 hominis,
2877 3826 2993 3899 iugi
3039 3829 3417 3885 recordatione
3461 3830 3547 3883 in-

1955 3915 2256 3981 ebriantur,
2286 3916 2429 3989 quod
2456 3917 2719 3972 Dominus
2762 3934 2822 3973 se
2869 3934 3069 3973 novum
3115 3935 3237 3974 cum
3270 3920 3549 3989 discipulis

1953 4009 2066 4063 suis
2111 4009 2165 4061 in
2212 4023 2383 4079 regno
2413 4007 2589 4063 Patris
2618 4009 2918 4063 bibiturum
2950 4026 3069 4066 esse
3097 4011 3367 4080 promisit.
3423 4011 3545 4067 Sic-

1954 4112 2059 4164 que
2083 4096 2163 4162 lit,
2188 4104 2247 4150 ut
2274 4097 2326 4149 in
2351 4097 2563 4166 jaspit‘le
2588 4096 2714 4151 fidei
2743 4098 2989 4152 viriditas
3017 4116 3027 4127 ·
3058 4099 3111 4151 iu
3142 4100 3399 4169 sapphiro
3426 4101 3542 4169 spei

1952 4189 2190 4245 caelestis
2222 4190 2489 4245 altitudo:
2538 4189 2591 4243 in
2632 4189 2963 4244 Chalcedone
3005 4187 3225 4245 flamma
3261 4191 3543 4247 charitatis

1953 4284 2177 4338 interna:
2208 4281 2471 4353 figuretur
2498 4298 2511 4335 :
2544 4281 2597 4335 iu
2630 4284 2915 4351 smaragdo
2944 4294 3125 4337 autem
3151 4280 3391 4349 ejusdem
3418 4284 3544 4339 fidei

1952 4373 2111 4429 fortis
2135 4374 2186 4427 in
2211 4373 2434 4427 adversa
2458 4372 2741 4427 conversio
2766 4391 2778 4425 :
2807 4373 2860 4426 in
2897 4373 3201 4444 sardonyce
3228 4383 3545 4428 sanctorum

1953 4462 2359 4520 inter'virtutes
2388 4464 2666 4518 humilitas
2700 4482 2712 4517 :
2746 4464 2801 4517 in
2834 4465 3010 4519 sardis
3038 4466 3369 4519 reverendus
3398 4481 3541 4519 mar-

1955 4570 2130 4631 tyrum
2170 4574 2332 4614 cruor
2363 4557 2717 4627 exprimitur,
2763 4557 2815 4610 in
2857 4556 3193 4626 ehrysolitho
3222 4572 3350 4611 vero
3381 4557 3544 4627 spiri-

1955 4650 2074 4705 talis
2107 4650 2247 4705 inter
2274 4649 2535 4703 miracula
2580 4646 2894 4715 prmdicatio
2931 4662 2944 4700 :
2995 4648 3048 4701 in
3092 4645 3298 4717 beryllo
3342 4648 3540 4717 praedi-

1953 4739 2195 4796 cautium
2243 4737 2484 4808 perfecta
2530 4737 2777 4806 operatio
2815 4754 2828 4801 ;
2884 4738 2937 4790 in
2982 4736 3195 4806 t0pazio
3224 4738 3537 4791 eorumdem

1951 4831 2147 4885 ardens
2175 4828 2559 4897 contemplatio
2593 4833 2949 4880 monstratur.
3002 4826 3171 4900 Porro
3213 4826 3266 4880 in
3310 4826 3535 4895 chryso-

1949 4937 2140 4993 prasso
2190 4921 2472 4975 beatorum
2521 4927 2822 4989 martyrum
2866 4933 3002 4986 opus
3052 4918 3257 4987 pariter
3300 4927 3358 4973 et
3398 4933 3539 4986 pra:-

1952 5014 2117 5067 mium
2148 5030 2161 5065 :
2195 5012 2249 5065 in
2278 5010 2571 5081 hyacintho
2595 5009 2876 5063 doctorum
2909 5008 3147 5062 caelestis
3176 5009 3243 5061 ad
3272 5008 3380 5061 alta
3409 5009 3539 5062 sub-

1947 5103 2146 5157 levatio
2175 5144 2188 5166 ,
2247 5108 2301 5156 et
2355 5109 2579 5170 propter
2622 5101 2870 5155 infirmos
2914 5098 3136 5154 humilis
3184 5100 3252 5153 ad
3301 5098 3539 5152 humana

1913 5192 2267 5248 descensio:
2315 5191 2368 5245 in
2412 5190 2716 5261 amethysto
2754 5188 2995 5244 cmlestis
3030 5204 3245 5257 semper
3281 5188 3432 5255 regni
3479 5186 3533 5241 in

1946 5286 2230 5341 humilium
2262 5284 2442 5338 animo
2474 5284 2738 5338 memoria
2769 5282 3102 5352 designatur.
3157 5278 3309 5350 Onyx
3354 5280 3540 5349 appet-

1944 5380 2050 5433 lata
2078 5419 2092 5441 ,
2143 5376 2285 5446 quod
2330 5377 2526 5430 habeat
2568 5376 2622 5429 in
2670 5391 2728 5430 se
2773 5374 3099 5445 permixtum
3144 5372 3433 5427 candorem
3484 5372 3535 5424 in

1944 5468 2359 5523 similitudinem
2383 5468 2579 5537 unguis
2606 5466 2828 5520 humani
2855 5482 2868 5529 ;
2905 5464 3093 5519 Grmcc
3122 5465 3266 5518 enim
3298 5479 3535 5530 unguem

1944 5558 2154 5629 ouycba
2172 5557 2356 5611 dicunt
2376 5576 2386 5610 :
2406 5556 2547 5611 hanc
2564 5557 2709 5611 India
2733 5555 2817 5609 vel
2839 5554 3036 5608 Arabia
3059 5554 3300 5622 gignunt.
3321 5551 3535 5605 Distant

1945 5660 2123 5706 autem
2167 5650 2435 5713 invicem;
2490 5665 2613 5703 nam
2656 5650 2836 5704 Indica
2870 5647 3133 5717 igniculos
3182 5646 3345 5700 habet
3395 5645 3534 5699 albis

1945 5743 2288 5813 cingentibus
2336 5742 2531 5796 zonis:
2580 5741 2811 5795 Arabica
2859 5748 3038 5793 autem
3086 5738 3235 5807 nigra
3284 5745 3367 5790 est
3410 5750 3532 5791 cum

1945 5832 2189 5890 candidis
2240 5831 2434 5887 zonis:
2484 5845 2681 5901 genera
2727 5830 2841 5900 ejus
2884 5828 3145 5900 quinque.
3212 5825 3432 5897 Legitur
3477 5824 3533 5879 in
