3922 6350
386 399 483 453 471
1013 395 1075 449 Β.
1120 394 1371 452 RABANI
1410 393 1627 449 ιιΑυιιι
1664 391 1980 449 ARCIIIEP.
2023 392 2331 450 MOGUNT.
2371 392 2655 450 OPERIJM
2696 392 2875 448 PARS
2911 392 2977 449 II.
3525 392 3636 449 473

390 514 607 578 Exodo,
633 509 775 582 quod
795 551 811 576 ,
838 509 1066 566 Dmnfno
1086 509 1307 578 jubente
1336 509 1531 580 (Exod.
1561 506 1777 577 xsvm),
1807 505 1953 576 Moy-
1978 513 2030 570 Α
2057 516 2218 576 atque
2267 506 2321 561 in
2367 521 2524 560 usum
2552 507 2674 560 vitri
2706 506 2962 572 funditur,
2999 508 3153 575 cujus
3180 508 3327 564 color
3355 521 3527 578 prope
3564 509 3636 563 ad

387 622 476 663 ses
501 602 708 660 faceret
728 603 906 657 Aaron
938 600 1090 655 fratri
1119 616 1218 656 suo
1247 599 1683 670 superbumerale
1706 614 1773 653 ex
1799 613 1949 664 auro,

388 694 682 766 hyacintho
706 701 761 748 et
788 706 1019 763 purpura
1037 731 1052 755 ,
1081 705 1350 761 coccoque
1378 691 1461 745 bis
1493 690 1680 754 tincto,
1708 698 1761 744 et
1792 690 1953 759 bysso

388 792 590 842 retorta
610 823 625 847 ,
667 783 905 851 duosque
935 781 1139 850 lapides
1166 781 1463 851 onycliinos
1498 780 1746 849 sculpens
1774 779 1950 836 nomi—

388 873 547 928 nibus
575 872 805 927 filiorum
839 870 1025 936 Israel,
1061 870 1325 926 insereret
1353 871 1497 939 ipsos
1527 868 1952 939 superbumerali

388 960 627 1015 inclusos
657 974 789 1015 auro
819 968 979 1030 atque
1012 959 1390 1013 circumdatos.
1438 957 1604 1028 Cujus
1629 956 1953 1027 significatio

390 1051 615 1122 mystica
664 1051 719 1105 in
766 1057 1013 1122 promptu
1042 1057 1127 1104 est
1169 1065 1182 1102 :
1237 1047 1440 1117 lapides
1490 1048 1685 1118 quippe
1717 1048 1951 1117 pretiosa

387 1157 550 1210 opera
582 1149 707 1196 sunt
728 1140 987 1195 virtutum
1016 1139 1333 1210 spiritalium
1363 1158 1375 1192 :
1408 1138 1675 1206 habetque
1702 1138 1955 1191 sacerdos

388 1230 441 1284 in
465 1230 703 1286 humeris
720 1229 926 1301 lapides
952 1229 1237 1299 pretiosos,
1252 1235 1306 1282 et
1330 1227 1383 1281 in
1406 1226 1483 1281 eis
1502 1226 1718 1280 nomina
1734 1225 1956 1279 Patrum

388 1320 647 1395 inscripta
673 1359 688 1385 ,
740 1335 861 1379 cum
912 1328 966 1376 et
1015 1320 1129 1393 ipse
1161 1318 1409 1374 claritate
1439 1318 1699 1372 bonorum
1730 1331 1955 1386 cperum

387 1412 600 1469 cunctis
627 1410 967 1465 admirandus
991 1407 1279 1473 exstiterit,
1308 1416 1361 1463 et
1387 1408 1629 1461 eamdem
1654 1406 1955 1460 claritatem

388 1514 491 1551 non
520 1514 548 1551 a
578 1513 636 1552 se
667 1497 875 1554 naviter
901 1497 1194 1562 inventam,
1226 1496 1320 1551 sed
1350 1496 1566 1564 antiqua
1601 1494 1703 1551 sibi
1735 1495 1955 1551 Patrum

386 1587 705 1642 auctoritate
748 1586 1001 1643 traditam
1042 1602 1163 1641 esse
1203 1585 1465 1641 docuerit.
1521 1585 1727 1655 Duplici
1776 1592 1953 1639 autem

387 1676 597 1733 ratione
620 1676 735 1733 bare
765 1676 817 1730 in
848 1676 1084 1733 humeris
1116 1684 1337 1745 portat:
1368 1684 1429 1732 ut
1454 1686 1509 1732 et
1536 1676 1650 1745 ipse
1674 1675 1956 1745 prazceptis

385 1766 670 1821 dominicis
697 1765 970 1822 humiliter
998 1766 1243 1826 subditus
1272 1766 1506 1831 incedat,
1539 1774 1593 1820 et
1620 1765 1956 1821 auditoribus

385 1855 498 1911 suis
526 1870 738 1925 semper
762 1854 1032 1919 caelestia,
1067 1855 1183 1910 sive
1210 1870 1305 1913 sua
1326 1896 1341 1921 ,
1385 1855 1498 1910 sive
1525 1854 1745 1908 Patrum
1774 1869 1956 1908 exem-

383 1946 492 2013 pla,
526 1960 644 2015 qua:
678 1952 989 2016 sequantur,
1019 1953 1302 2014 proponat.
1353 1943 1725 1998 Carbunculus
1758 1943 1956 2006 dictus,

383 2034 525 2102 quod
555 2035 625 2089 sit
651 2035 870 2103 ignitus,
904 2041 964 2087 ut
1004 2037 1188 2098 carbo,
1239 2033 1393 2103 cujus
1436 2033 1611 2104 fulgor
1654 2048 1753 2089 nec
1800 2042 1960 2091 nocte

384 2122 657 2176 vincitur:
690 2123 837 2179 lucet
864 2124 1009 2178 enim
1039 2123 1094 2185 in
1130 2124 1371 2179 tenebris
1406 2124 1561 2188 adeo,
1610 2133 1670 2181 ut
1715 2124 1960 2181 flammas

385 2211 453 2267 ad
484 2212 669 2265 oculos
703 2212 917 2282 juberet
958 2212 1198 2285 [vibret].
1256 2213 1464 2268 Genera
1513 2213 1629 2281 ejus
1675 2214 1959 2272 duodecim

384 2309 552 2357 sunt:
585 2301 677 2357 sed
708 2302 1114 2372 praeStantiores
1166 2310 1292 2357 sunt
1332 2302 1422 2371 qui
1450 2303 1702 2358 videntur
1732 2303 1957 2374 fulgere,

384 2399 440 2443 et
465 2390 612 2445 velut
641 2392 815 2460 ignem
846 2390 1090 2446 fundere.
1124 2391 1225 2447 llic
1252 2393 1393 2448 enim
1422 2392 1558 2464 lapis
1585 2402 1765 2464 potest
1794 2394 1962 2463 signi-

385 2479 550 2536 ficare
580 2480 801 2533 verbum
835 2480 962 2545 Dei,
1007 2481 1149 2549 quod
1187 2496 1283 2550 per
1316 2482 1681 2551 Apostolicum
1716 2482 1960 2536 ordinem

382 2578 440 2623 et
464 2570 847 2638 pncdicatorcs
862 2569 1144 2639 Evangelii
1175 2571 1438 2625 illucescit
1464 2571 1617 2625 nobis
1649 2572 1702 2625 in
1729 2572 1962 2625 obscuro

380 2660 543 2733 hujus
568 2660 781 2725 mundi,
805 2670 859 2714 et
888 2659 1089 2737 effugat
1116 2661 1292 2716 noctis
1321 2662 1569 2716 tenebras
1595 2671 1649 2716 et
1675 2662 1962 2732 caliginem

384 2758 764 2820 peccatorum;
794 2751 936 2805 unde
968 2750 1231 2823 scriptum
1258 2760 1377 2808 est:
1406 2750 1521 2805 Lux
1551 2752 1603 2805 in
1634 2752 1857 2805 tenebris
1887 2750 1964 2805 lu-

385 2850 487 2904 cet,
529 2850 577 2894 et
608 2839 830 2894 tenebrae
860 2857 973 2897 eam
1014 2857 1117 2895 non
1159 2842 1655 2912 comprehenderunt
1691 2842 1871 2912 (Joan.
1900 2843 1959 2912 ι).

384 2930 690 2999 Lyncurius
718 2939 957 2994 vocatus,
992 2932 1135 3001 quod
1163 2931 1255 2986 fiat
1283 2948 1346 2987 ex
1378 2933 1533 2992 urina
1566 2934 1740 3003 lyncis
1778 2932 1963 2989 bestia:

387 3030 629 3088 tempore
645 3022 888 3081 indurata
908 3022 1237 3085 ;'estautem,
1256 3023 1460 3081 sicutet
1475 3024 1777 3087 succinum,
1796 3022 1960 3087 fulva,

390 3112 667 3166 attrahens
702 3113 895 3186 spiritu
934 3110 1061 3167 fblia
1099 3112 1699 3184 propittqttantia.,H-.ec
1728 3127 1959 3180 gemma,

2053 596 2471 656 Cbalcedonium
2502 596 2825 652 simulatur:
2868 601 2961 653 sed
2999 600 3171 669 magis
3201 600 3400 655 rubens
3423 610 3547 656 est:
3579 608 3640 656 ct

2054 686 2370 756 sanguinem
2398 694 2700 757 martyrum
2725 703 2821 757 per
2846 688 3074 756 figuram
3102 691 3357 747 ostendit.

2645 796 2871 853 CAPUT
2905 797 3034 853 VIII.

2601 864 2681 919 De
2750 869 3070 937 ntargaritis.

2128 954 2445 1024 Margarita,
2472 953 2647 1023 prima
2675 956 3022 1013 eandidarum
3054 973 3387 1028 gemmarum
3408 1000 3423 1024 ,
3470 975 3638 1030 quam

2054 1043 2169 1099 Indi
2209 1046 2557 1117 margaritam
2597 1045 2746 1099 aiunt
2775 1056 3018 1101 vocatam
3046 1088 3063 1113 ,
3109 1050 3249 1117 quod
3298 1049 3351 1103 in
3394 1051 3643 1105 conculia

2056 1134 2223 1188 maris
2252 1135 2357 1189 hoc
2382 1150 2552 1205 genus
2579 1135 2812 1205 lapidum
2846 1136 3168 1191 inveniatur.
3232 1139 3377 1193 Inest
3404 1141 3551 1193 enim
3583 1140 3638 1194 in

2057 1240 2219 1281 carne
2246 1228 2479 1283 cocwa
2507 1228 2740 1283 calculus
2766 1238 2949 1293 natus,
2969 1228 3111 1283 sicut
3139 1229 3193 1283 in
3222 1232 3449 1284 cerebro
3473 1230 3646 1301 piscis

2057 1316 2269 1385 lapillus
2294 1335 2308 1371 :
2341 1318 2582 1389 gignitur
2602 1325 2778 1373 autem
2804 1319 2870 1373 de
2895 1319 3103 1373 cmlesti
3134 1335 3274 1384 rore,
3301 1336 3464 1389 quem
3489 1328 3648 1375 certo

2058 1406 2184 1459 anni
2201 1413 2442 1476 tempore
2467 1407 2700 1461 cochleae
2720 1407 3007 1462 hauriunt:
3027 1425 3091 1463 ex
3117 1408 3314 1477 quibus
3330 1409 3651 1478 margaritis

2059 1495 2279 1566 quidam
2310 1497 2537 1551 uniones
2567 1505 2864 1552 vocantur:
2903 1507 3087 1567 aptum
3126 1514 3319 1553 nomen
3356 1500 3644 1565 habentes,

2058 1586 2198 1654 quod
2234 1594 2441 1642 tantum
2472 1602 2633 1652 unus,
2670 1602 2943 1656 nunquam
2988 1587 3095 1642 duo
3133 1588 3218 1642 vel
3258 1588 3442 1658 plures
3478 1586 3646 1641 simul

2060 1674 2421 1743 reperiantur.
2483 1674 2733 1730 Mcliores
2780 1684 2962 1730 autem
3010 1676 3251 1731 candida:
3300 1676 3648 1746 margaritae,

2060 1780 2219 1831 quam
2247 1780 2366 1832 quae
2394 1764 2709 1820 flavescunt.
2741 1766 2863 1821 Illas
2893 1767 3035 1821 enim
3063 1767 3320 1835 juventus
3345 1776 3439 1821 aut
3468 1775 3653 1821 matu-

1985 1854 2030 1912 Β
2060 1853 2156 1905 tiui
2191 1852 2330 1907 roris
2358 1854 2643 1921 conceptio
2689 1853 2865 1907 reddit
2910 1853 3185 1908 candidas.
3247 1853 3356 1909 llas
3395 1863 3653 1912 senectus

2059 1946 2143 2003 vel
2189 1945 2531 2015 vespertinus
2580 1960 2675 1999 aer
2721 1945 2892 2015 gignit
2940 1937 3219 2001 obscuras.
3294 1946 3650 2015 Margaritntn

2059 2037 2287 2107 mystice
2318 2035 2590 2106 significat
2617 2033 2991 2106 erangelicam‘
3014 2036 3316 2089 doctrinam
3349 2035 3462 2089 sive
3491 2049 3657 2103 spem

2061 2128 2211 2197 regni
2253 2127 2547 2190 cmlornm,
2589 2126 2675 2181 vel
2713 2127 3038 2181 cbaritatem
3075 2136 3129 2179 et
3163 2126 3501 2179 dulcedinem
3532 2140 3649 2178 cm-

2030 2216 2213 2275 ‘lestis
2258 2208 2413 2273 vitae.
2473 2214 2627 2270 Unde
2677 2215 2875 2282 legitur
2924 2216 2974 2268 in
3031 2213 3339 2285 evangelica
3391 2213 3653 2283 parabola

2061 2288 2275 2375 (Matth.
2304 2303 2431 2374 xm)
2465 2304 2532 2357 de
2562 2304 2779 2356 homine
2807 2312 3082 2371 quaerente
3101 2304 3270 2356 bonas
3302 2304 3649 2372 margaritas,

2061 2394 2236 2462 quod,
2287 2393 2501 2447 inventa
2549 2406 2652 2446 una
2700 2392 2935 2461 pretiosa
2986 2392 3314 2461 margarita,
3360 2393 3557 2445 abierit
3594 2399 3653 2445 et

2061 2483 2364 2538 vendiderit
2412 2476 2593 2537 omnia
2636 2498 2755 2551 quae
2787 2482 3083 2546 habuerat,
3124 2492 3179 2543 et
3223 2484 3418 2537 emerit
3457 2497 3659 2555 agrum

2062 2574 2249 2638 illum;
2290 2573 2414 2642 quia
2455 2573 2547 2641 qui
2586 2572 2825 2626 caelestis
2851 2572 2975 2627 vita:
3004 2571 3341 2625 dulcedinem
3370 2570 3443 2641 (in
3473 2586 3658 2640 quan-

2063 2670 2176 2714 tum
2207 2660 2539 2730 possibilitas
2583 2660 2843 2730 admittit)
2892 2658 3131 2729 perfecte
3172 2660 3515 2730 cognoverit,
3560 2674 3655 2726 ea,

2065 2767 2184 2820 qua:
2210 2752 2263 2805 in
2289 2750 2451 2805 terris
2480 2758 2781 2815 amaverat,
2813 2750 3047 2805 libenter
3074 2759 3271 2805 cuncta
3304 2749 3654 2818 derelinquit.

2064 2841 2121 2895 In
2153 2840 2559 2909 comparatione
2598 2840 2714 2909 ejus
2751 2838 3019 2893 vilescunt
3051 2839 3253 2893 omnia.
3307 2839 3521 2893 Deserit
3552 2840 3657 2897 hac

2064 2932 2198 2993 bita,
2229 2939 2551 2999 congregata
2584 2928 2875 2997 dispergit,
2926 2928 3219 2981 inardescit
3253 2928 3304 2980 in
3337 2926 3658 2984 etnlestibus

2065 3021 2307 3083 animus;
2361 3018 2437 3076 uil
2483 3019 2535 3070 in
2586 3017 2817 3070 terrenis
2863 3016 3027 3079 libet;
3066 3015 3304 3069 deforme
3333 3015 3655 3083 despicitur,

2069 3110 2324 3185 quidquld
2355 3110 2419 3161 de
2451 3115 2663 3164 terrena
2695 3107 2940 3176 placebat
2977 3106 3189 3175 specie;
3240 3106 3362 3173 quia
3390 3105 3503 3160 sola
3529 3120 3657 3175 pre~

390 3202 517 3269 quia
548 3202 614 3255 de
650 3184 825 3259 rubris
852 3202 1077 3272 gemmis
1115 3211 1199 3256 est
1223 3243 1237 3267 ,
1284 3210 1465 3273 potest
1494 3211 1793 3273 martyrum
1842 3184 2037 3271 pas»C
2071 3207 2206 3265 tlosa
2235 3204 2473 3262 cbarilas
2499 3202 2663 3272 fulget
2692 3202 2743 3257 ln
2774 3211 2974 3258 mente.

388 3295 595 3350 sionem
626 3293 955 3362 significare,
984 3295 1073 3364 qui
1122 3295 1263 3365 quod
1300 3295 1490 3366 spiritu
1522 3294 1703 3347 divino
1732 3294 1962 3359 incitati,

388 3384 514 3440 folia
557 3384 839 3441 verborum
878 3385 1185 3450 attrahunt,
1218 3398 1313 3455 per
1341 3400 1404 3438 ea
1436 3393 1809 3455 persecutores
1838 3400 1966 3439 suos

391 3476 596 3531 orando
630 3475 747 3530 'sive
774 3475 1111 3548 praedicando
1142 3475 1243 3529 sibi
1275 3475 1583 3537 conciliant,
1610 3482 1665 3528 ct
1692 3475 1759 3527 ad
1790 3475 1967 3533 unita-

391 3575 503 3625 tem
530 3566 652 3623 fldei
675 3566 993 3635 perducunt.
1026 3565 1259 3621 Achates
1282 3582 1515 3636 namque
1546 3567 1680 3635 lapis
1703 3568 1767 3622 de
1796 3568 1968 3636 nigris

390 3660 617 3728 gemmis
660 3670 764 3710 una
808 3666 919 3723 est,
964 3667 1177 3726 reperta
1209 3659 1440 3727 primum
1490 3658 1541 3711 in
1588 3658 1768 3713 Sicilia
1810 3659 1965 3727 juxta

391 3748 591 3804 fliituen
620 3736 862 3835 ejusde\m
898 3750 1154 3813 nominis,
1185 3759 1371 3820 postea
1402 3749 1647 3819 plurimis
1676 3750 1727 3807 in
1760 3750 1919 3803 terris
1949 3767 1963 3802 :

392 3850 478 3894 est
515 3852 695 3895 autem
734 3841 884 3911 nigra
905 3879 924 3908 ,
965 3842 1183 3897 habens.
1208 3842 1263 3894 in
1292 3840 1472 3894 medio
1498 3840 1732 3895 circulos
1763 3841 1964 3908 nigros,

392 3942 444 3985 et
480 3930 629 3985 albos
664 3929 883 4000 junctos
928 3939 985 3986 et
1027 3931 1284 3994 variatos,
1335 3929 1524 3984 simi-lis
1569 3929 1828 3985 hmmatiti
1860 3947 1877 3988 ε,
1924 3929 1970 3983 si

392 4020 655 4084 creditur,
711 4027 1058 4089 tempestates
1106 4019 1341 4086 avertit,
1390 4018 1607 4073 fiumina
1654 4019 1816 4074 sistit.
1871 4018 1968 4077 IIic

394 4109 558 4165 etiam
609 4108 729 4165 illos
776 4108 1082 4178 significare
1111 4116 1325 4179 potest,
1360 4108 1451 4176 qui
1485 4118 1705 4178 preptcr
1734 4108 1968 4163 cmlcstis

393 4197 872 4256 vit-.etlesiderium
903 4197 1213 4266 despectum
1260 4199 1445 4252 mundi
1481 4199 1723 4263 habent,
1773 4208 1828 4253 et
1880 4216 1970 4255 co-

395 4303 581 4341 ronam
625 4288 747 4345 vita:
790 4296 1102 4356 exspectant
1131 4296 1364 4345 aeternas.
1421 4288 1687 4343 Corallius
1736 4291 1972 4358 gignitur

393 4377 447 4430 in
480 4377 637 4439 mari,
669 4375 840 4434 forma
874 4392 1139 4439 ramosus,
1178 4377 1360 4435 colare
1388 4378 1594 4443 viridis,
1644 4389 1699 4435 et
1738 4380 1972 4440 maxime

392 4469 612 4529 rubens,
642 4482 793 4521 vena:
821 4468 937 4538 ejus
965 4469 1204 4529 candida:
1233 4470 1332 4525 sub
1360 4485 1497 4541 aqua
1525 4480 1581 4526 ct
1620 4472 1807 4529 molles
1832 4490 1843 4523 :
1877 4487 1969 4525 ex-

2624 3311 2919 3370 CAPUT
2985 3311 3095 3369 IX.

2667 3384 2740 3437 De
2764 3382 3045 3455 crystallis.

2142 3477 2439 3552 Crystallus
2486 3474 2836 3547 resplendens
2874 3482 2929 3527 et
2982 3486 3219 3541 aquosus
3264 3468 3447 3525 colore
3488 3468 3663 3523 tradi-

2073 3581 2178 3634 tur,
2209 3569 2350 3639 quod
2386 3567 2475 3621 nix
2524 3566 2597 3620 sit
2640 3564 2810 3634 glacie
2852 3564 3045 3616 durata
3079 3575 3174 3628 per
3205 3573 3399 3621 annos,
3432 3558 3577 3611 unde
3604 3564 3663 3611 et

2070 3676 2265 3716 nomen
2298 3660 2347 3714 ei
2380 3657 2552 3713 (ἰτωεί
2584 3654 2867 3709 dederunt.
2917 3652 3168 3721 Gignitur
3198 3657 3378 3702 autem
3428 3648 3483 3701 in
3530 3648 3662 3700 Asia

2071 3750 2355 3820 etCypro:
2386 3746 2619 3800 maxime
2647 3746 2698 3799 in
2726 3744 3150 3812 septentrionum
3168 3738 3411 3807 Alpibus,
3436 3737 3528 3790 ubi
3559 3751 3661 3791 nec

2076 3848 2262 3897 testate
2304 3837 2383 3894 sol
2423 3834 2853 3889 ferventissimus
2900 3832 3213 3885 invenitur:
3264 3828 3493 3897 ideoque
3542 3828 3662 3899 ipsa

2074 3932 2324 3985 diuturna
2351 3936 2403 3979 ct
2430 3940 2632 3979 annosa
2660 3923 2855 3977 duritia
2881 3922 3057 3975 reddit
3087 3922 3226 3974 banc
3253 3910 3512 3991 speciem,
3540 3934 3663 3986 qmc

2073 4020 2361 4091 crystallus
2406 4018 2623 4071 dicitur.
2663 4014 2758 4068 llic
2804 4013 3085 4081 oppositus
3131 4010 3296 4063 radiis
3346 4008 3479 4062 solis
3525 4009 3665 4063 adeo

2072 4113 2214 4181 rapit
2245 4110 2545 4171 flammant,
2580 4115 2640 4158 ut
2670 4105 2835 4159 aridis
2873 4102 3113 4172 Spongiis
3160 4099 3239 4153 vel
3290 4098 3432 4151 foliis
3482 4098 3663 4168 ignem

2072 4203 2328 4273 pradicet.
2358 4199 2497 4255 Usus
2523 4199 2638 4267 ejus
2662 4197 2824 4251 etiam
2850 4196 2915 4249 ad
2940 4193 3129 4262 pocula
3153 4191 3461 4246 destinatur
3486 4208 3498 4241 :
3528 4186 3667 4244 nihil

2077 4300 2254 4347 autem
2286 4288 2429 4343 aliud
2482 4302 2641 4357 quam
2689 4283 2941 4354 frigidum
2973 4284 3085 4354 pati
3123 4289 3322 4350 potest.
3361 4279 3665 4349 Crystalius

2075 4380 2360 4449 aliquando
2384 4378 2649 4448 significat
2668 4374 2916 4443 baptismi
2937 4379 3355 4433 sacramentum,
3372 4370 3668 4438 aliquando

2078 4470 2389 4523 firmitatem
2442 4474 2752 4522 sanctorum
2793 4464 3127 4534 angelorum,
3176 4460 3468 4530 aliquando
3496 4460 3664 4513 etiam

396 4567 602 4611 tractus
648 4556 929 4612 confestim
980 4559 1203 4611 duratur
1252 4568 1307 4615 et
1351 4524 1629 4625 rubescit;
1686 4524 2047 4631 tactusqueD
2074 4562 2498 4625 incarnationem
2537 4558 2893 4613 Dominicam.
2944 4555 3275 4623 Baptismum
3308 4552 3456 4605 enim
3497 4550 3669 4620 signi-

392 4647 643 4716 protinus
677 4646 979 4715 lapidescit.
1034 4646 1217 4716 Itaque
1255 4649 1506 4724 occupari
1547 4648 1809 4718 evelliquc
1844 4651 1971 4707 reti-

394 4739 495 4792 bus
524 4737 679 4801 solet,
704 4745 797 4792 aut
817 4737 928 4791 acri
952 4737 1281 4792 ferramento
1304 4740 1519 4807 prmcidi
1547 4754 1562 4792 :
1595 4756 1699 4807 qua
1724 4741 1789 4794 de
1812 4757 1971 4798 causa

393 4827 650 4883 corallius
679 4837 920 4886 vocatus.
978 4828 1247 4895 Quantum
1295 4830 1434 4897 apud
1479 4845 1577 4884 nos
1620 4831 1971 4902 margaritum

394 4917 635 4973 Indicum
665 4919 963 4987 pretiosum
993 4926 1076 4977 est
1100 4960 1114 4983 ,
1170 4927 1377 4974 tantum
1415 4921 1552 4990 apud
1599 4920 1757 4974 Indos
1794 4920 1970 4975 coral-

394 5006 548 5062 lium.
590 5008 747 5067 liunc
776 5008 935 5078 magii
966 5006 1279 5063 fulminibus
1310 5009 1559 5066 resistere
1590 5007 1854 5063 aflirmant
1875 5049 1887 5070 ,
1924 5010 1967 5063 si

396 5096 656 5151 creditur.
691 5097 791 5153 Hic
827 5112 956 5171 ergo
992 5098 1127 5168 lapis
1154 5115 1341 5154 eorum
1383 5100 1607 5170 figuram
1652 5101 1844 5154 merito
1872 5116 1967 5154 ex—

393 5191 614 5259 primit,
642 5191 732 5260 qui
764 5190 830 5250 de
867 5190 1033 5245 m‘aris
1070 5190 1349 5257 fluctibus,
1379 5194 1482 5247 hoc
1508 5200 1622 5257 est,
1654 5195 1718 5247 de
1746 5195 1972 5249 mollitie

392 5280 672 5339 saecularis
700 5282 1128 5339 conversationis
1158 5284 1448 5348 abstracti,
1478 5299 1577 5353 per
1602 5286 1767 5347 robur
1792 5287 1970 5346 conti-

394 5374 596 5431 nentia:
636 5374 968 5439 durescunt,
1012 5383 1066 5429 et
1110 5374 1433 5431 soliditatem
1482 5384 1645 5431 recta:
1693 5375 1854 5441 fidei,
1906 5392 1971 5431 ac

394 5466 658 5520 bonorum
689 5480 912 5533 operum
952 5466 1201 5523 decorem
1241 5466 1293 5519 in
1333 5480 1390 5521 se
1426 5467 1756 5520 ostendunt:
1799 5468 1871 5521 ita
1911 5476 1972 5521 ut

398 5557 758 5613 sanctissimis
782 5556 915 5609 viris
949 5555 1142 5609 merito
1179 5556 1302 5610 inde
1343 5556 1681 5626 complacere
1724 5567 1966 5627 possunt.

397 5648 731 5704 Alabandina
771 5646 910 5701 dicta
953 5646 1022 5699 ab
1059 5645 1333 5699 Alabanda
1366 5645 1507 5699 Asize
1553 5646 1789 5717 regione,
1842 5663 1969 5717 pur-

398 5751 546 5812 purae
574 5728 787 5810 aspectu
819 5735 1029 5813 similis.
1086 5735 1188 5792 Istc
1220 5735 1270 5789 in
1301 5734 1519 5791 Oriente
1554 5736 1674 5807 igne
1710 5737 1968 5809 liquatur,

2070 4656 2195 4709 ficat
2236 4653 2291 4709 in
2330 4651 2440 4713 illo,
2478 4649 2619 4718 quod
2663 4649 2714 4701 in
2753 4645 3075 4719 Apocalypsi
3120 4643 3383 4710 scriptum
3428 4651 3557 4694 est:
3598 4638 3667 4693 In

2070 4752 2341 4810 conspectu
2371 4740 2506 4793 sedis
2534 4748 2783 4807 tamquam
2807 4751 2951 4791 mare
2974 4734 3193 4786 vitreum
3214 4729 3385 4782 simile
3410 4728 3667 4798 crystallo

2070 4833 2253 4902 (Apoc.
2286 4830 2379 4899 iv).
2419 4830 2646 4897 Propter
2675 4827 2831 4881 fidem
2856 4824 3100 4881 veritatis
3123 4821 3397 4891 Baptisma
3430 4818 3671 4872 refertur

2078 4921 2143 4975 ad
2176 4922 2391 4984 vitrum,
2434 4919 2485 4973 in
2522 4934 2629 4986 quo
2661 4933 2766 4974 non
2798 4915 2942 4969 aliud
2972 4915 3184 4968 videtur
3229 4910 3473 4964 exterius
3500 4923 3667 4977 quam

2078 5012 2217 5082 quod
2266 5018 2439 5081 gestat
2487 5008 2731 5062 interius.
2785 5004 3053 5079 Crystallu
3100 5016 3350 5075 quoque,
3405 4999 3551 5067 quod
3601 4999 3669 5051 de

2078 5120 2215 5174 aqua
2272 5103 2324 5161 in
2376 5101 2599 5171 glaciem
2650 5108 2705 5153 ct
2748 5098 2978 5168 lapidem
3039 5095 3332 5163 pretiosum
3387 5089 3665 5152 efficitur,

2076 5192 2326 5261 baptismi
2357 5189 2527 5259 gratia
2567 5188 2846 5259 figuratur.
2886 5185 3038 5251 Quod
3068 5192 3245 5236 autem
3274 5180 3566 5251 crystallus
3593 5179 3671 5232 si-

2078 5286 2296 5356 gnificet
2345 5284 2668 5337 soliditatem
2718 5279 3063 5349 angelorum,
3112 5274 3196 5329 vel
3232 5273 3668 5353 incarnationem

2078 5378 2409 5435 Dominicam
2434 5416 2448 5439 ,
2498 5374 2551 5428 in
2593 5374 2683 5427 illo
2714 5370 3024 5424 testimonio
3051 5366 3350 5421 Ezechielis
3382 5364 3670 5434 propheta

2073 5469 2353 5539 probatur,
2401 5481 2507 5539 quo
2549 5464 2663 5518 ait:
2702 5461 2769 5515 Et
2811 5460 3099 5514 similitudo
3142 5475 3298 5526 super
3328 5457 3506 5523 capita
3547 5454 3670 5507 smi—

2075 5558 2288 5613 malium
2320 5555 2656 5623 firmamenti,
2687 5553 2837 5623 quasi
2861 5562 3098 5621 aspectus
3128 5548 3364 5616 crystalli
3395 5546 3668 5600 horribilis

2075 5658 2123 5702 et
2167 5648 2361 5701 extenti
2413 5663 2571 5717 super
2614 5646 2785 5715 capita
2835 5659 3014 5698 eorum
3068 5641 3288 5709 desuper
3331 5640 3555 5707 (Ezech.
3602 5639 3665 5707 ι).

2074 5737 2301 5793 Possunt
2323 5738 2465 5793 enim
2499 5734 2820 5791 firmamenti
2844 5733 3059 5795 nomine
3087 5730 3336 5787 cwlcstes
3361 5740 3669 5803 potestates

3896 2572 3909 2693 Ι

3896 2746 3912 3296 ἓ

3896 3348 3913 4048 ξ

3898 4092 3919 4621 1

3908 4726 3918 4885 !
