3922 6332
192 395 297 453 4⁸13

1154 398 1242 452 DE
1284 395 1628 453 UNIV'ERSO
1662 394 1842 451 LIBRI
1882 395 2044 449 XXII.
2086 425 2149 435 -
2186 395 2315 451 LIB.
2356 398 2519 453 XVII.

3373 364 3479 450 ris

201 508 445 581 intelligi.
492 506 649 577 Quod
687 510 1085 565 ﬁrmamentum
1135 519 1278 564 recte
1327 511 1482 579 quasi
1534 519 1862 580 aspcctusA
1891 511 1983 565 Dei
2048 513 2369 566 sententiam
2427 514 2476 566 iu
2539 512 2644 566 ﬁne
2689 521 2939 567 servatur
2983 510 3235 565 inﬁnito:
3286 510 3378 579 qui
3424 508 3479 563 in

202 603 399 657 dicitur
420 600 664 669 crystalli
691 619 704 654 :
736 601 860 669 quia
890 600 1140 653 videlicet
1164 599 1477 668 crystallum
1505 600 1643 653 forte
1670 599 1788 668 qui,

203 693 325 747 dem
351 690 511 745 nimis
540 699 623 744 est
649 731 663 754 ,
716 691 811 744 sed
860 705 926 743 ex
962 704 1100 758 aqua
1137 688 1426 743 solidatum
1455 706 1467 741 :
1512 697 1565 744 et
1595 696 1787 742 natura

200 782 447 852 angelica
474 783 692 851 quando
719 792 904 838 creata
943 782 1173 836 liberum
1215 781 1495 835 arbitrium
1536 781 1783 851 accepit;

200 880 261 924 ut
288 881 467 925 utrum
492 872 651 927 vellet
679 874 732 926 in
762 872 1063 926 humilitate
1091 872 1383 941 persistere
1425 881 1478 925 et
1508 872 1561 926 in
1609 874 1786 926 omni-

198 961 437 1031 potentis
466 960 559 1016 Dei
602 970 821 1031 aspectu
853 976 1206 1031 permanere,
1254 977 1322 1013 an
1366 961 1433 1014 ad
1477 961 1785 1031 superbiam

200 1052 501 1116 laberetur,
534 1060 590 1106 et
627 1067 657 1104 a
693 1051 1027 1105 beatitudine
1057 1051 1309 1114 caderet,
1352 1066 1449 1121 per
1473 1051 1787 1107 similitudi-

197 1159 325 1197 nem
367 1158 508 1212 aqua
542 1142 662 1197 fuit.
719 1142 825 1197 Sed
857 1144 1017 1211 quia,
1064 1143 1385 1198 cadentibus
1414 1143 1567 1209 aliis,
1610 1144 1787 1213 angeli

195 1236 372 1289 sancti
423 1238 476 1289 in
522 1252 619 1291 sua
666 1237 1004 1291 beatitudine
1035 1238 1429 1306 perstiterunt,
1478 1246 1641 1305 atque
1686 1238 1787 1291 hoc

194 1339 525 1396 acceperunt
560 1329 613 1382 in
654 1343 903 1393 munere,
951 1339 1012 1383 ut
1039 1330 1154 1400 jam
1190 1331 1388 1384 cadere
1423 1329 1648 1383 omnino
1678 1344 1785 1382 non

193 1420 438 1486 possint:
466 1420 518 1473 in
544 1420 625 1474 eis
650 1429 844 1473 natura
873 1436 993 1483 sua,
1016 1420 1141 1487 quia
1164 1418 1279 1485 jam
1308 1419 1428 1473 duci
1458 1418 1789 1471 mutabiliter

195 1524 303 1561 non
336 1518 542 1577 potest,
579 1509 733 1578 quasi
767 1509 834 1585 ad
864 1509 1151 1577 imaginem
1183 1508 1423 1579 crystalli
1452 1508 1650 1562 durata
1681 1516 1783 1561 est.

194 1596 329 1652 Item
362 1599 596 1653 humana
627 1607 819 1653 natura
849 1600 1165 1667 priusquam
1194 1614 1223 1652 a
1251 1598 1509 1653 Creatore
1543 1597 1784 1652 omnium

191 1688 593 1758 susciperetur,
644 1698 786 1744 terra
837 1698 973 1744 crat.
1040 1688 1175 1743 Nam
1227 1689 1627 1745 ﬁrmamentum
1672 1705 1781 1743 non

188 1792 311 1835 erat
335 1800 349 1813 -
389 1782 632 1852 peccanti
660 1783 857 1853 quippe
886 1783 1090 1837 homini
1117 1781 1323 1835 dictum
1353 1789 1475 1835 est:
1512 1780 1676 1838 Terra
1707 1797 1783 1843 es,

1891 603 2143 673 passione
2190 602 2485 657 Salvatoris
2534 603 2821 657 dixerunt:
2874 600 3107 667 Sanguis
3159 601 3274 669 ejus
3326 614 3485 669 super

1893 710 1985 746 nos
2023 704 2069 746 et
2105 709 2261 756 super
2296 692 2435 759 ﬁlios
2474 703 2678 745 nostros
2710 691 2923 761 (Matth.
2959 688 3148 758 xxvtt).
3196 690 3367 743 Aliter
3412 690 3481 743 de

1890 780 2026 835 Juda
2073 782 2352 851 proditore
2401 790 2456 834 et
2502 781 2846 835 consortibus
2890 780 3007 849 ejus
3055 780 3257 832 dictum
3305 777 3480 847 accipi

1890 881 2097 943 potest,
2147 873 2213 926 de
2254 888 2360 940 quo
2394 872 2606 925 Veritas
2645 873 2758 925 ait:
2807 870 2982 925 Filius
3028 872 3255 923 hominis
3300 871 3441 923 vadit
3470 910 3485 938 ,

1888 963 2022 1016 sicut
2071 964 2320 1031 scriptum
2353 971 2426 1015 est
2461 962 2525 1013 de
2556 961 2687 1013 illo:
2722 980 2794 1014 ea:
2824 973 2996 1014 autem
3029 961 3231 1014 homini
3268 960 3349 1014 illi
3395 978 3489 1030 per

1888 1072 2037 1123 quem
2069 1054 2345 1105 tradetur:
2390 1053 2577 1105 melius
2619 1063 2729 1106 erat
2774 1069 2821 1105 et
2866 1053 2910 1104 si
2956 1062 3111 1104 natus
3159 1068 3262 1105 non
3300 1052 3486 1121 fuisset

1889 1148 2042 1200 homo
2070 1147 2157 1200 ille
2187 1145 2403 1217 (Matth.
2435 1143 2608 1207 xxvi).

2478 1257 2761 1313 CAPUT
2820 1256 2865 1312 Χ

2546 1328 2626 1382 De
2663 1329 2817 1381 uitro.

1961 1419 2175 1474 \‘itrum
2231 1420 2462 1484 dictum,
2512 1418 2657 1489 quod
2702 1416 2840 1471 visui
2885 1413 3274 1487 perspicuitate
3311 1423 3487 1471 trans-

1890 1511 2085 1565 luceat.
2138 1512 2193 1565 ln
2232 1510 2352 1564 aliis
2392 1510 2537 1564 enim
2579 1508 2830 1570 metallis,
2862 1506 3124 1577 quidquid
3155 1507 3488 1560 intrinsecus

1889 1603 2217 1665 continetur,
2259 1600 2640 1664 absconditur;
2689 1600 2743 1653 in
2789 1600 2928 1651 vitro
2970 1612 3101 1652 vero
3148 1597 3377 1667 quilibet
3417 1596 3486 1649 li-

1890 1711 2027 1765 quor
2060 1695 2143 1749 vel
2184 1694 2415 1763 species,
2462 1691 2638 1760 qualis
2676 1699 2760 1745 est
2794 1691 3047 1754 interius,
3083 1690 3205 1743 talis
3244 1689 3488 1743 exterius

1891 1788 2197 1843 declaratur
2253 1796 2308 1840 et
2365 1783 2773 1869 quodammodq
2809 1782 3025 1837 clausus
3071 1792 3266 1850 patet;
3331 1778 3487 1847 cujus

188 1880 239 1923 et
275 1873 331 1924 in
363 1881 557 1925 terram
588 1873 685 1926 ibis
716 1871 867 1943 (Gen.
896 1872 999 1942 tu).
1059 1871 1130 1925 At
1178 1880 1463 1941 postquam
1509 1879 1783 1938 assumpta
1814 1882 1861 1940 Β
1888 1878 2039 1948 origo
2081 1878 2197 1931 hzec
2238 1874 2459 1935 l‘uit.,lu
2494 1883 2648 1943 parte
2689 1872 2881 1943 Syri;e,
2923 1887 3043 1940 qu;e
3084 1870 3364 1925 thnicis
3388 1885 3487 1924 vo-

188 1972 276 2015 est
307 1963 377 2016 ab
408 1972 633 2017 auctore
662 1963 905 2018 omnium
929 2004 943 2026 ,
962 1950 1155 2031 'atque
1186 1962 1239 2015 iu
1269 1961 1424 2016 cmlis
1464 1959 1742 2015 sublevata
1765 2000 1780 2023 ,

186 2063 246 2107 et
291 2069 456 2123 super
489 2054 708 2124 angelos
758 2054 959 2107 ducta:
1012 2048 1413 2106 ﬁrmamentum
1466 2050 1609 2105 facta
1657 2059 1781 2113 est,

187 2158 314 2211 quae
340 2153 483 2197 terra
516 2141 637 2196 fuit.
700 2141 807 2196 Sed
838 2142 1275 2202 ﬁrmamentum,
1319 2140 1461 2210 quod
1498 2140 1782 2209 aspicitur,

186 2230 349 2298 cujus
385 2232 621 2286 habebat
649 2232 1093 2296 similitudinem,
1147 2230 1501 2296 subinfertur,
1541 2246 1663 2285 cum
1700 2230 1783 2283 di-

184 2325 371 2376 citur:
409 2323 575 2389 Quasi
619 2334 856 2391 aspectus
896 2324 1134 2394 crystalli
1174 2323 1439 2377 horribilis
1472 2322 1687 2394 (Ezeclt.
1723 2321 1779 2392 I).

184 2412 519 2483 Crystallum
552 2415 712 2485 (sicut
744 2416 947 2469 dictum
999 2414 1104 2485 est)
1152 2430 1219 2468 ex
1268 2431 1409 2483 aqua
1454 2414 1785 2485 congclascit

184 2512 244 2575 et
276 2505 558 2558 robustum
590 2506 668 2558 ﬁt.
724 2505 940 2560 Scimus
991 2521 1119 2574 ergo
1148 2514 1351 2575 quanta
1383 2506 1453 2559 sit
1490 2520 1644 2573 aqua:
1672 2519 1789 2558 mo-

186 2594 395 2649 bilitas.
430 2596 637 2666 Corpus
658 2606 839 2651 autem
867 2597 1246 2667 Redemptoris
1271 2597 1439 2651 nostri
1465 2597 1590 2666 quia
1617 2609 1786 2663 usque

185 2686 258 2739 ad
303 2696 533 2739 mortem
582 2688 819 2756 passioni
871 2686 1178 2754 subjacuit,
1231 2703 1386 2757 aqua:
1427 2676 1601 2741 simile
1628 2685 1784 2754 juxta

187 2760 397 2845 aliquid
430 2774 530 2829 fuit
558 2795 569 2829 :
607 2778 730 2844 quia
764 2778 1055 2838 nascendo,
1089 2778 1406 2841 crescendo,
1440 2776 1784 2832 lassescendo

182 2875 246 2923 et
284 2868 598 2936 esuriendo,
629 2870 883 2933 sitiendo,
916 2870 1218 2933 moriendo,
1254 2883 1426 2939 usque
1467 2868 1531 2922 ad
1572 2868 1783 2938 passio-

186 2972 319 3011 nem
363 2973 461 3027 per
501 2968 772 3011 momenta
817 2968 1120 3028 temporum
1161 2958 1496 3012 mutabiliter
1523 2958 1782 3012 decurrit.

183 3048 346 3117 Aqua
381 3064 509 3118 ergo
546 3050 598 3127 in
632 3050 946 3121 crystallum
974 3065 1129 3103 versa
1171 3058 1255 3103 est
1283 3067 1296 3113 ;
1344 3047 1562 3118 quando
1596 3065 1788 3103 corru-

182 3140 397 3213 ptionis
433 3140 549 3207 ejus
589 3140 876 3193 iutirmitas
914 3155 1008 3209 per
1039 3140 1491 3194 resurrectionem
1532 3154 1684 3194 suam
1716 3139 1781 3193 ad

1888 1977 2045 2023 catur
2074 1966 2300 2020 ﬁnitima
2329 1962 2711 2028 Jud:e:e,circa
2746 1962 2985 2016 radicem
3006 1962 3203 2016 montis
3218 1960 3483 2026 Carmeli,

1888 2057 2043 2126 palus
2084 2064 2204 2119 est,
2253 2070 2320 2108 es
2359 2070 2465 2122 qua
2509 2052 2748 2107 nascitur
2788 2051 2946 2105 Belus
2986 2052 3193 2113 amnis,
3242 2051 3487 2119 quinque

1888 2147 2117 2203 millium
2162 2161 2420 2215 passuum
2456 2144 2633 2214 spatio
2676 2144 2728 2197 in
2768 2157 2918 2196 mare
2961 2141 3132 2196 lluens
3167 2142 3322 2212 juxta
3362 2141 3489 2195 Pto-

1889 2238 2200 2300 lcmaidem,
2244 2237 2399 2306 cujus
2442 2251 2645 2297 arenae,
2694 2234 3018 2296 decurreute
3059 2232 3244 2297 fluctu,
3293 2248 3323 2285 a
3366 2247 3487 2285 sor-

1887 2330 2045 2383 dibus
2083 2328 2356 2381 eluuntur.
2405 2325 2542 2379 llinc
2587 2324 2731 2378 fama
2774 2332 2877 2383 cst,
2908 2322 3061 2393 pulsa
3101 2337 3242 2377 nave
3280 2336 3490 2375 merca-

1888 2430 2067 2476 torum
2094 2419 2241 2484 nitri,
2278 2433 2403 2472 cum
2440 2417 2673 2486 sparsim
2714 2431 2813 2485 per
2840 2415 2969 2469 litus
2991 2414 3183 2485 epulas
3206 2420 3487 2483 pararent,

1888 2526 1989 2565 nec
2026 2516 2213 2564 essent
2245 2524 2343 2578 pro
2373 2506 2684 2561 attollendis
2710 2506 2855 2560 vasis
2889 2505 3119 2575 lapides,
3149 2506 3334 2575 glebas
3360 2504 3490 2558 vitri

1890 2605 2013 2661 navi
2060 2600 2629 2671 suhdidisse:quibus
2674 2600 2953 2665 accensis,
3012 2599 3273 2667 permista
3322 2614 3491 2653 arena

1888 2696 2109 2756 littoris,
2160 2694 2558 2749 transluecutes
2603 2692 2728 2746 novi
2770 2690 3001 2759 liquoris
3046 2688 3268 2743 ﬂuxisse
3311 2688 3491 2752 rivos,

1888 2797 1945 2843 et
1971 2789 2111 2841 hanc
2139 2784 2303 2839 fuisse
2342 2784 2607 2855 originem
2636 2782 2781 2836 vitri.
2832 2781 2973 2845 Mox,
3004 2790 3063 2834 ut
3091 2788 3176 2833 est
3204 2779 3489 2849 ingeniosa

1887 2876 2108 2933 solertia
2138 2916 2153 2939 ,
2206 2890 2313 2929 non
2359 2873 2461 2926 fuit
2508 2880 2763 2927 contenta
2822 2871 2937 2925 solo
2982 2870 3128 2923 nitro
3157 2910 3171 2934 ,
3224 2871 3317 2925 sed
3365 2870 3492 2925 aliis

1888 2970 2143 3026 mixturis
2168 2969 2309 3022 hanc
2331 2976 2505 3021 artem
2532 2965 2771 3029 studuit;
2803 2964 3014 3019 levibus
3039 2962 3187 3017 enim
3214 2962 3493 3032 arilisque

1888 3059 2049 3129 lignis
2093 3058 2368 3126 coquitur,
2418 3054 2631 3122 adjecto
2675 3070 2842 3124 cypro
2881 3068 2945 3106 ac
2984 3052 3150 3113 nitro,
3194 3050 3494 3105 continuis-

1891 3164 1996 3220 que
2052 3148 2363 3203 formicibus
2420 3154 2479 3200 ut
2532 3161 2608 3200 ms
2670 3144 2915 3214 liquatur
2971 3158 3274 3210 massmque
3334 3142 3490 3196 ﬁant.

185 3230 617 3300 iucorruptiouis
668 3230 981 3283 ﬁrmitatem
1036 3238 1120 3284 est
1176 3230 1483 3283 immutata.
1544 3229 1782 3283 Adamas

1891 3243 2082 3297 Postea
2130 3258 2196 3296 ex
2244 3240 2441 3295 massis
2488 3253 2681 3292 rursus
2724 3235 2972 3291 funditur
3014 3235 3380 3296 in'otlieiuis,
3437 3246 3493 3289 ct

181 3318 407 3376 Indicus
438 3321 570 3390 lapis
600 3328 655 3373 et
689 3320 975 3373 indecorus
995 3361 1008 3384 ,
1061 3319 1430 3388 ferrugineum
1461 3318 1667 3375 habens
1693 3336 1784 3375 co-

181 3398 361 3465 lorem
418 3418 485 3467 .et
547 3410 889 3479 splendorem
937 3409 1201 3479 crystalli.
1268 3408 1551 3479 Nunquam
1602 3419 1781 3463 autem

183 3499 332 3555 ultra
384 3500 811 3570 magnitudinem
861 3498 1032 3553 nuclei
1080 3498 1309 3563 avellani
1358 3510 1627 3569 repertus.
1686 3499 1785 3555 llic

186 3590 321 3648 nulli
362 3590 505 3644 cedit
546 3590 809 3654 materia',
863 3605 962 3644 nec
1007 3582 1163 3643 l'erro'
1192 3590 1432 3657 quidem,
1483 3606 1582 3645 nec
1628 3592 1780 3661 igni;

184 3700 291 3739 nec
340 3700 576 3752 unquam
624 3684 922 3737 incalescit.
986 3684 1139 3738 Unde
1183 3692 1239 3735 et
1280 3699 1475 3737 nomen
1520 3684 1786 3753 interpre-

182 3772 395 3827 tatione
424 3772 610 3825 Gneca
650 3773 912 3826 indomita
955 3771 1043 3839 jus
1071 3770 1198 3843 [vis]
1245 3773 1472 3840 accepit.
1522 3772 1626 3827 Sed
1656 3775 1783 3827 duiu

183 3862 257 3918 sit
292 3863 546 3923 invictus,
576 3862 704 3917 ferri
734 3864 977 3932 ignisque
1004 3872 1371 3932 contemptor,
1402 3864 1611 3919 hircino
1639 3884 1785 3921 mim-

182 3960 339 4029 pitur
376 3956 639 4025 sanguine
686 3958 927 4021 recenti,
956 3965 1008 4010 et
1037 3956 1214 4011 calido
1243 3967 1566 4020 maceratur,
1598 3960 1785 4026 sicque

184 4048 376 4103 multis
420 4046 618 4101 ictibus
660 4045 790 4102 ferri
835 4046 1232 4118 perfrangitur.
1278 4046 1442 4115 Cujus
1479 4047 1781 4117 fragmenta

183 4138 495 4207 sculptores
537 4152 634 4209 pro
671 4138 900 4206 gemmis
938 4138 1294 4205 insignieudis
1338 4138 1783 4209 perl‘orandistrde

181 4238 436 4286 utuntur.
492 4226 591 4281 llic
635 4237 817 4281 autem
865 4228 1092 4282 dissidet
1136 4244 1258 4282 cum
1312 4239 1560 4299 magnete
1607 4232 1784 4301 lapi‘fe

181 4322 243 4376 in
295 4328 545 4383 tantum,
595 4328 654 4371 ut
688 4319 843 4388 juxta
888 4319 1097 4388 positus
1142 4318 1346 4374 ferrum
1391 4337 1497 4374 non
1544 4322 1785 4390 patiatur

178 4412 431 4471 abstrahi
472 4429 502 4465 a
541 4421 826 4481 tuagnete:
876 4421 968 4465 aut
1007 4413 1051 4467 si
1097 4414 1348 4468 admotus
1389 4430 1611 4485 magnes
1639 4431 1783 4469 com-

177 4508 573 4584 prehenderit,
620 4508 759 4580 rapit
798 4514 961 4576 atque
1000 4506 1193 4561 aufert.
1247 4507 1444 4562 Fertur
1477 4524 1691 4578 quoque
1730 4510 1780 4562 in

180 4599 379 4655 electri
413 4597 767 4652 similitudine
794 4612 1002 4651 venena
1030 4598 1461 4667 deprehendere,
1490 4609 1667 4653 metus
1692 4617 1782 4653 va-

180 4706 291 4747 nos
340 4688 630 4760 expellere,
682 4688 946 4743 maleﬁcis
991 4690 1250 4743 resistere
1292 4689 1522 4743 artibus.
1571 4689 1781 4745 Genera

177 4781 308 4851 ejus
337 4796 457 4834 sex.
505 4778 787 4850 Signiﬁcat
814 4789 994 4833 autem
1026 4781 1126 4833 iste
1154 4780 1292 4849 lapis
1318 4780 1574 4835 duritiam
1603 4783 1782 4837 cordis

174 4872 521 4936 Judzeorum,
560 4872 651 4941 qui
696 4871 1041 4926 indomabilis
1086 4882 1141 4926 et
1185 4872 1543 4927 intractabilis
1570 4889 1782 4944 semper

178 4967 252 5021 ad
295 4965 667 5034 pcenitenliam
706 4971 841 5018 erat.
894 4962 1046 5018 Unde
1094 4963 1164 5016 ita
1212 4963 1409 5033 legitur
1448 4964 1499 5018 in
1544 4963 1779 5019 Jcremia

178 5058 494 5129 propheta:
540 5053 823 5109 Peccatum
856 5054 977 5108 inde
1016 5055 1266 5124 scriptum
1308 5064 1381 5107 est
1423 5055 1557 5125 stylo
1592 5057 1780 5125 ferreo,

179 5153 241 5205 in
268 5164 446 5215 ungue
470 5146 811 5200 adamantina
834 5155 1106 5199 exaratum
1134 5161 1288 5213 super
1310 5144 1642 5200 latitudinem
1669 5165 1783 5200 cor-

180 5241 271 5293 dis
300 5255 481 5291 eorum
508 5235 643 5305 (Jer.
672 5237 830 5306 xvu).
884 5235 1175 5289 Peccatum
1220 5244 1401 5290 autem
1436 5234 1527 5302 jus
1575 5237 1779 5291 indele-

178 5330 297 5387 bile
338 5338 501 5399 atque
544 5328 625 5400 (ut
663 5330 738 5382 ita
774 5327 970 5398 dicam)
1000 5327 1140 5381 nulla
1183 5328 1392 5383 ratione
1434 5328 1779 5393 abolendum,

178 5420 450 5488 scriptum
488 5426 573 5472 est
610 5417 759 5487 stylo.
793 5418 990 5481 ferreo,
1038 5431 1217 5485 ungue
1262 5418 1629 5471 adamantiuo.
1678 5419 1782 5473 Per

178 5512 387 5583 stylum
428 5526 559 5579 ergo
605 5510 841 5563 ferreum
883 5508 1040 5562 fortis
1082 5511 1374 5574 sententia,
1414 5525 1510 5579 per
1548 5526 1780 5580 unguem

177 5617 318 5659 vero
360 5601 767 5655 adamantinqu
813 5600 1057 5669 signatur
1101 5600 1223 5653 linis
1270 5609 1525 5655 ﬂ‘lCt'lltlS.
1576 5600 1780 5656 Pecca-

181 5706 299 5753 tum
344 5712 477 5750 vero
522 5695 646 5749 inde
692 5694 831 5763 stylo
880 5692 1056 5747 ferreo
1106 5693 1159 5745 in
1206 5708 1381 5762 ungue
1428 5694 1780 5748 adamantina

181 5792 448 5861 scriptum
484 5784 721 5841 dicitur:
759 5784 881 5854 quia
921 5782 1073 5853 culpa
1111 5782 1419 5839 Judmorum
1459 5800 1554 5854 per
1586 5785 1777 5841 fort-an

1888 3336 2032 3389 aliud
2087 3333 2213 3387 llatu
2285 3334 2591 3404 ﬁguratur,
2660 3329 2809 3384 aliud
2862 3338 3022 3383 torno
3076 3329 3285 3388 teritur,
3346 3326 3491 3382 aliud

1887 3428 2097 3499 argenti
2125 3426 2281 3479 modo
2306 3424 2558 3478 caelatur:
2590 3422 2855 3493 tinguitur
2878 3421 3043 3475 etiam
3071 3419 3257 3473 multis
3290 3419 3490 3483 modis,

1888 3519 1961 3572 ita
1990 3528 2045 3571 ut
2072 3516 2394 3587 hyacinthos
2419 3513 2817 3583 sapphirosque
2841 3519 2895 3567 et
2916 3510 3120 3564 virides
3143 3510 3409 3570 imitetur,
3433 3518 3491 3565 ct

1888 3610 2143 3679 aayehes,
2170 3606 2255 3660 vel
2282 3606 2511 3659 aliarum
2541 3618 2879 3675 gemmarum
2914 3596 3129 3656 colo'rcs
3155 3615 3168 3652 :
3202 3616 3377 3670 neque
3408 3611 3492 3655 est

1888 3702 1989 3755 alia
2010 3698 2243 3767 speculis
2259 3696 2436 3767 aptior
2462 3694 2709 3749 materia.
2728 3685 2995 3747 Maximus
3024 3703 3203 3746 tamen
3229 3692 3405 3744 honor
3435 3690 3489 3751 io

1888 3793 2118 3845 candido
2165 3791 2308 3843 vitro
2329 3830 2341 3852 ,
2371 3788 2727 3858 proximoque
2754 3787 2806 3841 in
2834 3786 3079 3856 crystalli
3104 3784 3488 3839 similitudine.

1891 3882 2043 3937 Unde
2063 3892 2117 3935 et
2141 3882 2206 3933 ad
2232 3879 2526 3950 potandum
2562 3878 2769 3947 argenti
2795 3877 3011 3931 metalla
3045 3885 3099 3929 ct
3134 3877 3251 3929 auri
3290 3874 3491 3943 repulit

1887 3972 2273 4027 vitrum.0lim
2300 3972 2461 4023 liehat
2502 3980 2555 4021 et
2602 3970 2653 4022 in
2696 3969 2845 4022 Italia
2873 4009 2887 4032 ,
2940 3977 2997 4022 et
3042 3983 3139 4036 per
3178 3966 3382 4021 Gallias
3430 3978 3489 4021 ct

1887 4065 2245 4133 Hispaniam,
2296 4076 2461 4115 arena
2530 4060 2667 4122 alba,
2710 4060 3028 4114 mollissimi
3082 4060 3187 4129 pila
3242 4059 3493 4128 molaque

1890 4156 2185 4209 terebatur.
2233 4153 2444 4207 V'itrum
2490 4160 2670 4204 autem
2713 4152 2855 4219 quoi
2916 4151 3259 4219 baptismatis
3301 4167 3492 4205 sacra-

1888 4255 2129 4301 mentum
2164 4242 2453 4314 signiﬁcet,
2494 4243 2545 4295 in
2589 4257 2697 4310 quo
2731 4240 3004 4293 a-hlaimur
3043 4241 3109 4292 ah
3144 4243 3290 4293 omini
3329 4242 3493 4296 sorde

1886 4344 2262 4407 peccatorum,
2314 4343 2369 4388 et
2415 4335 2634 4402 puritati
2684 4334 3045 4393 restituimur,
3087 4333 3199 4401 jam
3238 4333 3491 4403 superius

1887 4432 2089 4486 dictum
2132 4439 2233 4483 cst.
2301 4426 2455 4481 Unde
2503 4427 2553 4477 in
2601 4425 2925 4494 Apocalypsi
2983 4425 3058 4477 ita
3114 4425 3381 4493 scriptum
3422 4424 3495 4480 de

1887 4528 2160 4574 structura
2188 4517 2425 4572 civitatis
2459 4530 2739 4584 supernae;
2777 4513 2901 4583 Ipsa
2930 4531 3049 4567 vero
3082 4515 3263 4567 civitas
3294 4530 3489 4567 aurum

1893 4608 2146 4662 mundum
2175 4606 2361 4661 similis
2391 4606 2524 4659 vitro
2553 4604 2749 4657 mundo
2772 4603 2957 4674 (Apoc.
2982 4604 3117 4675 xxi).
3163 4603 3405 4657 Ecclesia
3436 4606 3491 4660 in

1891 4716 2026 4755 auro
2060 4699 2347 4771 ﬁguratur,
2374 4711 2494 4765 qua:
2533 4696 2586 4749 in
2622 4693 2962 4749 candelabris
2990 4694 3170 4749 aureis
3205 4704 3259 4747 et
3292 4694 3494 4762 phialis

1891 4798 2113 4861 propter
2144 4787 2421 4858 sapientire
2457 4785 2662 4839 cultum
2697 4799 2838 4853 saepe
2870 4793 3083 4853 compta
3118 4783 3453 4838 describitur
3474 4803 3492 4840 :

1890 4884 2091 4936 vitrum
2135 4888 2315 4934 autem
2358 4878 2423 4932 ad
2473 4876 2631 4930 ﬁdem
2671 4891 2853 4928 veram
2898 4876 3120 4938 retulit;
3174 4876 3299 4944 quia
3346 4876 3493 4944 quod

1891 4973 2024 5026 foris
2049 4972 2281 5033 videtur,
2324 4969 2425 5022 hoc
2466 4976 2549 5021 est
2590 4976 2645 5020 et
2689 4967 2865 5032 intus;
2912 4978 2967 5021 ct
3003 4966 3133 5019 nihil
3171 4967 3491 5021 simulatum

1893 5073 1977 5118 est
2018 5072 2071 5117 et
2098 5054 2221 5116 non
2266 5060 2611 5129 perspicuum
2658 5059 2711 5111 in
2750 5058 2956 5112 sanctis
2991 5057 3254 5112 ccclesire.
3302 5056 3489 5113 Potest

1891 5163 1947 5207 et
1990 5152 2056 5205 ad
2103 5152 2228 5205 illud
2276 5159 2489 5218 tempus
2542 5148 2763 5211 referri,
2809 5164 2915 5215 quo
2975 5146 3079 5200 sibi
3124 5147 3355 5201 invicem
3398 5162 3489 5201 co-

1891 5244 2182 5314 git'tiones
2240 5240 2293 5294 in
2346 5239 2669 5294 alterutrum
2724 5239 3128 5308 perSpiciuutur
3184 5246 3241 5292 ct
3300 5238 3487 5293 decla-

1893 5343 2101 5388 rantur.

2459 5417 2746 5474 CAPUT
2802 5417 2908 5472 ΧΙ.

2494 5507 2572 5561 De
2603 5507 2849 5561 metallis.

1954 5599 2227 5656 Metallum
2250 5598 2453 5654 dictum
2478 5598 2790 5668 Crtcceapo
2815 5609 2903 5653 tou
2931 5596 3211 5664 metallan,
3228 5598 3372 5668 quod
3388 5615 3486 5653 na-

1882 5702 2002 5746 tura
2044 5688 2159 5757 cjus
2202 5705 2265 5744 ea
2310 5690 2404 5753 sit,
2450 5701 2509 5744 ut
2549 5690 2638 5744 ubi
2687 5706 2789 5743 una
2838 5704 2973 5744 vena
3020 5691 3356 5759 apparuerit,
3404 5690 3483 5745 ibi

1879 5797 2001 5854 spes
2047 5783 2117 5838 sit
2160 5783 2382 5839 alterius
2439 5783 2765 5856 inquirenJi.
2834 5781 3054 5853 Septem
3110 5794 3291 5837 autem
3349 5790 3481 5839 sunt
