3922 6360
425 448 533 506 475

1063 441 1122 496 Β.
1165 436 1418 494 RABANl
1456 435 1675 491 MAURI
1716 428 2034 487 ARClllEP.
2079 425 2383 482 MOGUN'P.
2427 424 2714 483 OPERUM
2753 429 2933 486 PARS
2971 428 3034 485 ll.

3585 429 3695 485 676

426 570 629 633 genera
666 553 1034 617 metallorum;
1085 565 1276 604 aurum
1299 589 1313 614 ,
1360 556 1642 617 argentum
1664 587 1677 605 ,
1731 561 1835 607 ms,
1885 543 1998 596 ele-
2030 542 2075 599 Λ
2105 539 2343 601 Aurum,
2384 537 2589 603 sancti,
2627 538 2692 591 de
2721 556 2828 608 quo
2860 541 2911 593 in
2939 540 3036 594 Joh
3068 538 3301 612 legitur:
3335 539 3411 594 Ab
3446 541 3698 611 aquilone

425 632 625 712 ctrum,
659 654 928 705 stantium,
961 642 1259 712 plumbum,
1304 645 1378 702 et,
1415 637 1555 706 quod
1589 637 1771 690 domat
1801 632 2003 698 omnia,

425 737 654 791 ferrum.

1026 819 1252 877 CAPUT
1290 818 1399 873 ΧΠ.

1090 911 1162 964 De
1194 927 1346 964 auro.

497 1004 700 1058 Aurum
749 1003 816 1057 ab
843 1001 996 1056 'aura
1045 1001 1272 1062 dictum,
1301 1002 1354 1054 id
1404 1007 1486 1053 cst
1534 1015 1564 1052 a
1605 996 1912 1066 splendore,
1943 1011 2008 1050 eo

424 1094 568 1162 quod
614 1107 932 1163 repercusso
955 1106 1082 1146 aere
1107 1091 1226 1160 plus
1253 1089 1474 1160 fulgeat.
1537 1088 1688 1143 Unde
1734 1095 1788 1142 et
1825 1087 2008 1156 Virgi-

423 1187 528 1240 lius
555 1203 568 1239 :

550 1275 771 1327 Discolor
794 1277 906 1324 inde
934 1277 1041 1324 auri
1065 1287 1155 1337 per
1181 1287 1338 1323 ramos
1361 1284 1476 1321 aura
1503 1271 1712 1322 refulsit.

426 1367 541 1424 Hoc
566 1377 688 1433 .est,
716 1368 970 1437 splendor
1014 1369 1162 1432 auri;
1213 1366 1458 1421 naturale
1495 1365 1786 1426 euimest,
1813 1372 1873 1416 ut
1899 1380 2011 1419 me-

425 1460 675 1514 tallorum
700 1457 951 1528 splendor
973 1459 1093 1529 plus
1114 1446 1318 1529 fulgeat
1351 1457 1470 1509 luce
1502 1454 1603 1507 alia
1640 1469 2006 1523 repercussus.

427 1551 566 1606 llinc
610 1557 664 1606 et
702 1551 912 1606 aurarii
972 1550 1140 1615 dicti,
1203 1538 1433 1618 qttorum
1477 1545 1654 1616 fulgor
1702 1546 2010 1615 splendidos

427 1643 625 1697 reddit.
684 1641 889 1695 Aurum
927 1641 1274 1710 ‘splendorem
1324 1637 1633 1708 sapientiae,
1676 1637 1759 1691 vel
1802 1635 2010 1691 intelle-

425 1740 570 1786 ctum
614 1731 913 1801 spiritalem
956 1745 1235 1784 sacrarum
1274 1729 1712 1798 Scripturarum,
1761 1727 1844 1781 vel
1885 1727 2012 1781 cha-

429 1825 607 1880 ritatis
649 1825 997 1880 eminentiam
1040 1825 1346 1894 significare
1390 1833 1606 1894 potest;
1656 1833 1714 1878 ut
1756 1833 1840 1879 est
1883 1822 2010 1876 illud

426 1914 484 1968 in
526 1915 734 1986 psalmo
769 1932 782 1968 :
828 1915 1005 1970 Astitit
1055 1916 1232 1984 regina
1275 1933 1306 1968 a
1347 1915 1546 1969 dextris
1589 1917 1692 1969 tuis
1735 1916 1788 1968 in
1826 1915 2011 1969 vestitu

427 2004 681 2058 deaurato
709 2004 882 2076 (Psal.
916 2004 1082 2076 XLIV).
1129 2005 1252 2060 ideo
1285 2021 1448 2076 supra
1473 2008 1704 2061 virtutes
1727 2006 1860 2060 alias
1889 2021 2011 2076 gra-

425 2094 502 2148 tia
541 2095 823 2150 charitatis
861 2097 1138 2165 apparuit;
1187 2097 1312 2166 quia
1348 2096 1528 2150 omnia
1566 2097 1683 2167 ejus
1716 2095 1891 2166 fulgor
1917 2110 2012 2149 ex-

428 2182 594 2248 cellit,
621 2193 676 2240 et
699 2185 978 2254 sapientia:
1006 2185 1186 2240 lumen
1211 2185 1704 2254 splendidissimum
1733 2194 1836 2251 est,
1866 2184 2009 2255 quod

429 2277 669 2330 maxime
715 2276 769 2330 in
809 2275 1210 2346 Scripturarum
1258 2277 1612 2332 meditatione
1657 2277 2008 2346 percipietur.

429 2364 688 2420 Obrizum
726 2380 917 2419 aurum
959 2367 1182 2432 dictum,
1227 2367 1369 2437 quod
1409 2367 1657 2422 obradiet
1683 2367 2008 2437 splendore:

429 2462 517 2512 est
555 2455 700 2526 enim
739 2454 938 2509 coloris
979 2455 1184 2524 optimi,
1217 2457 1366 2526 quod
1387 2455 1600 2511 Hebraei
1623 2455 2012 2527 opbaz,Gr:eci

430 2547 614 2602 cirron
658 2557 872 2604 vocant.
920 2549 995 2603 De
1038 2563 1171 2602 auro
1211 2559 1390 2603 autem
1435 2549 1621 2604 obrizo
1666 2549 1721 2603 in
1760 2547 1879 2612 Job,
1921 2549 2012 2603 ubi

432 2641 500 2696 de
557 2641 822 2712 sapientia
879 2642 1059 2696 divina
1103 2641 1384 2712 Scriptura
1441 2650 1873 2707 commemorat,
1937 2643 2012 2696 ita

430 2731 664 2801 legitur:
711 2729 833 2786 Non
875 2733 1088 2786 dabitur
1121 2749 1310 2786 aurum
1353 2733 1590 2787 obrizum
1630 2749 1724 2804 pro
1763 2750 1824 2787 ea
1867 2731 2009 2804 (Job.

429 2823 664 2892 xxvm);
726 2824 855 2893 quid
903 2839 1140 2894 namque
1182 2839 1279 2895 per
1323 2840 1514 2879 aurum
1559 2825 1846 2888 obrizum,
1908 2825 2013 2879 nisi

427 2914 601 2969 sancti
645 2914 820 2985 angeli
859 2913 1250 2986 designantur?
1294 2917 1385 2986 qui
1427 2925 1574 2971 recte
1613 2925 1668 2970 et
1703 2932 1893 2970 aurum
1923 2931 2017 2972 vo-

427 3016 623 3062 cantur
676 3008 962 3073 obrizum;
1027 3018 1258 3072 aurum,
1318 3009 1443 3078 quia
1509 3007 1712 3078 fulgent
1767 3008 2015 3064 claritate

421 3097 682 3166 justitiar;
735 3099 1004 3163 ohrizum,
1035 3100 1160 3168 quia
1189 3099 1391 3152 nullum
1432 3100 1728 3154 habuerunt
1772 3116 2011 3168 unquam

428 3188 736 3259 contagium
775 3189 965 3257 culp-.e.
1020 3187 1277 3246 Homines
1319 3205 1447 3243 vero
1477 3189 1912 3259 justi,,quandiu
1959 3191 2012 3244 in

433 3279 537 3332 hac
588 3293 754 3333 carne
803 3277 1140 3347 corruptibili
1193 3279 1493 3332 mortaliter
1536 3279 1725 3334 vivunt
1753 3321 1767 3344 ,
1819 3295 2012 3335 aurqu
2041 3259 2086 3322 (ἶ
2118 3240 2819 3347 521$".is?ffiiﬁ'flﬂw‘f

427 3368 646 3437 quidem
702 3382 821 3422 esse
878 3376 1123 3438 possunt,
1192 3369 1435 3424 obrizum
1481 3385 1603 3425 esse
1648 3371 1866 3424 omnino
1914 3387 2020 3425 non

430 3466 696 3528 possunt,
750 3459 874 3527 quia
931 3476 1158 3528 corpus,
1209 3461 1348 3530 quod
1394 3462 1778 3531 corrumpitur,
1831 3478 2021 3532 aggra-

430 3559 514 3602 ναι
552 3551 780 3603 animum
806 3563 824 3600 .'
857 3559 904 3603 et
943 3550 1181 3620 deprimit
1221 3560 1426 3604 terrena
1465 3551 1774 3605 inlzabitatio
1814 3569 2019 3605 sensum

431 3643 596 3697 multa
623 3644 929 3713 cogitantem
958 3643 1110 3713 (Sap.
1139 3644 1235 3714 ix).
1268 3645 1399 3698 Nam
1426 3645 1674 3713 quamvis
1701 3645 1754 3699 in
1786 3647 1885 3699 hac
1911 3646 2017 3698 vita

429 3748 499 3790 ex
546 3750 736 3804 magna
774 3731 996 3801 justitite
1035 3735 1278 3788 claritate
1320 3736 1770 3804 rCSpleudehaut:
1822 3749 2021 3806 nequa-

431 3840 597 3897 quam
628 3835 804 3880 tamen
840 3827 908 3879 ad
937 3842 1128 3895 purum
1157 3836 1502 3895 peccatorum
1534 3826 1782 3881 sordibus
1808 3835 2015 3881 carent.

431 3915 562 3972 Item
603 3917 656 3971 in
691 3921 878 3972 eodem
907 3918 1045 3973 libro
1073 3919 1265 3988 legitur
1292 3938 1304 3971 :
1347 3919 1406 3973 Si
1436 3918 1614 3985 putavi
1642 3934 1832 3969 aurum
1864 3917 2022 3994 robur

431 4025 624 4072 meum,
658 4019 704 4062 et
735 4009 911 4062 obrizo
941 4010 1073 4073 dixi,
1104 4009 1302 4077 ﬁducia
1331 4024 1446 4062 mea
1479 4007 1621 4078 (Job.
1651 4007 1825 4077 χχχι).
1881 4006 2019 4072 Quid

434 4097 487 4151 in
534 4098 634 4152 hoc
681 4097 798 4152 loco
842 4114 1031 4151 aurum
1070 4098 1387 4167 accipimus,
1432 4097 1533 4150 nisi
1577 4095 1818 4164 praeclari
1864 4095 2018 4149 intel-

432 4189 603 4245 lectus
643 4189 956 4260 ingenium?
1005 4190 1144 4256 Quid
1187 4190 1454 4252 obrizum,
1483 4189 1582 4242 nisi
1613 4198 1870 4253 mentem,
1897 4204 2017 4258 qua:

380 4337 384 4342 _
434 4281 562 4333 dum
612 4281 730 4349 igne
775 4279 977 4332 amoris
1017 4280 1357 4347 excoquitur,
1403 4294 1616 4347 semper
1653 4278 1706 4332 iu
1745 4292 1802 4332 se
1839 4287 2022 4331 servat

433 4370 740 4424 claritatem
809 4369 1226 4438 pulchritudinis
1295 4369 1607 4438 quotidiana
1673 4368 2020 4422 innovatione

422 4459 683 4516 terroris.
736 4460 919 4515 Nescit
962 4461 1104 4514 enim
1154 4475 1304 4514 meus
1346 4476 1445 4530 per
1485 4468 1756 4528 torporem
1805 4467 2016 4513 vetere-

432 4566 606 4614 scere,
635 4566 754 4620 qua:
803 4551 982 4605 studet
1010 4565 1105 4618 per
1134 4549 1457 4604 desiderium
1491 4563 1705 4617 semper
1741 4548 2014 4603 inchoare.

435 4642 622 4697 Sancti
657 4650 836 4695 autem
865 4640 961 4695 viri
997 4641 1161 4694 robur
1187 4655 1344 4693 suum
1377 4654 1565 4692 aurum
1595 4654 1700 4693 non
1727 4639 2013 4706 deputant:

430 4733 558 4801 quia
605 4731 938 4801 quantolibet
977 4730 1191 4801 ingenio
1235 4728 1490 4798 fulgeant,
1520 4728 1654 4782 nihil
1695 4743 1752 4782 se
1791 4743 1908 4782 esse
1950 4744 2017 4782 ex

435 4822 548 4876 suis
570 4822 777 4876 viribus
804 4830 1028 4890 pensant
1053 4838 1066 4874 :
1105 4829 1159 4874 et
1191 4836 1313 4874 cum
1347 4819 1550 4874 sentire
1575 4819 1755 4873 omnia
1779 4817 2020 4873 valenter

433 4914 663 4984 possint,
693 4914 842 4984 prius
887 4913 1182 4983 intelligere
1224 4913 1543 4982 semetipsos
1581 4911 1841 4981 cupiunt:
1881 4926 2018 4980 qua-

435 5014 593 5060 tenus
644 5004 822 5059 lumen
869 5004 1107 5073 ingenii,
1162 5019 1310 5060 more
1357 5004 1528 5069 solis,
1581 5004 1733 5073 prius
1786 5003 2021 5060 illustret

432 5096 631 5161 locum,
661 5096 712 5150 in
739 5112 848 5166 quo
889 5095 1083 5159 oritur,
1111 5103 1165 5149 et
1194 5096 1531 5164 postmodum
1555 5102 1773 5154 caetera,
1803 5095 1869 5149 ad
1899 5110 2018 5164 qua:

435 5185 775 5256 procedendo
809 5186 1098 5240 dilatatur:
1147 5199 1214 5239 ne
1249 5184 1292 5238 si
1331 5183 1655 5238 intendenda
1688 5198 2018 5252 cognoscen-

435 5281 520 5335 dis
561 5279 682 5334 aliis
725 5280 1042 5346 semetipsos
1090 5279 1369 5341 nesciant,
1419 5277 1491 5331 ibi
1533 5277 1662 5331 solis
1701 5277 1882 5330 radius
1927 5275 2017 5329 ubi

435 5370 631 5432 oritur,
659 5367 1014 5422 teuebrescat.
1061 5366 1190 5434 item
1225 5367 1278 5421 in
1314 5381 1447 5422 auro
1485 5366 1627 5420 Deus
1665 5365 2013 5434 intelligitur:

435 5463 576 5516 sicut
620 5463 674 5515 in
714 5459 952 5516 Canticis
997 5461 1326 5514 canticorum
1377 5476 1475 5531 pro
1519 5459 1737 5514 Christo
1779 5459 2016 5514 dicitur:

437 5549 606 5620 Caput
635 5562 809 5604 autem
837 5551 952 5619 ejus
983 5566 1172 5603 aurum
1201 5551 1450 5618 optimum
1481 5548 1654 5620 (Cant.
1685 5547 1758 5618 v).
1798 5548 1854 5602 In
1881 5547 2024 5616 Apo-

438 5642 579 5696 stolo
605 5659 616 5694 :
650 5641 816 5712 Caput
847 5652 1021 5695 autem
1051 5639 1248 5696 Christi
1277 5641 1416 5694 Deus
1449 5641 1498 5711 (Ι
1528 5640 1650 5694 Cor.
1678 5642 1776 5711 χι).
1815 5638 2020 5693 Aurum

439 5734 732 5802 Spiritualis
755 5744 838 5790 est
864 5751 1054 5790 sensus
1096 5736 1148 5788 in
1186 5734 1465 5803 Scriptura
1509 5735 1685 5788 divina
1716 5744 1774 5788 ut
1801 5733 1852 5786 in
1883 5733 2022 5803 psal-

440 5840 528 5879 lliO
554 5843 563 5879 :
602 5822 902 5882 Posteriora
932 5827 1075 5882 dorsi
1105 5828 1216 5898 ejus
1250 5829 1302 5883 in
1333 5827 1497 5882 rirore
1537 5827 1654 5882 auri
1681 5823 1852 5898 (Paul.
1887 5826 2019 5899 LXI).

2110 644 2299 680 aurum
2329 629 2494 680 veniet
2524 626 2675 702 (Job.
2698 629 2878 700 χχχι),
2924 630 2974 682 id
3004 637 3116 694 est,
3154 629 3409 700 Apostolo
3449 632 3696 700 gentium

2092 715 2295 788 '[Forte
2317 718 2486 769 omitt.
2512 719 2860 790 praedicante]
2888 720 3172 775 credentes
3197 723 3250 775 in
3273 722 3506 777 Christo.
3543 723 3612 778 Et
3640 726 3695 778 in

2109 806 2313 877 psalmo
2356 824 2368 859 :
2404 805 2567 871 Vivet,
2593 819 2639 860 et
2683 809 2894 861 dabitur
2917 809 2965 863 ei
3001 818 3066 862 de
3103 827 3236 864 auro
3276 811 3484 867 Arabia:
3515 811 3695 886 (Psal.

2109 915 2237 953 Lxxt
2264 899 2304 968 ).
2358 897 2563 954 Aurum
2615 901 2897 970 sapientia,
2943 901 3082 956 sicut
3114 903 3166 955 in
3200 902 3418 969 Exodo,
3447 905 3501 959 in
3532 921 3698 960 orna-

2110 999 2291 1043 mento
2316 989 2615 1043 sacerdotis
2653 990 2753 1045 hoc
2794 993 2968 1061 ipsum
3008 992 3187 1062 priore
3227 993 3282 1046 in
3323 993 3443 1048 loco
3491 997 3701 1050 habere

2109 1078 2434 1149 prtecipitur.
2476 1079 2704 1144 Aurum,
2740 1082 2953 1151 reprobi
2991 1084 3190 1151 quique
3234 1084 3376 1152 apud
3403 1083 3699 1138 Dominum

2112 1169 2320 1238 rejecti,
2355 1177 2409 1222 et
2435 1170 2849 1238 apudhoueines
2878 1173 3132 1238 electi,de
3163 1173 3433 1242 quibusin
3457 1173 3560 1228 Job
3598 1189 3705 1244 pro

2087 1259 2323 1342 .diaholo
2376 1259 2573 1312 dicitur
2625 1275 2639 1312 :
2687 1260 2890 1315 Stet-net
2927 1263 3027 1316 sibi
3078 1279 3269 1316 aurum
3329 1263 3480 1332 quasi
3523 1263 3701 1317 lutum

2112 1345 2253 1417 (Job.
2272 1347 2417 1417 xu);
2450 1357 2506 1402 et
2532 1350 2585 1402 in
2615 1347 2864 1405 Habacuc
2892 1369 2905 1404 :
2934 1350 3071 1405 Esca
3099 1353 3215 1422 ejus
3243 1352 3403 1408 electa
3431 1352 3601 1424 (Hab.
3631 1355 3700 1426 ι).

2713 1503 2938 1561 CAPUT
2978 1504 3117 1559 XIII.

2733 1594 2803 1650 De
2847 1606 3087 1666 argento.

2181 1702 2475 1772 Argentum
2506 1720 2611 1759 non
2659 1703 2813 1776 longe
2843 1723 2872 1760 a
2897 1706 3083 1763 Gratca
3112 1707 3471 1779 appellatione
3492 1710 3660 1764 distat
3684 1724 3701 1764 :

2112 1792 2213 1846 hoc
2239 1794 2384 1847 enim
2416 1793 2489 1847 illi
2519 1810 2773 1865 argyrum
2801 1805 3017 1850 vocant.
3052 1797 3148 1852 Cui
3180 1799 3378 1852 mirum
3400 1799 3453 1852 in
3476 1788 3700 1853 modum

2042 1909 2086 1967 Β
2113 1881 2243 1935 illud
2269 1881 2426 1946 inest,
2456 1891 2514 1936 ut
2542 1884 2666 1937 dum
2690 1884 2976 1962 candidum
3005 1886 3097 1952 sit,
3130 1887 3452 1956 impressum
3483 1888 3706 1958 corpori

2115 1970 2286 2026 lineas
2307 1972 2494 2042 nigras
2522 1974 2731 2028 reddat.
2754 1973 3052 2046 Argentum
3094 1976 3274 2030 vivum
3299 1977 3522 2044 dictum,
3553 1978 3702 2048 quod

2112 2063 2316 2118 excitat
2331 2065 2590 2119 materias
2629 2065 2682 2119 in
2704 2066 2901 2134 quibus
2921 2065 3191 2135 injicitur:
3211 2067 3315 2124 hoc
3339 2077 3396 2122 et
3410 2067 3709 2139 liquidum,

2116 2154 2242 2222 quia
2273 2153 2562 2224 percurrit.
2592 2153 2870 2212 invenitur
2898 2157 3208 2226 specialiter
3237 2158 3292 2211 in
3322 2157 3554 2212 metallis
3585 2158 3706 2212 sive

2117 2243 2170 2297 in
2193 2243 2517 2314 argentariis
2541 2243 2853 2299 fornacibus
2875 2253 3152 2316 guttarum
3175 2245 3519 2300 concretione
3546 2247 3708 2302 tectis

2117 2333 2384 2387 inhaerens
2425 2351 2437 2387 :
2479 2348 2618 2402 εωρο
2667 2334 2831 2388 etiam
2863 2343 2918 2388 et
2970 2334 3022 2388 in
3049 2345 3291 2390 stercore
3337 2336 3709 2391 vetustissimo

2115 2423 2438 2488 cloacarum,
2469 2424 2553 2479 vel
2577 2433 2864 2492 puteorum
2898 2425 3046 2480 limo.
3100 2423 3324 2495 Mystice
3371 2425 3424 2479 in
3477 2433 3708 2497 argento

2115 2512 2323 2583 eloquia
2373 2514 2553 2569 divina
2591 2515 2704 2570 sive
2735 2515 3040 2570 intellectus
3096 2515 3291 2569 litteras
3317 2515 3400 2570 vel
3463 2515 3709 2571 historia:

2115 2602 2461 2672 exprimitur,
2493 2612 2553 2658 ut
2574 2612 2658 2658 est
2703 2603 2834 2658 illud
2879 2604 2934 2658 in
2973 2604 3236 2674 propheta
3267 2613 3454 2659 contra
3478 2606 3705 2661 hazreti-

2116 2709 2208 2749 cos
2239 2711 2252 2748 :
2289 2695 2574 2764 Argentum
2597 2712 2769 2750 meum
2807 2706 2855 2750 et
2883 2713 3074 2750 aurum
3105 2713 3277 2751 meum
3303 2698 3495 2751 tulistis
3528 2709 3578 2751 et
3605 2714 3702 2765 po-

2115 2787 2296 2840 suistis
2343 2788 2398 2840 in
2445 2785 2676 2840 delubris
2706 2787 2904 2846 ,vestris
2951 2786 3108 2858 (Joel.
3139 2787 3258 2860 tu);
3287 2793 3341 2843 et
3371 2788 3424 2842 in
3456 2788 3708 2857 psalmo:

2118 2874 2366 2947 Eloquia,
2399 2877 2592 2946 inquit,
2622 2876 2834 2929 Domini
2862 2877 3068 2948 eloquia
3099 2889 3261 2942 casta,
3289 2889 3566 2950 argentum
3592 2880 3711 2947 igne

2115 2968 2473 3023 examinatum
2523 2977 2696 3032 terrm,
2727 2979 3006 3039 purgatum
3055 2969 3348 3039 septuplum
3381 2969 3559 3034 (Psal.
3589 2971 3705 3039 x1);

2117 3057 2360 3113 definivit
2383 3073 2480 3127 per
2505 3056 2915 3112 similitudinem
2940 3057 3139 3112 metalli
3167 3059 3406 3124 candidi,
3427 3061 3574 3129 quod
3602 3060 3713 3113 sint

2116 3150 2328 3220 eloquia
2351 3160 2498 3205 casta
2522 3148 2803 3219 argentum
2828 3159 2982 3204 terra:
3008 3149 3129 3219 igne
3150 3151 3542 3213 examinatum,
3569 3151 3714 3220 quod

2851 3239 3066 3308 quando
3099 3237 3363 3308 frequenti
3401 3240 3566 3293 fuerit
3618 3239 3714 3294 de-

2123 3329 2367 3383 coCtione
2415 3329 2731 3381 mandatum
2761 3345 2772 3379 :
2806 3326 3172 3380 examinatum
3200 3327 3430 3395 quippe,
3456 3327 3542 3381 vel
3583 3343 3713 3396 pur-

2122 3429 2301 3490 gatum
2353 3426 2541 3472 contra
2589 3416 2718 3471 illud
2757 3417 3007 3485 ponitur,
3045 3415 3185 3485 quod
3216 3416 3283 3469 de
3328 3417 3710 3485 peccatoribus

2121 3512 2197 3566 ait
2236 3528 2248 3564 :
2289 3509 2453 3562 Labia
2495 3509 2708 3572 dolosa,
2767 3509 2819 3561 in
2869 3509 3023 3561 corde
3070 3520 3116 3561 et
3163 3508 3317 3562 corde
3367 3507 3530 3562 locuti
3582 3520 3707 3562 sunt

2123 3599 2342 3668 (Ibid.);
2377 3609 2430 3654 et
2460 3607 2536 3663 ut,
2567 3614 2730 3666 quam
2769 3598 3059 3666 plurimum
3100 3597 3343 3659 distaret,
3367 3605 3714 3666 agnosceret,

2121 3689 2326 3743 addidit
2356 3699 2688 3761 :purgatum
2730 3686 3024 3755 septuplum
3048 3702 3065 3739 :
3092 3687 3182 3755 qui
3216 3700 3476 3740 numerus
3507 3687 3576 3741 ad
3619 3702 3712 3742 se-

2121 3778 2428 3849 ptiformcm
2460 3778 2709 3846 spiritum
2759 3777 2971 3830 videtur
3005 3775 3296 3845 pertinere,
3327 3775 3376 3828 id
3407 3784 3513 3841 est,
3549 3777 3711 3831 timo-

2123 3884 2235 3923 rem
2289 3868 2402 3930 Dei,
2431 3867 2711 3935 pietatem,
2743 3867 3024 3921 scieutiam
3045 3907 3060 3930 ,
3092 3865 3490 3932 fortitudinem,
3526 3868 3711 3922 consi-

2120 3958 2281 4024 lium,
2322 3958 2764 4029 iutclligentiam,
2797 3959 3138 4029 sapientiam.
3172 3959 3273 4013 Per
3317 3975 3437 4029 quae
3473 3961 3712 4032 (verbum

2120 4052 2360 4107 divinum
2402 4052 2456 4104 in
2495 4053 2775 4105 succensis
2820 4052 3148 4116 fornacibus,
3189 4067 3417 4106 manens
3462 4053 3714 4107 veritatis

2121 4142 2280 4195 rutila
2315 4140 2709 4195 coruscatione.
2755 4141 2886 4196 Item
2939 4151 3243 4213 argentum,
3276 4142 3387 4196 oris
3437 4142 3713 4197 confessio

2119 4233 2232 4287 sive
2262 4232 2520 4286 munditia
2547 4233 2832 4286 castitatis.
2859 4233 2914 4287 lu
2942 4233 3122 4288 Exodo
3147 4250 3159 4286 :
3194 4233 3398 4299 Omnis,
3427 4235 3520 4303 qui
3548 4237 3714 4302 perci-

2118 4323 2190 4390 pit
2221 4323 2393 4386 corde,
2431 4323 2617 4391 o/fcrat
2643 4324 2792 4375 initia
2838 4323 3062 4378 Domino
3091 4341 3283 4376 aurum
3332 4335 3379 4376 et
3433 4336 3714 4394 argentum

2118 4422 2164 4465 ct
2192 4422 2531 4466 (crumentum
2556 4411 2752 4480 (Exod.
2780 4414 2931 4483 xxv).
2963 4412 3196 4468 Rursum
3225 4423 3510 4485 argentum
3543 4431 3715 4484 popu-

2120 4504 2202 4558 lus
2233 4501 2538 4558 Iudaeorum
2576 4505 2628 4558 in
2659 4503 2894 4560 Ieremia
2923 4523 2936 4560 :
2975 4506 3261 4576 Argentum
3307 4507 3590 4574 reprobum
3623 4524 3715 4560 ro-

2045 4606 2095 4665 D
2123 4606 2234 4650 cate
2285 4613 2394 4660 eos,
2426 4597 2548 4666 quia
2587 4595 2842 4650 Dominus
2883 4596 3101 4666 projecit
3147 4612 3234 4649 eos
3266 4595 3399 4666 (Jer.
3451 4595 3547 4664 vi).
3581 4597 3716 4650 Item

2122 4699 2402 4758 argentum
2437 4703 2740 4742 sermonem
2783 4687 3185 4757 prmdicatiouis
3229 4685 3519 4755 significat.
3558 4685 3718 4740 Unde

2123 4777 2175 4831 in
2205 4779 2386 4832 Exodo
2407 4778 2668 4832 columna:
2692 4777 3024 4832 tabernaculi
3045 4777 3411 4848 deargeutata:
3441 4792 3562 4832 esse
3594 4793 3722 4849 pcr-

2125 4869 2398 4924 bibentur.

2709 4956 2938 5013 CAPUT
2977 4956 3115 5012 XIV.

2809 5068 2885 5122 De
2912 5086 3032 5123 (τι-ε.

2197 5181 2292 5238 Ais
2336 5196 2364 5234 a
2417 5180 2700 5249 splendore
2735 5179 2856 5232 teris
2906 5182 3187 5241 vocatum,
3236 5177 3376 5232 sicut
3407 5194 3606 5234 aurum
3665 5190 3720 5236 et

2124 5283 2426 5344 argentum.
2459 5272 2608 5342 Apud
2652 5270 2902 5340 antiquos
2937 5278 3115 5323 autent
3166 5269 3316 5338 prior
3359 5272 3486 5324 atris
3551 5287 3720 5340 quant

2127 5364 2255 5418 ferri
2299 5365 2548 5434 cognitus
2590 5376 2739 5415 usus.
2791 5359 2924 5416 Aire
2973 5361 3169 5431 quippe
3200 5361 3358 5431 'prius
3393 5363 3722 5429 proscinde-

2127 5457 2254 5510 hant
2286 5463 2509 5519 terram,
2535 5468 2642 5508 aere
2667 5452 2960 5507 certamina
2988 5451 3113 5506 belli
3141 5450 3404 5521 gerebant
3432 5469 3445 5504 :
3488 5459 3729 5522 eratque

2125 5547 2178 5602 in
2212 5548 2387 5617 pretio
2414 5546 2587 5615 magis
2610 5560 2702 5599 tes.
2725 5544 2929 5597 Aurum
2953 5557 3080 5598 vero
3104 5551 3158 5595 et
3183 5535 3726 5612 argentum'propter

2125 5639 2467 5694 inutilitatem
2499 5636 2907 5706 rejiciebantur;
2933 5648 3079 5688 nunc
3106 5647 3261 5688 versa
3293 5632 3410 5688 vice
3427 5632 3578 5701 jacet
3600 5649 3719 5688 aes:

2126 5746 2313 5784 aurum
2339 5730 2390 5783 in
2416 5742 2684 5782 summum
2708 5726 2872 5781 cessit
2893 5726 3174 5790 honorem,
3194 5725 3273 5779 sic
3292 5723 3557 5779 volvenda
3583 5732 3725 5780 :etas

2124 5833 2421 5883 coxmnutat
2480 5834 2716 5893 tempora
2763 5833 2967 5886 rerum,
2995 5827 3050 5873 ct
3097 5818 3236 5888 quod
3271 5816 3370 5872 fuit
3414 5816 3465 5870 in
3515 5815 3722 5887 pretio,
