3922 6318
148 436 252 496 47⁸1

1084 426 1173 482 DE
1214 421 1560 482 UNIVERSO
1598 420 1778 478 LIBRI
1818 419 1981 476 XXII.
2021 449 2093 462 —
2129 418 2258 474 LlB.
2295 417 2456 474 XVII.

3333 407 3440 464 I78

155 549 216 606 ﬁt
239 545 382 604 nullo
419 545 656 615 denique
697 542 912 598 honori.
946 540 1090 599 Usus
1135 538 1259 593 teris
1292 545 1480 607 postea
1533 533 1748 588 transiit
1777 537 1828 594 Α
1855 534 2124 605 signiﬁcat
2154 534 2208 588 in
2234 531 2442 595 Judwa,
2468 527 2621 597 cujus
2658 526 2896 581 Libanus
2922 539 3080 579 mons
3124 532 3226 588 est,
3256 521 3443 578 Eccle-

154 641 209 694 in
257 637 600 702 simulacris,
648 637 702 689 in
742 635 915 699 vasis,
960 633 1015 686 in
1052 629 1408 685 tediﬁciorum
1459 623 1748 679 structuris

156 733 409 793 maxime,
438 737 492 782 et
518 730 584 782 ad
610 727 1026 796 perpetuitatem
1053 727 1547 775 monumentorum.
1571 714 1749 768 Etiam

154 824 385 897 publica:
415 822 469 875 in
500 821 580 875 eis
628 817 1042 875 constitutiones
1085 811 1303 879 scripta:
1355 814 1501 863 sunt.
1536 805 1594 858 In
1641 817 1751 858 (ere

156 928 340 972 autem
368 915 609 978 vanitas,
641 913 724 967 vel
755 911 989 965 inanitas
1015 908 1137 962 ﬁdei
1168 903 1491 973 exprimitur
1524 917 1538 955 :
1578 907 1637 953 ut
1668 905 1752 952 est

157 1006 290 1061 illud
313 1005 365 1059 in
398 1003 654 1074 Apostolo
683 1020 695 1056 :
730 999 926 1054 Factus
956 1014 1071 1052 sum
1106 996 1239 1049 velut
1270 1011 1340 1048 trs
1362 1009 1581 1055 sonans,
1609 1005 1750 1059 cymv

155 1095 335 1150 bulum
359 1095 585 1148 tinniens
618 1092 670 1161 (Ι
695 1090 816 1145 Cor.
843 1089 986 1160 xui).
1037 1087 1166 1142 Item
1213 1087 1374 1139 aliam
1403 1081 1751 1152 signiﬁcatio-

153 1201 280 1242 nem
328 1183 492 1239 habet
525 1185 575 1238 in
627 1183 718 1237 illo
748 1180 1048 1235 Psalmistte
1093 1195 1105 1230 :
1159 1174 1424 1238 Posuisti,
1455 1171 1661 1242 inquit,
1692 1179 1749 1224 ut

153 1293 340 1330 arcum
391 1291 608 1341 wreum,
640 1273 852 1328 brachia
910 1287 1022 1325 mea
1057 1266 1231 1341 (Psal.
1277 1265 1436 1337 xvii).
1483 1265 1582 1318 llic
1620 1277 1750 1332 ergo

152 1365 421 1435 propheta
452 1365 787 1418 demonstrat
833 1360 1066 1430 qualiter
1087 1365 1274 1412 contra
1305 1355 1576 1408 diabolum
1599 1369 1753 1422 opor-

154 1467 234 1512 tet
266 1457 536 1512 dimicari.
573 1455 800 1510 Brachia
842 1467 970 1507 vero
1000 1448 1202 1506 Christi
1231 1447 1508 1517 propheta:
1531 1453 1655 1498 sunt
1698 1449 1752 1496 et

149 1547 423 1618 Apostoli,
457 1563 555 1617 per
579 1562 717 1616 quos
741 1543 1078 1600 desiderium
1101 1555 1210 1594 suae
1237 1537 1529 1594 voluntatis
1558 1551 1752 1605 opera-

154 1647 243 1691 tus
270 1646 373 1690 est.
411 1637 506 1690 llis
558 1645 836 1704 comparat
863 1646 1064 1687 {ereum
1092 1644 1277 1682 arcum
1301 1668 1314 1689 ,
1342 1628 1475 1696 quia
1506 1625 1754 1680 nesciunt

151 1725 297 1778 servi
343 1723 435 1777 Dei
499 1723 840 1792 praedicando
897 1719 1216 1774 mollescere
1265 1717 1404 1771 :sed
1450 1715 1505 1768 in
1543 1713 1750 1769 cmlesti

151 1814 470 1868 fortitudine
501 1821 900 1882 permanentes,
929 1810 1111 1865 verbis
1155 1805 1484 1862 salutaribus
1511 1803 1744 1864 emissis,

1852 629 1989 684 siam
2040 640 2162 681 esse
2204 622 2634 695 persequendam
2680 619 2950 690 praecipue
2987 615 3296 669 novissimis
3325 614 3441 668 die-

1850 719 1971 774 bus.
2018 720 2076 774 ln
2125 718 2302 773 scoria
2351 723 2532 769 autem
2587 721 2768 783 potest
2818 709 3040 777 intelligi
3093 708 3320 778 papulus
3346 706 3442 763 Ju-

1851 811 2132 872 dznorum,
2186 806 2271 861 vel
2326 804 2541 874 reprobi
2602 818 2789 859 omnes
2846 818 2875 855 a
2924 798 3156 854 naturali
3222 796 3444 868 metallo

1850 914 1950 968 per
1996 898 2188 952 vitium
2240 896 2446 967 peccati
2500 895 2772 964 reprobati
2822 908 2886 948 ac
2938 889 3187 962 projecti.
3218 888 3276 943 In
3313 902 3442 961 pro-

1850 991 2014 1061 pheta
2047 1004 2061 1043 :
2097 988 2290 1043 Omnes
2326 987 2413 1040 isti
2440 985 2673 1039 conversi
2709 993 2832 1037 sunt
2857 984 2912 1037 in
2955 981 3185 1036 scoriam
3213 976 3444 1050 argenti,

1851 1091 1958 1138 etc.
1993 1081 2210 1153 (Ezech.
2234 1077 2392 1149 mi).

2448 1205 2677 1263 CAPUT
2719 1207 2835 1261 XV.

2495 1319 2569 1374 De
2601 1319 2811 1373 electro.

1925 1431 2199 1486 Electrum
2253 1437 2536 1492 vocatum,
2586 1428 2728 1498 quod
2755 1428 2820 1482 ad
2851 1426 3060 1481 radium
3089 1424 3220 1480 solis
3243 1423 3448 1480 clarius

1854 1537 1986 1577 auro
2027 1529 2360 1591 argentoque
2402 1520 2658 1573 reluceat.
2695 1517 2785 1571 Sol
2815 1519 2959 1571 enim
2984 1533 3013 1572 a
3041 1515 3218 1586 poetis
3243 1514 3451 1570 elector

1854 1621 2100 1668 vocatur.
2131 1610 2453 1666 Deﬁncatins
2491 1617 2572 1663 est
2612 1610 2755 1663 enim
2805 1609 2908 1664 hoc
2951 1608 3230 1664 metallum
3272 1605 3450 1660 omni~

1853 1706 1956 1762 bus
2001 1705 2256 1760 metallis.
2311 1702 2480 1770 llnjus
2515 1701 2617 1754 tria
2651 1709 2776 1754 sunt
2826 1716 3044 1770 genera.
3072 1699 3273 1761 Unum,
3304 1695 3449 1768 quod

1854 1799 1922 1849 ex
1953 1794 2065 1864 pini
2094 1793 2384 1848 arboribus
2429 1791 2576 1856 ﬁuit,
2614 1791 2758 1860 quod
2795 1792 3068 1844 succinum
3106 1790 3340 1852 dicitur;
3376 1787 3452 1841 al-

151 1913 415 1973 tanquam
445 1876 657 1974 sagittis
679 1899 1184 1970 eminusjaculatis,
1215 1897 1536 1952 tlevotorum
1564 1894 1742 1948 homi-
1776 1880 1821 1939 B
1852 1894 2028 1940 terum
2079 1882 2369 1946 metallum,
2401 1881 2546 1951 quod
2599 1880 2924 1935 naturaliter
2977 1879 3254 1934 invenitur
3303 1885 3359 1930 et
3393 1876 3450 1929 in

151 2012 282 2049 num
337 1996 499 2050 corda
550 2004 938 2064 compungunt.
986 1993 1118 2047 Item
1167 2007 1242 2045 tes
1289 1996 1415 2045 sunt
1454 1987 1749 2057 Scriptura:

149 2085 351 2139 divina:
397 2102 411 2138 :
469 2085 611 2139 unde
666 2084 718 2137 in
765 2084 944 2138 Isaia:
987 2081 1091 2135 Pro
1142 2097 1267 2144 wre,
1297 2077 1499 2146 inquit,
1528 2077 1748 2145 afferam

148 2193 345 2231 nurum
367 2216 382 2240 ,
414 2187 460 2228 et
494 2185 588 2244 pro
633 2175 774 2243 [erro
831 2174 1053 2242 a/feram
1081 2179 1378 2240 argentum,
1408 2179 1453 2220 et
1479 2182 1572 2237 pro
1597 2164 1751 2235 lignis

148 2284 225 2322 trs
269 2266 408 2336 (Isa.
439 2267 566 2337 Lx);
609 2273 664 2320 ct
703 2265 758 2319 in
811 2260 1230 2318 Deuteronomio
1285 2266 1506 2330 propter
1550 2265 1751 2312 terram

150 2356 623 2429 repromissionis,
655 2371 773 2426 qum
795 2364 878 2410 est
905 2353 1168 2417 Ecclesia,
1200 2351 1275 2406 ait
1316 2369 1329 2406 :
1365 2349 1528 2424 Cujus
1551 2347 1752 2417 lapides

150 2449 356 2519 ferrum
378 2457 521 2511 sunt,
543 2457 590 2500 et
619 2447 683 2501 de
710 2447 862 2516 cujus
893 2443 1178 2506 montibus,
1211 2442 1264 2496 id
1287 2448 1390 2505 est,
1417 2438 1746 2501 doctoribus,

164 2537 292 2592 (tris
319 2537 535 2591 metalla
577 2536 852 2604 fodiuntur
903 2534 1084 2603 (Deut.
1115 2530 1256 2602 vui).
1290 2529 1390 2584 )Es
1417 2527 1754 2600 paenitentia:

151 2635 243 2682 est
270 2625 530 2681 fortitudo
575 2625 660 2679 vel
689 2639 855 2679 sonus
877 2621 1309 2694 praedicationis,
1341 2627 1398 2674 ut
1428 2619 1483 2673 in
1516 2618 1702 2674 Exodo
1735 2635 1748 2671 :

152 2715 363 2780 Omnis,
395 2715 584 2785 inquit,
608 2717 698 2786 qui
719 2715 936 2785 percipit
965 2713 1142 2777 corde,
1176 2712 1362 2781 oﬂ'erat
1387 2709 1612 2763 Domino
1649 2725 1752 2761 au-

154 2821 282 2861 rum
312 2816 360 2860 et
387 2814 661 2876 argentum
714 2815 761 2859 et
805 2813 1149 2859 tri-amentum
1203 2799 1576 2874 (Exod.xxv).
1619 2799 1751 2854 Item

153 2911 235 2952 ες
261 2896 632 2951 fortitudinem
661 2895 918 2950 Ecclesia:
945 2896 997 2950 in
1025 2893 1435 2964 longanimitate
1477 2888 1754 2962 patientiae

157 2986 473 3056 signiﬁcat:
507 2986 652 3041 unde
692 2994 774 3041 est
809 2986 938 3040 illud
968 2985 1021 3039 in
1053 2983 1154 3039 Job
1184 3001 1198 3036 :
1230 2983 1390 3054 Lapis
1425 2982 1626 3037 solutus
1667 2998 1756 3034 ca-

155 3079 273 3132 lore
306 3077 361 3130 in
388 3093 459 3130 a’s
485 3077 703 3131 vertitur
732 3075 875 3145 (Job.
912 3073 1128 3144 xxvru).
1157 3073 1286 3128 Item
1318 3073 1385 3128 de
1417 3071 1754 3126 Antichristo

156 3169 216 3225 in
259 3168 448 3223 eodem
481 3168 619 3222 libro
648 3167 881 3238 legitur:
913 3165 1185 3236 Reputavit
1229 3165 1430 3239 ferrum
1461 3172 1517 3216 ut
1547 3161 1751 3233 paleas,

1852 1978 2029 2047 pretio
2062 1975 2310 2030 habetur.
2343 1974 2611 2039 Tertium,
2641 1971 2787 2042 quod
2815 1971 2874 2025 ﬁt
2900 1971 2965 2026 de
2997 1971 3171 2025 tribus
3203 1968 3450 2039 partibus

1854 2065 1972 2119 auri
2027 2075 2084 2119 et
2118 2064 2328 2135 argenti
2358 2080 2494 2128 una;
2529 2075 2684 2133 'quas
2715 2070 2920 2131 partes,
2955 2060 3169 2116 etiamsi
3199 2057 3451 2112 naturale

1854 2155 2049 2218 solvas,
2086 2153 2331 2210 invenies
2371 2154 2496 2208 inde
2548 2153 2684 2208 nihil
2722 2153 2992 2207 interesse
3041 2159 3230 2206 natum
3273 2165 3342 2203 an
3374 2148 3452 2202 fa-

1854 2251 2046 2299 ctum:
2085 2250 2379 2311 utrumque
2429 2241 2574 2294 enim
2624 2240 2868 2310 ejusdem
2918 2245 3130 2292 natura:
3175 2245 3279 2291 est.
3327 2235 3454 2310 Ele-

1853 2343 2050 2397 ctrum,
2082 2332 2225 2401 quod
2248 2340 2330 2386 est
2356 2330 2622 2394 naturale,
2653 2328 2921 2397 ejusmodi
2973 2338 3181 2382 natura}
3229 2333 3315 2383 est
3337 2366 3353 2391 ,
3395 2333 3455 2379 ut

1853 2424 1908 2478 in
1941 2423 2190 2479 convivio
2239 2429 2295 2476 et
2345 2422 2412 2476 ad
2461 2420 2664 2474 lumina
2714 2419 2917 2473 clarius
2959 2418 3170 2472 cunctis
3219 2415 3454 2470 metallis

1853 2513 2078 2585 fulgeat,
2107 2522 2159 2567 et
2187 2527 2454 2568 venenum
2499 2510 2715 2580 prodat.
2750 2509 2884 2563 Nam
2918 2509 2962 2563 si
2988 2523 3054 2563 eo
3077 2506 3333 2562 infundas
3359 2522 3453 2562 ve-

1852 2622 2078 2672 nenum,
2113 2606 2414 2661 stridorem’
2440 2603 2571 2666 edit,
2595 2611 2651 2657 et
2675 2602 2887 2682 colores
2927 2601 3112 2655 varios
3139 2601 3192 2655 iu
3231 2599 3452 2654 modum

1854 2713 2014 2752 arcus
2062 2696 2301 2751 caelestis
2329 2696 2547 2750 emittit.
2581 2693 2660 2749 De
2684 2694 2890 2748 electro
2941 2689 3125 2747 autem
3157 2691 3210 2745 in
3243 2690 3456 2746 visione

1853 2788 2152 2844 Ezechielis
2175 2788 2455 2859 propheta:
2507 2787 2580 2841 ita
2619 2786 2881 2856 scriptum
2909 2792 2995 2840 est
3022 2802 3035 2837 :
3070 2783 3136 2837 Et
3168 2783 3273 2838 vidi
3302 2782 3459 2853 quasi

1852 2879 2071 2948 speciem
2121 2876 2489 2942 electri,‘velut
2541 2886 2807 2947 aspectum
2839 2875 2974 2945 ignis
3004 2874 3319 2928 intrinsecus
3367 2888 3460 2942 per

1854 2968 2132 3022 circuitum
2161 2985 2192 3022 a
2218 2968 2408 3021 lumbis
2459 2967 2575 3038 ejus
2600 2974 2647 3020 et
2685 2965 2940 3035 desuper;
2966 2976 3012 3017 et
3045 2981 3076 3017 a
3107 2963 3297 3017 lumbis
3344 2962 3458 3030 ejus

1855 3073 2019 3126 usque
2048 3056 2294 3111 deorsum
2324 3055 2428 3112 vidi
2449 3056 2601 3126 quasi
2626 3044 2860 3125 speciem‘
2879 3055 3014 3124 ignis
3045 3051 3364 3124 splendentis
3403 3051 3459 3104 in

1857 3148 2103 3214 circuitu,
2135 3147 2268 3203 velut
2298 3158 2562 3218 aspectum
2593 3163 2779 3211 arcus,
2810 3163 2927 3200 cum
2959 3146 3116 3215 fuerit
3145 3146 3195 3198 in
3227 3144 3361 3198 nube
3404 3142 3461 3196 in

157 3269 211 3317 et
251 3277 325 3314 trs
361 3260 417 3313 in
440 3259 640 3330 lignum
660 3224 932 3329 putridum
959 3224 1102 3329 (Iob.
1140 3255 1275 3326 xu).
1306 3230 1364 3309 In
1389 3269 1496 3324 quo
1526 3224 1749 3309 deuota;

1866 3239 1946 3292 die
1974 3239 2164 3308 pluvia:
2187 3237 2407 3310 (Ezeclt.
2440 3238 2502 3308 ι).
2537 3237 2675 3304 Quid
2706 3246 2788 3292 est
2838 3237 2979 3305 quod
3010 3245 3261 3305 aspectus
3288 3233 3464 3287 homi~

157 3359 253 3406 tur
283 3351 401 3422 ejus
437 3351 752 3422 pertinaciae
792 3350 959 3420 rigor.
1012 3349 1249 3403 Rursum
1285 3364 1360 3404 ms
1399 3355 1763 3402 murmurato-

158 3442 335 3504 resin
382 3441 604 3512 ﬂagellis
643 3440 736 3496 Dei
767 3439 1066 3509 signiﬁcat,
1098 3447 1156 3492 ut
1189 3440 1241 3492 in
1279 3438 1547 3507 propheta
1578 3455 1589 3491 :
1629 3435 1760 3490 0m-

160 3547 280 3596 πει,
321 3531 518 3598 inquit,
557 3531 643 3582 isti
676 3530 909 3583 conversi
953 3538 1071 3582 sunt
1103 3529 1156 3581 in
1183 3528 1413 3587 scoriam
1451 3527 1674 3597 argenti,
1709 3527 1763 3579 in

160 3623 339 3676 medio
364 3621 596 3690 fornacis
622 3638 716 3683 tes,
741 3630 986 3673 stantium
1010 3628 1056 3673 et
1082 3618 1351 3688 plumbum
1369 3617 1586 3688 (Ezeclt.
1603 3617 1762 3690 χχιι).

161 3712 553 3773 Aurichalcum
604 3711 830 3775 dictum,
873 3710 1019 3780 quod
1063 3718 1117 3764 et
1148 3709 1490 3779 splendorem
1519 3709 1659 3774 auri,
1713 3717 1768 3764 et

162 3804 426 3862 duritiam
443 3803 567 3857 aeris
582 3803 858 3873 possideat
873 3821 885 3860 :
902 3803 986 3857 est
999 3811 1178 3856 autem
1195 3817 1389 3857 nomen
1405 3803 1765 3871 compositum

165 3911 233 3953 ex
264 3893 448 3965 lingua
475 3892 641 3948 latina
671 3901 725 3946 ct
754 3883 927 3964 graeca
956 3911 967 3946 :
1000 3908 1074 3948 aes
1107 3893 1250 3947 enim
1283 3908 1535 3948 sermone
1569 3908 1770 3963 graeco-

161 3996 292 4042 rum
322 3983 539 4041 chalcos
564 3991 820 4040 vocatur:
841 3981 898 4037 ﬁt
929 3991 1107 4037 autem
1131 3997 1197 4036 ex
1221 3997 1329 4036 tere
1350 3991 1405 4036 et
1432 3982 1556 4051 igne
1577 3980 1768 4046 multo,

164 4089 238 4130 ac
290 4071 740 4134 medicaminibus
780 4071 1094 4144 perducitur
1135 4071 1202 4126 ad
1242 4085 1466 4126 aureum
1508 4071 1766 4125 colorem.

167 4160 514 4218 Corinthium
539 4170 622 4216 est
645 4161 957 4217 commixtio
980 4161 1222 4216 onmium
1245 4161 1607 4227 metallorum,
1627 4160 1771 4232 quod

170 4267 338 4307 casus
386 4251 622 4321 primum
675 4250 913 4315 miscuit,
963 4248 1258 4314 Corintho,
1291 4265 1414 4305 eum
1463 4259 1771 4321 caperetur,

169 4341 421 4397 incensa.
471 4337 606 4391 Nam
661 4337 789 4390 dum
821 4338 961 4392 hanc
1015 4337 1287 4395 civitatem
1332 4337 1566 4394 Annibal
1597 4337 1772 4406 cepis~

173 4438 281 4494 set,
317 4443 508 4484 omnes
559 4435 768 4482 statuas
801 4442 980 4482 aeneas
1019 4428 1073 4481 in
1103 4442 1269 4481 unum
1306 4443 1494 4499 rogum
1545 4441 1772 4498 congcs-

171 4525 271 4587 sit,
305 4531 362 4576 et
407 4536 499 4578 eas
531 4520 791 4574 incendit.
842 4519 918 4579 Ita
964 4535 1030 4574 ex
1078 4519 1178 4572 hac
1228 4517 1614 4576 commixtione
1635 4516 1771 4572 fabri

171 4610 522 4672 susmlerunt
572 4616 628 4662 et
687 4607 927 4665 fecerunt
970 4607 1334 4677 paropsides:
1381 4607 1461 4660 sic
1489 4604 1772 4659 Corinthia

174 4714 310 4761 nata
337 4711 462 4757 sunt
490 4717 557 4757 ex
593 4702 843 4756 onmibns
882 4701 936 4756 in
977 4716 1164 4764 unum,
1188 4715 1288 4753 nec
1317 4699 1444 4762 hoc,
1470 4713 1568 4752 nec
1622 4696 1772 4750 illud.

178 4794 344 4850 Unde
386 4800 442 4853 et
490 4807 660 4860 usque
691 4793 742 4844 in
770 4791 1092 4846 hodiernum
1141 4791 1282 4844 diem
1322 4807 1334 4842 :
1379 4790 1493 4843 sive
1522 4802 1585 4841 ex
1621 4788 1773 4857 ipso,

179 4886 302 4941 sive
338 4899 404 4945 ex
427 4883 726 4944 imitatione
755 4883 872 4952 ejus
900 4898 975 4937 aes
1001 4881 1343 4936 Corinthium
1383 4881 1467 4936 vel
1496 4880 1775 4938 Corinthia

178 4991 315 5032 vasa
345 4974 615 5034 dicuntur.
649 4973 870 5044 Legitur
907 4973 1051 5027 enim
1084 4973 1138 5026 in
1166 4972 1488 5043 Apocalypsi
1521 4972 1704 5041 (Apoc.
1733 4969 1772 5041 ι)

182 5069 253 5121 de
305 5066 654 5124 similitudine
685 5065 804 5120 Filii
851 5063 1084 5118 hominis
1115 5081 1126 5115 :
1157 5062 1300 5132 quod
1353 5071 1515 5132 caput
1562 5062 1678 5132 ejus
1724 5070 1779 5115 et

181 5158 367 5226 capilli
417 5168 572 5212 erant
628 5157 864 5219 candidi,
898 5164 1157 5226 tanquam
1213 5156 1333 5208 lana
1369 5154 1490 5208 alba
1545 5165 1599 5208 et
1655 5163 1776 5208 tan-

181 5265 354 5319 quam
402 5250 490 5302 nix
530 5267 541 5301 :
585 5258 640 5302 et
679 5249 819 5302 oculi
871 5248 988 5317 ejus
1038 5247 1182 5302 velut
1226 5246 1441 5300 flamma
1497 5247 1637 5316 ignis
1669 5265 1680 5298 :
1715 5255 1772 5300 et

183 5343 358 5415 pedes
411 5338 527 5407 ejus
571 5339 772 5400 similes
800 5339 1111 5393 aurichalco
1146 5340 1291 5393 sicut
1317 5337 1371 5390 in
1401 5338 1612 5398 camino
1644 5337 1782 5407 ignis

185 5432 464 5488 ardentes.
490 5431 660 5485 Pedes
685 5432 880 5501 ignitos
903 5430 1181 5484 novissimi
1207 5429 1464 5498 temporis
1485 5427 1780 5483 Ecelesiam

188 5524 349 5586 dicit,
382 5539 502 5593 quae
532 5523 946 5576 vehementibus
997 5530 1080 5575 est
1133 5519 1492 5574 examinanda
1544 5528 1598 5573 et
1652 5534 1780 5589 pro-

186 5612 369 5668 banda
402 5611 694 5681 pressaris.
723 5609 1107 5664 Aurichalcum
1162 5609 1361 5678 quippe
1391 5617 1474 5662 est
1501 5623 1576 5663 tes
1614 5607 1784 5666 multo

188 5703 317 5773 igne
338 5711 388 5756 ct
423 5701 780 5756 medicamine
821 5699 1140 5770 perductum
1174 5699 1240 5752 ad
1272 5714 1494 5753 aureum
1524 5699 1778 5754 colorem.

188 5791 310 5857 Alia
347 5792 654 5858 translatio,
691 5808 810 5862 quae
842 5791 967 5846 dicit
995 5788 1199 5844 similes
1226 5790 1536 5846 aurichalco
1568 5791 1777 5857 Libani,

1866 3330 1950 3384 nis
1976 3330 2190 3384 videtur
2211 3330 2266 3384 in
2300 3331 2496 3384 throno
2528 3328 2681 3398 quasi
2704 3328 2916 3397 species
2938 3326 3161 3380 electri?
3189 3324 3290 3378 nisi
3317 3322 3466 3394 quod

1865 3421 1919 3474 in
1943 3419 2144 3475 electro
2162 3436 2350 3474 aurum
2375 3429 2432 3476 et
2460 3427 2742 3490 argentum
2768 3418 3045 3479 miscetur,
3070 3426 3127 3469 ut
3147 3431 3234 3470 res
3263 3429 3368 3468 una
3393 3428 3465 3469 ex

1866 3511 2100 3567 metallis
2134 3511 2344 3566 duobus
2384 3511 2498 3576 ﬁat,
2527 3511 2580 3564 in
2626 3526 2732 3580 qua
2775 3517 2829 3564 et
2859 3524 2956 3579 per
2993 3514 3292 3577 argentum
3345 3503 3466 3560 aurl

1866 3603 2090 3658 claritas
2132 3611 2491 3671 temperatur,
2519 3610 2571 3655 et
2602 3617 2700 3672 per
2747 3600 3058 3655 claritatem
3095 3598 3212 3652 auri
3255 3597 3466 3666 species

1867 3700 2118 3756 clarescit
2145 3699 2376 3770 argenti.
2404 3698 2460 3751 ln
2489 3698 2830 3766 redemptore
2872 3705 3054 3748 autem
3081 3702 3268 3746 nostro
3298 3699 3464 3744 utra:-

1868 3809 1972 3865 que
2010 3801 2242 3856 natum},
2285 3790 2338 3845 id
2382 3798 2466 3846 est
2508 3787 2808 3842 divinitatis
2860 3795 2914 3842 et
2963 3783 3351 3846 humanitatis,
3385 3782 3468 3835 in-

1870 3883 2093 3939 confnsc
2128 3891 2292 3952 atque
2328 3879 2763 3950 inseparabiliter
2791 3879 3011 3934 sibimet
3041 3885 3169 3932 sunt
3197 3876 3382 3939 unitze,
3407 3882 3470 3926 ut

1869 3988 1967 4042 per
1990 3973 2383 4027 humanitatem
2404 3969 2704 4025 divinitatis
2725 3969 2842 4039 ejus
2869 3967 3090 4022 claritas
3119 3966 3318 4020 nostris
3340 3979 3466 4033 pos-

1871 4072 1953 4118 set
1975 4063 2150 4131 oculis
2178 4062 2494 4132 temperari,
2528 4069 2582 4115 et
2608 4076 2706 4130 per
2737 4060 3078 4114 divinitatem
3127 4057 3366 4110 humana
3411 4055 3466 4108 in

1869 4168 1936 4208 eo
1967 4163 2159 4208 natura
2187 4154 2508 4218 clarescere,
2539 4164 2704 4222 atque
2750 4151 2987 4207 exaltata
3019 4149 3280 4219 fulgorem
3327 4147 3469 4204 ultra

1874 4246 1976 4300 hoc
2001 4243 2142 4315 quod
2171 4251 2354 4299 creata
2383 4242 2558 4297 fuerat
2592 4243 2815 4298 habere.

2460 4355 2686 4420 CAPUT
2727 4353 2866 4410 XVI.

2504 4467 2580 4522 De
2620 4478 2830 4522 stanno.

1804 4567 1853 4627 Ῐ)
1951 4582 2140 4639 Stanni
2165 4581 2490 4654 etymologia
2521 4580 2901 4651 apochorizon,
2927 4579 2978 4634 id
3002 4587 3107 4643 est,
3131 4595 3393 4650 separans
3417 4589 3475 4635 et

1880 4689 2193 4729 secernens.
2225 4674 2378 4727 Mista
2435 4672 2578 4726 enim
2635 4680 2689 4726 et
2737 4671 3038 4728 adulterata
3089 4671 3231 4724 inter
3277 4687 3335 4724 se
3371 4685 3472 4738 per

1882 4768 2061 4838 ignem
2093 4765 2308 4820 metalla
2346 4763 2619 4825 dissociat,
2652 4771 2707 4816 et
2735 4761 2802 4814 ab
2845 4777 2978 4816 auro
3025 4770 3078 4816 et
3121 4770 3348 4832 argento
3392 4777 3468 4815 res

1879 4859 2262 4928 plumbumque
2288 4856 2541 4911 secernit.
2580 4856 2697 4908 Alia
2721 4871 2936 4924 quoque
2986 4855 3202 4909 metalla
3248 4854 3314 4907 ab
3345 4854 3467 4924 igne

1881 4949 2137 5013 defendit,
2183 4956 2238 5002 et
2263 4963 2383 5002 cum
2408 4947 2476 5001 sit
2508 4956 2702 5000 natura
2734 4947 2859 5000 teris
2883 4945 3120 5015 ferrique
3150 4945 3467 5010 durissima,

1881 5043 1926 5097 si
1954 5043 2155 5109 absque
2177 5049 2374 5094 stanno
2400 5037 2582 5104 fuerit,
2602 5040 2774 5092 uritur
2805 5047 2859 5092 et
2884 5047 3177 5091 crematur.
3205 5038 3470 5089 Stannum

1882 5135 2074 5189 illitum
2097 5133 2253 5189 aereis
2283 5133 2427 5186 vasis
2456 5147 2702 5201 saporem
2733 5131 2863 5185 facit
2901 5130 3220 5199 gratiorem,
3249 5137 3303 5182 et
3325 5143 3472 5180 com-

1880 5227 2055 5298 peseit
2083 5224 2232 5278 virus
2271 5224 2545 5294 aeruginis.
2602 5222 2828 5290 Specula
2872 5221 3037 5274 etiam
3065 5236 3131 5274 ex
3159 5234 3225 5273 eo
3267 5228 3474 5286 tempe-

1884 5326 2093 5372 rantur.
2118 5315 2347 5369 Cerussa
2372 5330 2584 5384 quoque
2610 5329 2673 5368 ex
2709 5328 2792 5375 eo,
2823 5314 2962 5366 sicut
2987 5327 3053 5367 ex
3081 5310 3320 5380 plumbo,
3345 5323 3475 5364 con-

1886 5411 2082 5464 ﬁcitur.
2114 5407 2378 5461 Stannum
2429 5406 2713 5475 allegorice
2744 5404 3094 5473 sophisticam
3150 5401 3477 5455 locutionem

1888 5510 1940 5553 et
2002 5499 2378 5553 hmretieorum
2452 5497 2852 5551 simulationem
2907 5495 3214 5565 signiﬁcare
3275 5498 3474 5561 potest.

1893 5589 2043 5643 Unde
2066 5595 2117 5640 et
2145 5587 2195 5640 in
2225 5586 2530 5652 Ezechiele,
2559 5586 2649 5640 ubi
2686 5587 2751 5640 de
2780 5585 2905 5655 Tyri
2938 5584 3171 5654 negotiis
3207 5594 3478 5635 memora-

1890 5688 1998 5740 tur,
2026 5677 2095 5729 ita
2127 5677 2385 5744 scriptum
2411 5685 2495 5731 est
2524 5695 2535 5728 :
2566 5674 3002 5744 Carthaginenses
3033 5673 3380 5742 negotiatores
3402 5670 3478 5722 tui

1890 5786 1919 5819 (ι
1965 5764 2296 5820 multitudine
2351 5777 2658 5822 cunctarum
2690 5765 2991 5819 diritiarum
3023 5773 3270 5834 argento,
3299 5761 3438 5831 ferro
3461 5801 3475 5826 ,
