3922 6364
432 427 542 487 679

1092 426 1155 481 Β.
1196 421 1452 479 RABANI
1491 422 1713 495 MAURI
1751 420 2036 479 ARCIIIEF

2139 420 2422 479 IOGUNT.
2463 411 2749 478 OPERUM
2768 414 2772 423 ’
2788 417 2967 474 PARS
3006 418 3069 476 11.

3614 416 3723 474 480

432 553 645 604 stanno,
673 539 985 611 plumboque
1018 535 1335 606 repleverunt
1366 534 1630 588 nundinas
1663 543 1780 587 tuas
1809 532 2026 604 (Ezech.
2059 537 2105 594 Α
2137 546 2293 587 101110
2323 531 2544 586 condat.
2598 529 2740 584 Idem
2778 538 2834 584 et
2871 528 3097 600 chalybs
3127 545 3157 583 a
3193 526 3433 599 Chalybe
3472 526 3722 596 ﬂumine,

433 636 627 697 xxv").
680 630 820 698 Ergo
875 627 1142 682 nundinas
1196 624 1329 696 Tyri
1368 640 1475 679 non
1521 640 1652 679 auro
1694 640 1796 679 nec
1850 624 2026 693 lapide

432 722 708 791 pretioso,
761 719 853 773 sed
916 726 1175 786 argento,
1226 717 1402 781 ferro,
1459 724 1657 770 stanno
1702 714 2028 786 plumboque

435 809 815 878 multiplicant,
848 808 1111 879 habentes
1154 805 1353 875 eloquii
1409 814 1750 859 venustatem
1780 813 1835 858 et
1876 819 2027 857 arma

432 899 501 953 ad
523 900 960 968 expugnandum,
986 907 1041 951 et
1065 898 1119 951 in
1149 908 1345 952 stanno
1368 896 1569 966 eloquii
1597 896 2026 961 similitudinem,

432 990 577 1057 quod
626 993 888 1044 mentitur
937 999 1181 1057 argento,
1235 998 1291 1043 et
1348 989 1401 1043 in
1450 989 1668 1058 plumbo
1698 990 2028 1058 impietatem

408 1062 810 1149 ‘graviss'imam
835 1079 989 1149 juxta
1036 1080 1381 1143 Zachariam,
1411 1079 1465 1133 in
1510 1095 1617 1149 quo
1647 1080 1843 1134 mulier
1891 1080 2031 1134 sedit

432 1185 597 1240 super
628 1171 887 1224 talentum
920 1171 1159 1239 plumbi,
1190 1178 1246 1223 et
1283 1168 1525 1239 Algyptii
1554 1168 1784 1223 demersi
1817 1178 1944 1222 sunt
1976 1169 2030 1221 111

432 1261 793 1329 profundum,
825 1263 964 1317 sicut
993 1260 1292 1330 plumbum.
1325 1260 1507 1329 Longa
1536 1258 1873 1329 singulorum
1916 1258 2033 1312 dis-

436 1352 647 1419 putatio
699 1352 1072 1418 metallorum,
1108 1351 1200 1404 sed
1250 1350 1503 1404 brevitati
1550 1350 1874 1407 studendum
1924 1355 2027 1402 est.

432 1440 566 1495 Item
593 1451 847 1494 stannum
868 1451 952 1495 est
980 1440 1251 1495 simulatio
1272 1440 1601 1505 sanctitatis,
1638 1447 1696 1493 ut
1719 1439 1770 1491 111
1799 1439 2034 1508 prophe-

437 1541 494 1587 ta
523 1549 534 1584 :
571 1531 763 1585 Omnes
795 1532 880 1584 isti
912 1532 1146 1584 conversi
1175 1542 1295 1584 sunt
1329 1532 1454 1583 mihi
1478 1532 1532 1584 in
1560 1529 1784 1583 scoriam
1808 1529 2029 1599 argenti,

436 1638 531 1687 a's,
561 1631 809 1674 stannum
842 1630 887 1674 et
914 1619 1183 1689 plumbum
1215 1619 1433 1689 (lfzeclt.
1453 1622 1609 1690 xxii).
1700 1656 1701 1659 η

1016 1732 1246 1787 CAPUT
1286 1731 1448 1786 XVII.

1064 1802 1142 1856 De
1171 1802 1401 1872 plumbo.

507 1891 815 1956 Plumbum,
853 1891 1058 1947 dictum
1100 1894 1244 1962 quod
1278 1908 1342 1947 ex
1378 1908 1442 1947 co
1465 1894 1701 1963 primum
1726 1892 1852 1964 pilis
1875 1884 2036 1949 factis

441 1981 611 2034 maris
664 1981 893 2037 altitudo
921 1990 1127 2036 tentata
1159 1991 1262 2038 est.
1323 1979 1493 2048 Ilujus
1543 1998 1670 2037 vero
1699 1981 1807 2036 duo
1836 1997 2038 2052 genera

439 2080 591 2136 sunt,
612 2074 821 2141 nigrum
839 2081 892 2127 et
913 2074 1225 2137 candidum;
1245 2075 1339 2127 sed
1355 2073 1547 2127 melius
1564 2074 1875 2138 candidum,
1894 2075 2038 2143 quod

435 2162 591 2232 prius
619 2163 673 2217 in
704 2164 895 2219 insulis
936 2164 1196 2219 Atlantici
1244 2165 1413 2219 maris
1441 2166 1719 2219 inventum
1743 2174 1845 2219 est.
1866 2165 2040 2234 Siqui-

436 2251 559 2306 dem
605 2260 660 2305 et
688 2253 742 2306 in
782 2254 1062 2309 Lusitania
1100 2254 1232 2309 etin
1264 2254 1502 2309 Gallecia
1530 2255 1793 2325 gignitur,
1826 2271 2037 2310 summa

439 2351 583 2397 terra
607 2360 836 2399 arenosa
871 2354 925 2401 et
949 2345 1147 2401 coloris
1172 2346 1314 2417 nigri
1347 2356 1397 2401 et
1432 2348 1671 2417 pondere
1708 2348 1909 2418 gravis.
1948 2349 2039 2403 In-

412 2470 413 2473 η
440 2433 751 2486 tervcniunt
780 2443 835 2487 et
877 2434 1071 2488 minuti
1116 2434 1349 2500 calculi,
1376 2437 1614 2490 maxime
1648 2452 1679 2490 e
1709 2438 2040 2491 torrentibus

437 2520 687 2586 siccatis;
721 2521 903 2575 lavant
923 2538 1017 2577 eas
1046 2532 1338 2588 arenas,et
1364 2526 1508 2593 quod
1530 2525 1782 2589 subsidit,
1800 2534 2041 2594 coquunt

436 2610 491 2663 in
515 2610 847 2665 fornacibus.
871 2612 1221 2666 Inveniuntur
1240 2624 1296 2669 et
1315 2614 1374 2667 in
1395 2615 1576 2670 aureis
1616 2616 1869 2679 metallis,
1898 2632 2037 2687 aqua

439 2702 633 2765 inissa,
662 2702 854 2756 calculi
882 2703 1019 2772 nigri
1048 2711 1103 2756 et
1132 2719 1349 2774 graves,
1377 2714 1433 2759 et
1457 2706 1583 2760 dum
1610 2722 1804 2761 aurum
1831 2707 2039 2776 colligi-

440 2800 550 2857 tur,
583 2808 707 2847 eum
762 2808 829 2847 eo
884 2804 1220 2849 remanent:
1274 2806 1459 2865 postea
1516 2798 1754 2866 separati
1800 2798 2044 2859 conﬂuo:

439 2892 561 2945 tur,
614 2894 671 2938 et
729 2884 781 2939 in
833 2885 1110 2954 plumbum
1166 2886 1347 2942 album
1408 2888 1769 2943 resolvuntur.
1815 2889 1942 2944 Inde
1985 2899 2042 2945 et

438 2975 629 3029 eadem
682 2978 920 3045 gravitas
977 2976 1206 3045 plumbi,
1260 2994 1381 3047 qua:
1430 2979 1546 3032 auri
1595 2987 1697 3034 est.
1735 2978 2041 3034 81001011-

442 3064 645 3132 piditas
694 3066 877 3120 1111111111
908 3067 1217 3121 etavaritia
1266 3069 1618 3137 pecuniarum
1653 3083 1885 3123 onerosa
1932 3077 2034 3127 est.

441 3166 497 3209 et
545 3158 867 3223 gravissima
916 3158 1205 3225 iniquitate
1235 3159 1818 3228 opprimitamatorcm
1843 3159 2034 3230 ipsius.

1015 3267 1244 3323 CAPUT
1286 3268 1472 3335 XVIII.

1100 3340 1179 3393 De
1214 3339 1375 3408 ferro.
1469 3375 1477 3385 -

511 3435 739 3489 Ferrum
762 3436 985 3499 dictum,
1014 3435 1157 3505 quod
1182 3437 1349 3501 farra,
1372 3434 1423 3490 id
1447 3443 1560 3500 est,
1588 3435 1797 3490 semina
1824 3432 2040 3504 frugqu

2071 3224 2113 3285 C
2147 3270 2268 3308 nem
2320 3254 2517 3308 dicitur
2558 3272 2570 3306 :

2130 623 2217 677 ubi
2250 620 2450 675 ferrum
2482 622 2688 690 optima
2740 628 2856 674 arte
2884 628 3238 687 temperatur.
3301 618 3451 675 Unde
3494 620 3725 677 abusive

2131 712 2326 766 dicitur
2359 709 2584 780 chalybs
2609 710 2721 779 ipsa
2751 710 3025 771 materies,
3053 718 3112 763 ut
3137 707 3563 781 :Vulni/icusque
3588 710 3723 764 cha-

2131 801 2265 871 lybs.
2290 800 2440 855 Ferri
2472 817 2601 854 usus
2629 809 2751 871 post
2772 801 2877 853 alia
2906 800 3119 854 metalla
3145 809 3392 871 repertus
3418 812 3536 856 est:
3566 801 3726 870 cujus

2127 902 2321 962 postea
2374 908 2529 947 versa
2581 892 2634 946 in
2692 892 3044 962 opprobrium
3077 894 3289 963 species
3340 912 3354 947 :
3411 910 3538 947 nam
3578 894 3725 948 unde

2129 990 2278 1060 prius
2322 988 2479 1043 tellus
2524 988 2880 1053 tractabatur,
2912 987 3039 1043 inde
3091 988 3253 1043 modo
3288 1003 3453 1043 cruor
3482 988 3721 1043 effundi-

2131 1086 2240 1133 tur.
2270 1070 2497 1133 Ferrum
2527 1077 2758 1148 mystice
2797 1077 3068 1148 significat
3094 1078 3497 1133 tribulationem
3530 1088 3587 1133 et
3628 1094 3727 1133 an-

2132 1169 2385 1238 gustiam,
2419 1177 2479 1222 ut
2503 1177 2586 1222 est
2614 1168 2744 1222 illud
2777 1168 2828 1221 in
2857 1167 3065 1238 psalmo
3096 1169 3165 1224 de
3209 1166 3409 1239 Joseph
3446 1187 3459 1224 :
3489 1168 3728 1224 Ferrum

2130 1259 2461 1328 ρει-1101111011
2519 1260 2753 1312 animam
2799 1259 2914 1328 ejus
2960 1258 3078 1329 (Ps.
3104 1260 3238 1329 etv).
3269 1260 3496 1315 Ferrum
3539 1266 3728 1314 autem

2132 1349 2223 1403 hic
2282 1350 2484 1404 indicat
2537 1349 2937 1405 tribulationem
2988 1350 3137 1405 dura:
3186 1351 3552 1415 necessitatis,
3603 1365 3728 1421 qua:

2134 1439 2371 1494 instante
2393 1439 2573 1493 anima
2614 1449 2962 1510 pervagatur,
2990 1442 3117 1495 dum
3151 1439 3219 1495 de
3250 1440 3449 1495 futuris
3486 1441 3728 1497 sollicito

2125 1529 2239 1600 jam
2272 1530 2410 1585 mala
2441 1532 2665 1601 patitur,
2688 1548 2809 1602 qua:
2836 1533 3027 1587 timere
3053 1550 3158 1588 non
3186 1533 3403 1589 desinit.
3448 1532 3596 1588 Talis
3637 1533 3730 1595 illa

2136 1622 2189 1677 in
2214 1623 2505 1693 Evangelio
2532 1622 2733 1678 locutio
2776 1632 2879 1687 est,
2914 1623 3005 1677 ubi
3038 1623 3257 1678 Simeon
3317 1624 3449 1679 dicit
3494 1624 3562 1677 ad
3615 1622 3733 1678 Ila-

2134 1708 2270 1763 riam
2303 1728 2314 1763 :
2343 1709 2411 1762 Et
2451 1720 2596 1763 tuam
2632 1711 2793 1781 ipsius
2842 1712 3073 1765 animum
3125 1712 3461 1781 pertransibit
3516 1711 3732 1782 gladius

2137 1798 2289 1871 (Luc.
2320 1800 2418 1871 n);
2466 1801 2800 1870 significans,
2837 1803 3147 1857 habituram
3176 1812 3402 1857 matrem
3431 1804 3735 1875 gloriosam

2062 1877 2110 1936 Β
2140 1890 2418 1944 tristitiam
2464 1891 2760 1945 Dominie'e
2800 1892 3083 1961 passionis.
3121 1891 3275 1959 Quod
3304 1908 3474 1962 genus
3503 1893 3737 1948 locutio-

2139 1979 2225 2033 nis
2255 1979 2396 2034 inter
2424 1981 2640 2049 propria
2672 1980 2968 2050 Scriptura:
3008 1982 3205 2035 divinae
3247 1983 3519 2036 credimus
3560 1998 3735 2037 anno-

2141 2068 2387 2131 tandum.
2422 2069 2552 2123 Item
2592 2068 2796 2122 ferrum
2844 2070 3010 2144 fortes
3035 2071 3236 2140 quique
3280 2071 3332 2125 in
3378 2072 3642 2137 Ecclesia,
3677 2082 3739 2127 ut

2139 2166 2225 2213 est
2252 2158 2379 2211 illud
2409 2160 2460 2212 in
2490 2159 2628 2213 libro
2653 2160 2752 2214 Job
2783 2178 2795 2192 ·
2832 2159 3055 2214 Ferrum
3086 2161 3152 2215 de
3180 2170 3321 2215 terra
3352 2162 3557 2215 tollitur
3582 2161 3733 2231 (Job.

2140 2251 2365 2319 xxviii);
2418 2260 2471 2303 et
2510 2252 2561 2303 in
2602 2251 3024 2305 Deuteronomio
3055 2271 3065 2304 :
3101 2250 3268 2321 Cujus
3300 2252 3500 2322 lapides
3533 2254 3737 2320 ferrum

2138 2350 2259 2394 sunt
2290 2341 2468 2411 (Dent.
2504 2342 2643 2409 vni).
2676 2340 2807 2395 Item
2852 2341 2923 2395 ibi
2954 2342 3019 2396 de
3057 2341 3295 2396 Ecclesia
3323 2342 3519 2397 dicitur
3552 2361 3565 2395 :
3604 2342 3740 2396 Fer-

2140 2447 2257 2482 rum
2288 2444 2334 2484 et
2364 2448 2435 2484 a's
2463 2430 2875 2485 calceamentum
2897 2432 3011 2501 ejus
3036 2431 3212 2500 (Deut.
3246 2433 3460 2501 xxxtll).
3496 2433 3738 2487 Rursum

2140 2520 2342 2574 ferrum
2373 2536 2601 2574 acumen
2636 2521 2831 2575 mentis
2860 2521 3147 2591 significat,
3182 2523 3321 2575 unde
3364 2537 3465 2590 per
3488 2522 3740 2575 Salomo-

2141 2627 2263 2665 nem
2302 2610 2539 2673 dicitur:
2573 2609 2801 2663 Ferrum
2852 2612 2990 2678 {erro
3013 2612 3311 2675 exacuitur,
3343 2621 3389 2664 et
3421 2600 3579 2664 1101110
3608 2628 3739 2665 exo-

2140 2703 2247 2756 cuit
2291 2703 2483 2770 facient
2530 2702 2687 2755 amici
2728 2702 2811 2757 sui
2842 2701 3024 2773 (Prov.
3062 2702 3255 2773 xxvii).
3287 2702 3487 2756 lterum
3531 2701 3743 2757 ferrum

2142 2805 2227 2851 est
2256 2810 2437 2849 sermo
2489 2795 2897 2864 increpationis,
2931 2803 2988 2848 ut
3022 2803 3107 2849 est
3136 2794 3267 2848 illud
3296 2794 3349 2847 in
3396 2794 3739 2849 0001010111)-

2141 2889 2252 2942 mio
2281 2905 2295 2942 :
2328 2886 2387 2943 Si
2413 2889 2528 2957 quis
2581 2888 2766 2940 abierit
2820 2902 2938 2940 cum
2970 2888 3140 2939 amico
3190 2903 3285 2939 suo
3333 2886 3646 2955 simpliciter
3684 2888 3743 2941 in

2139 2978 2323 3031 silvam
2354 2981 2421 3031 ad
2451 2978 2591 3047 ligna
2623 2975 2895 3040 ardentia,
2920 2986 2966 3029 et
3003 2975 3201 3044 ferrum
3228 2975 3293 3029 de
3315 2977 3593 3028 manubrio
3622 2977 3746 3045 ejus

2141 3072 2347 3136 exierit,
2379 3080 2425 3124 et
2449 3072 2679 3123 altricum
2701 3070 2814 3137 ejus
2839 3068 3085 3121 occiderit
3113 3066 3295 3138 (Deut.
3329 3068 3466 3138 vix).
3500 3067 3744 3119 Rursum

2148 3163 2351 3221 ferrum
2384 3152 2613 3215 insidia:
2668 3169 2793 3214 sunt
2854 3160 3078 3224 inimici,
3134 3160 3277 3215 sicut
3329 3176 3427 3229 per
3495 3159 3744 3213 Salomo-

2615 3250 2763 3307 Sicut
2811 3251 3007 3322 ferrum
3066 3253 3325 3322 arruginat
3387 3250 3597 3305 malitia
3625 3250 3745 3321 ejus

2148 3345 2339 3417 (Eccli.
2380 3348 2497 3416 xu).

449 3547 3742 3587 Mm

1405 3642 1707 3719 LIBER
1761 3640 2235 3718 OCTAVUS
2302 3639 2524 3715 DECI
2545 3640 2605 3714 M
2628 3638 2781 3714 US.

1910 3780 2291 3797 u———-—-—.

962 3826 1190 3883 CAPUT
1236 3828 1526 3885 PRIMUM.

1016 3916 1091 3970 De
1115 3918 1449 3987 ponderibus.
1613 3901 1619 3908 ’

514 4006 818 4060 Ponderum
858 4022 921 4059 ac
946 4022 1324 4061 nneusurarum
1348 4007 1503 4075 juvat
1542 4022 1873 4079 cognoscere
1920 4024 2038 4062 mo-

444 4098 569 4152 dum
598 4114 609 4149 :
646 4114 770 4150 nam
818 4096 999 4150 omnia
1045 4097 1410 4165 corporalium
1442 4096 1604 4168 (sicut
1636 4099 1900 4168 scriptum
1929 4099 2033 4169 est)

443 4204 473 4241 a
501 4187 729 4241 summis
750 4202 920 4254 usque
948 4187 1013 4239 ad
1045 4188 1167 4240 vina
1194 4187 1372 4259 [ima],
1396 4191 1451 4241 in
1480 4205 1723 4242 inieusura
1746 4200 1792 4243 et
1822 4207 2036 4244 numero

441 4288 490 4330 ct
522 4277 749 4346 pondere
796 4277 1051 4346 disposita
1100 4286 1221 4331 sunt
1257 4289 1412 4349 atque
1458 4279 1689 4348 formata
1744 4279 1898 4349 (Sap.
1936 4280 2034 4350 Μ).

441 4366 663 4420 Cunctis
683 4366 827 4420 enim
878 4366 1155 4434 corporeis
1196 4366 1356 4421 rebus
1392 4367 1601 4437 pondus
1629 4376 1823 4420 natura
1866 4368 2032 4422 dedit.

443 4458 612 4509 Suum
654 4471 869 4524 quoque
896 4457 1031 4526 regit
1057 4456 1237 4511 omnia
1269 4457 1495 4527 pondus.
1533 4457 1750 4513 Primus
1800 4459 2032 4530 Moyses,

444 4551 532 4617 qui
566 4564 755 4603 omnes
784 4550 1055 4603 antecedit
1083 4550 1362 4619 gentilium
1391 4551 1741 4621 philosophos
1768 4563 2032 4623 tempore,

443 4639 601 4694 nobis
647 4646 703 4692 et
732 4654 987 4693 numeros
1042 4650 1097 4693 et
1127 4656 1411 4693 mensuras
1447 4650 1501 4693 et
1554 4644 1764 4709 pondus
1809 4644 2041 4699 diversis

442 4728 726 4796 scriptum
756 4744 867 4781 51110
902 4727 1035 4781 10015
1063 4728 1321 4781 narravit.
1343 4727 1546 4782 Deinde
1575 4729 1780 4784 Phidon
1826 4733 2041 4801 argivus

442 4818 744 4889 ponderum
798 4817 1063 4869 rationem
1113 4816 1165 4869 in
1218 4815 1424 4871 Grtet-ia
1476 4820 1779 4883 constituit,
1814 4831 1867 4873 et
1916 4821 2043 4876 licet

446 4909 533 4961 alii
574 4908 909 4977 antiquiores
939 4908 1269 4972 exstiterint,
1324 4912 1415 4963 sed
1460 4911 1560 4965 iste
1593 4912 1692 4964 hac
1726 4924 1843 4967 arte
1874 4930 2041 4983 expe-

447 4999 676 5051 1101111111
696 4998 814 5051 fuit.
835 4998 1048 5052 Pondus
1073 5000 1271 5053 dictum
1297 5016 1383 5065 eo,
1407 5003 1547 5068 quod
1576 5004 1627 5055 111
1653 5012 1851 5057 statera
1876 5006 2040 5058 libra-

449 5096 561 5139 tunt
592 5088 856 5154 pendeat:
887 5088 1009 5141 hinc
1035 5097 1083 5141 et
1107 5103 1351 5157 pensum.
1380 5092 1613 5145 Ahusive
1627 5103 1805 5147 autem
1832 5095 2041 5163 pondus

448 5176 586 5229 libra
640 5193 743 5228 una
794 5184 896 5228 est.
929 5177 1079 5231 Unde
1128 5178 1295 5231 etiam
1326 5181 1654 5249 dipondium
1705 5186 1905 5239 dictant
1936 5195 2039 5251 est,

448 5270 605 5339 quasi
634 5269 740 5321 duo
770 5270 1007 5336 pondera
1038 5287 1049 5323 :
1083 5271 1222 5338 quod
1250 5287 1445 5327 nomen
1476 5276 1650 5330 adhuc
1686 5278 1737 5331 in
1774 5296 1868 5333 usu
1909 5282 2041 5333 reti-

447 5372 627 5419 netur.
661 5364 886 5418 Trutiua
919 5374 1002 5420 est
1037 5368 1247 5435 gemina
1282 5370 1579 5436 ponderum
1627 5371 1807 5424 lances
1850 5372 2040 5439 aequali

446 5455 697 5507 examine
725 5456 989 5523 pendens,
1020 5456 1157 5509 facta
1184 5468 1401 5526 prepter
1430 5459 1625 5517 talenta
1654 5471 1707 5513 et
1728 5462 2040 5515 centenaria

449 5545 820 5611 uppeadenda,
894 5546 1037 5599 sicut
1081 5558 1424 5601 ammentatm
1466 5565 1561 5617 pro
1601 5566 1764 5618 parva
1810 5551 2045 5605 modica-

448 5648 555 5700 que
584 5635 827 5700 pccnuia.
854 5635 976 5703 11100
990 5644 1043 5690 01
1068 5646 1281 5689 1110110111
1306 5648 1512 5698 1⁷11011111,
1532 5640 1718 5693 eadem
1742 5651 1795 5694 et
1814 5650 2039 5706 statera,

450 5735 646 5775 1111111011
676 5738 738 5775 cx
785 5740 1007 5776 munero
1051 5725 1274 5787 habens,
1310 5728 1450 5793 quo!
1480 5728 1687 5781 duabus
1719 5730 1962 5784 lancibus
1987 5738 2042 5785 et

455 5831 562 5871 uno
592 5817 645 5871 111
683 5819 859 5874 11101111
899 5820 1034 5889 style
1082 5820 1275 5876 librata
1326 5821 1604 5891 :rqualitet‘
1639 5830 1762 5876 stet.
1799 5820 2038 5876 Examcn

2144 3838 2223 3882 est
2277 3828 2424 3881 11111111
2496 3826 2767 3889 medium,
2816 3840 2925 3893 quo
2980 3824 3197 3879 trutina:
3250 3834 3450 3879 statera
3512 3827 3743 3897 regitur,

2145 3931 2199 3977 et
2242 3922 2425 3990 lances
2476 3930 2761 3989 mquantur
2791 3934 2804 3971 :
2839 3920 2981 3973 1111ῗο
3030 3927 3084 3973 01
3134 3920 3185 3972 111
3238 3920 3410 3974 111ηο15
3461 3931 3745 3975 amentum

2144 4014 2361 4067 dicitur.
2393 4012 2447 4065 In
2481 4019 2681 4065 statera
2712 4010 2981 4079 arquitatis
3010 4010 3090 4063 vel
3114 4011 3309 4064 divinae
3330 4010 3748 4081 gubernationis

2142 4104 2380 4173 potentia
2410 4100 2769 4173 significatur,
2806 4111 2863 4154 ut
2894 4101 2944 4154 in
2973 4102 3107 4155 Isaia
3145 4120 3157 4154 :
3194 4101 3261 4155 Et
3283 4102 3492 4155 librarit
3524 4104 3578 4155 in
3610 4121 3744 4173 pon-

2144 4195 2265 4247 rlerc
2290 4203 2486 4247 montes
2509 4234 2523 4257 ,
2548 4204 2594 4246 et
2632 4192 2788 4246 colles
2816 4193 2870 4245 in
2899 4202 3095 4245 statera
3146 4191 3284 4260 (Isa.
3345 4193 3437 4262 xu.)
3459 4234 3473 4255 ,
3510 4193 3616 4246 hoc
3648 4203 3732 4247 est

2137 4282 2347 4351 judieat
2379 4285 2431 4337 in
2464 4284 2673 4352 jnstitia
2725 4283 2960 4351 tiiajores
3008 4290 3061 4335 et
3111 4284 3368 4345 minores,
3401 4292 3660 4351 potentes
3690 4292 3748 4337 et

2144 4374 2407 4437 infirmos,
2460 4374 2667 4428 nobiles
2715 4382 2769 4427 et
2827 4373 3092 4441 ignobiles
3125 4390 3137 4425 :
3173 4374 3297 4442 quia
3330 4371 3438 4441 ipse
3473 4375 3746 4448 judicabit

2143 4465 2319 4518 orbem
2359 4475 2510 4518 terra'
2541 4466 2595 4517 in
2638 4463 2916 4533 (equitate,
2945 4472 2991 4515 et
3038 4462 3258 4533 populos
3298 4463 3353 4516 in
3390 4464 3610 4517 ueritate
3648 4482 3747 4519 sua

2144 4553 2315 4625 (Psal.
2351 4553 2448 4624 Ix).
2495 4554 2630 4607 llinc
2674 4562 2729 4607 et
2767 4551 2868 4606 Job
2896 4553 2971 4605 ait
3020 4571 3031 4605 :
3072 4550 3286 4605 Utinam
3319 4554 3747 4621 appcndcrcntur

2141 4652 2353 4712 peccata
2398 4658 2535 4705 mea,
2570 4642 2758 4711 quibus
2791 4642 2926 4693 iram
2960 4641 3149 4703 merui,
3174 4649 3221 4692 et
3247 4638 3549 4703 calamitas,
3582 4659 3745 4707 quam

2143 4736 2335 4800 patior,
2368 4736 2421 4785 in
2449 4743 2644 4785 statera
2680 4730 2821 4801 (Job.
2860 4736 2959 4801 vt).
2986 4731 3117 4797 Quis
3145 4731 3529 4786 aliufstaterae
3568 4733 3746 4785 uomi-

2145 4840 2230 4885 ne,
2257 4822 2354 4875 nisi
2380 4822 2474 4877 Dei
2491 4833 2543 4875 et
2567 4823 2848 4875 hominum
2876 4822 3160 4885 mediator,
3181 4814 3545 4891 exprimitur?
3563 4824 3656 4891 qui
3676 4823 3745 4879 ad

2144 4930 2177 4983 p
2197 4912 2475 4967 ‘usautlum
2499 4914 2620 4966 vitae
2646 4921 2844 4966 11051110
2868 4911 3119 4966 meritum
3141 4912 3309 4976 venit,
3337 4928 3403 4966 ac
3443 4928 3631 4967 secum
3657 4911 3745 4980 ju-

2144 5004 2345 5057 stitiam
2363 5004 2521 5057 simul
2544 5011 2598 5057 et
2618 5002 3043 5057 misericordiam
3068 5003 3284 5056 detulit:
3312 5004 3406 5056 sed
3432 5004 3747 5059 miscricor-

2145 5094 2243 5148 11110
2274 5093 2426 5147 1111100
2445 5094 2863 5163 praeponderans
2883 5091 3068 5161 culpas
3091 5102 3306 5145 nostras
3321 5094 3595 5162 parcendo
3616 5096 3747 5149 levi-

2146 5185 2308 5252 gavit.
2344 5184 2503 5237 Libra
2550 5184 2694 5238 enim
2725 5184 2981 5254 ponderis
3020 5184 3248 5253 mystice
3280 5182 3505 5251 justitia:
3553 5188 3745 5239 011501·-

2144 5275 2382 5327 vantiam
2416 5276 2689 5346 significat
2716 5293 2729 5325 :
2758 5275 2885 5343 quia
2918 5274 3011 5349 ~ibi
3052 5276 3316 5343 probatur
3364 5276 3491 5344 quid
3524 5294 3743 5345 mquum

2145 5376 2200 5419 et
2244 5368 2373 5436 quid
2414 5367 2749 5421 contrarium
2800 5352 3041 5435 :equitati
3075 5366 3164 5420 sit.
3222 5367 3387 5435 Cujus
3435 5366 3512 5419 rei
3564 5367 3745 5434 pluri-

2146 5473 2229 5509 ma
2282 5457 2333 5509 in
2366 5456 2662 5524 Scriptutis
2716 5457 3066 5511 inveniuntur
3102 5458 3497 5527 probamenta:
3546 5470 3595 5511 ct
3640 5473 3744 5515 nc-

2146 5563 2296 5601 10550
2327 5557 2431 5609 051,
2465 5542 2587 5599 inde
2617 5547 2794 5617 aliqua
2827 5547 2913 5600 hie
2943 5547 3237 5601 nuruerari.
3273 5546 3539 5615 Propheta
3573 5548 3747 5617 igitur

2146 5647 2394 5697 testante,
2415 5637 2597 5705 justus
2631 5636 2882 5690 Dominus
2917 5637 3243 5705 etjustitiam
3281 5635 3471 5705 diligit,
3506 5640 3741 5706 (111111111-

2146 5740 2247 5783 tcm
2282 5730 2401 5783 ritlit
2444 5728 2611 5781 rullus
2652 5730 2765 5798 ejus
2815 5728 2987 5798 (Psal.
3025 5728 3101 5797 Χ).
3137 5726 3346 5782 Iustum
3394 5729 3527 5783 dicit
3566 5730 3739 5785 Deum

2149 5836 2331 5875 amare
2377 5818 2687 5887 justitiam:
2730 5822 2852 5891 quia
2903 5822 3073 5877 nescit
3112 5821 3245 5876 alios
3288 5822 3557 5891 respicere
3632 5822 3736 5876 nisi
