3922 6340
166 319 265 377 ‘8!

1093 320 1182 375 DE
1224 318 1573 376 UNIVERSO
1610 316 1789 372 LIBRI
1831 311 1990 370 XXII.
2025 346 2095 357 -—
2132 314 2259 370 LIB.
2303 315 2488 370 XVIII.

3348 319 3457 377 ‘83

167 442 259 513 qui
295 448 497 496 norunt
533 438 812 494 custodire
834 437 1124 506 justitiam.
1173 437 1384 506 Adjecit
1417 455 1428 490 :
1462 438 1759 504 (equitatem
1790 441 1835 497 Α
1868 451 1982 487 ram
2006 434 2262 488 Chanaan
2294 436 2501 504 primus
2543 434 2683 488 hanc
2715 431 2997 486 advexerit
3032 432 3287 487 formam.
3314 436 3459 494 Soll-

165 532 291 586 ridit
333 529 504 584 vultus
531 527 670 595 ejus,
704 526 849 580 illam
890 527 1099 581 scilicet
1143 526 1454 594 {equitatem
1486 541 1651 595 quam
1682 532 1760 575 ta-

165 636 291 675 men
330 617 597 688 propitius
645 617 761 686 ipse
805 617 1073 672 concedit.
1124 614 1241 669 Non
1289 617 1433 670 enim
1465 616 1758 685 quidquam

163 726 230 765 ex
270 724 328 763 se
374 707 529 777 probi
568 707 881 762 hmnanitas
933 707 1117 770 habet,
1158 707 1261 760 nisi
1295 706 1436 774 quod
1473 720 1502 757 a
1533 703 1759 759 Domino

162 800 431 855 bonorum
480 801 723 855 omnium
760 797 1064 868 susceperit
1116 796 1395 866 largitore.
1446 795 1584 849 llinc
1616 806 1672 858 et
1706 794 1758 847 in

161 888 477 945 Proverbiis
516 890 589 944 ita
631 890 892 958 scriptum
922 895 1046 940 est:
1075 884 1178 951 Qui
1217 886 1450 955 sequitur
1471 885 1755 954 justitiam,

160 980 407 1047 diligitur
437 996 469 1031 a
509 978 733 1032 Domino
784 976 967 1048 (Prov.
1004 974 1149 1046 XXI);
1203 983 1259 1029 et
1285 975 1412 1028 alibi
1444 976 1510 1029 de
1539 973 1755 1041 sapien-

162 1071 235 1125 tia
282 1071 485 1123 dictum
522 1068 775 1132 estzQui
818 1067 1088 1120 continens
1130 1075 1225 1128 est,
1269 1065 1465 1134 inquit,
1505 1064 1753 1132 justitia',

157 1159 512 1231 apprehendet
536 1158 682 1211 illam
708 1156 838 1228 (Sir.
866 1160 977 1223 xv).
1006 1143 1315 1223 Unicuique.
1336 1164 1515 1211 autem
1531 1152 1757 1222 ponderi

158 1257 345 1306 certus
389 1257 474 1304 est
528 1249 720 1304 modus
766 1246 1075 1301 nominibus
1126 1246 1363 1314 propriis
1419 1244 1751 1313 designatus.

155 1338 393 1396 Chaleus
416 1338 637 1392 minima
667 1353 794 1407 pars
815 1336 1297 1408 ponsleris,quarta
1325 1350 1450 1405 pars
1481 1333 1622 1388 oboli
1648 1340 1751 1396 est,

157 1439 421 1485 constans
446 1428 609 1483 lentis
638 1428 902 1499 germinis
940 1427 1156 1496 granis.
1210 1424 1525 1495 Appellatur
1572 1433 1751 1479 autem

156 1520 403 1584 chalcus,
440 1519 583 1589 quod
630 1520 701 1573 sit
748 1517 1029 1588 parvulus,
1054 1518 1196 1571 sicut
1235 1528 1289 1571 et
1320 1517 1458 1587 lapis
1490 1517 1750 1583 calculus,

155 1610 251 1680 qui
284 1600 419 1664 adeo
450 1610 704 1663 minimus
731 1618 835 1673 est,
869 1617 927 1662 ut
958 1608 1075 1663 sine
1106 1608 1354 1663 molestia
1382 1609 1464 1663 sui
1490 1609 1750 1663 calcetur.

154 1699 370 1770 Siliqua
398 1701 655 1755 vicesima
694 1709 890 1770 quarta
923 1716 1049 1769 pars
1097 1699 1254 1755 solidi
1284 1708 1389 1763 est,
1436 1701 1504 1755 ab
1532 1701 1748 1765 arbore,

1864 526 1965 579 dus
1996 526 2135 595 apud
2185 524 2382 584 latinos
2412 524 2518 579 alio
2549 525 2768 578 nomine
2803 524 3010 578 sextula
3058 524 3279 589 dicitur,
3311 527 3457 594 quod

1862 617 1947 670 bis
1977 616 2235 670 sexuneia
2270 614 2626 684 compleatur.
2682 612 2837 669 Hunc
2868 615 2949 685 (ut
2979 615 3237 684 diximus)
3269 616 3459 687 vulgus

1861 724 2086 763 aureum
2121 708 2354 763 solidum
2384 715 2541 762 vocat
2572 726 2584 761 :
2619 706 2774 775 cujus
2826 707 3043 761 tertiam
3091 717 3302 776 partem
3337 708 3459 765 ideo

1861 800 2113 853 dixerunt
2141 798 2465 859 tremissem,
2495 814 2559 851 eo
2586 798 2732 866 quod
2761 796 2992 852 solidum
3027 796 3190 851 faciat
3216 808 3297 851 ter
3327 798 3459 853 mis—

1859 903 1972 942 sus.
2007 888 2301 959 Expressio
2329 889 2472 943 enim
2506 890 2847 943 numismatis
2899 889 2952 943 in
2983 905 3148 944 censu
3189 889 3458 960 signiﬁcat

1859 979 2148 1049 imaginem
2178 978 2489 1034 Conditoris
2518 979 2572 1032 in
2602 979 2839 1032 humana
2867 980 3067 1041 anima,
3102 980 3191 1048 qui
3220 980 3288 1033 ab
3316 996 3454 1036 uno-

1857 1086 2069 1139 quoque
2096 1079 2343 1125 nostrum
2371 1070 2663 1139 expetitur,
2693 1070 2910 1139 quando
2956 1068 3251 1123 credulitas
3293 1081 3458 1127 recta:

1858 1160 1979 1215 ﬁdei
2027 1178 2149 1216 eum
2195 1161 2351 1215 bonis
2399 1162 2657 1231 operibus
2691 1176 2720 1213 a
2752 1161 2907 1214 nobis
2932 1160 3257 1230 exquiritur.
3304 1161 3459 1218 Unde

1858 1251 2116 1305 Dominus
2154 1254 2222 1305 ad
2252 1267 2366 1314 eos,
2398 1251 2490 1320 qui
2534 1266 2658 1305 eum
2695 1252 2993 1313 tentabant,
3052 1252 3105 1304 in
3164 1251 3458 1321 Evangelia

1855 1341 1932 1393 ait
1960 1358 1972 1394 :
2006 1340 2227 1394 Reddite
2250 1358 2370 1411 ergo
2412 1358 2530 1411 qua:
2556 1350 2675 1395 sunt
2704 1340 2955 1401 Ca’saris,
2976 1339 3176 1394 (Ξανθιπνί
3212 1357 3230 1394 :
3268 1352 3315 1394 et
3339 1358 3459 1411 qua:

1854 1444 1971 1483 sun”
2011 1428 2126 1494 Dei,
2160 1430 2264 1483 Deo
2298 1430 2514 1500 (Matth.
2548 1433 2707 1501 χχιι).
2749 1430 3013 1485 Nummus
3052 1440 3232 1484 autem
3280 1441 3460 1485 osten-

1855 1536 1948 1576 sus
1990 1522 2281 1592 imaginem
2316 1522 2545 1576 C(l‘Slil’lS
2578 1523 2750 1575 tenuit
2776 1540 2789 1575 :
2816 1531 2868 1575 et
2914 1523 3035 1576 ideo
3080 1522 3282 1575 C:esari
3337 1522 3461 1577 red-

1855 1614 1982 1669 dere
2042 1618 2349 1678 nummum,‘
2400 1614 2684 1673 tributum,
2729 1614 3058 1683 .pccuniam.
3115 1622 3170 1667 ct
3220 1614 3459 1668 honores

1858 1712 2105 1759 terrenos
2154 1703 2338 1772 jussit,
2388 1704 2530 1757 Deus
2578 1711 2760 1755 autem
2806 1703 3195 1769 nosmetipsos,
3247 1703 3298 1755 id
3335 1711 3457 1766 .est,

153 1793 315 1861 cujus
345 1806 531 1845 semen
557 1800 658 1852 est,
691 1790 1016 1845 vocabulum
1069 1799 1277 1845 tenens.
1309 1789 1568 1845 Ceratum
1604 1790 1749 1845 oboli
1780 1773 1827 1831 Β
1857 1795 2150 1864 imaginem
2199 1794 2339 1859 Dei,
2392 1793 2507 1861 ipse
2555 1792 2796 1847 condidit
2830 1792 2898 1844 in
2950 1792 3127 1852 nobis,
3180 1806 3301 1857 qua:
3348 1806 3457 1844 non

150 1896 286 1952 pars
329 1882 504 1935 media
556 1891 660 1945 est,
711 1881 921 1936 habens
968 1881 1222 1950 siliquam
1255 1896 1416 1934 unam
1448 1888 1505 1934 et
1553 1881 1748 1934 semis:

152 1972 303 2027 hunc
337 1970 583 2024 latinitas
617 1970 971 2024 semiobolum
1018 1978 1178 2024 vocat
1222 1987 1235 2021 :
1282 1978 1526 2023 ceratum
1572 1979 1751 2023 autem

150 2061 367 2128 Graece,
399 2061 592 2116 Latine
640 2060 834 2129 Siliqua
892 2075 1063 2114 cornu
1110 2060 1518 2129 interpretatur.
1552 2059 1753 2116 Obolu’s

150 2155 370 2224 siliquis
425 2153 594 2207 tribus
648 2152 1003 2221 appenditur,
1062 2153 1269 2205 habens
1344 2152 1547 2205 ceratia
1622 2151 1750 2215 duo,

149 2249 375 2302 chalcos
403 2257 674 2316 quatuor:
709 2244 868 2298 ﬁebat
909 2246 1052 2299 enim
1084 2245 1210 2299 olim
1252 2259 1316 2297 ex
1360 2260 1467 2299 tere
1511 2243 1753 2298 adinstar

151 2338 371 2408 sagitttc
405 2354 419 2391 :
452 2336 596 2389 unde
631 2344 687 2388 et
723 2351 920 2389 nomen
955 2352 983 2389 a
1012 2335 1219 2389 Graecis
1245 2336 1475 2405 accepit,
1519 2336 1622 2391 hoc
1647 2344 1750 2401 est,

151 2430 374 2499 mgitta.
412 2425 711 2495 Scrupulus
749 2440 844 2480 sex
886 2426 1205 2495 siliqnarum
1236 2427 1475 2494 pondere
1504 2435 1749 2496 constat:

154 2520 247 2575 hic
284 2519 424 2589 apud
439 2516 658 2573 Graecos
688 2532 930 2587 gramma
964 2523 1229 2571 vocatur:
1258 2516 1545 2585 scrupulus
1571 2526 1752 2570 autem

154 2611 337 2666 dictus
373 2627 469 2679 per
498 2609 966 2663 dintinutionema
995 2608 1175 2678 lapillo
1201 2608 1375 2672 brevi,
1405 2608 1494 2676 qui
1525 2623 1755 2677 scrupus

153 2713 403 2757 vocatur.
432 2702 698 2756 Draehma
727 2710 909 2757 autem
941 2684 1131 2757 octava
1178 2716 1304 2770 pars
1350 2701 1521 2754 uncia:
1566 2710 1667 2763 est,
1701 2708 1756 2753 et

153 2793 368 2847 denarii
413 2793 623 2861 pondus
672 2790 903 2858 argenti,
956 2790 1128 2845 tribus
1171 2798 1427 2844 constans
1462 2789 1751 2858 scrupulis,

154 2886 213 2941 id
236 2895 343 2949 est,
372 2885 560 2939 decem
583 2894 637 2938 et
660 2892 784 2939 octo
813 2882 1043 2952 siliquis.
1081 2882 1365 2935 Drachmac
1395 2882 1536 2934 enim
1564 2880 1755 2934 simili-

152 2978 289 3032 tudo
312 2978 380 3031 ad
400 2976 674 3030 hominem
699 2973 935 3028 refertur
954 2974 1005 3026 in
1026 2972 1285 3042 parabola
1311 2971 1640 3042 evangelica,
1662 2970 1752 3026 ubi

1856 1893 1943 1938 est
1973 1886 2026 1938 in
2055 1902 2188 1939 auro
2227 1886 2403 1955 picta,
2458 1885 2556 1939 sed
2596 1886 2649 1938 in
2689 1884 3005 1938 hominibus
3036 1884 3282 1951 ﬁgurata.
3324 1882 3461 1937 Sex-

1858 1977 1968 2030 tula
1998 1977 2082 2030 bis
2109 1986 2385 2045 assumpta
2418 1974 2651 2028 duellam
2685 1972 2839 2037 facit“,
2877 1981 2960 2026 ter
2990 1973 3165 2042 posita
3198 1982 3459 2026 staterem

1858 2066 2054 2119 reddit.
2108 2063 2292 2118 Stater
2340 2072 2521 2117 autem
2572 2050 2835 2116 niedietas
2879 2064 3092 2123 uncite,
3143 2063 3480 2131 appendens‘

1856 2170 2053 2210 aureos
2104 2163 2234 2218 tres,
2286 2154 2428 2207 unde
2462 2161 2536 2207 'ct
2578 2160 2806 2207 vocatur
2850 2162 3040 2213 stater,
3091 2151 3233 2219 quod
3285 2151 3460 2205 tribus

1856 2244 2045 2299 Solidis
2082 2251 2207 2297 stct.
2244 2243 2366 2295 [hec
2397 2249 2453 2295 ct
2486 2240 2808 2303 semiuncia,
2841 2240 2970 2307 quia
3003 2240 3168 2292 semis
3201 2239 3361 2292 habet
3390 2238 3460 2293 de

1857 2334 2060 2388 uncia:
2109 2316 2221 2387 huic
2268 2341 2323 2385 et
2374 2331 2641 2393 semissis,
2692 2329 2818 2399 quia
2866 2327 3125 2396 ponderis
3152 2327 3316 2379 semis
3345 2334 3455 2392 est,

1857 2426 2011 2496 quasi
2054 2424 2220 2479 semis
2252 2422 2410 2476 assis.
2439 2420 2809 2487 Quadrantem
2840 2418 3048 2472 llehra:i
3084 2416 3336 2470 similiter
3362 2430 3459 2470 co—

1857 2519 2104 2571 drantcm
2135 2523 2330 2569 vocant
2374 2533 2390 2566 7:
2440 2520 2496 2565 et
2526 2520 2752 2564 vocatur
2781 2510 3079 2578 quadrans,
3110 2508 3251 2575 quod
3285 2506 3461 2562 uncia}

1858 2616 2107 2675 quartam
2144 2613 2354 2673 partem
2396 2600 2685 2670 appendat.
2737 2599 2812 2651 Dc
2838 2598 3142 2667 quadrante
3183 2605 3362 2649 autem
3405 2596 3459 2649 in

1858 2696 2151 2767 Evangelio
2197 2695 2269 2748 ita
2322 2692 2538 2761 legitur,
2569 2689 2658 2744 ubi
2708 2698 3170 2757 commemoratur
3214 2685 3463 2739 nocentis

1847 2788 2080 2842 ~traditio
2121 2786 2173 2840 in
2203 2785 2734 2846 earccrcmzAmen,
2779 2784 2897 2835 dico
2941 2782 3056 2845 tibi,
3107 2781 3305 2850 inquit.
3352 2796 3458 2833 non

1856 2880 1997 2933 exies
2042 2878 2201 2943 inde,
2250 2877 2411 2929 donec
2458 2874 2647 2929 reddas
2718 2866 3056 2927 iratissimum
3108 2871 3459 2941 quadrantem

1861 2968 2077 3039 (Matth.
2102 2966 2179 3037 v).
2225 2966 2513 3031 Quadrans
2556 2979 2729 3034 genus
2772 2961 2979 3014 nummi
3027 2967 3131 3019 est,
3160 2958 3316 3027 quasi
3354 2959 3461 3037 duo

155 3067 424 3123 Dominus
444 3066 673 3120 ait:Aut
694 3082 812 3135 qua:
836 3063 1028 3117 mulier
1049 3062 1242 3116 habens
1259 3063 1539 3116 drachmas
1553 3064 1750 3128 decem,
1782 3106 1825 3164 Ο
1860 3062 2069 3116 minuta
2095 3077 2108 3115 :
2134 3061 2276 3113 unde
2306 3058 2359 3112 in
2395 3057 2501 3111 alio
2524 3054 2821 3126 Evangelia
2853 3052 3050 3122 (Marc.
3081 3051 3179 3120 xu)
3205 3080 3221 3113 ~,
3262 3050 3460 3103 mulier

149 3168 205 3213 et
232 3160 280 3213 si
308 3157 594 3227 perdiderit
626 3157 934 3209 drachmam
964 3171 1147 3221 unam,
1180 3171 1351 3208 nonne
1382 3156 1618 3209 accendit
1670 3154 1753 3209 lu-

151 3258 390 3313 cernam,
433 3257 479 3299 et
521 3247 707 3301 ercrrit
751 3246 989 3321 domum,
1017 3248 1065 3298 et
1097 3246 1284 3314 qua'rit
1323 3245 1621 3315 diligenter,
1660 3246 1756 3299 do-

149 3354 249 3395 nec
278 3340 597 3403 inveniatur,
629 3348 735 3393 etc.
799 3337 952 3409 (Luc.
985 3337 1098 3410 xv).
1130 3337 1230 3404 Qui
1262 3338 1508 3408 signatur
1532 3353 1629 3415 per
1656 3354 1755 3408 pa-

152 3436 365 3486 storem
402 3430 535 3500 ipse,
576 3437 632 3483 et
658 3444 754 3499 per
784 3428 1068 3482 mulierem
1098 3419 1574 3498 Dominuslnostcr
1597 3421 1757 3484 Jesiis

151 3519 410 3576 Christus
440 3538 454 3574 :
481 3529 535 3574 et
570 3520 695 3589 quia
727 3521 904 3589 imago
930 3519 1167 3573 hominis
1188 3518 1515 3587 exprimitur
1549 3518 1602 3571 in
1631 3518 1757 3571 dra-

153 3610 343 3675 clnna,
362 3620 489 3665 tunc
512 3610 705 3664 mulier
722 3610 1034 3664 drachmam
1059 3608 1324 3677 perdidit.
1350 3608 1569 3678 quando
1592 3609 1754 3664 homo

154 3701 225 3755 ad
259 3700 548 3769 imaginem
582 3700 677 3754 Dei
720 3699 971 3754 conditus
1015 3700 1292 3768 peccando
1340 3715 1369 3753 a
1401 3699 1755 3754 similitudine

156 3794 241 3847 sui
266 3792 581 3847 Conditoris
622 3788 866 3846 recessit.
915 3790 1021 3845 Sed
1068 3790 1317 3845 accendit
1354 3790 1550 3844 mulier
1580 3791 1757 3845 lucer-

153 3898 284 3937 nam
309 3901 323 3936 :
346 3884 472 3952 quia
504 3883 596 3937 Dei
630 3882 891 3951 sapientia
925 3880 1039 3952 ipse
1065 3880 1157 3936 Dei
1191 3880 1359 3935 Filius
1396 3898 1519 3935 cum
1547 3882 1613 3935 de
1644 3879 1755 3933 Ma-

153 3976 255 4028 rize
285 3984 445 4027 utero
475 3974 763 4026 humanam
814 3980 1064 4048 naturam
1113 3963 1437 4041 suscipiens,
1474 3972 1526 4025 in
1559 3972 1753 4025 Imma-

154 4064 333 4117 nitate
378 4064 652 4132 apparuit,
683 4062 1034 4117 mortalitatis
1080 4071 1281 4116 nostra:
1317 4076 1377 4116 sc
1421 4062 1753 4117 conscientia

152 4155 479 4209 concussit:
523 4162 578 4209 et
621 4155 689 4209 ad
731 4154 1216 4219 immortalitatem,
1241 4154 1387 4208 unde
1428 4169 1531 4223 per
1554 4169 1749 4224 pecca~

154 4253 273 4299 tum
304 4245 530 4304 cecidit.
548 4260 645 4315 per
688 4259 908 4301 crucem
954 4260 1015 4301 se
1055 4245 1234 4300 redire
1261 4260 1420 4316 posse
1447 4246 1750 4315 conspexit.

154 4332 429 4388 Denarius
456 4341 635 4387 autem
666 4333 864 4398 dictus,
896 4333 1021 4403 quia
1048 4348 1146 4403 pro
1174 4332 1361 4387 decem
1390 4334 1625 4387 nummis
1655 4334 1755 4387 im-

150 4429 476 4499 putabatur.
506 4429 774 4483 Denarius
806 4428 1093 4497 allegorice
1129 4427 1401 4498 signiﬁcat
1435 4443 1752 4482 remunera-

151 4520 362 4574 tionem
412 4517 648 4573 l'uturatn
690 4529 1026 4582 sanctorum,
1060 4535 1179 4588 qua:
1222 4518 1325 4573 illis
1374 4533 1472 4588 pro
1498 4520 1640 4573 bono
1680 4520 1758 4572 la-

150 4611 289 4664 bore
321 4609 412 4663 hic
442 4610 795 4678 promittitur,
829 4618 884 4663 et
929 4609 981 4663 in
1037 4608 1219 4663 futuro
1269 4610 1451 4665 datur.
1511 4609 1667 4665 Unde
1703 4611 1754 4664 in

149 4699 455 4769 Evangelio
486 4698 703 4769 (Matth.
734 4698 827 4770 xx)
863 4699 1558 4769 paterfamilias,operariis
1587 4700 1758 4754 vinea:

150 4806 269 4845 suae
323 4792 377 4845 in
428 4791 533 4846 ﬁne
580 4791 760 4861 operis
811 4792 894 4845 sui
945 4791 1141 4860 legitur
1186 4792 1400 4846 dedisse
1450 4792 1751 4846 denarium.

152 4881 383 4937 Dcnarii
428 4882 534 4935 duo
572 4890 844 4951 praecepta
874 4881 1180 4945 cbaritatis,
1210 4881 1293 4935 vel
1338 4890 1625 4949 utrumque
1653 4878 1756 4933 Te-

155 4980 517 5035 stamentum,
568 4974 671 5035 hoc
719 4982 822 5036 est,
872 4987 1071 5026 novum
1125 4980 1181 5026 et
1227 4980 1404 5035 vetus,
1454 4970 1754 5042 signiﬁcat:

155 5066 307 5119 unde
350 5064 403 5117 in
432 5063 722 5133 Evangelio
752 5064 951 5117 dicitur
976 5079 990 5115 :
1018 5060 1085 5115 Et
1109 5061 1215 5115 alio
1242 5064 1328 5115 die
1348 5062 1562 5132 protulit
1591 5060 1757 5113 deum

156 5158 268 5210 rios
293 5157 452 5219 duos,
474 5164 521 5209 et
545 5154 684 5208 dedit
707 5155 997 5209 stabulario
1024 5152 1174 5223 (Luc.
1202 5153 1277 5222 ι).
1311 5152 1526 5207 Solidus
1551 5168 1758 5206 nuncu-

155 5255 345 5318 patnr,
375 5246 503 5315 quia
535 5243 667 5299 nihil
713 5238 788 5298 illi
820 5244 1007 5299 deesse
1048 5228 1260 5317 videtur
1287 5260 1300 5296 :
1345 5243 1575 5297 solidum
1611 5243 1757 5297 enim

158 5343 380 5389 veteres
432 5333 1006 5409 integrumIdieebant
1044 5340 1098 5387 et
1148 5341 1339 5387 totum.
1395 5332 1512 5400 Ipse
1542 5348 1758 5401 quoque

161 5424 431 5482 nomisma
478 5432 704 5479 vocatur
755 5439 854 5495 pro
896 5438 964 5478 eo
1006 5424 1149 5492 quod
1197 5423 1506 5478 nominibus
1549 5425 1756 5493 princi-

157 5535 291 5592 pum
340 5508 643 5587 cﬂigieque'
670 5518 935 5588 signetur.
986 5516 1067 5569 Ab
1115 5516 1273 5571 initio
1300 5530 1429 5569 vero
1461 5531 1626 5568 unum
1662 5532 1759 5568 nu-

160 5611 380 5683 misma,
414 5622 552 5661 unus
582 5616 870 5677 argenteus
901 5615 1019 5660 erat
1046 5626 1057 5660 :
1107 5607 1211 5663 hoc
1240 5608 1385 5661 enim
1424 5607 1492 5661 ab
1523 5607 1759 5677 Assyriis

161 5702 326 5771 carpit
354 5718 364 5753 :
394 5700 588 5756 dicunt
610 5707 787 5753 auth
826 5696 1015 5765 J.ul.ei,
1067 5699 1209 5768 quod
1244 5694 1517 5753 Abraham
1552 5698 1602 5752 iu
1651 5708 1758 5753 ter—

1858 3154 1949 3208 iIla
1980 3152 2311 3224 paupercula
2339 3159 2395 3205 et
2420 3150 2583 3203 vidua
2624 3148 2827 3202 dicitur
2857 3146 3069 3199 misisse
3099 3144 3460 3213 quadrantem

1855 3247 1911 3301 in
1943 3246 2237 3301 eorbonam
2269 3261 2282 3296 :
2326 3243 2380 3295 in
2414 3242 2525 3295 alio
2560 3240 2668 3294 duo
2698 3239 2905 3293 minuta
2934 3234 3100 3307 (Luc.
3153 3251 3240 3287 xxi
3266 3234 3283 3289 l
3308 3275 3320 3295 ,
3352 3248 3460 3287 non

1858 3339 2001 3412 quod
2032 3338 2317 3393 dissonent
2343 3333 2655 3403 Evangelia,
2688 3320 2779 3385 sed
2812 3330 2955 3412 quod
3007 3343 3147 3381 unus
3182 3326 3461 3395 quadrans

1859 3408 1994 3488 duos
2030 3429 2267 3483 minutos
2313 3438 2566 3480 nummos
2606 3422 2826 3477 habeat.
2882 3408 2996 3473 Hoc
3021 3428 3285 3485 estergo,
3315 3424 3462 3483 quod

1858 3522 2026 3577 dicit:
2070 3520 2193 3573 Non
2232 3516 2514 3587 egredieris
2558 3514 2623 3567 de
2668 3528 2878 3566 carcere
2916 3508 3136 3580 (Matth.
3175 3508 3251 3576 v),
3286 3508 3462 3561 donec

1856 3614 2021 3667 etiam
2052 3611 2256 3664 minuta
2288 3614 2510 3679 peccata
2540 3603 2853 3672 persolvas;
2887 3601 2954 3653 de
2986 3596 3243 3651 solvendo
3276 3603 3459 3648 autem

1858 3703 2155 3758 novissimo
2200 3682 2505 3768 quadrante
2558 3703 2736 3765 potest
2784 3707 2892 3745 non
2944 3689 3181 3743 absurde
3230 3684 3460 3758 intelligi

1858 3801 1951 3848 aut
1983 3807 2081 3861 pro
2116 3804 2181 3844 eo
2210 3788 2467 3859 positum,
2493 3786 2638 3854 quod
2674 3782 2807 3837 nihil
2830 3780 3185 3849 relinquatur
3223 3776 3462 3847 impuni-

1858 3892 2004 3947 tum;
2038 3882 2180 3935 sicut
2206 3880 2488 3947 loquentes
2514 3875 2676 3929 etiam
2706 3873 2958 3935 dicimus,
2976 3886 3141 3940 usque
3161 3868 3230 3921 ad
3251 3868 3460 3937 facem,

1856 3991 1979 4031 cum
2011 3973 2261 4029 voluntas
2286 3970 2593 4039 exprimere
2620 3966 2765 4019 aliud
2792 3960 3041 4035 [aliquid]
3076 3963 3148 4014 ita
3179 3968 3457 4025 exactum,

1855 4074 1916 4119 ut
1944 4063 2079 4117 nihil
2117 4062 2369 4116 relictum
2413 4059 2514 4123 sit;
2554 4056 2639 4111 vel
2670 4065 2728 4109 ut
2755 4054 3200 4125 signiﬁcarentur
3238 4050 3459 4104 nomine

1856 4157 2175 4229 quadrantis
2210 4154 2500 4210 novissima
2533 4162 2750 4207 terrena
2784 4157 3028 4219 peccata.
3065 4147 3272 4213 Quarta
3305 4145 3455 4200 enim

1854 4264 1984 4320 pars
2008 4247 2393 4301 distinctorum
2440 4243 2811 4296 membrorum
2852 4237 3011 4305 hujus
3051 4236 3260 4299 mundi,
3296 4232 3362 4289 et
3390 4230 3457 4289 ea

1856 4336 2170 4399 novissima,
2198 4344 2340 4388 terra
2379 4332 2683 4394 invenitur;
2719 4338 2779 4383 ut
2816 4328 3082 4397 incipiens
3116 4342 3144 4379 a
3174 4326 3337 4389 cmlo,
3371 4340 3459 4380 se-

1781 4443 1833 4502 D
1860 4428 2095 4482 cundum
2142 4439 2325 4479 aerem
2357 4436 2629 4484 numeres,
2677 4434 2874 4487 aquam
2922 4418 3161 4479 tertiam,
3205 4424 3457 4485 quartam

1861 4524 2082 4571 terram.
2138 4511 2303 4575 Sicel,
2352 4510 2442 4579 qui
2492 4508 2661 4575 latino
2704 4520 2954 4562 sermone
3000 4505 3165 4559 siclus
3199 4513 3459 4573 corrupte

1860 4604 2181 4675 appellatur,
2227 4602 2502 4656 hebraeunt
2561 4614 2755 4652 nomen
2807 4606 2913 4660 est,
2947 4597 3155 4649 habens
3192 4594 3333 4663 apud
3363 4610 3458 4649 eos

1859 4700 2032 4753 uncia:
2059 4696 2287 4767 pondus.
2306 4694 2456 4763 Apud
2481 4691 2703 4745 Latinos
2725 4698 2903 4743 autem
2936 4696 2988 4741 et
3010 4687 3233 4740 Gneeos
3260 4694 3456 4754 quarta

1857 4808 1988 4863 pars
2021 4791 2192 4845 unciae
2221 4797 2337 4851 est,
2368 4794 2423 4841 et
2446 4784 2669 4839 statcris
2707 4782 2987 4843 medietas,
3022 4779 3320 4833 drachmas
3360 4791 3457 4847 ap-

1861 4887 2100 4956 pendcns
2152 4884 2303 4935 duas.
2347 4878 2499 4933 Unde
2528 4893 2651 4933 eum
2691 4878 2742 4930 in
2776 4874 2974 4928 litteris
3004 4871 3204 4926 divinis
3259 4871 3459 4941 legitur

1862 4979 2049 5041 siclus,
2100 4974 2259 5028 uncia
2309 4981 2421 5037 est;
2474 4986 2595 5025 cum
2637 4984 2766 5022 vero
2813 4968 2864 5021 in
2918 4964 3221 5035 gentilium,
3256 4973 3455 5033 quarta

1862 5058 1991 5139 pars
2045 5057 2217 5119 uncia:
2265 5070 2369 5116 est.
2418 5061 2587 5116 Uncia
2634 5058 2802 5122 dicta,
2850 5056 2994 5126 quod
3043 5054 3454 5109 universitatem

1864 5156 2134 5214 minorum
2187 5153 2641 5225 ponderumssua
2692 5150 2900 5204 unitate
2949 5146 3180 5209 vinciat,
3240 5146 3292 5199 id
3347 5155 3453 5211 est,

1865 5247 2278 5317 complectatur.
2318 5244 2542 5299 Constat
2572 5250 2750 5296 autem
2779 5238 3069 5309 drachmis
3093 5245 3237 5300 octo,
3274 5236 3324 5290 id
3348 5244 3449 5299 cst,

1862 5336 2133 5407 scrupulis
2164 5351 2315 5398 χειν,
2342 5333 2486 5402 quod
2513 5330 2739 5401 proinde
2786 5328 3084 5399 legitimum
3116 5324 3327 5394 pondus
3358 5324 3455 5377 ba-

1861 5430 2053 5491 betur;
2088 5425 2211 5495 quia
2247 5438 2507 5477 numerus
2552 5418 2931 5489 scrupulorum
2984 5415 3101 5482 ejus
3149 5414 3313 5467 horas
3346 5412 3453 5468 diei

1862 5518 2142 5585 noctisque
2190 5515 2443 5577 metitur;
2491 5512 2573 5566 vel
2604 5511 2730 5581 quia
2782 5509 2973 5562 libram
3003 5504 3195 5567 edicit,
3246 5504 3452 5558 duode-

1863 5609 1976 5663 cies
2018 5615 2347 5675 computata.
2399 5604 2558 5657 I.ihra
2612 5599 2892 5655 duodecim
2940 5595 3114 5651 unciis
3146 5594 3447 5663 perﬁcitur,

1862 5708 1913 5754 et
1950 5699 2071 5753 inde
2117 5697 2347 5751 habetur
2377 5694 2600 5764 perfecti
2639 5689 2895 5763 ponderis
2944 5702 3142 5759 genus;
3189 5686 3315 5755 quia
3370 5694 3451 5739 tot
