3922 6356
453 325 561 382 683

1100 317 1160 371 Β.
1193 312 1457 372 'RABANI
1497 308 1717 369 MAUBl
1755 304 2074 363 ARClllEP.
2116 302 2425 360 MOGUNT.
2468 301 2754 361 OPER‘UM
2794 303 2973 360 PARS
3013 304 3075 360 ll.

3634 302 3743 360 ιει

454 442 572 496 haec
616 441 830 490 constat
873 430 1067 492 unciis,
1114 435 1245 496 quot
1296 423 1574 477 mensibus
1634 435 1826 475 annus.
1895 418 2047 471 Dicta
2079 418 2123 476 Λ
2157 430 2347 468 aurum
2376 454 2391 473 .
2440 416 2582 484 quod
2624 414 2876 484 junctum
2928 425 3127 481 sonat,
3184 418 3466 488 repositum
3529 436 3743 474 aurum.

458 538 640 583 autem
692 525 849 587 libra,
898 520 1040 589 quod
1088 518 1159 571 sit
1211 516 1402 577 libera,
1456 520 1512 564 et
1564 518 1760 566 cuncta
1812 509 1954 561 intra
1993 520 2052 561 se

458 619 698 690 pondera
751 612 1008 685 praedicta
1064 606 1371 661 concludat.
1440 602 1562 656 Mna
1624 602 1676 654 in
1716 599 2052 669 ponderibus

461 720 678 770 centum
710 704 985 761 drachmis
1017 698 1357 771 appenditur,
1382 704 1535 749 etest
1558 708 1753 747 nomen
1791 705 2047 762 grmcum.

462 799 743 872 Signiﬁcat
776 810 901 849 mna
952 793 1138 845 decem
1168 787 1333 841 verba
1384 785 1537 853 legis,
1580 797 1701 852 qua:
1744 781 2052 834 hominibus

460 870 719 950 divinitus
754 887 875 940 data
920 891 1067 946 sunt,
1100 887 1156 932 ιιι
1199 879 1251 931 in
1293 878 1373 930 eis
1403 882 1715 944 operentur,
1753 880 1809 925 et
1838 870 2051 923 lucrum

460 981 703 1056 spiritale
727 977 991 1041 eﬂiciaut;
1016 972 1163 1027 unde
1192 971 1245 1024 in
1268 966 1562 1036 Evangelio
1589 963 1787 1056 legitur
1832 960 2048 1056 (Matth.

460 1052 613 1143 xxv),
637 1068 781 1141 quod
810 1069 974 1121 homo
1001 1062 1217 1124 nobilis,
1250 1059 1341 1129 qui
1374 1057 1507 1112 abiit
1546 1056 1598 1109 in
1632 1054 1907 1124 regionem
1937 1052 2053 1104 lon-

460 1168 739 1239 ginquain,
790 1156 1104 1228 expenderit
1148 1153 1320 1208 servis
1367 1150 1479 1205 suis
1529 1147 1815 1218 pecuniam
1860 1159 2049 1239 suam;

460 1234 545 1313 cui
598 1250 890 1309 revertenti
938 1246 1132 1316 singuli
1180 1256 1499 1314 exposuere,
1548 1252 1672 1308 quae
1712 1234 2054 1293 lucriﬁcave«

462 1353 607 1401 runt.
660 1342 767 1396 lste
813 1346 1004 1393 autem-
1041 1336 1205 1390 homo
1255 1330 1452 1385 nobilis
1488 1328 1819 1397 Redemptor
1866 1334 2053 1379 noster

459 1448 562 1503 est,
587 1438 678 1507 qui
720 1434 852 1488 abiit
889 1434 941 1485 in
970 1430 1251 1500 regionem
1304 1424 1650 1493 longinquam
1673 1437 1711 1485 ;.
1748 1418 1898 1490 quia,
1929 1432 2046 1486 pas»

462 1530 614 1586 sione
669 1542 764 1581 sua
816 1533 871 1578 et
920 1518 1316 1575 resurrectione
1366 1512 1654 1582 completa,
1705 1509 1948 1564 ascendit
1997 1507 2051 1559 in

462 1621 686 1683 malum,
717 1625 774 1671 et
803 1615 943 1671 sedit
977 1629 1006 1666 a
1034 1610 1241 1665 dextris
1272 1607 1384 1661 Dei.
1432 1604 1489 1658 ln
1521 1604 1607 1661 die
1639 1610 1819 1672 autem
1860 1598 2051 1668 judicii

462 1719 744 1771 venturus,
773 1714 832 1758 ut
858 1702 1113 1772 exquirat
1148 1696 1478 1765 cxsingulis
1514 1692 1849 1749 debitoribus
1885 1705 2051 1781 pecu.-

465 1801 633 1861 niam,
668 1811 830 1865 quam
859 1793 939 1847 eis
966 1788 1446 1847 commendaverat
1472 1802 1483 1838 :
1512 1784 1579 1838 Et
1627 1782 1805 1837 reddet
1849 1781 2057 1833 unicui-

462 1906 563 1961 que
602 1885 890 1941 secundum
930 1870 1088 1951 opera
1114 1896 1211 1933 sua
1242 1876 1461 1947 (Matth.
1487 1890 1575 1929 va
1601 1890 1615 1939 ;
1648 1871 1801 1925 Rom.
1826 1870 1909 1941 ιι).
1959 1869 2060 1923 Ta-

464 1981 688 2041 lentum,
714 1988 985 2031 snmmum
1011 1987 1133 2027 esse
1160 1971 1369 2041 pondus
1391 1968 1709 2038 perhibetur
1740 1965 1791 2017 in
1818 1963 2054 2026 Graecis;

465 2088 589 2127 nam
642 2068 775 2124 nihil
819 2076 904 2120 est
953 2064 1143 2120 chalco
1181 2064 1384 2125 minus,
1418 2055 1549 2114 nihil
1604 2058 1805 2112 talento
1850 2055 2055 2124 majus;

464 2161 622 2230 cujus
651 2157 860 2210 varium
892 2154 1034 2222 apud
1065 2154 1312 2213 diversas
1350 2158 1537 2219 gentes
1566 2152 1775 2218 pondus
1805 2150 2055 2202 habetur.

466 2248 623 2319 Apud
654 2249 927 2301 Romanos
956 2245 1099 2297 enim
1147 2243 1408 2296 talentum
1436 2248 1520 2295 est
1564 2255 1669 2294 ιλιι
1719 2239 1945 2321 duarum
1997 2237 2061 2291 li-

468 2340 715 2401 brarum,
748 2337 888 2390 sicut
917 2334 1139 2387 PlautUs
1174 2329 1429 2391 ostendit,
1488 2329 1580 2397 qui
1618 2329 1694 2381 ait
1723 2326 1827 2382 duo
1859 2328 2061 2382 talenta

467 2444 587 2484 esse
613 2436 828 2481 centum
859 2424 1214 2493 quadraginta
1247 2428 1485 2489 quatuor
1513 2420 1698 2474 libras.
1749 2419 1844 2473 Est
1880 2429 2062 2473 autem

469 2518 686 2588 triplex,
720 2518 772 2571 id
817 2524 924 2580 est,
970 2514 1169 2579 minus,
1221 2515 1482 2577 medium,
1530 2526 1829 2576 summum;
1884 2511 2063 2566 minus

469 2607 895 2679 quinquaginta;
956 2604 1193 2663 medium
1234 2603 1579 2673 septuaginta
1630 2602 1858 2655 duarum
1901 2600 2064 2654 libra-

470 2715 626 2764 rum;
667 2713 935 2753 summum
967 2705 1183 2750 centum
1229 2695 1417 2765 viginti
1469 2702 1703 2747 constat.
1753 2692 2064 2746 Centenarii

469 2791 615 2846 enim
646 2788 854 2842 numeri
896 2801 1091 2840 nomen
1122 2793 1207 2839 est
1244 2800 1309 2839 eo
1351 2782 1492 2853 quod
1536 2792 1754 2837 centum
1804 2782 2065 2835 librarum

472 2881 728 2951 ponderis
773 2878 873 2943 sit;
935 2878 1078 2946 quod
1134 2877 1347 2945 pondus
1401 2882 1623 2943 propter
1669 2871 2061 2943 perfectionem

469 2970 775 3027 centenarii
805 2968 1015 3022 numeri
1048 2966 1400 3021 instituerunt
1426 2964 1675 3019 Romani.
1706 2964 1919 3019 Talenti
1967 2979 2063 3019 no-

473 3061 619 3116 mine
667 3058 950 3129 plenitudo
996 3065 1051 3112 et
1095 3055 1358 3126 perfectio
1388 3056 1653 3110 donorum
1689 3055 2058 3125 significatur;

2153 506 2381 559 Auraria
2414 522 2610 560 nomen
2650 508 2811 585 habet
2852 507 2921 561 ab
2948 524 3102 562 auro.
3149 509 3225 564 De
3268 511 3507 565 thesauri
3539 511 3749 581 signiﬁ-

2153 598 2365 651 catione
2415 596 2725 666 evangelica
2768 599 3025 667 parabola
3081 601 3428 656 manifestum
3479 603 3748 658 indicium

2153 689 2266 751 dat,
2321 687 2410 740 ubi
2440 688 2699 742 Dominus
2749 690 2825 743 ait
2858 706 2869 740 :
2904 688 3090 743 Simile
3127 700 3202 744 est
3246 708 3459 762 regnum
3496 694 3750 749 caelorum

2153 779 2397 831 thesauro
2436 778 2740 832 abscondito
2763 781 2820 833 in
2861 797 3011 849 agro,
3034 798 3185 852 quem
3208 785 3300 853 qui
3343 786 3536 839 invenit
3565 788 3748 853 homo,

2153 872 2443 935 abscondit,
2469 882 2516 924 et
2536 888 2646 940 prie
2665 873 2861 941 gaudio
2882 873 3025 928 illius
3049 875 3188 927 vadit
3216 884 3262 928 et
3286 877 3457 929 vendit
3503 879 3749 933 universa

2151 979 2267 1033 qua:
2296 962 2449 1015 habet
2469 972 2517 1016 et
2543 964 2663 1015 emit
2690 980 2876 1033 agrum
2902 964 3053 1018 illum
3077 964 3293 1035 (Matth.
3321 968 3465 1038 λιιι).
3503 969 3748 1024 Thesau-

2153 1068 2248 1107 rns
2292 1062 2471 1107 autem
2508 1054 2731 1108 cmleste
2778 1063 2862 1108 est
2909 1056 3260 1111 desiderium.
3311 1058 3456 1131 Ager
3490 1076 3641 1125 vero,
3695 1062 3751 1115 in

2153 1161 2261 1215 quo
2301 1146 2593 1201 thesaurus
2642 1149 3009 1214 absconditur,
3060 1150 3345 1220 disciplina
3386 1154 3549 1207 studii
3583 1154 3753 1208 caele-

2152 1236 2275 1293 stis.
2310 1235 2481 1303 Quem
2520 1226 2765 1306 pro'l'ecto
2793 1252 3006 1307 agrum,
3036 1240 3268 1295 venditis
3294 1243 3567 1308 omnibus,
3599 1258 3752 1297 com-

2152 1336 2330 1398 parat,
2366 1327 2455 1397 qni
2507 1327 2876 1397 voluptatibus
2922 1330 3104 1384 carnis
3152 1333 3491 1397 renuntians,
3550 1342 3750 1388 cuncta

2154 1431 2251 1470 sua
2283 1423 2498 1469 terrena
2528 1415 2797 1470 desideria
2833 1431 2930 1485 per
2958 1418 3255 1487 disciplina:
3301 1422 3605 1476 custodiam
3636 1438 3752 1477 cce-

2154 1507 2308 1561 lestis
2335 1506 2513 1561 calcat
2542 1525 2553 1559 :
2589 1516 2648 1561 ut
2687 1508 2845 1572 nihil,
2877 1508 3018 1577 quod
3047 1510 3196 1563 carni
3222 1511 3516 1577 blanditur,
3550 1512 3746 1567 liceat:

2154 1597 2311 1662 nihil,
2370 1598 2513 1666 quod
2568 1596 2843 1652 carnalem
2896 1606 3134 1653 mentem
3182 1601 3434 1661 trucidat,
3498 1601 3750 1671 spiritum

2157 1685 2441 1758 [Spiritus]
2470 1688 2869 1756 perhorrescat.
2910 1688 3044 1742 Item
3076 1682 3362 1745 thesaurus
3411 1692 3537 1756 iste,
3575 1692 3629 1743 in
3649 1707 3751 1762 quo

2086 1760 2131 1819 Β
2157 1787 2279 1833 sunt
2319 1794 2497 1831 omnes
2539 1777 2773 1830 thesauri
2810 1780 3084 1847 sapientia:
3113 1789 3161 1833 et
3190 1782 3425 1834 scientia?
3455 1760 3753 1836 absconditi

2160 1863 2297 1936 (Col.
2326 1866 2409 1936 ιι)⁹
2459 1874 2551 1919 aut
2581 1865 2674 1920 Dei
2702 1867 2927 1923 verbum
2960 1875 3065 1933 est,
3099 1869 3243 1938 quod
3283 1870 3334 1923 in
3363 1887 3526 1925 carne
3547 1870 3755 1928 Christi

2159 1956 2375 2010 videtur
2424 1957 2799 2011 absconditum
2851 1973 2865 2010 :
2914 1967 3008 2012 aut
3059 1968 3259 2014 sancte
3311 1962 3633 2030 Scriptum,
3699 1962 3755 2017 in

2160 2046 2355 2115 quibus
2403 2047 2636 2115 reposita
2683 2055 2767 2101 est
2819 2048 3013 2101 notitia
3063 2048 3755 2117 Salvatoris.-Quemcum

2162 2136 2284 2206 quis
2332 2136 2386 2189 in
2419 2136 2498 2189 eis
2553 2136 2845 2200 invenerit,
2905 2138 3063 2191 debet
3118 2140 3298 2193 omnia
3358 2141 3517 2194 istius
3568 2141 3756 2195 sa‘culi

2162 2227 2526 2286 emolumenta
2580 2236 2951 2291 contemnere,
3002 2237 3063 2281 ut
3110 2228 3259 2283 illum
3309 2231 3482 2299 possit
3531 2231 3753 2296 habere,

2162 2332 2324 2387 quem
2354 2319 2574 2385 reperit.
2606 2317 2646 2370 Τ
2656 2318 2828 2371 ribnta
2861 2332 2989 2373 vero
3018 2334 3101 2384 eo,
3138 2319 3279 2388 quod
3323 2330 3483 2375 antea
3515 2336 3617 2392 per
3662 2322 3761 2375 tri-

2162 2410 2265 2462 bus
2297 2406 2506 2477 singula
2534 2407 2931 2476 exigebantur,
2983 2408 3144 2463 sicuti
3197 2425 3340 2464 nunc
3392 2423 3489 2479 per
3546 2410 3757 2478 singula

2164 2502 2463 2555 territoria.
2515 2500 2606 2555 Sic
2648 2510 2829 2554 autem
2876 2502 2929 2555 in
2958 2510 3068 2555 tres
3097 2510 3281 2570 partes
3306 2501 3539 2558 divisum
3592 2502 3761 2558 fuisse

2166 2591 2469 2645 Romanum
2514 2591 2772 2661 populum
2813 2601 3028 2646 constat
3067 2610 3081 2647 :
3131 2602 3306 2656 utea,
3355 2608 3475 2661 qua:
3514 2604 3675 2647 erant
3708 2595 3760 2648 in

2166 2681 2391 2749 singulis
2439 2682 2718 2750 partibus,
2763 2682 2965 2735 tribuni
3004 2684 3334 2737 dicerentur.
3392 2684 3549 2739 Unde
3595 2686 3762 2739 etiam

2167 2779 2433 2837 sumptus,
2466 2784 2604 2838 quos
2652 2769 2855 2823 dabant
2888 2771 3095 2839 populi,
3125 2771 3327 2825 tributa
3382 2774 3759 2827 nominarunt.

2171 2858 2464 2930 Vectigalia
2493 2870 2621 2915 sunt
2650 2861 2850 2916 tributa
2878 2879 2908 2917 a
2933 2863 3179 2917 vehendo
3212 2865 3374 2919 dicta.
3416 2864 3763 2936 Stipendium

2168 2966 2198 3005 a
2230 2951 2371 3019 stipe
2400 2950 2684 3020 pendenda
2716 2952 3078 3006 nominatum.
3123 2954 3343 3023 Antiqui
3374 2956 3521 3009 enim
3562 2971 3766 3026 appen-

2170 3043 2298 3098 dere
2336 3043 2624 3111 pecuniam
2667 3042 2810 3097 soliti
2850 3053 3005 3097 erant
3053 3046 3258 3116 magis,
3292 3063 3454 3116 quam
3497 3063 3767 3102 annume-

476 3106 620 3205 ὖὶζξιεζ
659 3106 718 3202 ιῖέ
732 3106 1059 3217 1;;i.;;.g;.na
1092 3106 1351 3215 asia;
1383 3106 1652 3200 ὖὸιῆίιιῖιξ
1680 3106 2061 3217 estigiis);

2172 3148 2314 3188 rare.
2348 3132 2488 3200 Quid
2527 3142 2705 3187 autem
2739 3134 2956 3199 divites,
2988 3136 3079 3203 qui
3120 3138 3503 3192 thesaurorum
3546 3154 3768 3209 posses-

474 3241 626 3313 xxv),
661 3242 937 3295 hominem
973 3254 1200 3309 peregre
1238 3238 1674 3308 proﬁciscentem
1700 3254 1923 3293 vocasse
1951 3254 2067 3293 ser-

477 3348 575 3387 vos
610 3347 759 3395 suos,
789 3339 843 3384 et
873 3330 1165 3384 tradidisse
1212 3329 1318 3383 illis
1349 3328 1490 3383 bona
1522 3343 1653 3393 sua;
1700 3337 1755 3381 et
1798 3328 1891 3382 uni
1924 3327 2070 3382 dedit

476 3426 715 3495 quinque
758 3424 979 3485 talenta,
1035 3422 1126 3475 alii
1175 3429 1356 3475 autem
1406 3421 1531 3485 duo,
1584 3419 1676 3475 alii
1707 3436 1838 3474 vero
1876 3436 2064 3474 unum.

474 3518 723 3586 Quinque
755 3516 899 3570 enim
932 3524 1061 3568 sunt
1094 3515 1341 3583 corporis
1373 3528 1587 3575 sensus,
1616 3512 1868 3567 videlicet
1898 3514 2065 3578 visus,

479 3609 715 3672 auditus,
745 3617 952 3677 gustus,
981 3608 1261 3671 odoratus,
1294 3615 1348 3661 et
1388 3615 1595 3671 tactus;
1634 3606 1873 3675 quinque
1906 3606 2069 3675 igitur

478 3698 696 3752 talentis
754 3698 953 3751 donum
996 3697 1235 3766 quinque
1284 3712 1563 3759 sensuum,
1596 3696 1648 3749 id
1679 3704 1788 3759 est,
1834 3695 2069 3749 exterio-

478 3805 596 3844 rum
624 3788 851 3842 scientia
885 3787 1241 3855 exprimitur;
1278 3787 1487 3855 duobus
1514 3800 1643 3839 vero
1679 3784 1987 3838 intellectus
2016 3793 2071 3837 et

478 3877 723 3948 operatio
770 3877 1121 3948 designatur;
1180 3879 1343 3930 unius
1395 3884 1575 3930 autem
1633 3875 1823 3929 talenti
1855 3876 2072 3931 nomine

479 3970 787 4025 intellectus
838 3967 1210 4023 tantummodo
1258 3952 1593 4034 designatur.
1646 3966 1839 4020 Decem
1905 3966 2069 4021 millia

481 4062 683 4116 talenta
734 4061 1106 4129 operationem
1160 4060 1346 4114 decem
1396 4070 1787 4128 praeceptorum
1837 4059 1971 4129 legis
2016 4061 2070 4113 in

482 4151 773 4221 Evangelia
802 4150 1129 4220 signiﬁcant,
1162 4150 1251 4202 ubi
1288 4150 1359 4202 ita
1398 4149 1623 4217 legitur;
1660 4149 1727 4201 Et
1755 4148 1960 4201 oblatus
1997 4138 2071 4201 est

481 4234 641 4304 unus,
672 4240 761 4310 qui
783 4239 996 4292 debebat
1022 4238 1200 4291 decem
1231 4238 1396 4291 millia
1420 4238 1617 4291 talenta
1646 4224 1861 4307 (Matth.
1893 4239 2068 4310 xviii).

484 4332 614 4387 Item
648 4330 906 4384 talentum
944 4329 997 4381 in
1030 4326 1227 4382 malam
1277 4318 1487 4396 partem
1522 4327 1740 4396 ponitur
1788 4327 1840 4379 in
1871 4327 2077 4381 Zacha-

2170 3238 2321 3278 sorcs
2350 3231 2495 3287 sunt,
2530 3232 2584 3277 et
2615 3224 2743 3293 quid
2780 3224 2985 3279 divitiae
3016 3228 3243 3296 mystice
3282 3229 3767 3299 signiﬁcent,-bre-

2169 3316 2309 3369 viter
2338 3315 2606 3387 dicamus.
2657 3315 2819 3370 Dives
2863 3316 3062 3371 dicitur
3102 3317 3244 3372 Deus
3286 3329 3344 3373 ut
3387 3320 3441 3374 in
3468 3321 3765 3390 Apostolo:

2170 3402 2334 3468 Deus,
2358 3405 2446 3473 qui
2488 3404 2627 3458 dives
2654 3413 2729 3458 est
2760 3406 2816 3459 in
2842 3406 3205 3461 misericordia
3229 3407 3390 3478 (Eph.
3423 3410 3506 3479 ιι).
3538 3411 3767 3477 Divites,

2172 3498 2346 3552 sancti
2387 3506 2534 3559 sunt,
2566 3507 2625 3551 ut
2662 3498 2717 3553 in
2745 3498 3003 3567 Apostolo
3037 3517 3048 3552 :
3096 3499 3233 3564 Quia
3268 3501 3451 3555 divites
3486 3502 3614 3570 [acti
3641 3506 3769 3557 estis

2170 3592 2225 3645 in
2248 3590 2339 3644 illo
2361 3592 2415 3644 in
2440 3591 2581 3644 omni
2603 3591 2860 3659 sapientia
2883 3602 2930 3644 et
2963 3592 3243 3661 prudentia
3282 3592 3331 3664 (I
3356 3592 3480 3647 Cor.
3512 3597 3573 3664 ι).
3608 3595 3772 3652 Dives

2172 3692 2256 3739 est
2286 3684 2515 3753 populus
2543 3682 2875 3749 Judteorum,
2908 3686 2973 3739 de
3002 3700 3111 3754 quo
3162 3686 3215 3739 in
3242 3686 3538 3757 Evangelio
3566 3688 3772 3742 dicitur

2172 3774 2385 3845 (Matth.
2414 3774 2527 3842 x'tx)
2562 3794 2572 3827 :
2600 3774 2837 3829 Facilius
2861 3787 2933 3830 est
2970 3778 3227 3831 camelum
3248 3796 3341 3849 per
3360 3780 3602 3847 foramen
3638 3799 3769 3836 acus

2172 3866 2417 3931 transire,
2456 3882 2613 3936 quam
2655 3867 2864 3920 divitem
2901 3870 3097 3921 intrare
3136 3869 3188 3921 in
3227 3887 3442 3939 regnum
3492 3873 3765 3927 certorum.

2171 3957 2274 4010 Alii
2305 3965 2484 4010 autem
2516 3957 2656 4010 hunc
2687 3958 2931 4021 divitem,
2963 3959 3255 4027 superbum
3281 3962 3581 4029 quemlibet
3612 3964 3769 4017 intel-

2174 4048 2361 4120 ligunt.
2411 4051 2614 4105 Divitcs
2652 4060 2777 4105 sunt
2822 4050 2989 4105 ιιιιάίυί
3041 4051 3377 4123 philosophi,
3426 4054 3512 4108 vel
3550 4057 3767 4126 superbi

2174 4140 2333 4209 hujus
2374 4143 2593 4205 mundi,
2644 4153 2702 4197 ut
2739 4144 2790 4197 in
2842 4142 3097 4212 psalterio
3136 4162 3147 4196 :
3184 4144 3373 4199 Divites
3421 4158 3673 4216 eguerunt
3717 4159 3767 4203 et

2174 4237 2465 4290 esurierunt
2518 4235 2689 4305 (Psal.
2733 4238 2963 4305 xxxm);
2999 4246 3052 4287 ct
3100 4236 3268 4290 alibi:
3325 4238 3523 4297 Divites
3569 4239 3768 4293 dimisit

2174 4328 2355 4380 inanes
2389 4326 2539 4396 (Luc.
2586 4327 2647 4395 ι).
2701 4327 2913 4380 Divitia:
2956 4335 3081 4381 sunt
3122 4328 3351 4382 virtutes
3401 4329 3619 4393 animae,
3654 4331 3769 4386 sive

485 4422 586 4483 ria,
621 4430 679 4474 ut
706 4429 789 4473 est
818 4420 979 4481 illud;
1018 4417 1155 4482 Vidi,
1192 4418 1384 4487 inquit,
1418 4419 1745 4487 iniquitatem
1792 4434 1949 4488 super
1990 4428 2071 4470 ta-
2098 4439 2149 4499 D
2176 4432 2354 4472 sermo
2390 4417 2691 4485 sapientire,
2728 4426 2789 4469 ut
2836 4417 2888 4471 in
2914 4418 3207 4487 Apostolo:
3245 4417 3383 4482 Quia
3426 4420 3610 4473 divites
3641 4422 3768 4488 facti

484 4511 680 4564 lentum
708 4510 905 4579 plumbi
928 4508 1114 4579 (Zach.
1138 4507 1214 4579 v).
1248 4509 1645 4576 Antiqu’ssimi,
1673 4509 1909 4563 nondum
1940 4525 2073 4564 auro

485 4608 819 4670 argentoque
876 4600 1130 4662 invento,
1183 4612 1292 4651 rere
1348 4599 1680 4663 utebantur;
1743 4614 1869 4652 nam
1924 4590 2074 4669 prius

485 4703 625 4741 terea
682 4687 907 4756 pecunia
960 4687 1013 4741 in
1069 4702 1168 4741 usu
1222 4686 1345 4749 fuit,
1403 4694 1524 4755 post
1578 4695 1854 4755 argentea,
1884 4673 2075 4741 deinde

488 4794 652 4833 aurea
701 4779 989 4832 subsecuta
1016 4784 1118 4843 est,
1176 4779 1269 4832 sed
1301 4777 1367 4830 ab
1393 4792 1477 4841 ea,
1509 4792 1629 4846 quae
1656 4777 1830 4845 prima
1870 4777 1993 4840 fuit,
2024 4784 2079 4830 ct

489 4884 687 4924 nomen
746 4869 987 4922 retinuit.
1044 4868 1195 4923 Unde
1245 4877 1301 4922 et
1354 4870 1609 4923 aerarium
1666 4868 1892 4934 dictum,
1946 4870 2070 4938 quia

488 4960 639 5029 prius
664 4975 737 5014 aes
767 4967 977 5013 tantum
1010 4959 1063 5013 in
1091 4974 1188 5013 usu
1219 4959 1337 5021 fuit,
1370 4970 1425 5014 et
1458 4962 1633 5028 ipsum
1679 4960 1851 5014 solum
1886 4976 2074 5015 recon-

492 5050 737 5111 debatnr,
810 5064 943 5103 auro
1009 5058 1345 5120 argentoque
1411 5052 1647 5104 nondum
1705 5051 1956 5121 signato:
2007 5068 2072 5107 ex

491 5153 723 5207 quorum
752 5138 983 5195 metallis
1009 5138 1257 5207 quamvis
1284 5148 1470 5209 postea
1509 5138 1705 5194 fuisset
1739 5140 1883 5194 facta
1913 5156 2076 5209 pecu-

493 5229 603 5291 nia,
634 5242 827 5281 nomen
866 5235 1044 5283 lamen
1076 5230 1253 5281 aerarii
1278 5268 1283 5273 .
1304 5230 1603 5297 permansit
1635 5232 1699 5285 ab
1739 5246 1803 5285 eo
1833 5234 2071 5297 metallo,

494 5318 637 5372 unde
685 5319 896 5372 initium
955 5318 1200 5387 sumpsit.
1248 5318 1581 5372 Thesaurum
1637 5318 1791 5387 juxta
1841 5338 2074 5392 graacum

494 5424 597 5479 apo
647 5420 729 5465 tes
777 5410 1012 5476 tlicscos,
1060 5426 1087 5463 a
1119 5410 1407 5479 positione,
1459 5410 1561 5464 hoc
1615 5419 1717 5471 est,
1772 5428 1801 5465 a
1842 5415 2076 5484 reposito

497 5499 821 5553 nominatur.
857 5499 987 5553 Nam
1018 5498 1405 5566 thesis'positio
1430 5499 1630 5552 dicitur
1655 5515 1666 5550 :
1693 5509 1748 5553 et
1772 5509 1853 5553 est
1882 5517 2074 5555 nomen

500 5606 566 5645 ex
612 5605 785 5658 giatco
837 5591 1110 5660 latinoque
1175 5606 1423 5644 sermone
1484 5591 1893 5659 compositum:
1951 5608 2073 5646 nam

503 5682 669 5734 thesis
698 5680 866 5735 Grzeci
916 5682 1206 5750 repositum
1238 5681 1419 5735 dicunt
1446 5698 1455 5731 :
1484 5680 1654 5734 Latini
1688 5682 1763 5751 (et
1796 5698 1857 5736 ex
1889 5683 2074 5754 latino]

2175 4512 2297 4564 estis
2324 4510 2376 4563 in
2408 4509 2499 4562 illo
2534 4509 2587 4561 in
2611 4510 2751 4561 omni
2782 4509 3037 4578 sapientia
3065 4518 3113 4562 et
3143 4510 3421 4579 prudentia
3453 4510 3504 4582 (1
3535 4510 3659 4566 Cor.
3692 4513 3767 4584 1);

2174 4610 2230 4655 et
2261 4600 2313 4654 in
2339 4598 2656 4654 Salommie:
2685 4597 2954 4652 Possessio
2976 4600 3166 4653 animte
3184 4600 3281 4653 viri
3313 4603 3542 4670 prapria:
3571 4604 3771 4659 divitia

2179 4689 2361 4761 (Prov.
2391 4690 2543 4755 xm);
2578 4699 2629 4743 et
2667 4691 2719 4743 in
2748 4690 2909 4743 aliam
2937 4700 3148 4758 partem
3183 4706 3281 4758 pro
3311 4693 3589 4756 hazretico,
3624 4703 3684 4746 ut
3714 4694 3769 4746 in

2177 4778 2277 4834 Job
2306 4778 2501 4849 legitur
2525 4794 2538 4832 :
2564 4779 2809 4843 Divitias,
2848 4793 2978 4848 quas
3004 4778 3290 4844 devoravit,
3317 4781 3380 4833 de
3418 4790 3598 4835 ventre
3628 4783 3769 4837 illius

2179 4870 2413 4924 extrahet
2442 4885 2530 4923 eas
2555 4869 2697 4921 Deus
2720 4868 2863 4938 (Job.
2890 4867 3003 4936 xx).
3050 4867 3287 4922 Pecunia
3319 4885 3449 4938 ergo
3478 4872 3646 4925 verba
3684 4874 3768 4927 di-

2179 4962 2302 5015 vina
2333 4968 2498 5025 sunt,
2536 4968 2592 5013 ut
2631 4960 2682 5012 in
2711 4958 3000 5029 Evangelio
3033 4975 3045 5011 :
3078 4957 3321 5027 Oportnit
3362 4970 3409 5013 te
3446 4966 3772 5018 committere

2179 5052 2451 5121 pecuniam
2476 5068 2642 5104 nteant
2671 5050 3036 5103 nummulariis
3067 5048 3282 5119 (Matth.
3322 5053 3469 5121 xxv).
3507 5052 3773 5111 Sacculus

2182 5138 2563 5195 thesaurizatio
2596 5139 2649 5192 in
2678 5139 2866 5203 Deum,
2900 5146 2959 5190 ut
2994 5137 3046 5191 in
3072 5138 3391 5208 Evangelio:
3412 5139 3596 5194 Facite
3630 5146 3773 5197 vobis

2179 5230 2434 5293 sacculos,
2482 5231 2570 5299 qui
2613 5246 2717 5282 non
2762 5239 3077 5283 veterescant
3125 5230 3275 5300 (Luc.
3328 5232 3449 5299 xu).
3506 5231 3774 5290 Sacculus

2179 5322 2521 5393 congregatio
2554 5322 2815 5385 avaritize,
2854 5328 2911 5373 ut
2949 5321 2999 5373 in
3023 5320 3217 5391 Aggmo
3244 5324 3506 5391 propheta
3537 5342 3549 5375 :
3584 5324 3653 5378 Et
3681 5327 3773 5397 qui

2179 5412 2439 5467 mercedes
2462 5412 2811 5481 congregavit,
2840 5412 2980 5464 misit
3003 5428 3088 5463 eos
3117 5414 3169 5464 in
3196 5413 3465 5466 sacculum
3494 5428 3774 5484 pertusum

2181 5505 2333 5575 (.Atgg.
2380 5504 2439 5573 ι).
2493 5502 2866 5571 Negotiatores
2912 5502 3150 5570 Apostoli
3198 5513 3323 5556 sunt
3351 5522 3363 5557 τ
3394 5505 3535 5559 sicut
3590 5507 3644 5559 in
3673 5505 3776 5561 Job

2179 5610 2278 5662 pro
2306 5593 2501 5647 diaboli
2530 5607 2776 5662 corpore,
2806 5592 2905 5646 hoc
2934 5599 3035 5653 est,
3054 5592 3302 5646 omnibus
3334 5594 3533 5663 iniquis
3562 5596 3633 5650 de
3664 5598 3775 5651 eis-

2182 5684 2301 5737 dem
2347 5682 2769 5751 negotiatoribus
2811 5682 3006 5736 dicitur
3036 5698 3046 5731 :
3078 5680 3385 5754 -Conrident
3440 5702 3557 5739 eum
3590 5688 3778 5751 amici,
