3922 6322
180 306 279 365 485

1113 300 1202 356 DF.
1244 298 1589 357 UNIVERSO
1629 298 1805 355 LIBRI
1846 297 2007 356 XXII.
2046 330 2117 341 -—-
2155 298 2281 354 LIB.
2326 296 2511 355 XVIII.

3331 292 3435 349 ‘86

180 426 393 482 divident
406 438 517 477 eum
536 421 883 491 negotiatores
896 417 1039 489 (Job.
1060 417 1167 486 ιι).
1186 416 1393 469 Item-in
1412 414 1607 467 malam
1627 430 1749 483 par-
1781 419 1824 474 Λ
1854 412 2071 467 dimidia
2115 425 2242 480 pars
2275 410 2546 463 drachma!
2567 448 2580 474 ,
2619 406 2930 476 appcnlens
2958 406 3184 477 siliquas
3220 422 3436 474 novem,

184 528 301 583 tem,
323 526 379 570 ut
403 516 454 569 in
479 511 795 568 Ezechiele:
818 509 1189 581 Negotiatores
1214 522 1331 560 eum
1363 507 1512 575 agnis
1526 516 1573 558 et
1592 506 1759 559 Ita'tlis

181 609 376 664 vernant
408 604 478 658 ad
532 614 583 658 te
633 603 853 675 (Ezech.
881 600 1077 671 xxvii).
1109 599 1321 653 Moneta
1356 598 1620 668 appellata
1651 605 1757 662 est,

183 699 298 768 quia
329 702 530 757 monet,
569 709 776 768 nequa:
804 692 953 745 fraus
989 691 1041 743 in
1074 688 1292 744 metallo
1323 688 1407 742 vel
1440 688 1491 741 in
1516 688 1760 755 pondere

184 780 287 841 ﬁat.
344 783 620 838 Numisma
671 791 753 838 est
800 780 1003 835 solidus
1054 794 1271 843 aureus,
1322 777 1405 833 vel
1450 784 1757 847 argenteus,

184 880 289 934 sive
320 893 490 931 aereus
515 894 528 928 :
557 876 649 944 qui
701 875 821 928 ideo
865 872 1129 926 numisma
1177 871 1398 935 dicitttr,
1427 871 1553 939 quia
1590 869 1762 923 nomi-

183 967 333 1021 nibus
354 965 662 1035 principum
695 962 993 1032 eﬁigiisque
1026 962 1297 1031 signatur.
1320 961 1477 1013 Prius
1510 974 1762 1013 nummus

184 1071 399 1127 argyrus
450 1054 869 1124 nuncupabatur
915 1068 931 1107 :
974 1054 1099 1123 quia
1150 1068 1312 1122 quam
1367 1053 1657 1122 plurimum
1696 1066 1760 1105 ex

184 1154 395 1215 argento
440 1144 867 1213 percutiebatur.
914 1141 1128 1195 Nummi
1182 1149 1360 1195 autem
1390 1156 1419 1194 a
1448 1138 1618 1195 Numa
1651 1139 1762 1193 Ro-

186 1249 456 1288 manorum
514 1247 642 1303 rege
689 1233 862 1287 vocati
912 1236 1061 1293 'sunt,
1090 1230 1179 1299 qui
1212 1246 1305 1284 cos
1342 1232 1574 1299 prinmm
1624 1229 1763 1297 apud

183 1326 390 1381 Latinos
422 1324 750 1393 imaginibus
790 1322 1043 1391 signavit,
1090 1330 1144 1375 et
1192 1321 1347 1375 titttlo
1399 1320 1634 1374 nominis
1680 1320 1761 1372 sui

185 1415 525 1486 pneset'ipsit.
569 1414 625 1466 In
659 1414 984 1466 numismate
1037 1411 1139 1464 tria
1175 1422 1488 1479 quaeruntur
1520 1426 1533 1463 ε
1578 1409 1765 1463 metal-

187 1504 306 1565 lum,
341 1503 539 1574 ﬁgura,
584 1513 640 1556 et
668 1502 879 1571 pondus
914 1518 925 1552 :
964 1501 1007 1555 si
1038 1516 1105 1555 ex
1138 1501 1223 1555 his
1279 1501 1479 1571 aliquid
1510 1500 1762 1564 defuerit,

186 1595 440 1649 numisma
471 1608 581 1647 non
618 1594 741 1647 erit.
800 1593 874 1646 De
902 1592 1243 1646 numismatis
1291 1593 1517 1663 mystica
1564 1590 1764 1660 signiﬁ-

186 1683 386 1737 catione
405 1682 657 1751 superius
686 1681 889 1735 dictum
919 1689 1022 1735 cst.
1048 1681 1174 1735 Tria
1206 1690 1331 1737 sunt
1360 1690 1538 1735 autem
1568 1695 1763 1750 genera

187 1772 382 1842 argenti
409 1780 463 1826 et
492 1772 615 1825 auri
646 1780 700 1825 et
725 1771 848 1825 reris
873 1786 887 1824 :
912 1771 1204 1842 signatum,
1233 1771 1453 1835 factum,
1488 1770 1762 1824 infectum.
1798 1761 1841 1818 B
1874 1776 2006 1829 tum,
2060 1768 2310 1834 congium
2364 1767 2542 1821 reddit
2590 1781 2604 1819 :

187 1859 455 1931 Signatum
483 1871 590 1925 est,
620 1862 760 1930 quod
793 1862 843 1914 in
876 1862 1112 1915 nummis
1140 1870 1223 1916 est
1248 1876 1262 1914 :
1289 1861 1526 1925 factum,‘
1540 1861 1681 1929 quod
1714 1860 1765 1915 in

185 1950 358 2003 vasis:
387 1950 672 2015 infectum,
716 1951 858 2019 quod
891 1951 945 2003 in
984 1952 1204 2016 massis,
1238 1951 1378 2019 quod
1410 1960 1464 2005 et
1498 1964 1660 2019 grave
1688 1949 1768 2002 di-

186 2040 334 2101 citur,
365 2039 417 2093 id
458 2048 547 2093 est
595 2054 794 2093 massa.
834 2039 890 2093 In
937 2041 1184 2095 notitiam
1230 2052 1409 2095 autem
1470 2039 1767 2094 formarum

186 2128 388 2182 metalla
428 2128 504 2182 ita
542 2139 845 2183 venerunt:
885 2130 1011 2183 dum
1050 2131 1191 2188 enim
1233 2144 1557 2199 quacunque
1600 2146 1765 2185 causa

186 2219 429 2273 ardentes
459 2221 611 2274 silva:
636 2230 1002 2291 excoquerent
1024 2230 1256 2286 terram,
1286 2236 1350 2275 ex
1379 2222 1657 2276 calefactis
1679 2238 1769 2276 ve-

185 2310 265 2363 nis
292 2310 427 2364 fudit
466 2311 615 2365 rivos
644 2309 1013 2379 cujuscunque
1044 2311 1343 2374 strictura),
1393 2312 1506 2366 sive
1541 2328 1615 2366 tes
1638 2312 1767 2366 illud

185 2398 372 2462 fuerat,
402 2400 518 2455 sive
550 2415 773 2463 aurum,
812 2415 936 2454 cum
978 2400 1031 2453 in
1070 2400 1187 2456 loca
1229 2410 1385 2456 teme
1425 2402 1768 2471 depressiora

183 2488 512 2555 decurreret,
546 2491 780 2561 sumpsit
808 2490 1059 2561 ﬁguram,
1095 2490 1148 2545 in
1188 2507 1350 2561 quam
1372 2492 1503 2547 illud
1534 2493 1618 2546 vel
1642 2508 1771 2563 pro-

184 2576 346 2634 ﬂuens
378 2581 549 2645 rivus,
583 2581 668 2636 vel
695 2581 974 2651 excipiens
1011 2580 1203 2635 lacuna
1232 2581 1601 2637 formaverat:
1636 2599 1770 2654 qua-

185 2682 296 2721 rum
329 2684 513 2723 rerum
542 2670 834 2741 splendore
886 2670 1029 2739 capti
1080 2672 1329 2728 homines
1384 2690 1507 2729 cum
1564 2674 1769 2745 legatas

185 2758 488 2813 attollerent
522 2775 755 2825 massas,
781 2760 1034 2814 viderunt
1073 2761 1126 2814 in
1151 2761 1229 2816 eis
1253 2770 1411 2817 terra:
1447 2765 1669 2834 vestigia
1706 2764 1769 2817 ﬁ~

184 2856 386 2918 gurata,
411 2850 544 2905 hinc
574 2866 696 2921 quas
722 2852 1165 2921 excogitaverunt
1202 2852 1522 2925 liquefactas
1558 2856 1625 2909 ad
1652 2870 1770 2911 om-

185 2955 304 2996 nem
332 2942 567 2998 formam
593 2958 753 3013 posse
781 2943 995 2998 deduci.
1650 2934 1655 2951 “

819 3075 1046 3132 CAPUT
1081 3076 1145 3132 II.

786 3185 865 3240 De
892 3190 1174 3243 mensuris.

250 3295 499 3352 Mensura
534 3306 619 3352 est
650 3312 738 3351 res
766 3297 945 3367 aliqua
973 3301 1129 3354 modo
1154 3315 1252 3355 suo
1272 3300 1359 3356 vel
1386 3309 1629 3371 tempore
1660 3305 1772 3359 cir-

184 3390 529 3457 cumscripta.
586 3384 711 3443 Ilaic
758 3398 852 3442 aut
898 3392 1142 3458 corporis
1194 3402 1280 3446 est
1336 3401 1429 3445 aut
1478 3397 1767 3464 temporis:

184 3477 458 3545 corporis,
498 3486 581 3531 ut
626 3478 934 3541 hominum,
983 3479 1248 3549 lignorum
1299 3492 1353 3535 et
1397 3484 1770 3539 columnarum

185 3567 458 3639 longitudo
485 3578 545 3624 et
567 3571 824 3625 brevitas.
878 3570 983 3626 Sed
1012 3580 1065 3625 et
1096 3572 1261 3627 solem
1294 3574 1455 3629 istum
1495 3578 1771 3647 propriam

184 3661 263 3715 sui
292 3662 445 3716 orbis
474 3662 681 3716 habere
724 3677 1033 3715 mensuram
1061 3679 1073 3714 :
1107 3665 1250 3732 quod
1290 3668 1603 3735 geometriei
1648 3683 1771 3736 pcr—

186 3752 413 3805 scrutari
473 3752 697 3805 audent.
747 3750 1047 3820 Temporis,
1081 3762 1141 3806 ut
1188 3770 1439 3808 mensura
1493 3757 1769 3824 horarum,

185 3838 389 3896 dierum
429 3850 486 3897 et
513 3856 780 3895 annorum
811 3858 822 3893 :
853 3842 995 3897 unde
1022 3852 1078 3897 et
1106 3845 1285 3898 metiri
1320 3847 1483 3914 pedes
1514 3849 1771 3902 horarum

186 3931 432 3997 dicimus,
460 3934 701 3995 hocest,
751 3932 1073 3987 mensurari.
1128 3934 1350 4004 Legitur
1396 3937 1540 3991 enim
1585 3938 1638 3989 in
1670 3938 1769 3992 Sa-

187 4024 397 4092 pientize
444 4024 612 4089 libro,
649 4024 792 4091 quod
818 4024 959 4078 Deus
999 4024 1182 4079 omnia
1232 4040 1509 4093 mensura,
1549 4044 1772 4083 numero

187 4122 237 4167 et
264 4114 501 4182 pondere
530 4114 779 4181 disponat
807 4113 958 4184 (Sap.
988 4115 1086 4183 tu).
1123 4115 1179 4168 ln
1209 4115 1405 4183 quibus
1435 4117 1609 4173 tribus
1636 4119 1773 4173 diffi-

187 4203 503 4268 nitionibus,
560 4212 618 4256 ut
662 4218 802 4264 reor.
855 4204 969 4258 haec
1016 4204 1242 4275 intelligi
1290 4218 1566 4276 possunt:
1612 4219 1669 4263 ut
1714 4211 1769 4264 in

188 4306 434 4347 mensura
465 4302 684 4349 constet
710 4295 943 4363 qualitas
974 4313 985 4347 :
1019 4298 1071 4349 in
1111 4314 1335 4351 numero
1363 4302 1638 4375 quantitas
1668 4319 1680 4351 τ
1717 4302 1768 4355 in

186 4386 418 4455 pondere
460 4387 623 4439 ratio.
660 4385 781 4438 [ltec
822 4394 1129 4453 peraequata
1169 4388 1221 4439 in
1245 4388 1449 4457 judicio
1478 4400 1530 4443 et
1564 4392 1770 4444 miseri—

185 4479 361 4531 cordia
404 4480 500 4531 Dei
541 4486 791 4530 constant
830 4495 841 4529 :
891 4478 1017 4545 quia
1048 4478 1101 4531 in
1152 4478 1237 4533 bis
1282 4481 1489 4534 duolms
1530 4483 1772 4537 terminis

186 4570 360 4621 omnia
419 4568 680 4622 conclusa
732 4576 876 4621 sunt.
959 4568 1016 4621 In
1072 4569 1268 4636 quibus
1320 4571 1461 4625 hunc
1516 4574 1773 4627 mundum

186 4663 486 4725 constituit,
523 4662 787 4731 gubernat
808 4670 871 4714 et
893 4659 1237 4727 judicaturus
1268 4672 1351 4716 est
1378 4679 1390 4714 :
1436 4664 1487 4716 in
1524 4664 1607 4717 his
1636 4664 1777 4719 Deus

180 4752 341 4822 judex
372 4754 559 4823 justus
589 4752 970 4820 comprehendi
999 4760 1195 4820 potest.
1249 4753 1442 4807 Omnia
1473 4770 1623 4823 ergo,
1656 4770 1775 4823 quae

185 4846 433 4912 superius
474 4844 714 4897 diximus
759 4842 840 4895 vel
890 4842 1150 4904 dicemus,
1201 4842 1254 4894 in
1299 4841 1537 4895 clausula
1580 4845 1771 4897 horum

188 4938 342 4990 trium
375 4936 538 4989 nobis
566 4952 706 4989 nunc
743 4934 1055 4988 abscondita
1089 4933 1273 4996 latent,
1303 4949 1422 5001 qua:
1452 4934 1578 4987 solis
1608 4934 1772 4989 clavi-

187 5026 285 5080 bus
313 5025 511 5093 judicii
554 5033 611 5077 et
647 5024 1029 5078 misericordia:
1056 5023 1150 5077 Dei
1193 5031 1318 5077 tunc
1360 5024 1768 5089 reserabuntur,

189 5126 246 5168 ut
302 5117 555 5170 sciantur
612 5116 826 5183 quando
873 5116 923 5168 iu
968 5114 1197 5169 adventu
1242 5114 1451 5168 Domini
1500 5116 1774 5169 illumina-

188 5203 390 5258 buntur
445 5202 767 5257 abscondita
826 5204 1213 5267 tenebrarum,
1282 5212 1336 5257 et
1394 5204 1779 5259 revelabuntur

191 5296 414 5350 consilia
464 5293 715 5349 cordium
769 5292 818 5362 (Ι
851 5292 971 5345 Cor.
1011 5293 1109 5364 tv),
1152 5301 1209 5347 ut
1243 5292 1361 5347 laus
1388 5294 1459 5346 sit
1486 5295 1777 5363 unicuique

190 5385 355 5440 aDeo
394 5385 482 5439 vel
532 5398 711 5453 penna.
766 5382 986 5451 Proprie
1034 5369 1215 5437 autem
1264 5398 1513 5438 mensura
1564 5396 1775 5449 vocata,

194 5476 333 5544 quod
363 5492 427 5529 ea
464 5476 654 5542 fruges
684 5474 979 5527 metiuntur
1008 5482 1170 5540 atque
1209 5471 1562 5537 frumentum,
1594 5473 1645 5526 id
1671 5481 1774 5537 est,

197 5568 411 5621 humida
444 5576 503 5621 et
540 5567 684 5619 sicca
716 5584 728 5619 :
757 5572 817 5619 ut
845 5579 941 5635 per
979 5564 1216 5628 modios,
1247 5581 1414 5620 urnas
1450 5574 1504 5619 et
1546 5565 1776 5634 ampho—

202 5674 304 5714 ras.
339 5658 719 5713 Mensurarum
776 5672 901 5727 pars
946 5655 1163 5711 minima
1208 5657 1477 5723 cochlear,
1508 5658 1647 5726 quod
1694 5665 1776 5711 est

1800 4435 1850 4493 D

1862 503 2005 571 quod
2029 501 2355 571 triplicatmn
2377 498 2693 552 chonculam
2723 498 2865 551 facit.
2884 496 3155 551 Cboneula
3179 499 3440 553 drachma

1862 607 1965 647 una
1990 602 2043 646 et
2059 592 2281 645 dimidia
2307 590 2642 659 adimpletur.
2660 588 2850 659 Cyathi
2872 589 3082 656 pondus
3104 591 3289 643 decem
3312 590 3441 643 dra-

1863 684 2036 737 chmis
2066 677 2411 751 appenditur,
2442 680 2533 748 qui
2563 682 2725 733 etiam
2756 695 2785 732 a
2815 680 3131 748 quibusdam
3186 688 3441 735 causatus

1862 774 1947 828 vel
1972 775 2205 828 lassatus
2224 772 2551 826 nominatur.
2573 772 2901 842 Oxybapbus
2918 771 2991 832 ﬁt,
3009 773 3051 827 si
3067 774 3305 842 quinque
3328 776 3447 829 dra-

1862 866 2033 920 clima:
2065 866 2339 919 adduntur
2365 864 2430 917 ad
2468 864 2675 918 decem.
2708 864 3060 919 Acetabulum
3090 873 3281 935 quarta
3318 882 3446 934 pars

1864 956 2097 1009 hemime
2128 964 2233 1019 est,
2269 954 2548 1008 duodecim
2576 955 2865 1008 drachmas
2895 958 3221 1023 appendcns.
3252 954 3444 1010 Cotula

1865 1046 2083 1098 hemina
2115 1053 2199 1098 cst
2239 1045 2445 1098 habens
2478 1045 2702 1113 cyathos
2731 1060 2847 1107 sex,
2877 1060 2995 1112 quae
3026 1045 3226 1100 idcirco
3267 1047 3446 1101 comla

1863 1144 2114 1199 vocatur,
2142 1136 2267 1204 quia
2308 1146 2427 1190 cote
2456 1150 2630 1204 gra‘co
2685 1150 2935 1190 sermone
2988 1135 3179 1189 incisio
3221 1137 3445 1200 dicitur,

1865 1236 1919 1280 et
1947 1226 2160 1280 hemina
2190 1226 2410 1279 sextarii
2435 1226 2487 1278 iu
2515 1227 2619 1279 duo
2654 1240 2807 1293 aequa
2842 1226 3115 1289 inciditur,
3141 1226 3448 1280 etcotulam

1866 1317 2012 1372 facit.
2046 1317 2271 1372 flemina
2326 1328 2504 1371 autem
2560 1317 2827 1386 appendet
2878 1317 3067 1370 libram
3113 1334 3295 1383 unam,
3328 1334 3447 1387 quze

1867 1410 2138 1479 geminata
2170 1407 2465 1470 sextarium
2503 1408 2649 1460 facit.
2684 1407 2965 1461 Sextarins
3004 1408 3229 1460 duarum
3281 1408 3449 1461 libra-

1870 1514 1986 1551 rum
2016 1508 2121 1561 est,
2150 1497 2239 1566 qui
2272 1497 2353 1550 bis
2383 1506 2691 1564 assumptus
2719 1498 3031 1550 nominatur
3064 1496 3273 1550 bilibris
3305 1514 3319 1551 :
3359 1512 3448 1551 as-

1868 1597 2112 1657 sumptus
2140 1596 2333 1655 quater
2356 1586 2412 1639 fit
2436 1602 2611 1657 graeco
2643 1587 2859 1641 nomine
2888 1589 3101 1641 chcettix
3125 1607 3136 1641 :
3164 1590 3450 1659 quinquies

1868 1678 2218 1746 complicatus
2257 1679 2540 1748 quinarem
2574 1678 2685 1731 sive
2712 1682 2905 1747 gomor'
2929 1676 3071 1731 facit.
3101 1678 3284 1747 Adjiee
3333 1695 3454 1733 sex-

2657 1783 2782 1820 nam
2835 1768 3059 1836 congius
3103 1784 3196 1822 sex
3234 1771 3455 1823 metitur

1870 1856 2152 1921 sextariis,
2194 1872 2223 1911 a
2258 1871 2364 1925 quo
2418 1865 2471 1911 et
2506 1858 2741 1910 sextario
2792 1872 2987 1912 nomen
3041 1860 3321 1913 dederunt.
3379 1860 3453 1911 De

1869 1958 2069 2003 statere
2116 1957 2171 2003 ct
2210 1948 2389 2003 bilibri
2445 1948 2499 2001 in
2530 1948 2852 2017 Apocalypsi
2904 1950 3267 2018 descriptione
3309 1950 3455 2003 tertii

1869 2040 2026 2110 sigilli
2072 2040 2147 2093 ita
2177 2041 2436 2109 scriptum
2469 2048 2592 2093 est:
2636 2037 2703 2091 Et
2739 2056 2856 2091 cum
2898 2042 3182 2109 aperuisset
3224 2040 3455 2109 sigillum

1868 2133 2080 2185 leniam
2106 2146 2127 2185 :
2154 2132 2332 2184 audivi
2366 2132 2573 2185 tertium
2618 2130 2818 2183 animal
2845 2132 3021 2183 dicens
3046 2148 3063 2185 :
3095 2131 3210 2184 ι·εηὶ
3237 2141 3283 2185 et
3308 2130 3455 2188 vide:

1868 2234 1916 2275 et
1944 2240 2059 2276 ecce
2092 2240 2253 2293 equus
2278 2224 2445 2295 niger,
2470 2232 2515 2275 et
2537 2223 2629 2292 qui
2656 2223 2863 2275 sedebat
2889 2240 3044 2292 super
3072 2239 3210 2286 eum,
3237 2222 3456 2275 habebat

1868 2323 2117 2366 stateram
2150 2314 2203 2366 in
2228 2329 2384 2366 manu
2408 2330 2525 2365 sua.
2576 2312 2642 2365 Et
2688 2314 2867 2365 audivi
2895 2324 3145 2384 tanquam
3194 2328 3364 2366 vocem
3402 2314 3458 2367 in

1870 2402 2039 2454 medio
2062 2401 2619 2471 quatuor‘animalium
2645 2402 2936 2458 dicentem:
2964 2402 3161 2456 bilibris
3184 2403 3346 2455 tritici
3368 2403 3457 2455 de-

1871 2492 2044 2555 nario,
2067 2501 2115 2543 et
2137 2500 2237 2545 tres
2262 2490 2468 2543 bilibres
2489 2491 2669 2543 hordei
2690 2492 2928 2557 denario,
2954 2503 2999 2545 et
3023 2492 3198 2544 vinum
3220 2503 3265 2543 et
3287 2492 3459 2545 oleum

1873 2596 1936 2633 ne
1965 2580 2185 2634 laseris.
2240 2578 2308 2632 Et
2338 2596 2452 2633 ecce
2480 2596 2643 2649 equus
2674 2582 2838 2650 niger,
2871 2591 2917 2633 et
2944 2583 3032 2651 qui
3067 2580 3275 2634 sedebat
3305 2598 3464 2651 super

1871 2689 2010 2737 eum,
2045 2681 2293 2727 stateram
2325 2672 2542 2725 habebat
2602 2690 2633 2725 η
2670 2689 2825 2724 manu
2867 2689 2985 2725 sua.
3033 2672 3098 2725 Et
3122 2673 3300 2726 audiri
3342 2683 3461 2728 ιαπ-

1871 2782 2027 2836 quam
2052 2781 2219 2818 vocem
2244 2766 2297 2841 in
2326 2764 2493 2816 medio
2516 2774 2744 2832 quatuor
2770 2763 3103 2827 animalium,
3124 2774 3231 2818 etc.
3269 2765 3454 2835 (Apoc.

1872 2860 1968 2927 vt).
1997 2856 2181 2925 Equus
2218 2856 2370 2925 niger
2398 2856 2657 2910 falsorum
2689 2865 2908 2910 caterva
2958 2864 3040 2910 est
3083 2855 3335 2919 featrum,
3365 2859 3458 2927 qui

1872 2955 2132 3001 stateram
2171 2954 2332 2999 recta:
2370 2944 2726 3014 professionis
2766 2945 2983 3006 habent,
3029 2946 3120 2999 sed
3158 2947 3334 3000 socios
3370 2947 3463 3000 la:-

1875 3036 2008 3091 dunt
2049 3050 2149 3105 per
2192 3051 2355 3106 opera
2396 3036 2761 3089 tenebrarum.
2819 3035 2953 3089 Dum
2991 3036 3133 3090 enim
3183 3036 3236 3090 in
3283 3038 3462 3092 medio

1828 3140 1843 3160 ι
1874 3126 2188 3179 animalium
2219 3125 2441 3189 dicitur,
2472 3141 2534 3177 ne
2564 3123 2793 3177 [tr-seris:
2821 3125 3146 3189 ostenditur,
3181 3125 3287 3179 illic
3316 3142 3458 3191 esse,

1873 3217 1962 3283 qui
1988 3216 2164 3269 Itedat.
2181 3214 2256 3267 De
2276 3215 2374 3268 hoc
2398 3222 2449 3267 et
2469 3228 2644 3281 praecu
2654 3222 2830 3266 rrente
2846 3229 2984 3282 equo
2999 3214 3127 3269 dicit
3141 3215 3456 3294 Apostolqs:

1874 3302 2032 3357 Foris
2076 3319 2285 3372 pagum,
2338 3303 2478 3354 intus
2526 3302 2736 3353 timores
2785 3300 2868 3369 (ll
2907 3301 3027 3355 Cor.
3078 3302 3194 3372 vn).
3246 3302 3463 3359 Bilibris

1875 3393 2039 3447 tritici
2070 3392 2318 3456 denario,
2349 3401 2401 3444 et
2434 3392 2616 3443 vinum
2648 3399 2699 3443 et
2730 3390 2905 3445 oleum
2943 3407 3010 3445 ne
3038 3392 3259 3447 lmseris.
3293 3393 3457 3459 Cave,

1874 3483 2069 3551 inquit,
2105 3498 2171 3535 ne
2197 3482 2711 3549 exemplopessimo
2741 3480 2959 3534 fratrem
3008 3491 3157 3536 tuum
3189 3484 3459 3538 scandali-

1874 3586 1985 3635 zes,
2032 3580 2254 3641 propter
2298 3588 2457 3640 quem
2489 3560 2735 3625 Christus
2790 3583 3035 3627 mortuus
3082 3584 3181 3637 est,
3222 3583 3277 3628 et
3315 3576 3459 3631 sacri

1874 3661 2155 3730 sanguinis
2194 3662 2614 3729 chrismatisque
2655 3671 2835 3729 portat
2878 3663 3108 3732 insignia
3144 3681 3156 3716 :
3186 3665 3463 3732 quiasive

1873 3752 2096 3822 perfecti
2132 3753 2359 3816 meritis,
2394 3754 2505 3807 sive
2532 3754 2693 3807 etiam
2729 3754 2933 3808 minimi
2963 3756 3165 3824 quique
3194 3757 3243 3809 in
3275 3756 3462 3812 Eccle-

1873 3848 1975 3910 sia,
2008 3848 2111 3901 ﬁde
2160 3856 2341 3901 tamen
2394 3857 2597 3902 sancta:
2650 3848 2933 3901 Trinitatis
2984 3850 3209 3913 imbuti,
3270 3866 3460 3907 omnes

1873 3935 2061 3987 eodem
2120 3933 2365 4003 perfecto
2434 3936 2607 4002 pretio
2680 3936 2961 4005 sanguinis
3016 3938 3277 3993 Dominici
3334 3948 3461 3994 sunt

1874 4025 2137 4093 redempti
2194 4042 2205 4075 :
2261 4040 2360 4079 nec
2412 4026 2686 4079 itumerito
2736 4026 2915 4079 bilibri
2972 4035 3025 4079 et
3080 4045 3183 4081 non
3229 4028 3460 4099 simplici

1875 4113 2010 4167 libra
2077 4114 2196 4167 ﬁdei
2260 4114 2340 4167 vel
2400 4116 2577 4183 operis
2638 4115 2897 4184 perfectio
2961 4120 3302 4185 exprimitur,
3340 4134 3459 4187 qua:

1872 4215 2100 4274 utraque
2130 4206 2181 4259 in
2225 4206 2405 4259 radice
2454 4206 2679 4274 gemime
2709 4208 2959 4260 consistit
3001 4207 3320 4278 cbaritatis.
3346 4209 3457 4261 llic-

1875 4306 2011 4351 trcta
2050 4307 2133 4350 est
2189 4312 2438 4350 mensura
2468 4297 2791 4365 liquidarum
2828 4316 2840 4350 :
2874 4299 2986 4352 Incc
3024 4315 3050 4351 a
3086 4314 3337 4353 mensura
3368 4317 3457 4354 ac-

1877 4388 2017 4456 cepit
2042 4402 2234 4441 nomen
2272 4405 2284 4437 :
2319 4398 2527 4440 metron
2554 4388 2696 4441 enim
2721 4404 3027 4443 mensuram
3050 4391 3236 4443 dicunt
3262 4390 3456 4453 Graeci,

1876 4488 1930 4534 et
1956 4480 2078 4533 inde
2107 4478 2371 4548 appellata
2405 4488 2649 4532 metreta.
2686 4479 2833 4533 Licet
2861 4484 3087 4535 et'urna
3115 4491 3167 4535 et
3194 4483 3455 4549 ampliora

1876 4582 1930 4627 et
1981 4572 2184 4642 reliqua
2244 4571 2548 4639 hujusmodi
2608 4572 2823 4623 nomina
2893 4587 3266 4625 mensurarum
3325 4572 3457 4643 sint,

1877 4672 2055 4717 tamen
2090 4665 2191 4716 ista
2224 4663 2321 4715 hoc
2354 4678 2545 4715 nomen
2572 4677 2599 4713 a
2627 4662 2832 4713 denarii
2882 4662 3091 4715 muneri
3124 4661 3458 4730 perfectione

1878 4755 2101 4822 accepit.
2135 4753 2363 4806 Metrum
2390 4754 2455 4803 ad
2494 4766 2706 4804 omnem
2738 4766 3044 4804 mensuram
3074 4752 3323 4820 pertim-t.
3356 4754 3463 4809 Me-

1882 4852 2018 4899 treta
2048 4843 2189 4895 enim
2220 4842 2427 4905 Grzece,
2458 4841 2646 4893 Latine
2694 4856 2945 4893 mensura
2978 4842 3193 4895 dicitur.
3236 4842 3368 4895 Nam
3400 4854 3457 4898 et

1878 4935 2104 5005 cyathus
2159 4948 2408 4987 mensura
2442 4942 2543 4997 est,
2578 4943 2631 4985 et
2676 4932 2933 5001 :nnphora
2978 4949 3228 4987 mensura
3270 4944 3371 4997 est,
3401 4946 3456 4991 ct

1878 5024 2135 5095 quidquid
2170 5024 2289 5093 plus
2322 5024 2561 5077 minusve
2590 5022 2753 5090 capit,
2778 5038 3029 5077 mensura
3062 5033 3163 5077 est.
3194 5024 3296 5077 Sed
3336 5026 3455 5080 ideo

1878 5112 1978 5165 hoc
2002 5125 2203 5164 nomen
2230 5110 2535 5179 specialiter
2564 5107 2665 5161 sibi
2696 5110 3008 5179 assumpdt,
3035 5110 3173 5176 quod
3203 5110 3272 5163 sit
3304 5126 3455 5167 men—

1879 5219 2002 5258 sura
2033 5204 2257 5272 perfecti
2289 5202 2519 5265 tmmeri,
2550 5202 2599 5255 id
2630 5211 2734 5266 est,
2766 5203 2994 5256 denarii.
3024 5202 3176 5257 Unde
3203 5204 3254 5258 in
3280 5204 3456 5261 Evan-

1880 5293 2017 5364 gelio
2063 5293 2322 5361 scriptum
2352 5293 2527 5346 estde
2562 5292 2809 5345 convivio
2855 5292 3077 5360 nuptiali
3129 5294 3215 5346 ubi
3273 5294 3456 5351 Domi-

1880 5401 1982 5439 nus
2005 5397 2173 5453 aquas
2198 5384 2249 5436 in
2275 5384 2456 5436 vinum
2485 5383 2782 5436 convertit:
2807 5382 2991 5446 Erant,
3019 5383 3209 5451 inquit,
3235 5383 3456 5453 lapidea:

1878 5475 2079 5545 hydria:
2126 5490 2217 5527 sea:
2247 5474 2427 5542 posita!
2456 5471 2739 5524 secundum
2767 5472 3183 5539 puriﬁcationem
3229 5471 3451 5526 ludam-

1880 5583 2029 5627 rum,
2083 5565 2341 5633 capientes
2384 5561 2604 5631 singulm
2654 5570 2893 5613 metretas
2947 5561 3095 5616 binas
3149 5561 3224 5614 rel
3277 5571 3453 5615 ternas

1879 5658 2058 5727 (Joan.
2094 5656 2174 5725 ll).
2210 5654 2419 5724 Hydriae
2466 5660 2729 5707 vocantur
2754 5668 2880 5707 vasa
2915 5667 3173 5722 aquarum
3215 5654 3455 5723 receptui
