3922 6370
408 354 515 412 ιει

1021 347 1082 402 Β.
1125 345 1380 401 RABANI
1418 343 1637 400 MAURI
1678 340 1995 396 ARCHlEP.

2119 339 2346 397 lCUNT.
2386 339 2671 397 OPERUM
2709 337 2890 395 PARS
2925 336 2991 393 ιι.

3581 323 3690 382 488

404 469 592 534 parata
625 457 852 513 :Grzcce
889 455 1033 510 enim
1083 468 1220 522 aqua
1253 453 1426 522 hydor
1455 453 1674 505 dicitur.
1709 451 1861 519 Aqua
1901 467 1994 502 au-
2025 459 2070 513 Α
2103 450 2193 506 Dei
2236 453 2317 506 sul
2334 451 2454 520 jicit
2487 468 2499 504 :
2533 463 2592 506 ut
2631 449 2882 520 superior
2917 449 2988 503 sit
3019 445 3334 517 przedieatio
3383 439 3688 534 veritatis:

405 559 513 606 tem
540 550 825 618 scriptura:
863 560 1036 600 sacra:
1068 543 1372 597 scientiam.
1393 543 1639 612 designat
1668 561 1681 595 :
1719 557 1837 611 qua:
1868 555 1996 593 suos

404 642 680 696 auditores
708 645 763 692 et
798 653 827 690 a
861 643 1210 705 peccatorum
1241 632 1401 686 sorde
1431 632 1675 697 abluere,
1711 642 1766 685 et
1803 631 1999 685 divina:

407 728 737 800 cognitionis
792 724 931 779 solet
983 721 1130 776 fonte
1185 731 1397 790 potare.
1455 721 1596 776 Vasa
1632 736 1746 784 sex,
1802 719 1999 788 quibus

405 817 850 877 continebantur,
884 811 1048 866 corda
1097 819 1218 863 sunt
1257 810 1449 863 devota
1486 818 1816 871 sanctorum,
1861 822 2000 875 quo-

407 922 527 963 rmn
558 904 818 974 perfectio
848 903 971 955 vitae
1009 908 1064 954 et
1117 899 1238 952 ﬁdei
1267 899 1334 952 ad
1358 897 1663 968 exemplum
1693 904 1838 950 recte
1876 910 2001 950 erc-

412 995 574 1050 dendi
614 1009 678 1047 ac
709 992 924 1046 vivendi
964 989 1252 1060 praeposita
1282 996 1367 1043 est
1393 988 1574 1057 generi
1610 988 1868 1050 humano,
1905 986 2003 1054 per

406 1100 499 1139 sex
525 1082 707 1138 saeculi
751 1080 982 1134 labentis
1016 1086 1226 1140 :etates,
1256 1077 1310 1131 id
1333 1086 1438 1140 est,
1476 1090 1646 1144 usque
1684 1075 1752 1128 ad
1787 1085 2003 1143 tempus

412 1175 712 1231 Dominicac
740 1172 1161 1245 prtedicationis.
1193 1169 1260 1223 Et
1294 1171 1430 1223 bene
1459 1168 1665 1238 lapidea
1696 1176 1820 1220 sunt
1855 1180 2000 1227 vasa,

411 1266 539 1336 quia
566 1263 726 1317 fortia
758 1269 886 1317 sunt
931 1259 1229 1329 praecordia
1259 1259 1528 1327 justorum
1561 1272 1576 1310 :
1604 1266 1662 1310 ιιι
1689 1267 1818 1325 puta
1864 1255 2005 1337 illius

413 1358 520 1410 ﬁde
549 1364 603 1410 ct
625 1354 913 1409 dilectione
941 1352 1168 1406 solidata
1198 1365 1211 1403 :
1237 1348 1532 1422 Capieutts,
1566 1347 1759 1416 inquit,
1784 1344 2006 1415 singula:

414 1456 663 1500 metretas
719 1445 870 1498 binas
922 1443 999 1497 rei
1034 1452 1210 1496 ternas
1235 1457 1253 1494 :
1284 1441 1411 1510 quia
1469 1439 1765 1509 Scriptura:
1806 1444 2007 1490 sancta:

414 1519 668 1591 auctores
695 1543 749 1588 et
788 1533 1024 1587 ministri
1070 1531 1349 1602 prOp'neL'c
1389 1530 1548 1584 modo
1581 1529 1646 1582 de
1679 1527 1837 1580 Patre
1888 1532 2008 1577 tan-

415 1634 530 1681 tum
559 1627 856 1697 loquuntur
885 1634 940 1679 et
959 1625 1115 1686 Filio,
1135 1632 1194 1676 ut
1222 1631 1306 1676 est
1337 1621 1466 1675 illud
1495 1617 1668 1690 (Psal.
1705 1616 1857 1690 cm):
1880 1615 2008 1670 0m-

417 1715 508 1772 ttia
538 1717 592 1770 in
616 1717 876 1785 sapientia
918 1713 1097 1783 fet-isti
1121 1712 1316 1779 (virtus
1345 1709 1487 1764 enim
1521 1709 1613 1762 Dei
1646 1715 1698 1762 et
1743 1705 2004 1777 sapientia

2101 542 2327 603 inferior
2351 542 2586 595 servitus
2605 540 2850 608 corporis
2877 557 2891 593 :
2920 555 3017 608 per
3044 539 3214 607 ipsam
3236 544 3418 590 tamen
3441 530 3692 602 corporis

2097 634 2412 687 servitutem
2439 632 2789 687 excellentior
2819 631 2998 685 luceat
3035 620 3308 692 doctrina,
3330 627 3423 697 qui
3448 639 3546 694 per
3575 620 3694 676 olli-

2101 723 2181 776 cia
2218 720 2552 789 temporalia,
2577 721 2627 774 id
2659 728 2766 784 est,
2795 735 2894 790 per
2921 733 3108 789 vocem
3135 727 3190 772 et
3220 719 3458 788 linguam
3498 722 3555 769 et
3578 726 3692 768 ca:-

2103 815 2248 863 leros
2294 809 2539 878 corporis
2586 818 2768 863 motus
2819 806 3124 862 exhibetur.
3172 805 3362 859 Saturn
3401 811 3486 858 est
3518 814 3697 873 genus

2103 915 2372 952 mensurae
2399 898 2554 968 juxta
2582 913 2788 953 morem
2837 898 3132 968 provincia:
3168 897 3474 960 Palestina,
3523 908 3696 948 unum

2102 994 2156 1039 ct
2200 986 2482 1040 dimidium
2511 985 2754 1040 modium
2788 986 3032 1054 capiens,
3063 985 3228 1061 cujus.
3259 999 3453 1038 nomen
3481 999 3550 1038 ex
3590 981 3699 1036 He-

2103 1075 2252 1129 hrzeo
2296 1090 2550 1129 sermone
2579 1083 2814 1131 tractum
2851 1083 2956 1128 est.
2985 1074 3174 1129 Satum
3228 1076 3372 1129 enim
3418 1073 3560 1145 apud
3599 1086 3700 1127 cos

2105 1165 2418 1220 nominatur
2464 1165 2700 1233 sumptio
2742 1166 2856 1220 sive
2891 1163 3111 1227 levatio,
3152 1179 3217 1218 co
3247 1164 3387 1233 quod
3418 1163 3510 1232 qni
3541 1161 3703 1215 meti-

2107 1261 2216 1317 tur,
2245 1254 2474 1308 eandem
2507 1269 2816 1308 mensuram
2852 1263 3032 1308 sumat
3068 1270 3131 1308 ac
3160 1255 3320 1309 levet.
3353 1254 3448 1307 Est
3475 1261 3533 1306 et
3561 1251 3703 1305 alias

2108 1353 2286 1398 satum
2347 1359 2619 1406 mensura,
2679 1343 3041 1398 sextariorum
3097 1326 3301 1411 viginti
3339 1343 3570 1396 duorum
3611 1355 3705 1394 ca-

2108 1447 2234 1502 pax,
2268 1432 2422 1501 quasi
2449 1432 2678 1486 melius.
2711 1431 2863 1487 Unde
2891 1432 2944 1485 in
2977 1431 3272 1503 Evangelio
3329 1431 3544 1502 (Matth.
3579 1431 3704 1503 xm)

2109 1523 2369 1591 scriptum
2391 1531 2475 1576 est
2509 1522 2575 1576 de
2614 1521 2858 1587 muliere,
2890 1539 3010 1592 qua:
3041 1524 3323 1587 abscondit
3370 1524 3705 1578 fermentum

2111 1608 2164 1664 in
2200 1608 2387 1664 farinze
2419 1610 2553 1664 satis
2602 1609 2796 1675 tribus,
2843 1613 3015 1666 donec
3063 1611 3480 1666 fermentarctur
3505 1621 3704 1665 totum.

2111 1699 2246 1754 Nam
2285 1700 2398 1755 lucc
2428 1701 2622 1755 mulier
2653 1702 2920 1772 signiﬁcat
2945 1711 3190 1757 sanctam
3217 1704 3506 1758 ecclesiam
3541 1718 3708 1773 :qnm

417 1807 665 1864 Christus
691 1816 776 1861 est
800 1806 851 1877 [1
879 1806 1000 1858 (jar,
1043 1804 1128 1874 η),
1157 1803 1313 1855 [ηοαο
1356 1801 1521 1854 etiam
1553 1798 1790 1869 Spiritus
1835 1796 2010 1851 sancti
2044 1801 2086 1860 Β
2117 1789 2418 1844 doctrinam
2457 1789 2730 1861 Evangelii
2777 1800 2831 1844 et
2880 1791 3186 1846 intellectus
3229 1807 3510 1847 sacrarum
3552 1791 3709 1845 Scri-

417 1896 628 1950 faciunt
650 1895 1002 1956 mentionem,
1014 1891 1166 1959 juxta
1184 1891 1315 1944 illud
1332 1887 1571 1957 ejusdem
1593 1885 2011 1958 psalmigraphi:

433 1983 596 2039 Verbo
627 1973 841 2037 Domini
873 1982 989 2036 caeli
1017 1981 1217 2050 [innati
1252 1989 1396 2043 sunt,
1428 1989 1475 2034 et
1513 1978 1716 2048 Spiritu
1755 1977 1860 2030 oris
1899 1975 2014 2045 ejus

421 2057 594 2141 omnis
621 2073 784 2126 virtus
816 2089 997 2126 eorum
1023 2069 1194 2141 (l'sal.
1215 2068 1407 2140 xxxn).
1435 2069 1642 2123 Modius
1665 2067 1841 2125 dictus
1868 2066 2016 2120 abeo

423 2163 568 2232 quod
605 2162 676 2215 sit
705 2175 804 2214 suo
845 2159 1003 2212 modo
1044 2157 1318 2226 perfectus
1350 2171 1364 2210 :
1397 2166 1482 2212 est
1526 2165 1708 2211 autem
1761 2170 2016 2210 mensura

421 2251 689 2307 librarum
719 2249 1078 2320 quadraginta
1126 2255 1384 2316 quatuor,
1433 2247 1486 2301 id
1518 2255 1620 2311 est,
1654 2248 2017 2302 sextariorum

427 2341 622 2409 viginti
651 2340 880 2394 duorum
909 2357 922 2393 :
951 2338 1104 2406 cujus
1131 2337 1344 2395 numeri
1369 2351 1533 2392 causa
1563 2336 1688 2392 inde
1718 2347 1888 2393 tracta
1911 2345 2016 2400 est,

427 2445 496 2486 eo
523 2431 666 2500 quod
697 2430 749 2483 in
779 2429 1046 2498 principio
1078 2427 1220 2482 Deus
1248 2425 1437 2496 viginti
1466 2427 1572 2481 duo
1597 2443 1762 2497 opera
1806 2425 2014 2482 fecerit.

427 2519 564 2574 Nam
591 2519 763 2589 prima
793 2519 881 2572 dic
920 2526 1126 2588 septem
1155 2533 1323 2588 opera
1341 2516 1490 2579 fecit,
1517 2515 1568 2570 id
1599 2524 1703 2577 est,
1735 2515 2020 2570 materiam

428 2610 742 2673 informem,
785 2605 1033 2679 angelos;
1081 2609 1276 2674 lucem,
1317 2608 1485 2664 ccelos
1536 2608 1862 2676 superiores,
1913 2615 2021 2660 ter-

431 2712 566 2753 rant
601 2707 762 2768 atque
817 2714 999 2752 aerem
1038 2715 1050 2750 :
1095 2698 1332 2752 secunda
1386 2699 1471 2752 die
1503 2697 1900 2752 ﬁrmamentum
1929 2712 2020 2750 so-

431 2788 542 2842 lum
577 2805 590 2841 :
627 2789 780 2843 tertia
835 2789 920 2842 die
969 2797 1224 2858 quatuor,
1257 2787 1449 2850 maria,
1503 2780 1731 2854 scutiua,
1782 2786 2023 2841 sationes

429 2889 593 2947 atque
633 2880 900 2947 plantaria
935 2889 1164 2947 :qnnrta
1215 2878 1302 2932 die
1335 2878 1458 2941 tria,
1516 2877 1685 2932 solem
1731 2886 1787 2932 et
1837 2877 2019 2931 lunam

428 2980 485 3026 et
549 2970 753 3036 stellas,
805 2971 995 3049 quinta
1056 2969 1162 3024 die
1231 2969 1374 3032 tria,
1441 2969 1618 3038 pisces
1675 2978 1729 3024 et
1809 2968 2020 3038 rcptilia

429 3056 720 3130 aquarum,
769 3070 824 3115 et
854 3059 1093 3113 volatilia
1128 3077 1142 3113 :
1177 3067 1330 3114 sexta
1382 3060 1469 3113 die
1503 3068 1754 3128 quatuor,
1792 3058 2019 3121 bestias,

2117 1891 2398 1952 pturarum
2457 1882 2642 1936 condit
2704 1883 2758 1936 in
2810 1884 3122 1951 pectoribus
3179 1885 3474 1946 humanis,
3530 1884 3709 1938 donec

2117 1961 2384 2024 coadunet
2415 1979 2525 2024 tres
2550 1980 2734 2040 partes
2761 1970 2932 2036 orbis,
2971 1974 3115 2041 quod
3140 1973 3205 2027 dc
3229 1975 3400 2026 tribus
3430 1973 3553 2027 filiis
3594 1972 3710 2026 Noe

2119 2066 2364 2111 exortum
2393 2057 2445 2111 in
2469 2057 2598 2112 orbe
2619 2059 2957 2114 continetur:
2981 2062 3262 2130 triquadro
3291 2071 3619 2116 convertens
3641 2061 3710 2116 ad

2119 2148 2278 2203 ﬁdem
2326 2157 2527 2201 sancta:
2563 2149 2849 2230 Chai-italis
2900 2167 2913 2202 :
2967 2159 3027 2204 nt
3078 2150 3314 2219 Spiritus
3343 2161 3395 2204 et
3433 2152 3615 2205 anima
3657 2160 3713 2205 et

2118 2251 2315 2306 corpus
2369 2237 2422 2291 in
2456 2253 2620 2291 unum
2670 2240 2886 2293 redacta
2935 2255 3044 2293 non
3091 2240 3402 2310 discrepent
3444 2241 3586 2294 inter
3629 2255 3708 2294 se.

2118 2325 2353 2381 Possunt
2378 2325 2560 2395 itaque
2591 2336 2789 2396 praeter
2815 2327 2930 2382 hac
2971 2338 3026 2383 et
3064 2328 3115 2382 in
3149 2327 3337 2383 farinae
3367 2329 3505 2384 satis
3537 2329 3712 2384 tribus

2121 2420 2197 2473 illi
2229 2419 2506 2475 Dominici
2559 2421 2780 2474 seminis
2826 2419 3058 2486 fruetus,
3115 2421 3424 2476 tricesimus
3477 2421 3712 2483 scilicet,

2121 2510 2489 2581 sexagesimus
2533 2518 2589 2564 et
2614 2511 2965 2574 centesimus,
3024 2511 3273 2582 intelligi,
3311 2513 3362 2567 id
3391 2522 3495 2578 est,
3527 2513 3718 2582 conju-

2121 2609 2388 2672 gatorum,
2423 2603 2812 2656 continentium
2861 2611 3022 2673 atque
3058 2605 3352 2674 virginum.
3383 2604 3451 2658 Et
3481 2604 3716 2674 pulchre

2119 2691 2274 2755 dicit,
2326 2699 2551 2745 eatenus
2604 2689 2979 2745 absconditum
3022 2693 3076 2746 in
3130 2693 3307 2746 farina
3358 2691 3714 2756 fermentum,

2121 2783 2292 2837 donec
2319 2781 2736 2836 fermentaretur
2761 2789 2931 2836 totum
2963 2799 2976 2835 :
3010 2783 3136 2851 quia
3169 2783 3407 2838 cbaritas
3431 2785 3483 2837 in
3524 2792 3718 2837 nostra

2122 2881 2302 2928 mente
2331 2873 2625 2937 recondita,
2658 2889 2895 2942 eousque
2924 2889 3170 2929 crescere
3197 2875 3384 2940 debet,
3413 2876 3585 2931 donec
3629 2884 3716 2935 to,-

2129 2971 2238 3016 tam
2267 2971 2504 3017 mentem
2531 2965 2584 3017 in
2616 2964 2697 3018 sui
2727 2963 3115 3033 perfectionem
3155 2973 3473 3021 commutet.
3508 2967 3720 3021 liathns

2123 3064 2305 3110 autem
2331 3057 2837 3113 vocaturl‘lebraica
2864 3060 3043 3129 lingua
3070 3061 3138 3114 ab
3163 3059 3362 3114 olearia
3393 3061 3531 3114 mola
3554 3101 3567 3124 ,
3595 3077 3720 3130 qua:

432 3154 689 3222 pecudes,
727 3153 938 3222 reptilia
969 3161 1147 3216 terrm,
1198 3161 1253 3205 et
1293 3151 1587 3215 hominem,
1638 3161 1693 3206 et
1722 3151 1864 3205 facta
1896 3159 2022 3206 sunt
2050 3141 2094 3202 C
2127 3148 2253 3200 bath
2277 3147 2418 3218 apud
2435 3164 2527 3203 eos
2551 3150 2636 3204 vel
2660 3149 2820 3204 balba
2846 3151 3179 3214 nominatur,
3205 3152 3423 3220 capiens
3447 3152 3721 3221 quinqua-

432 3240 614 3295 Omnia
646 3241 830 3310 viginti
857 3242 961 3296 duo
991 3256 1188 3311 genera
1217 3241 1270 3294 in
1298 3241 1487 3294 diebus
1508 3256 1621 3302 sex,
1656 3249 1710 3294 et
1735 3241 1842 3296 duo
1864 3250 1918 3294 et
1944 3241 2021 3293 vi-

429 3331 564 3402 ginti
598 3333 975 3402 generationes
1022 3339 1148 3386 sunt
1193 3333 1262 3386 ab
1294 3331 1465 3384 Adam
1509 3348 1680 3401 usque
1732 3333 1799 3385 ad
1829 3330 2016 3396 Jacob,

433 3439 497 3478 ex
526 3421 680 3489 cujus
707 3423 914 3477 semine
947 3423 1190 3476 nascitur
1223 3422 1401 3476 omnis
1427 3437 1558 3491 gens
1602 3421 1766 3476 Israel
1798 3440 1809 3475 :
1843 3421 2019 3491 vigin-

434 3514 475 3568 ti
507 3513 614 3566 duo
643 3511 767 3565 libri
796 3512 996 3566 veteris
1021 3510 1354 3566 Testamenti
1393 3527 1564 3580 usque
1592 3512 1659 3565 ad
1691 3511 1888 3566 Esther
1921 3529 1935 3564 :
1968 3519 2024 3564 et

437 3603 641 3674 viginti.
654 3603 760 3657 duo
788 3602 1096 3656 litterarum
1123 3610 1250 3657 sunt
1279 3601 1782 3670 elementa,quilms
1811 3609 2025 3655 constat

434 3692 635 3747 divina:
663 3693 796 3762 legis
821 3694 1086 3747 doctrina.
1120 3692 1214 3746 llis
1240 3692 1402 3763 igitur
1422 3693 1683 3762 exemplis
1713 3692 1922 3746 modius
1949 3690 2026 3742 vi-

430 3783 565 3852 ginti
595 3783 823 3837 duormn
849 3781 1216 3850 sextariorum
1245 3797 1275 3834 a
1302 3781 1486 3850 Moyse
1519 3781 1815 3836 secundum
1857 3793 2025 3833 sacra:

432 3873 569 3944 legis
611 3886 918 3926 mensuram
961 3871 1183 3926 effectus
1212 3881 1343 3925 cst:
1397 3879 1463 3930 et.
1504 3870 1752 3939 quamvis
1800 3869 2027 3923 diversa:

435 3972 628 4034 gentes
674 3961 800 4016 buie
829 3976 1101 4015 mensurae
1127 3961 1338 4028 pondus
1371 3959 1448 4013 vel
1479 3958 1738 4027 adjiciant
1765 3959 2024 4029 ignoran-

443 4063 544 4117 tcr,
574 4054 659 4107 vel
687 4054 977 4107 detrahant
1007 4071 1019 4105 :
1043 4053 1185 4121 apud
1209 4051 1462 4106 Hebraeos
1481 4051 1865 4104 constitutione
1889 4050 2026 4102 divi-

439 4160 509 4198 na
543 4143 635 4197 tali
667 4143 875 4196 ratione
907 4150 1174 4196 servatur.
1225 4141 1432 4195 Modius
1484 4141 1626 4194 enim
1665 4155 1695 4194 a
1739 4141 1899 4195 modo
1945 4140 2028 4194 di-

435 4242 577 4288 ctus.
632 4231 770 4285 llinc
810 4239 865 4284 et
897 4231 1130 4293 modica,
1185 4230 1238 4284 id
1290 4238 1393 4294 est,
1433 4231 1709 4283 moderata
1750 4247 1762 4282 :
1799 4229 2026 4283 modicis

435 4322 584 4376 enim
616 4320 828 4374 modius
850 4326 1044 4374 nomen
1073 4319 1328 4389 imposuit
1361 4335 1372 4369 :
1400 4333 1524 4372 nam
1551 4318 1758 4371 modica
1784 4332 1881 4387 pro
1907 4332 2027 4385 par-

438 4411 524 4463 vis
552 4409 774 4463 abusive
801 4425 906 4462 non
931 4409 1149 4478 proprie
1177 4409 1429 4463 dicimus.
1473 4408 1528 4462 In
1561 4407 1841 4476 Scriptura
1870 4423 2024 4462 sacra

435 4500 649 4554 modius
676 4493 1232 4567 :cquitatem'justitim
1263 4499 1556 4566 signiﬁcat.
1580 4498 1734 4552 Unde
1763 4497 2023 4550 Dominus

438 4591 492 4646 in
525 4591 666 4660 Lege
696 4589 957 4659 praecepit
993 4589 1181 4663 dicens
1215 4604 1228 4640 :
1263 4587 1386 4640 Non
1409 4587 1473 4640 sit
1500 4587 1591 4639 tibi
1621 4587 1824 4640 modius
1848 4587 2024 4654 major

435 4693 482 4737 et
544 4683 718 4734 minor
770 4681 861 4733 sed
919 4679 1125 4731 modius
1172 4678 1375 4747 justus,
1425 4694 1705 4747 (equusque
1763 4678 2023 4730 sextarius

438 4771 620 4843 (Deut.
656 4782 802 4840 xxv).
835 4769 967 4823 Item
996 4769 1206 4822 modius
1233 4784 1429 4837 corpus
1456 4769 1750 4821 humanum
1776 4767 1860 4820 vel
1892 4767 2024 4836 legis

436 4862 676 4917 litteram
702 4861 993 4932 signiﬁcat.
1031 4860 1183 4916 Unde
1206 4861 1465 4914 Dominus
1493 4862 1569 4913 ait
1599 4860 1652 4912 in
1681 4859 1972 4928 Evangelio
2006 4875 2021 4910 :

440 4951 612 5006 Nemo
663 4952 900 5004 accendit
949 4950 1237 5015 lucernam,
1294 4960 1339 5002 et
1379 4952 1522 5019 ponit
1561 4966 1676 5002 eam
1723 4948 1818 5001 sub
1852 4949 2024 5000 modio

436 5042 588 5116 (Luc.
616 5057 732 5104 vm,
768 5042 866 5110 ιιι).
900 5040 1106 5095 Ponere
1132 5058 1262 5110 ergo
1284 5041 1560 5094 lucernam
1592 5039 1691 5094 sub
1719 5040 1897 5093 modio
1917 5048 2023 5104 est,

437 5132 719 5200 superiora
750 5131 930 5186 facere
961 5133 1207 5198 corporis
1237 5134 1539 5196 commoda,
1573 5148 1735 5201 quam
1761 5133 2024 5202 pra‘dica-

437 5214 640 5276 tionem
690 5222 937 5276 veritatis
981 5238 996 5276 :
1042 5230 1101 5274 ιιι
1148 5223 1268 5275 ideo
1309 5225 1535 5292 quisque
1588 5223 1870 5278 veritatem
1917 5239 2024 5276 non

438 5311 719 5381 praedicet,
753 5313 882 5366 dum
911 5313 1082 5375 timet,
1122 5327 1186 5364 ne
1218 5312 1418 5380 aliquid
1456 5314 1505 5366 in
1541 5315 1701 5368 rebus
1731 5313 2023 5384 corporali-

442 5399 542 5453 bus
590 5411 646 5454 et
687 5401 1074 5470 temporalibus
1104 5401 1364 5456 molestia:
1392 5404 1646 5470 patiatur.
1694 5404 1806 5458 Sub
1844 5404 2024 5457 modio

442 5490 572 5561 ergo
622 5492 899 5546 lucernam
932 5493 1102 5563 ponit,
1131 5493 1378 5560 quisquis
1426 5492 1596 5546 lucem
1635 5493 1894 5546 doctrinm
1925 5494 2024 5547 bo-

445 5600 527 5637 lue
559 5583 854 5635 commodis
888 5581 1274 5652 temporalibus
1303 5583 1558 5636 obscurat
1583 5593 1636 5635 et
1666 5584 1827 5652 tegit:
1852 5583 2026 5651 Super

447 5673 833 5728 candelabrum
887 5685 1087 5740 autem,
1140 5675 1227 5741 qui
1276 5688 1471 5744 corpus
1522 5690 1677 5730 suum
1728 5673 2026 5730 ministerio

2055 4478 2102 4536 D

2124 3238 2272 3308 ginta
2303 3241 2590 3303 sextarios,
2623 3255 2746 3309 qua:
2789 3255 3042 3295 mensura
3073 3257 3178 3294 una
3211 3242 3365 3295 moi-.e
3390 3242 3505 3295 vice
3531 3252 3719 3311 prote—

2125 3329 2281 3383 ritur.
2312 3329 2447 3399 Ephi
2489 3345 2617 3400 ergo
2648 3346 2899 3386 mensura
2929 3339 3014 3384 est
3069 3331 3230 3384 trium
3273 3331 3604 3396 modiorum,
3657 3338 3722 3386 ut

2123 3419 2176 3472 in
2201 3419 2339 3474 libro
2364 3419 2505 3473 Ruth
2532 3422 2836 3474 ostenditur
2868 3438 2881 3474 :
2907 3429 2962 3475 et
3003 3436 3192 3490 gomor
3220 3436 3473 3474 mensura
3524 3430 3607 3475 est
3631 3430 3721 3476 at-

2125 3509 2355 3562 ticornm
2398 3510 2644 3563 cenicum
2691 3510 2874 3562 trium.
2917 3508 3068 3564 Unde
3106 3517 3160 3562 ct
3192 3509 3243 3562 in
3302 3509 3546 3563 Levitico
3577 3518 3632 3563 ct
3662 3510 3719 3564 in

2125 3601 2484 3656 Nmnerornm
2537 3602 2674 3655 libro
2719 3602 3146 3670 quotiescunque
3190 3601 3396 3656 decima
3425 3617 3555 3672 pars
3591 3603 3721 3671 ephi

2125 3691 2178 3745 in
2230 3691 2497 3745 sacriﬁcio
2545 3692 2788 3746 exhiberi
2837 3691 3079 3759 jubetur,
3130 3707 3380 3746 mensura
3405 3708 3597 3762 gomor
3624 3708 3723 3747 ex-

2124 3795 2292 3850 pensa
2316 3781 2812 3852 intelligiturJIphi
2849 3782 3096 3836 eamdem
3124 3797 3436 3837 mensuram
3467 3782 3634 3837 habet
3666 3783 3723 3836 in

2131 3873 2323 3936 aridis,
2360 3889 2520 3941 quam
2557 3874 2607 3925 in
2647 3873 2882 3927 humidis
2910 3874 3444 3944 bathus..Ampbora
3503 3883 3719 3938 vocata,

2127 3963 2269 4033 quod
2299 3963 2423 4017 hinc
2447 3971 2499 4017 et
2540 3963 2663 4016 inde
2711 3964 2919 4017 levetur
2950 3981 2966 4020 :
2992 3965 3106 4018 lucc
3135 3963 3325 4019 Graece
3364 3979 3394 4018 a
3434 3963 3606 4034 ﬁgura
3635 3963 3724 4018 sui

2127 4056 2268 4109 dicta
2320 4055 2538 4115 dicitur,
2566 4054 2708 4124 quod
2756 4053 2872 4121 ejus
2925 4069 3069 4108 ansm
3115 4054 3401 4124 geminata:
3431 4055 3725 4108 vidcantur

2127 4161 2288 4199 aures
2333 4146 2554 4199 imitari.
2613 4147 2825 4215 llecipit
2853 4155 3032 4199 autem
3063 4147 3174 4200 vini
3223 4145 3310 4200 vel
3339 4161 3497 4215 aqua:
3526 4146 3721 4215 pedem

2127 4237 2470 4306 quadratum,
2489 4237 2743 4311 frumenti
2762 4253 2890 4292 vero
2912 4239 3120 4292 modios
3142 4237 3356 4292 ltalicos
3379 4248 3513 4292 tres.
3543 4236 3726 4292 Cadus

2126 4329 2314 4384 Grmce
2343 4330 2601 4399 amphora
2630 4338 2713 4383 est
2733 4329 3016 4382 continens
3038 4338 3354 4406 uruas‘tres.
3383 4326 3534 4382 Urna
3573 4343 3723 4382 men-

2129 4437 2254 4474 sura
2285 4427 2390 4483 cst,
2423 4435 2584 4488 quam
2615 4420 2952 4489 quartarium
2988 4419 3176 4472 dicunt
3203 4437 3215 4471 :
3263 4419 3485 4487 proprie
3537 4427 3720 4472 autem

2130 4522 2273 4564 urna'
2314 4525 2408 4562 vas
2443 4518 2546 4571 est,
2590 4509 2732 4577 quod
2765 4525 2862 4578 pro
2891 4508 3187 4561 condendis
3224 4505 3614 4559 defunctorum
3646 4507 3725 4561 ci-

2129 4601 2351 4654 neribus
2387 4601 2628 4653 adhiberi
2678 4600 2835 4662 solet,
2868 4600 2932 4653 dc
2963 4615 3070 4668 quo
3097 4608 3291 4666 poeta:
3325 4595 3470 4651 Caelo
3505 4599 3722 4666 tegitur,

2127 4692 2216 4762 qui
2239 4707 2340 4743 non
2367 4690 2516 4743 habet
2541 4708 2748 4744 urnam.
2777 4689 3042 4757 Medimna
3075 4705 3328 4742 mensura
3359 4699 3444 4742 est
3479 4691 3725 4762 quinque

2128 4781 2430 4834 modiorum
2467 4798 2480 4832 :
2514 4781 2782 4834 ntcdimua
2826 4789 3004 4833 autem
3038 4779 3201 4833 latina
3248 4780 3431 4850 lingua
3472 4789 3722 4845 vocatur,

2129 4869 2181 4923 id
2224 4877 2329 4935 cst,
2357 4869 2600 4934 dimidia,
2645 4885 2710 4923 eo
2739 4869 2881 4938 quod
2909 4869 3145 4938 quinque
3191 4870 3400 4924 modios
3433 4871 3724 4936 metiatur,

2125 4959 2217 5027 qui
2244 4969 2328 5013 est
2356 4960 2610 5013 dimidius
2641 4975 2898 5012 numerus
2925 4975 2953 5011 a
2978 4957 3218 5028 perfecto
3243 4959 3490 5012 denario.
3515 4959 3724 5014 Artaba

2125 5063 2378 5102 mensura
2406 5058 2488 5103 est
2514 5051 2654 5118 apud
2698 5048 2980 5118 {Egyptios
3007 5049 3365 5102 sextariorum
3399 5050 3725 5119 septuagin-

2127 5144 2176 5188 ta
2199 5137 2444 5199 duorum,
2471 5138 2768 5207 composita
2791 5153 2856 5191 ex
2888 5154 3113 5193 numero
3131 5148 3355 5208 propter
3371 5140 3725 5208 septuaginta

2124 5232 2178 5277 et
2207 5225 2340 5278 duas
2364 5234 2554 5293 gentes
2583 5225 2664 5278 vel
2696 5225 2930 5295 linguas,
2959 5242 3080 5294 qua:
3112 5229 3300 5282 orbem
3329 5226 3723 5296 impleverunt.

2124 5312 2326 5367 Gomor
2362 5315 2670 5384 quindecim
2707 5316 3011 5371 modiorum
3043 5334 3180 5372 onus
3210 5319 3502 5393 appendet.
3543 5317 3728 5374 Corus

2123 5402 2343 5471 triginta
2371 5403 2673 5457 modiorum
2705 5420 2958 5459 mensura
3009 5407 3327 5476 completur.
3369 5406 3468 5460 llic
3505 5423 3573 5460 ex
3617 5407 3729 5461 He-

2123 5493 2306 5546 braico
2337 5507 2585 5547 sermone
2617 5495 2914 5561 descendit,
2955 5496 3044 5564 qui
3069 5506 3295 5552 vocatur
3329 5510 3454 5549 cora
3487 5512 3517 5550 a
3567 5499 3727 5552 simi-

2126 5583 2352 5638 litudine
2398 5583 2570 5638 collis.
2623 5584 2783 5640 Coria
2813 5587 2954 5640 enim
2989 5589 3252 5642 llebraice
3309 5588 3476 5642 colles
3527 5589 3726 5658 appel-

2127 5673 2306 5729 lantur
2340 5692 2352 5730 :
2396 5677 2698 5732 coacervati
2731 5677 2874 5730 enim
2908 5679 3067 5732 modii
3102 5679 3319 5746 triginta
3361 5678 3533 5732 instar
3562 5679 3726 5733 collis
