3922 6338
233 312 344 373 489

1196 316 1286 372 DE
1322 313 1672 375 UNlVERSO
1709 313 1890 372 LIBRI
1924 313 2090 372 XXII.
2127 343 2197 354 -
2235 313 2361 370 LlB.
2403 316 2587 373 XVIII.

3411 320 3519 375 490

239 432 513 496 videntur,
539 440 599 486 et
633 445 773 487 onus
808 429 998 486 cameli
1019 427 1342 485 eﬂiciuntur.
1369 429 1444 485 De
1477 430 1739 500 amphora
1771 428 1826 484 in
1853 430 1904 490 Α
1929 426 2004 482 cit
2031 445 2043 480 :
2077 427 2334 498 Nunquid
2367 428 2709 483 ambulabunt
2733 430 2839 484 duo
2865 431 3081 500 pariter,
3107 435 3209 486 nisi
3230 438 3524 492 convenerit

242 523 514 581 Zacharia
542 523 809 594 propheta
857 522 933 577 ita
968 521 1231 592 scriptum
1261 529 1345 576 est
1369 539 1382 574 :
1411 519 1482 574 Et
1511 520 1845 576 ecce'mulier

245 635 357 672 una
397 615 582 671 sedens
622 615 678 669 in
711 615 880 670 medio
921 613 1211 683 amphoris,
1258 620 1312 667 et
1341 612 1538 667 dicitur
1568 629 1581 666 :
1613 611 1724 667 htec
1771 621 1848 667 est

249 709 491 780 impietas
518 722 536 760 :
564 717 615 762 et
641 708 860 778 proiecit
889 722 1006 761 eam
1039 706 1096 760 in
1120 705 1292 760 medio
1315 705 1604 775 amphorae,
1626 714 1676 759 et
1705 706 1846 760 misit

246 799 547 870 plumbeam
573 813 804 854 massam
817 797 873 852 in
900 813 958 851 os
983 797 1121 868 ejus,
1153 804 1260 852 etc.
1283 793 1473 866 (Zach.
1504 793 1584 866 v).
1608 793 1846 866 Ampho-

246 905 313 948 ra
343 902 525 948 autem
568 891 661 948 hic
695 889 968 962 signiﬁcat
999 903 1312 945 mensuram
1353 888 1615 960 grandem
1647 888 1846 959 iniqui-

247 986 377 1042 tatis
425 985 736 1042 Judazorum
768 1002 781 1038 :
815 984 882 1039 de
929 999 1034 1054 qua
1089 983 1340 1039 Salvator
1398 984 1468 1038 ad
1519 982 1668 1052 ipsos
1722 982 1840 1037 ait:

244 1071 472 1146 Implete
497 1090 799 1130 mensuram
827 1084 1038 1144 patrum
1078 1083 1375 1128 uestrorum
1405 1070 1626 1144 (Matth.
1656 1071 1839 1143 mn).

247 1148 430 1234 Super
481 1164 626 1220 hanc
675 1179 985 1220 mensuram
1012 1165 1257 1219 omnium
1297 1162 1617 1219 delictorum
1667 1164 1843 1219 media

245 1257 474 1314 sedebat
525 1258 799 1329 impietas.
855 1273 1020 1328 quam
1071 1257 1178 1312 alio
1228 1257 1450 1312 nomine
1485 1255 1843 1312 idololatriam

245 1363 540 1420 possumus
584 1350 877 1421 appellare,
927 1359 982 1406 et
1032 1351 1374 1422 negationem
1425 1350 1543 1406 Dei.
1576 1349 1739 1412 Missa
1763 1360 1846 1407 est

243 1457 379 1514 ergo
409 1459 589 1499 massa
623 1443 876 1514 plumbea
903 1443 958 1496 in
1007 1457 1070 1498 os
1094 1457 1382 1514 synagoga:
1421 1441 1752 1508 Judworum,
1785 1452 1846 1499 ut

245 1534 562 1604 arrogantia
602 1535 722 1605 ejus
741 1533 1114 1604 conquiescat.
1139 1533 1268 1589 Haec
1287 1549 1415 1604 ergo
1444 1535 1694 1604 impietas
1719 1551 1845 1606 syn-

246 1638 454 1696 agogas,
483 1641 604 1695 quas
640 1623 864 1680 sedebat
896 1639 1060 1695 super
1102 1633 1326 1695 peccata
1351 1624 1539 1690 Israel,
1571 1633 1627 1681 et
1664 1625 1718 1679 in
1747 1640 1845 1680 suo

244 1716 453 1773 scelere
493 1717 844 1788 gloriabatur,
883 1726 1071 1788 postea
1118 1717 1356 1773 mittitur
1391 1717 1444 1772 in
1484 1718 1720 1774 medium
1743 1718 1845 1772 Ba-

1949 520 2023 574 eis
2042 519 2068 573 .9
2091 518 2272 592 (Amos
2298 519 2417 592 ιιι.)
2446 520 2580 576 Item
2609 522 2715 578 duo
2746 522 3041 579 electorum
3071 533 3234 596 atque
3269 530 3528 598 reprobo-

1946 625 2065 664 rum
2086 608 2572 680 praeﬁgurationem
2603 621 2816 683 gerunt.
2843 612 2997 670 Unde
3023 615 3281 673 Dominus
3312 617 3444 674 dicit
3471 620 3528 675 in

1948 697 2237 770 Evangelio
2267 717 2279 752 :
2311 698 2455 755 Tunc
2477 701 2580 757 duo
2599 705 2824 759 eruntin
2851 721 2980 776 agro
3003 720 3022 759 :
3049 723 3184 762 unus
3206 721 3524 779 assumetur,

1947 798 1995 843 et
2022 789 2159 844 alius
2203 789 2522 862 relinquetur
2566 791 2782 863 (Matth.
2817 795 2989 869 xxxv).
3049 797 3343 857 Ternarius
3397 817 3528 873 ergo

1945 896 2205 937 numerus
2261 882 2329 937 ad
2384 882 2668 940 Trinitatis
2707 888 3022 957 mysterium
3080 893 3338 960 pertinet,
3386 894 3532 950 utin

1947 971 2186 1042 Epistola
2209 971 2432 1029 Joannis
2462 993 2474 1028 :
2503 975 2626 1030 Tres
2665 987 2811 1046 sunt,
2841 978 3034 1050 inquit,
3061 985 3150 1052 qui
3175 986 3530 1041 testimonium

1947 1065 2075 1120 dant
2107 1065 2159 1136 (Ι
2189 1067 2349 1122 Joan.
2381 1068 2456 1137 v).
2489 1069 2620 1125 Item
2649 1081 2758 1128 tres
2799 1073 2865 1128 ad
2903 1076 3171 1144 passionis
3210 1078 3422 1134 Domini
3446 1095 3531 1135 se-

1946 1157 2218 1227 pulturam
2243 1169 2299 1215 et
2327 1164 2737 1220 resurrectionis
2770 1177 3173 1224 sacramentum
3198 1171 3529 1241 respiciunt;

1946 1251 2089 1305 unde
2125 1252 2178 1306 in
2211 1251 2348 1309 Osee
2395 1255 2656 1326 scriptum
2714 1267 2799 1314 est
2850 1277 2862 1312 :
2932 1259 3226 1329 Viviﬁcabit
3268 1279 3362 1318 nos
3415 1275 3533 1334 post

1946 1339 2078 1395 duos
2114 1343 2267 1397 dies:
2301 1345 2356 1399 in
2398 1346 2482 1400 die
2529 1349 2682 1402 tertia
2727 1351 2997 1406 suscitabit
3045 1369 3158 1419 nos,
3209 1363 3254 1408 et
3309 1355 3533 1410 vivemus

1947 1431 2096 1504 (Ose.
2129 1436 2226 1507 vr).
2267 1435 2503 1493 Rursum
2537 1449 2646 1497 tres
2669 1443 2736 1497 ad
2785 1443 2969 1511 ﬁdem,
3001 1461 3174 1515 spem,
3208 1448 3533 1504 cbaritatem

1946 1525 2354 1595 exprimendam
2415 1530 2625 1596 valent;
2696 1549 2923 1602 quarum
2987 1538 3248 1594 virtutum
3304 1540 3535 1613 ﬁguram

1949 1623 2061 1668 tres
2089 1615 2190 1671 illa:
2218 1618 2466 1676 civitates
2496 1621 2549 1676 in
2582 1623 3018 1693 Deuteronomio,
3052 1631 3120 1684 ad
3146 1646 3283 1699 quas
3306 1632 3537 1688 homici-

1950 1703 2038 1769 da,
2077 1707 2168 1774 qui
2198 1708 2386 1764 nolens
2423 1713 2727 1794 proximum
2760 1717 3038 1781 occiderit.
3073 1721 3362 1790 confugere
3390 1739 3534 1794 pras-

241 1785 577 1880 bylonisiet
620 1785 950 1879 captivitatis
996 1807 1139 1864 malo
1185 1807 1529 1880 deprimitur,
1575 1809 1658 1865 vel
1691 1818 1839 1865 certe

1952 1792 2164 1864 cipitur,
2203 1797 2406 1854 habere
2445 1785 2718 1858 dicuntur.
2748 1804 2879 1861 Item
2907 1815 3018 1863 tres
3048 1810 3151 1864 tria
3185 1785 3428 1882 tempora
3460 1815 3536 1869 si-

244 1903 319 1959 ab
350 1904 541 1975 angelo
567 1921 582 1959 :
613 1914 670 1960 ut
699 1922 821 1976 quae
861 1906 1015 1976 prius
1042 1906 1249 1962 latebat
1275 1905 1331 1961 in
1362 1908 1586 1970 scelere,
1632 1917 1840 1964 aeterno

245 1993 465 2050 silentio
522 1995 875 2051 conticescat.
924 1995 1178 2067 Legimus
1227 1997 1284 2051 in
1341 1996 1636 2067 Evangelio
1686 1996 1838 2069 (Luc.

244 2086 400 2158 xvr),
434 2087 577 2156 quod
629 2087 841 2144 villicus
895 2089 1199 2158 iniquitatis
1247 2090 1585 2148 debitoribus
1636 2089 1844 2146 domini

245 2175 354 2242 sui,
379 2177 472 2247 qui
509 2178 777 2233 debebant
823 2179 1042 2234 domino
1078 2195 1175 2234 suo
1203 2180 1407 2251 grande
1442 2181 1683 2237 debitum
1720 2182 1843 2236 red-

245 2265 396 2328 dere,
433 2268 534 2323 hoc
571 2277 675 2335 est,
711 2285 852 2324 unus
875 2278 1091 2324 centum
1112 2270 1277 2326 cados
1299 2270 1426 2338 olei,
1465 2270 1603 2326 alter
1625 2279 1842 2328 centum

244 2357 448 2412 choros
489 2358 658 2414 tritici
689 2376 702 2412 :
731 2359 845 2429 ipse
894 2374 1119 2428 pensam
1164 2362 1500 2433 temperarit,
1535 2371 1592 2418 et
1619 2361 1846 2431 jusserit

244 2447 424 2517 priori
449 2464 548 2518 pro
578 2457 797 2504 centum
828 2450 1111 2506 cadiS'olei
1135 2452 1376 2509 scribere
1404 2455 1794 2526 quinquaginta
1829 2474 1842 2510 ε

247 2540 498 2609 sequenti
551 2556 683 2595 vero
724 2556 823 2610 pro
886 2550 1105 2597 centum
1158 2544 1342 2600 choris
1390 2545 1556 2602 tritici
1606 2547 1848 2603 scribere

247 2633 568 2703 octoginta:
602 2634 800 2702 quibus
845 2634 1009 2691 rebus
1039 2636 1382 2704 instruimur,
1429 2649 1490 2694 ut
1534 2640 1847 2697 misericor-

247 2720 399 2776 diam
423 2722 586 2778 debiti
631 2725 951 2781 remissione
987 2726 1267 2795 facientes,
1299 2729 1400 2798 ipsi
1431 2745 1462 2783 a
1491 2731 1848 2788 misericorde

247 2811 482 2868 Domino
528 2815 908 2872 remissionem
939 2809 1248 2874 debitorum
1290 2827 1605 2877 nostrorum
1655 2837 1848 2880 conse-

247 2917 502 2974 quamur.

813 2998 1116 3056 CAPUT
1154 3000 1261 3056 III

873 3091 951 3146 De
980 3109 1216 3148 numero.

328 3179 685 3236 Numerorum
715 3170 861 3237 enim
893 3183 1036 3237 ratio
1065 3183 1121 3237 in
1148 3183 1333 3240 multis
1350 3181 1509 3253 juxta
1534 3185 1849 3258 allegoriam

250 3272 434 3344 typica
469 3272 867 3344 signiﬁcatione
912 3274 1231 3344 mysterium
1280 3275 1440 3331 nobis
1478 3280 1850 3335 venerandum

248 3347 536 3420 ostendit;
558 3362 712 3419 Unde
741 3363 952 3433 primus
986 3379 1264 3431 numerus,
1310 3365 1414 3423 hoc
1453 3376 1557 3433 est,
1605 3385 1744 3424 unus
1781 3371 1850 3425 ad

248 3455 520 3512 unitatem
543 3455 760 3511 deitatis
780 3455 1034 3510 refertur.
1058 3455 1136 3511 De
1157 3471 1264 3525 quo
1296 3457 1350 3511 in
1379 3457 1566 3515 Exodo
1591 3461 1851 3532 scriptum

251 3555 345 3603 est
373 3564 386 3600 :
418 3545 580 3612 Audi,
633 3545 830 3612 Israel,
856 3545 1116 3602 Dominus
1145 3547 1289 3602 Deus
1337 3559 1483 3615 tuus,
1521 3551 1665 3606 Deus
1713 3570 1849 3608 unus

251 3647 335 3694 est
361 3636 539 3710 (Deut.
573 3638 670 3709 vr).
716 3637 852 3693 Item
877 3653 1021 3696 unus
1060 3640 1129 3694 ad
1154 3639 1420 3694 unitatem
1450 3641 1708 3697 Ecclesia:
1735 3643 1853 3698 sive

254 3728 387 3784 ﬁdei
422 3729 678 3799 pertinet.
707 3728 861 3784 Unde
883 3729 940 3782 in
962 3728 1188 3785 Actibus
1230 3731 1600 3800 apostolorum
1639 3733 1706 3789 de
1731 3749 1851 3789 cre-

254 3822 514 3878 dentibus
557 3820 858 3876 scribitur:
888 3820 1022 3875 Erat
1071 3820 1177 3875 illis
1216 3839 1314 3876 cor.
1353 3840 1517 3878 unum
1570 3834 1620 3879 et
1672 3826 1852 3879 anima

255 3929 368 3968 una
393 3912 533 3985 (Act.
564 3913 660 3985 tv).
696 3913 934 3969 Rursum
963 3929 1102 3969 unus
1149 3913 1218 3968 ad
1254 3915 1520 3970 unitatem
1561 3915 1687 3970 ﬁdei
1739 3917 1852 3971 sive

253 4007 444 4078 Operis
469 4006 860 4078 perfectionem
891 4009 1133 4078 respicit.
1165 3997 1304 4064 Hinc
1332 4011 1386 4064 in
1410 4008 1607 4067 Genesi
1634 4011 1702 4067 de
1724 4027 1852 4068 arca

255 4098 524 4169 scriptum
545 4107 630 4154 est
660 4120 672 4152 :
706 4099 776 4152 Et
800 4100 855 4152 in
880 4099 1054 4152 cubito
1085 4101 1470 4155 consummabis
1496 4102 1853 4164 summitatem

253 4190 376 4260 ejus
407 4187 559 4261 (Gen.
607 4189 705 4262 γι).
754 4189 953 4245 lterum
1003 4206 1141 4245 unus
1171 4191 1436 4246 malorum
1465 4193 1728 4248 unitatem
1760 4209 1854 4249 ex-

253 4281 466 4350 primit,
492 4288 552 4334 ut
579 4288 662 4335 est
691 4279 823 4334 illud
854 4281 909 4334 in
938 4281 1233 4351 Evangelio
1266 4300 1278 4335 :
1307 4280 1376 4335 Et
1406 4282 1530 4336 vidit
1559 4283 1630 4336 ibi
1676 4284 1852 4336 homi-

255 4387 380 4424 nem
408 4387 513 4424 non
559 4371 794 4425 vestitum
833 4381 969 4426 veste
1004 4373 1227 4442 nuptiali
1256 4372 1474 4443 (Matth.
1514 4373 1674 4445 χχιι).
1711 4373 1852 4428 Nam

251 4461 506 4518 binarius
554 4478 812 4517 numerus
853 4462 920 4516 ad
947 4463 1052 4517 duo
1080 4469 1403 4518 testamenta
1429 4465 1672 4534 respicit,
1706 4466 1850 4521 unde

253 4555 315 4612 in
345 4554 551 4626 Regum
581 4555 722 4610 libro
746 4555 1008 4625 scriptum
1035 4565 1118 4610 est
1143 4573 1156 4608 :
1186 4555 1252 4609 Et
1281 4555 1403 4624 fecit
1426 4558 1531 4612 duo
1559 4559 1847 4626 cherubim,

253 4647 440 4702 decem
460 4647 753 4702 cubitorum
775 4648 1135 4718 magnitudine
1159 4648 1278 4720 (III
1303 4649 1426 4721 Reg.
1450 4650 1547 4724 v1).
1586 4652 1720 4708 Item
1745 4654 1851 4709 duo

255 4739 329 4794 ad
364 4738 469 4792 duo
489 4748 757 4809 praacepta
797 4739 1080 4793 charitatis
1123 4741 1402 4810 pertinent
1431 4759 1443 4796 :
1473 4743 1616 4799 unde
1638 4744 1767 4799 dicit
1795 4745 1852 4799 in

254 4832 555 4904 Evangelio
590 4851 603 4886 :
636 4831 704 4886 In
748 4833 828 4886 his
858 4832 1063 4886 duobus
1087 4835 1360 4903 pra'ceptis
1399 4844 1509 4888 tota
1535 4835 1621 4889 lea:
1665 4837 1851 4906 pendet

255 4933 308 4978 et
359 4923 625 4993 propheta:
670 4923 885 4996 (Matth.
918 4923 1075 4994 xm).
1121 4924 1360 4980 Rursum
1388 4927 1494 4981 duo
1517 4927 1651 4981 duas
1675 4928 1853 4998 digni-

256 5023 408 5069 tates
438 5016 766 5084 exprimunt,
817 5018 1025 5087 regiam
1054 5017 1263 5074 scilicet
1315 5027 1371 5073 et
1406 5020 1804 5076 sacerdotalem
1838 5041 1847 5075 :

257 5121 495 5177 quarum
524 5105 750 5176 ﬁguram
796 5108 903 5164 duo
927 5110 1004 5164 illi
1031 5111 1208 5180 pisces
1235 5112 1475 5183 quinque
1499 5115 1732 5184 panibus
1768 5117 1855 5171 ad-

250 5198 438 5269 juncti
470 5199 521 5251 in
545 5198 836 5269 Evangelio
856 5201 1138 5271 gerebant.
1170 5204 1371 5259 lterum
1405 5205 1510 5260 duo
1533 5208 1853 5277 mysterium

258 5289 575 5360 signiﬁcant
610 5290 836 5345 duorum
866 5293 1212 5361 pepulorum,
1242 5295 1298 5349 id
1327 5304 1432 5361 est,
1454 5295 1763 5354 Iudaeorum
1801 5310 1856 5354 ct

259 5383 528 5456 gentium.
582 5381 735 5438 Unde
780 5383 834 5438 in
883 5383 1148 5439 Zacharia
1196 5387 1457 5456 scriptum
1492 5396 1574 5442 est
1604 5404 1620 5444 :
1651 5388 1719 5442 Et
1749 5407 1854 5459 pax

261 5473 368 5529 erit
394 5473 530 5528 inter
553 5473 686 5528 duas
713 5473 832 5528 illos
854 5471 1040 5546 (Zach.
1063 5475 1164 5546 γι).
1187 5474 1298 5532 Nec
1319 5493 1427 5533 non
1449 5486 1504 5533 et
1530 5478 1635 5534 duo
1660 5481 1854 5534 anima:

265 5575 324 5622 et
349 5566 592 5636 corporis
614 5567 1025 5623 conventionem
1047 5568 1356 5638 signiﬁcant
1385 5589 1398 5624 :
1428 5572 1570 5626 unde
1593 5572 1855 5630 Dominus

266 5657 396 5713 dicit
429 5658 481 5712 in
509 5656 800 5728 Evangelio
830 5671 843 5710 :
882 5657 943 5713 Si
978 5657 1082 5712 duo
1105 5676 1168 5713 ea:
1193 5661 1334 5715 vobis
1360 5673 1732 5718 consenserunt
1761 5682 1853 5718 su-

267 5765 361 5818 per
387 5761 601 5812 terram,
634 5758 740 5802 etc.
788 5747 1003 5820 (Matth.
1034 5751 1211 5823 xvm).
1243 5753 1318 5808 De
1356 5769 1464 5823 quo
1492 5761 1542 5809 et
1570 5754 1738 5810 Amos
1777 5757 1855 5811 di-

589 5841 864 5906 Parant.
911 5843 1077 5905 CX].

1943 1879 2227 1956 gniticant,
2263 1891 2367 1946 hoc
2392 1903 2492 1959 est,
2541 1896 2777 1963 primum
2815 1909 2941 1954 ante
2991 1900 3182 1971 legem,
3236 1908 3533 1961 secundum

1946 1979 2045 2032 sub
2070 1979 2206 2049 lege,
2238 1983 2459 2037 tertium
2478 1985 2577 2040 sub
2604 1988 2796 2057 gratia.
2829 1988 2983 2045 Unde
3006 1991 3060 2046 in
3083 1992 3406 2063 Evangelica
3434 2011 3534 2066 pa-

1946 2068 2130 2124 rabola
2155 2070 2350 2142 legitur
2375 2090 2386 2126 :
2418 2073 2548 2128 Ecce
2570 2080 2695 2130 anni
2719 2088 2821 2132 tres
2842 2089 2984 2146 sunt,
3011 2099 3076 2135 ea;
3104 2100 3206 2153 quo
3227 2085 3371 2140 venio
3393 2104 3536 2157 qutu-

1946 2175 2063 2213 rens
2113 2160 2343 2230 fructum
2379 2164 2434 2217 in
2462 2164 2712 2233 ficulnea,
2752 2178 2800 2222 et
2832 2186 2936 2224 non
2965 2172 3168 2227 invenio
3204 2173 3355 2245 (Luc.
3387 2178 3533 2251 xui).

1945 2249 2145 2304 lterum
2166 2259 2275 2306 tres
2304 2253 2591 2309 trimouam
2619 2256 2898 2314 hominum
2926 2262 3296 2330 operationem
3317 2266 3373 2320 in
3395 2249 3538 2324 bono

1945 2341 2032 2396 vel
2063 2342 2119 2396 in
2165 2343 2307 2399 malo
2348 2347 2718 2420 prteﬁgurant,
2775 2353 2827 2408 id
2870 2363 2974 2420 est,
3021 2357 3370 2427 cogitatione,
3424 2376 3540 2417 ser-

1947 2448 2130 2500 mone,
2159 2447 2214 2491 et
2235 2452 2416 2507 opere,
2445 2451 2505 2494 ut
2533 2442 2586 2495 in
2610 2444 2868 2512 Apostolo
2900 2465 2911 2499 :
2941 2446 2998 2502 Si
3022 2451 3160 2519 quis,
3185 2452 3384 2522 inquit,
3410 2456 3540 2509 trdi-

1949 2525 2186 2593 ﬁcaverit
2228 2545 2384 2598 super
2412 2529 2813 2599 fundamentum
2843 2536 2960 2602 hoc,
2994 2557 3202 2604 aurum,
3237 2553 3538 2613 argentum,

1950 2614 2151 2685 lapides
2180 2619 2454 2687 pretiosos,
2480 2620 2645 2692 ligna,
2674 2624 2874 2694 fenum,
2904 2628 3152 2698 stipulam
3182 2631 3234 2703 (Ι
3263 2632 3384 2689 Cor.
3429 2634 3540 2709 ιιι).

1950 2704 2188 2763 Rursum
2230 2718 2339 2766 tres
2393 2712 2675 2768 trimodam
2735 2716 2970 2772 ﬁdelium
3001 2721 3399 2788 professionem
3440 2704 3541 2785 de-

1950 2812 2278 2871 monstrant,
2312 2806 2364 2861 id
2391 2809 2875 2879 est,.clericorum,
2909 2819 3294 2874 monachorum
3327 2834 3379 2876 et
3409 2839 3540 2879 con-

1946 2893 2154 2963 jugum.
2181 2896 2256 2950 De
2284 2897 2386 2952 hac
2419 2901 2686 2969 tripertita
2715 2903 2773 2957 in
2805 2904 3050 2962 Ecclesia
3080 2910 3415 2978 professione
3444 2931 3542 2985 per

1953 2983 2294 3041 Ezechielem
2326 2987 2566 3059 loquitur
2605 2991 2886 3062 Dominus,
2918 2996 3104 3054 dicens
3137 3018 3150 3053 :
3191 3001 3252 3054 Si
3288 3012 3393 3057 tres
3441 2983 3542 3059 uiri

1955 3076 2062 3140 isti,
2085 3076 2221 3144 Noe,
2246 3078 2438 3133 Daniel
2465 3090 2513 3134 et
2533 3081 2654 3148 Job,
2671 3083 2867 3152 fuerint
2888 3087 2943 3140 in
2961 3089 3132 3144 medio
3147 3107 3350 3159 eorum,
3371 3094 3542 3164 [ilium

1876 3153 1922 3216 C
1955 3177 2001 3220 et
2039 3167 2210 3236 ﬁliam
2258 3186 2362 3224 non
2388 3170 2681 3228 liberabant
2711 3188 2728 3227 :
2759 3177 2850 3231 sed
2889 3179 2990 3249 ipsi
3031 3181 3132 3236 soli
3179 3153 3544 3243 liberabuntur

1956 3257 2174 3331 (Ezech.
2205 3260 2266 3335 1).
2301 3261 2694 3329 Quaternarius
2745 3283 2875 3339 ergo
2904 3287 3162 3330 numerus
3192 3275 3260 3330 ad
3310 3289 3545 3349 quatuor

1953 3351 2191 3420 pertinet
2239 3352 2551 3427 Evangelia,
2607 3367 2666 3412 ut
2711 3360 2766 3414 in
2797 3360 3047 3418 Ezechiel
3083 3382 3095 3417 :
3139 3364 3205 3419 Et
3252 3368 3307 3421 in
3347 3371 3539 3437 medio,

1955 3439 2146 3509 inquit,
2198 3457 2380 3496 eorum
2433 3455 2545 3498 erat
2607 3447 2895 3503 similitudo
2950 3461 3180 3521 quatuor
3231 3458 3542 3514 animalium

1956 3529 2173 3600 (Ezech.
2215 3531 2276 3605 ι).
2311 3533 2444 3588 ltem
2473 3545 2707 3606 quatuor
2734 3540 2800 3592 ad
2823 3549 3055 3610 quatuor
3085 3555 3397 3603 sanctorum
3437 3552 3544 3606 vir-

1958 3628 2100 3674 tutes
2122 3623 2406 3692 mysticam
2433 3625 2883 3696 significationem
2905 3632 3128 3700 ducunt,
3154 3636 3257 3690 hoc
3278 3647 3380 3703 est,
3414 3656 3543 3708 pru-

1955 3710 2215 3778 dentiam,
2243 3712 2531 3782 justitiam,
2584 3716 2952 3775 fortitudinem
2989 3733 3043 3778 et
3089 3731 3536 3796 temperantiam;

1957 3803 2153 3870 quibus
2208 3805 2402 3861 anima:
2456 3818 2786 3877 sanctorum,
2836 3815 3064 3872 Domino
3098 3817 3378 3890 largiente,
3419 3824 3543 3876 refi-

1955 3895 2205 3963 ciuntur;
2232 3900 2374 3955 unde
2401 3903 2664 3971 scriptum
2699 3915 2781 3959 est
2814 3925 2825 3959 :
2859 3908 3030 3963 Erant
3055 3923 3247 3980 autent,
3281 3918 3371 3985 qui
3393 3935 3543 3972 man-

1956 3984 2296 4054 ducaverunt,
2326 3991 2479 4060 quasi
2519 4005 2744 4064 quatuor
2771 3997 2934 4053 millia
2953 4001 3241 4071 hominum,
3271 4017 3319 4060 et
3347 4009 3544 4065 dimisit

1934 4093 2044 4137 ,eos
2077 4077 2270 4149 (Marc.
2302 4082 2444 4155 vm).
2473 4084 2707 4141 Rursum
2749 4099 2984 4158 quatuor
3011 4095 3077 4148 ad
3100 4106 3330 4164 quatuor
3358 4103 3543 4157 mundi

1957 4181 2140 4243 partes
2165 4175 2455 4244 pertinent,
2499 4192 2568 4232 ex
2597 4181 2792 4248 quibus
2822 4193 3008 4240 sancta
3037 4187 3281 4244 Ecclesia
3311 4208 3542 4262 congre-

1957 4276 2131 4336 gatur.
2171 4267 2324 4323 Unde
2351 4269 2550 4325 dicitur
2575 4288 2674 4342 per
2692 4278 3010 4346 prophetam
3044 4299 3060 4355 ε
3093 4281 3170 4335 Ab
3203 4281 3417 4340 Oriente
3445 4288 3543 4340 ad-

1956 4359 2144 4412 ducant
2187 4378 2362 4417 semen
2411 4373 2579 4430 tuum,
2609 4376 2658 4420 et
2704 4367 2766 4421 ab
2803 4367 3081 4426 Occidente
3102 4376 3422 4445 congregabo
3454 4388 3543 4444 te;

1953 4454 2127 4506 dicant
2154 4455 2402 4524 Aquiloni
2429 4473 2447 4511 :
2476 4457 2558 4512 Da
2581 4476 2601 4524 ;
2627 4469 2673 4514 et
2695 4462 2886 4516 Austro
2913 4477 2930 4514 .'
2951 4463 3080 4517 Noli
3108 4464 3380 4535 prohibere
3404 4472 3541 4540 (lsa.

1955 4546 2129 4616 XLIII).
2161 4547 2422 4604 Similiter
2441 4560 2672 4619 quatuor
2691 4553 2757 4606 ad
2779 4562 3011 4621 quatuor
3036 4555 3303 4612 elementa
3332 4563 3540 4627 mundi,

1958 4639 2154 4707 quibus
2209 4641 2501 4694 humanum
2539 4657 2735 4712 corpus
2766 4654 3106 4712 compactum
3161 4656 3264 4712 est,
3316 4660 3543 4719 possunt

1960 4731 2179 4797 referri;
2211 4734 2336 4801 quia
2368 4733 2489 4788 inde
2515 4739 2763 4805 corporis
2785 4738 3021 4792 conditio
3055 4743 3290 4794 maxime
3321 4744 3543 4796 robora-

1960 4832 2048 4878 tur
2070 4833 2124 4878 et
2146 4826 2411 4880 subsistit.
2438 4826 2572 4881 Nam
2598 4829 2649 4881 in
2675 4829 2962 4898 Evangelia
2986 4832 3246 4900 scriptum
3270 4843 3370 4896 est,
3398 4837 3540 4904 quod

1959 4901 2286 4988 paralyticus
2311 4919 2365 4971 in
2395 4919 2536 4972 lecto
2566 4928 2872 4989 portaretur
2904 4941 2933 4976 a
2966 4935 3218 4992 quatuor.
3250 4925 3542 4991 Quinarius

1959 5025 2087 5080 ergo
2111 5026 2367 5065 numerus
2392 5011 2458 5064 ad
2487 5012 2725 5082 quinque
2756 5013 2888 5084 legis
2929 5015 3093 5070 libros
3137 5016 3305 5085 Moysi
3336 5017 3543 5088 signiti-

1959 5105 2229 5159 cationcm
2261 5104 2550 5172 aliquando
2589 5105 2774 5168 trahit,
2807 5108 2871 5159 de
2898 5107 3092 5174 quibus
3118 5106 3407 5176 Apostolus
3430 5111 3537 5161 ait:

1973 5197 2098 5251 Volo
2149 5200 2204 5252 in
2255 5199 2495 5254 Ecclesia
2537 5202 2762 5269 quinque
2813 5202 2966 5255 verba
3023 5220 3177 5256 sensu
3229 5221 3338 5257 meo
3399 5205 3539 5272 lat/al

1962 5290 2011 5363 (Ι
2035 5289 2157 5345 Car.
2187 5293 2323 5361 xw),
2355 5292 2436 5345 vel
2469 5293 2534 5346 ad
2575 5294 2813 5361 quinque
2842 5309 3031 5348 sensus
3061 5295 3322 5363 corporis,
3354 5294 3406 5349 id
3430 5305 3537 5361 cst,

1955 5384 2153 5448 visum,
2187 5383 2447 5446 auditum,
2473 5393 2708 5451 gustum,
2739 5385 3022 5438 odoratum
3047 5394 3102 5439 et
3141 5394 3362 5440 tactum.
3393 5387 3542 5443 Unde

1959 5477 2014 5530 in
2045 5475 2334 5545 Evangelio
2353 5476 2625 5545 "scriptum
2653 5486 2732 5530 cst
2766 5494 2778 5528 :
2813 5476 2998 5530 Simile
3025 5486 3099 5530 est
3140 5494 3350 5546 regnum
3387 5481 3537 5531 artu-

1959 5584 2075 5621 rum
2105 5551 2280 5621 decem
2305 5568 2585 5636 virginibus
2612 5566 2826 5637 (Matth.
2862 5569 2988 5639 xxv)
3011 5585 3024 5634 ;
3046 5569 3280 5637 quinth
3302 5571 3441 5621 enim
3469 5586 3534 5623 (ιλ

1960 5661 2038 5714 eis
2061 5667 2220 5714 erant
2247 5656 2428 5723 fatuae,
2458 5669 2512 5713 et
2547 5659 2783 5727 quinque
2824 5661 3131 5729 prudentes.
3158 5659 3289 5713 item
3320 5660 3388 5711 illi
3421 5679 3430 5711 :
3469 5661 3531 5712 izt

1964 5754 2052 5808 uni
2073 5751 2216 5807 dedit
2235 5751 2461 5822 quinque
2491 5750 2686 5806 talenta
2714 5751 2919 5822 (Ibid).
2950 5751 3081 5806 llinc
3106 5759 3156 5805 et
3187 5751 3443 5806 ὺυιιιὶιιιιδ
3466 5750 3535 5806 ad

3090 5843 3162 5906 16
