3922 6392
422 361 525 419 491

1061 354 1121 411 B.
1163 355 1417 415 RABANI
1453 356 1673 413 MAURI
1709 352 2028 411 ARCHIEP.
2066 352 2378 423 uocum,
2408 349 2706 435 DPERUM
2742 352 2922 408 rans
2958 348 3025 409 ιι.

3573 353 3685 410 493

423 469 821 528 Samaritanam
850 464 1130 545 mulierem
1160 467 1237 521 ait
1266 484 1278 519 :
1308 464 1548 538 Quinque
1575 467 1713 521 enim
1737 466 1874 520 viros
1900 466 1996 519 ha-
2021 469 2074 529 Α
2099 463 2276 517 decem
2318 461 2633 517 chordarum
2678 460 2909 539 psallam
2944 460 3036 515 tibi
3074 458 3253 533 (Paul.
3302 462 3502 535 mn).
3543 463 3687 523 Item

422 565 577 627 buisti
607 562 784 635 (Joan.
810 559 905 633 tv).
937 560 1196 618 Senarius
1218 573 1345 630 ergo
1373 546 1630 614 numerus
1653 559 1721 615 ad
1740 558 1855 619 dies
1874 574 1989 625 sex,

419 656 473 710 in
495 654 697 728 quibus
735 652 879 715 Deus
909 665 1125 707 omnem
1164 650 1404 709 condidit
1431 658 1754 716 creaturam,
1782 649 1990 720 signiﬁ-

418 746 686 817 cationem
728 744 941 813 refert,
969 752 1028 798 ut
1071 754 1154 803 est
1183 742 1315 798 illud
1350 744 1408 809 in
1444 744 1629 804 Exodo
1658 759 1672 797 :
1714 741 1818 801 Sea:
1853 743 1993 797 enim

414 841 595 895 diebus
640 839 873 896 condidit
895 838 1039 893 Deus
1090 837 1274 900 coelum
1305 846 1353 891 et
1400 846 1595 897 terram
1632 836 1827 908 (Exod.
1860 834 1989 907 xx);

412 929 498 985 vel
526 929 593 983 ad
618 943 778 984 omne
808 937 1018 997 tempus
1040 928 1324 998 praesentis
1350 927 1554 991 saeculi,
1581 928 1724 996 quod
1748 942 1840 989 sex
1864 936 1993 985 aeta-

413 1020 556 1075 tibus
590 1019 856 1077 volvitur:
874 1020 1018 1075 unde
1039 1018 1299 1091 Dominus
1329 1018 1600 1089 perfector
1627 1021 1791 1078 totius
1811 1021 1991 1089 operis

412 1111 519 1177 sui,
543 1118 693 1171 sexta
715 1118 874 1179 astate
897 1111 950 1167 in
974 1110 1231 1181 mundum
1252 1110 1495 1177 veniens,
1522 1119 1673 1173 sexta
1704 1109 1839 1173 feria
1861 1126 1990 1181 pas-

409 1216 502 1258 sus
540 1209 646 1269 est,
707 1201 764 1256 in
818 1200 1041 1256 sabbato
1096 1200 1359 1269 requievit
1410 1201 1477 1257 in
1510 1201 1777 1270 sepulcro,
1830 1208 1887 1271 et
1933 1202 1987 1273 in

408 1291 497 1347 die
516 1292 794 1365 Dominica
834 1291 1133 1351 resurrexit
1162 1307 1192 1345 a
1237 1292 1484 1357 mortuis.
1513 1292 1865 1363 Septenarius
1891 1293 1990 1363 igi-

409 1387 497 1435 tur
552 1395 811 1456 numerus
864 1379 1215 1450 multiplicem
1265 1378 1717 1450 signiﬁcationem
1764 1382 1983 1445 habet:

406 1470 532 1542 quia
580 1471 867 1541 aliquando
894 1472 962 1526 ad
990 1472 1133 1525 diem
1171 1472 1457 1543 septimum
1484 1471 1742 1537 refertur,
1771 1474 1827 1528 in
1852 1490 1983 1545 quo,

402 1560 661 1631 perfectis
687 1546 959 1627 omnibus,
993 1562 1253 1619 Dominus
1274 1564 1557 1634 requievit.
1593 1564 1748 1621 Unde
1773 1574 1829 1620 et
1862 1581 1984 1623 san-

402 1663 613 1711 ctorum
642 1655 838 1711 animae
880 1665 1002 1726 post
1035 1655 1275 1727 laborem
1323 1644 1585 1712 bonorum
1634 1672 1856 1727 operum
1900 1673 1985 1713 re-

401 1746 686 1816 quiescunt
710 1748 776 1804 ab
821 1749 968 1803 omni
995 1763 1158 1819 opere
1181 1765 1278 1804 suo
1307 1749 1361 1802 in
1390 1756 1593 1803 aeterna
1623 1749 1975 1817 beatitudine.

2100 554 2287 621 eodem
2322 567 2556 618 numero
2581 552 2844 623 perfectio
2866 568 3113 622 operum,
3139 553 3227 608 vel
3247 555 3531 627 plenitudo
3555 570 3687 619 san-

2099 651 2311 700 ctorum
2340 644 2674 714 designatur,
2704 659 2935 717 quarum
2954 642 3184 715 ﬁguram
3201 644 3312 709 illae
3337 647 3524 706 decem
3555 662 3685 702 cor-

2098 738 2244 802 tinae,
2280 752 2401 808 quae
2424 737 2484 803 in
2516 738 2867 803 tabernaculo
2902 738 3215 809 testimonii,
3246 737 3475 808 iubente
3498 741 3686 797 Domit—

2097 844 2184 893 no,
2229 828 2388 885 factae
2434 838 2580 897 sunt,
2626 828 2995 898 obtinuerunt.
3044 830 3385 901 Undenarius
3418 847 3687 896 numerus

2099 921 2585 994 transgressionem
2617 920 2773 997 legis,
2817 921 2905 987 vel
2932 930 3277 992 peccator-tun
3302 923 3522 995 obtinet
3549 926 3687 995 ﬁgu-

2095 1016 2244 1077 ram;
2270 1012 2413 1081 sicut
2439 1020 2497 1067 et
2532 1012 2849 1079 undecimus
2872 1012 3135 1081 psalmus,
3164 1014 3256 1084 qui
3281 1014 3337 1080 in
3361 1016 3553 1073 eodem
3574 1030 3686 1069 nu-

2095 1103 2231 1177 meri
2266 1102 2622 1176 Sacramento
2646 1104 3006 1176 praesignatus
3032 1114 3135 1171 est,
3162 1106 3423 1179 ostendit,
3450 1106 3683 1167 dicens:

2095 1191 2310 1253 Salvum
2346 1211 2427 1251 me
2455 1194 2567 1265 fac,
2609 1194 2853 1267 Domine,
2906 1196 3165 1264 (quoniam
3230 1195 3419 1266 defecit
3465 1204 3686 1255 sanctus

2094 1280 2269 1356 (Psal.
2307 1283 2406 1358 χι),
2436 1285 2577 1346 unde
2602 1270 2657 1339 et
2681 1284 2737 1339 in
2769 1284 3119 1353 tabernaculo
3154 1283 3378 1349 hederis
3407 1286 3461 1340 in
3491 1284 3685 1351 simili-

2095 1373 2280 1438 tudine
2320 1375 2670 1455 peccantium
2725 1373 2965 1444 ejusdem
3017 1377 3232 1437 numeri
3277 1392 3407 1448 saga
3465 1375 3684 1435 cilicina

2092 1464 2212 1521 ﬁeri
2264 1466 2672 1537 pracipiuntur.
2719 1467 3017 1525 Duodecim
3075 1466 3144 1532 ad
3189 1467 3469 1539 apostolos
3494 1467 3684 1548 aperti-

2090 1566 2239 1625 nent,
2296 1559 2437 1615 sicut
2494 1560 2550 1614 in
2614 1560 2913 1635 Evangelio
2976 1562 3401 1639 demonstratur,
3457 1562 3549 1618 ubi
3602 1562 3686 1619 ita

2086 1650 2286 1723 legitur
2344 1670 2356 1705 :
2405 1651 2697 1718 Duodecim
2747 1652 3103 1725 apostolorum
3158 1654 3372 1709 nomina
3406 1654 3518 1709 haec
3553 1662 3682 1715 sunt

2090 1741 2304 1812 (Matth.
2340 1741 2417 1819 ι).
2450 1742 2588 1797 Hinc
2616 1743 2735 1812 ipse
2782 1743 3046 1811 Dominus
3074 1744 3144 1799 ad
3194 1747 3486 1823 discipulos
3547 1761 3680 1803 suos

399 1836 699 1913 Aliquando
740 1848 920 1911 autem
951 1840 1018 1895 ad
1066 1839 1437 1910 septiformem
1476 1841 1707 1910 gratiam
1746 1840 1982 1911 Spiritus
2010 1829 2058 1891 Β
2086 1834 2202 1888 ait:
2229 1834 2420 1889 Nonne
2442 1851 2534 1906 ego
2571 1852 2660 1890 vos
2686 1836 2829 1907 elegi'
2847 1837 3124 1906 duodecim
3146 1841 3172 1893 ?
3192 1840 3375 1913 (Joan.
3414 1842 3511 1913 v1.)
3537 1841 3679 1897 Item

399 1931 572 1988 sancti
600 1933 856 2002 pertinet,
887 1932 952 1989 de
983 1948 1091 2004 quo
1123 1934 1177 1987 in
1207 1933 1532 2003 Apocalypsi
1564 1934 1824 2004 scriptum
1855 1944 1977 1990 est:

403 2020 611 2094 Septem
630 2040 847 2097 cornua,
871 2034 917 2078 et
953 2034 1146 2094 septem
1182 2024 1345 2090 oculi,
1377 2035 1568 2096 septem
1603 2036 1723 2080 sunt
1764 2027 1980 2097 spiritus

400 2112 497 2166 Dei
522 2114 667 2167 missi
712 2131 807 2184 per
844 2131 1045 2168 omnem
1072 2125 1267 2169 terram
1294 2114 1478 2185 (Apoc.
1505 2116 1579 2185 v).
1612 2116 1743 2170 Item
1775 2125 1980 2185 septem

394 2204 647 2276 leguntur
686 2206 939 2262 Ecclesia!
979 2208 1030 2261 in
1070 2207 1413 2279 Apocalypsi,
1465 2225 1583 2277 qua:
1632 2225 1730 2279 per
1770 2219 1977 2279 septem

394 2296 719 2353 candelabra
770 2291 952 2369 et‘per
980 2306 1183 2368 septem
1215 2299 1399 2355 stellas
1438 2299 1739 2369 ﬁgurantur
1792 2302 1975 2373 (Apoc.

394 2385 458 2461 1).
491 2389 549 2464 ln
591 2389 785 2460 quibus
832 2389 1110 2459 plenitudo
1160 2399 1470 2446 sanctorum
1514 2400 1784 2457 versatur,
1839 2393 1980 2446 sicut

393 2480 539 2536 idem
570 2489 837 2537 testatur:
869 2482 994 2552 quia
1018 2490 1224 2553 septem
1255 2482 1605 2549 candelabra,
1631 2492 1838 2556 septem
1868 2486 1976 2541 Ec-

393 2571 571 2628 clesiae
618 2581 747 2627 sunt
781 2591 791 2625 :
823 2572 1073 2628 similiter
1122 2581 1177 2628 et
1220 2581 1431 2645 septem
1476 2575 1664 2644 stellas.
1718 2575 1849 2631 ltem
1880 2591 1979 2647 per

392 2675 597 2737 septem
630 2680 790 2721 omne
811 2681 1053 2737 praesens
1081 2675 1295 2735 tempus
1323 2667 1483 2737 hujus
1526 2668 1707 2723 saeculi
1728 2670 1979 2741 designa-

393 2764 504 2821 tur,
547 2755 692 2825 quod
743 2769 841 2825 per
888 2762 1095 2825 septem
1145 2755 1352 2810 dierum
1412 2757 1677 2812 circulum
1720 2758 1975 2814 volvitur.

390 2844 459 2900 Et
516 2846 571 2900 in
622 2845 949 2901 contrariam
1018 2855 1227 2915 partem
1278 2861 1376 2916 per
1448 2850 1815 2918 septenarium
1877 2865 1978 2904 nu-

389 2952 597 2993 merum
621 2924 900 3007 plenitudo
918 2938 1148 3007 peccati,
1178 2939 1233 3005 _id
1260 2947 1364 3004 est,
1391 2940 1717 2996 universitas
1768 2948 1977 3011 septem

391 3029 770 3103 principalium
806 3030 1056 3093 vitiorum
1106 3030 1369 3102 ﬁguratur
1402 3051 1417 3086 ε
1454 3033 1595 3088 unde
1625 3026 1885 3089 Dominus
1911 3035 1979 3089 de

389 3122 669 3194 immundo
690 3122 884 3194 spiritu
906 3123 960 3177 in
983 3123 1277 3195 Evangelio
1299 3126 1377 3181 ait
1394 3144 1406 3178 ι
1426 3124 1569 3179 Tunc
1590 3126 1734 3179 vadit
1754 3136 1801 3180 et
1826 3142 1976 3180 assu-

2087 1925 2369 1981 duodecim
2392 1927 2459 1981 ad
2480 1927 2721 1983 omnium
2737 1938 3048 1993 sanctorum
3059 1930 3335 1999 pertinent
3351 1930 3681 1998 Sacramen-

2087 2014 2223 2085 tum,
2252 2018 2344 2087 qui
2367 2032 2440 2079 ex
2465 2027 2700 2088 quatuor
2744 2020 2930 2084 mundi
2958 2022 3206 2098 partibus
3227 2036 3328 2092 per
3361 2022 3524 2087 ﬁdem
3554 2022 3680 2086 Tri-

2084 2108 2272 2164 nitatis
2288 2108 2447 2164 electi
2462 2124 2624 2173 uuam
2638 2125 2706 2165 ex
2722 2125 2780 2164 se
2799 2109 3008 2177 faciunt
3021 2111 3327 2177 ecclesiam;
3351 2113 3543 2179 horum
3567 2113 3680 2169 ele-

2084 2206 2293 2259 ctorum
2326 2199 2608 2263 duodecim
2651 2201 2729 2261 illi
2776 2200 2982 2269 lapides
3019 2204 3268 2277 pretiosi,
3302 2218 3367 2258 ex
3391 2205 3588 2275 quibus
3619 2206 3679 2263 in

2080 2287 2403 2364 Apocalypsi
2431 2289 2624 2355 civitas
2652 2291 2796 2362 regis
2830 2286 3395 2362 magniﬂconstruitur,
3440 2297 3679 2366 ﬁguram

2083 2380 2302 2449 habent.
2319 2380 2384 2435 lli
2409 2390 2535 2443 sunt
2554 2382 2842 2440 duodecim
2864 2384 3036 2449 tribus
3060 2386 3293 2443 ﬁliorum
3308 2388 3495 2457 lsrael,
3508 2404 3680 2446 sensu

2080 2460 2343 2531 videntes
2366 2472 2674 2542 Dominum.
2728 2474 3013 2531 Tredecim
3048 2492 3182 2533 vero
3226 2478 3294 2532 ad
3332 2478 3466 2549 legis
3496 2480 3678 2550 pleni-

2083 2564 2323 2618 tudinem
2344 2573 2399 2620 et
2420 2566 2578 2621 ﬁdem
2596 2565 2879 2622 Trinitatis
2896 2570 3192 2640 pertinent,
3208 2582 3266 2625 ut
3279 2572 3335 2626 in
3350 2572 3643 2629 Ezechiele
3662 2593 3677 2629 :

2081 2655 2154 2709 Et
2187 2673 2394 2710 mensus
2439 2668 2533 2724 est,
2568 2658 2769 2729 inquit,
2825 2660 3157 2719 altitudinem
3204 2673 3371 2733 porta:
3424 2664 3680 2721 tredecim

2081 2751 2268 2804 cubitis
2292 2750 2509 2821 (Ezech.
2538 2752 2651 2824 XL).
2666 2752 3087 2819 Quatuordecim
3113 2749 3243 2811 vero
3266 2757 3334 2812 ad
3357 2773 3678 2827 sacramen-

2084 2848 2195 2895 tum
2232 2840 2524 2897 Dominicae
2544 2846 2914 2912 generationis
2948 2848 3280 2917 respiciunt,
3302 2859 3362 2903 ut
3386 2851 3681 2920 inprinci-

2079 2931 2170 3000 pio
2192 2930 2467 3002 Evangelii
2500 2933 2739 2989 Matthmi
2764 2936 2897 2990 Satis
2923 2937 3328 2994 demonstratur
3352 2954 3366 2994 :
3396 2940 3472 3006 Ab
3501 2942 3680 3003 Abra-

2081 3018 2203 3071 ham
2261 3036 2423 3090 usque
2493 3022 2561 3074 ad
2629 3023 2800 3093 Dapid
2848 3028 3206 3095 generationes
3275 3032 3680 3100 quatuordecim

2084 3110 2297 3183 (Matth.
2345 3113 2407 3183 1).
2443 3112 2577 3169 Ite‘m
2608 3119 3020 3187 quatuordecim
3065 3121 3132 3176 ad
3174 3136 3412 3189 prmsens
3462 3132 3680 3194 tempus

389 3219 481 3273 mit
510 3217 643 3291 alios
682 3220 895 3290 spiritus
918 3229 1111 3290 septem
1137 3221 1406 3290 nequiores
1428 3236 1501 3284 se,
1532 3231 1578 3274 et
1602 3222 1857 3274 intrantes
1885 3221 1974 3274 ha-

2080 3203 2427 3273 vell‘uturum
2454 3209 2756 3277 pertinent,
2786 3211 2927 3265 sicut
2963 3211 3020 3263 in
3056 3210 3301 3268 Levitico
3333 3191 3680 3279 demonstra-

389 3308 555 3365 bitant
594 3310 688 3379 ibi,
740 3318 789 3363 et
834 3309 967 3378 ﬁunt
1000 3310 1279 3365 novissima
1330 3311 1555 3364 hominis
1602 3310 1745 3365 illius
1790 3310 1975 3381 pejora

386 3400 651 3474 prioribus
678 3398 829 3471 (Luc.
881 3401 980 3473 χι).
1038 3401 1175 3456 Hinc
1225 3410 1281 3456 et
1330 3402 1385 3456 in
1417 3401 1705 3457 Salomone
1731 3401 1972 3472 legitur:

392 3489 477 3546 Ne
507 3492 789 3546 credideris
832 3492 901 3556 ei,
954 3480 1202 3562 quoniam
1237 3502 1428 3563 septem
1460 3494 1703 3563 nequitia:
1757 3502 1875 3546 sunt
1902 3490 1973 3547 ‘in

391 3586 569 3640 anima
609 3584 751 3639 illius
780 3583 961 3655 (Prov.
996 3580 1167 3653 sxw),
1216 3585 1319 3639 hoc
1348 3594 1449 3650 est,
1482 3584 1701 3639 diaboli.
1736 3584 1974 3639 Rursum

390 3686 595 3746 septem
624 3675 1009 3745 perfectionem
1038 3674 1366 3746 ﬂagellorum
1391 3675 1488 3731 Dei
1510 3677 1847 3731 demonstrat
1872 3694 1885 3729 :
1915 3684 1974 3730 ut

390 3767 448 3821 in
480 3766 720 3822 Levitico
752 3786 765 3820 :
796 3766 1105 3837 Castigabit,
1151 3768 1344 3836 inquit,
1389 3784 1476 3821 vos
1506 3767 1764 3822 Dominus
1787 3769 1973 3838 septies

385 3875 482 3929 pro
505 3861 729 3931 peccatis
752 3861 933 3920 vestris
964 3858 1149 3931 (Leuit.
1174 3859 1344 3930 xxvr).
1376 3859 1644 3915 Praeterea
1674 3870 1881 3930 septem
1916 3866 1973 3916 et

388 3960 511 4007 octo
540 3951 674 4022 legis
700 3961 754 4006 et
774 3952 1049 4021 Evangelii
1078 3951 1451 4021 ﬁgurationem
1484 3959 1670 4005 tenent
1699 3969 1712 4004 :
1744 3952 1889 4005 unde
1916 3953 1968 4006 in

389 4044 715 4099 Ecclesiaste
738 4044 995 4113 scriptum
1023 4050 1105 4096 est
1139 4061 1150 4095 :
1186 4042 1267 4094 Da
1293 4052 1464 4111 partes
1488 4054 1697 4109 septem,
1749 4060 1838 4096 nec
1867 4059 1969 4095 non

388 4145 436 4189 et
461 4144 575 4187 octo
600 4131 798 4205 (Eccle.
826 4133 923 4203 XI).
959 4131 1220 4186 Similiter
1245 4139 1449 4199 septem
1472 4143 1525 4186 et
1544 4142 1668 4186 octo
1696 4133 1891 4202 quietis
1919 4143 1971 4186 et

388 4225 806 4283 resurrectionis
827 4225 1074 4291 obtinent
1095 4232 1516 4277 sacramentum.
1550 4222 1685 4279 Octo
1723 4224 1866 4280 enim
1903 4224 1969 4279 ad

388 4319 528 4373 diem
555 4317 846 4373 Dominiea:
879 4315 1314 4371 Resurrectionis
1335 4315 1448 4371 sive
1476 4317 1715 4370 omnium
1748 4324 1965 4370 sancto-

388 4425 510 4463 rum
554 4406 790 4462 futuram
829 4407 1283 4463 resurrectionem
1330 4410 1616 4477 pertinent.
1652 4409 1728 4462 De
1766 4424 1872 4477 qua
1908 4409 1965 4462 in

388 4500 545 4555 titulo
586 4501 780 4573 psalmi
834 4502 972 4557 sexti
1002 4502 1306 4558 scribitur:
1354 4501 1421 4555 In
1447 4503 1599 4570 ﬁtzem
1626 4520 1718 4573 pro
1761 4514 1962 4559 octava.

385 4591 589 4654 Novem
627 4606 859 4662 namque
906 4594 973 4647 ad
1019 4592 1426 4648 Sacramentum
1457 4593 1724 4661 passionis
1751 4595 1964 4650 Domini

388 4684 866 4738 demonstrandum
892 4685 1023 4738 satis
1044 4685 1188 4737 valet
1217 4703 1229 4738 :
1259 4685 1383 4753 quia
1412 4686 1522 4753 ipse
1547 4685 1809 4740 Dominus
1833 4688 1963 4741 hora

388 4790 530 4829 nona
558 4775 800 4829 clamans
821 4791 949 4830 voce
980 4791 1173 4844 magna
1202 4777 1384 4829 emisit
1414 4777 1679 4843 spiritum.
1712 4778 1840 4831 Item
1870 4795 1965 4833 no-

390 4882 511 4921 vem
543 4867 792 4938 leguntur
817 4884 935 4922 esse
966 4868 1185 4921 ordines
1216 4868 1543 4937 angelorum,
1588 4871 1641 4923 id
1663 4882 1765 4936 est,
1795 4889 1961 4942 ange-

389 4956 447 5023 li,
475 4958 803 5025 archangeli,
840 4958 1041 5022 throni,
1074 4958 1487 5024 dominationes,
1526 4962 1771 5027 virtutes,
1812 4966 1965 5033 prin-

392 5050 618 5119 cipatus,
652 5058 970 5121 potestates,
1018 5050 1321 5116 cherubim,
1374 5060 1428 5106 et
1481 5055 1772 5125 seraphim.
1816 5056 1968 5123 Quod

395 5140 701 5207 signiﬁcant
720 5140 1012 5209 nonaginta
1037 5155 1229 5195 novem
1252 5156 1380 5197 oves
1401 5144 1455 5196 in
1475 5144 1792 5215 Evangelica
1814 5162 1969 5215 para-

388 5230 531 5295 bola,
565 5230 765 5285 relicta:
813 5231 866 5285 in
898 5232 1112 5285 deserto
1141 5232 1252 5287 sive
1300 5233 1353 5287 in
1382 5235 1673 5289 montibus.
1708 5236 1838 5290 ltem
1868 5252 1967 5291 no-

392 5336 511 5375 vem
542 5320 1007 5391 imperfectionem
1037 5324 1413 5379 mandatorum
1442 5325 1555 5390 Dei,
1584 5326 1695 5380 sive
1723 5327 1969 5397 implan

392 5414 631 5468 tudinem
657 5415 897 5473 omnium
928 5416 1191 5470 bonorum
1214 5417 1500 5491 designant
1532 5437 1544 5470 :
1575 5418 1711 5472 sicut
1740 5421 1791 5471 in
1818 5420 1961 5473 Deu-

390 5508 691 5563 teronomio
746 5509 811 5563 de
872 5508 1012 5565 lecto
1041 5505 1120 5576 0g
1156 5508 1299 5581 regis
1328 5508 1524 5575 Busan,
1574 5511 1667 5579 qui
1701 5520 1855 5581 typus
1882 5521 1966 5566 est

386 5599 610 5666 diaboli,
636 5602 898 5671 scriptum
923 5610 1024 5667 est,
1054 5602 1196 5671 quod
1228 5618 1420 5656 novem
1459 5604 1655 5659 cubitis
1684 5606 1753 5659 sit
1795 5606 1963 5675 longi-

387 5694 517 5748 tudo
536 5692 674 5763 ejt,,.
691 5693 955 5753 Densi-ius
976 5710 1105 5764 ergo
1127 5710 1382 5749 numerus
1404 5695 1469 5749 ad
1497 5696 1807 5766 decalogum
1832 5698 1963 5768 legis

387 5785 673 5855 aliquando
716 5786 966 5841 refertur.
1008 5786 1159 5841 Unde
1187 5785 1475 5849 Psalmista
1513 5789 1587 5845 ait
1624 5808 1635 5842 :
1666 5788 1733 5843 In
1760 5790 1962 5859 psalmo

1992 4547 2045 4608 D

2078 3301 2186 3359 tur,
2224 3295 2314 3355 ubi
2341 3297 2603 3365 scriptum
2629 3308 2711 3353 est
2736 3300 2804 3355 de
2830 3300 3095 3368 muliere,
3122 3319 3245 3375 qua:
3281 3308 3533 3377 genuerit
3584 3308 3678 3365 fe-

2076 3385 2308 3452 minam,
2347 3389 2489 3456 quod
2516 3388 2729 3460 duabus
2752 3393 3212 3464 hebdomadibus,
3257 3397 3358 3457 hoc
3385 3408 3491 3465 est,
3526 3414 3677 3470 prae-

2076 3476 2217 3531 senti
2246 3485 2298 3531 et
2328 3476 2511 3535 futuro
2559 3480 2632 3536 sit
2661 3482 2958 3555 immunda.
2993 3485 3310 3553 Quindecim
3358 3499 3539 3553 autem
3568 3508 3678 3547 nu-

2076 3582 2279 3634 merus,
2318 3568 2478 3640 Legis
2513 3578 2569 3624 et
2593 3570 2897 3643 Evangelii,
2929 3576 3127 3644 quietis
3154 3586 3209 3643 et
3256 3582 3676 3641 resurrectionis

2075 3662 2283 3717 obtinet
2310 3665 2630 3733 mysterium
2664 3682 2678 3719 :
2723 3674 2781 3719 ut
2806 3666 2859 3720 in
2888 3664 3114 3733 Actibus
3137 3671 3505 3740 apostolorum
3529 3674 3674 3731 Pan-

2076 3750 2160 3806 lus
2189 3754 2463 3822 apostolus
2492 3757 2801 3825 quindecim
2841 3758 3038 3819 diebus
3067 3776 3189 3816 cum
3229 3763 3390 3819 Petro
3420 3766 3674 3834 apostolo

2075 3859 2440 3902 commorasse
2484 3849 2703 3904 dicitur.
2753 3849 3001 3908 Sedecim
3056 3856 3124 3909 ad
3182 3873 3468 3928 numerum
3514 3862 3675 3918 sede-

2074 3942 2178 3994 cim
2197 3942 2608 4011 prophetarum.
2628 3946 2827 4001 Decem
2850 3956 2904 4001 et
2933 3958 3141 4018 septem
3172 3952 3238 4009 ad
3262 3946 3673 4013 sacramentum

2073 4032 2312 4084 omnimn
2345 4035 2767 4113 prophetarum:
2802 4039 2929 4108 quia
2980 4041 3167 4095 decem
3215 4054 3487 4112 praecepta
3535 4047 3675 4117 legis

2073 4138 2169 4191 per
2200 4124 2570 4199 septiformem
2596 4131 2827 4201 gratiam
2868 4128 3103 4200 Spiritus
3143 4135 3315 4195 sancti
3346 4147 3667 4206 operantur.

2074 4214 2277 4284 Viginti
2333 4218 2399 4272 ad
2432 4218 2820 4288 perfectionem
2866 4237 3111 4292 operum,
3152 4242 3272 4295 quae
3298 4242 3397 4297 per
3428 4230 3672 4287 Charita-

2075 4316 2180 4362 tem
2233 4318 2547 4378 operantur.
2593 4312 2889 4385 Deealogus
2936 4318 3079 4371 enim
3124 4302 3257 4388 lcgis
3298 4336 3396 4390 per
3442 4323 3550 4378 duo
3589 4323 3672 4377 di-

2070 4398 2321 4454 lectionis
2346 4410 2615 4473 praecepta
2655 4404 2960 4474 duplicatus
2990 4407 3179 4477 viginti
3200 4408 3382 4464 efﬁcit.
3429 4411 3582 4469 Unde
3609 4421 3669 4467 et

2070 4491 2178 4546 duo
2202 4493 2484 4561 cherubin,
2508 4496 2652 4567 quod
2678 4505 2761 4553 est
2782 4499 3061 4569 plenitudo
3087 4502 3346 4569 scientiae,
3372 4503 3426 4557 ili
3456 4508 3669 4577 templo

2071 4583 2313 4654 ejusdem
2367 4590 2577 4645 numeri
2622 4590 2834 4645 cubitos
2893 4591 3149 4649 habuisse
3199 4606 3513 4654 narrantur.
3574 4600 3668 4653 Vi-

2071 4678 2205 4747 ginti
2259 4679 2364 4733 duo
2391 4681 2662 4750 pertinent
2688 4682 2756 4735 ad
2786 4693 3186 4745 sacramentum
3235 4686 3543 4745 divinorum
3572 4706 3672 4744 vo-

2072 4770 2334 4826 lunnnum
2404 4776 2696 4833 secundum
2754 4768 3101 4833 Hebrmorum
3171 4782 3402 4837 litteras.
3460 4782 3667 4853 Viginti

2073 4869 2306 4930 quatuor
2332 4878 2590 4920 numerus
2618 4865 2685 4918 ad
2723 4866 2923 4936 -viginti
2967 4878 3198 4937 quatuor
3247 4870 3415 4932 libros
3448 4871 3669 4933 Veteris

2074 4953 2428 5020 Testamenti,
2477 4956 2633 5027 juxta
2666 4957 3015 5018 Hebraeorum
3052 4962 3395 5019 traditionem
3417 5005 3434 5032 ,
3465 4978 3495 5019 a
3544 4966 3667 5033 qui-

2071 5049 2298 5105 busdam
2351 5052 2577 5124 ﬁguram
2620 5055 2823 5110 habere
2876 5056 3093 5117 dicitur.
3130 5056 3236 5118 Alii
3283 5073 3413 5115 vero
3467 5058 3667 5118 Patres

2072 5142 2284 5198 Veteris
2309 5161 2373 5200 ac
2416 5145 2551 5200 Novi
2584 5146 2917 5209 Testamenti
2944 5150 3044 5207 sub
3075 5152 3263 5209 eodem
3300 5168 3531 5209 numero
3577 5154 3665 5208 in-

2074 5234 2410 5290 tellexerunt.
2438 5237 2495 5291 In
2541 5237 2859 5309 Apocalypsi
2907 5259 2919 5293 :
2952 5240 3020 5298 Et
3048 5259 3205 5312 super
3238 5244 3453 5297 thronos
3475 5245 3665 5314 viginti

2071 5340 2297 5399 quatuor
2336 5334 2563 5387 seniores
2608 5334 2842 5391 sedentes
2880 5332 3075 5407 (Apoc.
3128 5336 3226 5408 ιν).
3281 5335 3417 5393 Nam
3463 5337 3665 5408 viginti

2074 5422 2311 5493 quinque
2355 5424 2599 5492 corporis
2656 5425 2892 5494 quinque
2940 5426 3186 5487 sensibus
3241 5426 3296 5483 in
3349 5427 3664 5495 semetipsis

2071 5514 2439 5583 multiplicatis
2478 5517 2795 5585 perveniunt
2834 5518 2904 5572 ad
2953 5527 3375 5583 sacramentum,
3417 5519 3559 5575 sicut
3600 5517 3660 5571 in

2072 5604 2356 5665 Ezechiele
2407 5607 2802 5674 manifestatur.
2856 5596 3069 5679 Viginti,
3110 5618 3236 5669 octo
3287 5623 3548 5669 numerus
3584 5607 3660 5665 ad

2071 5696 2202 5767 legis
2224 5708 2280 5753 et
2299 5699 2574 5768 Evangelii
2601 5702 2837 5770 pertinet
2866 5701 3179 5772 mysterium
3199 5740 3215 5765 ,
3244 5701 3343 5756 sub
3368 5700 3522 5770 cujus
3546 5713 3660 5755 nn—

2071 5793 2207 5847 meri
2239 5784 2578 5850 sacramento
2622 5795 2846 5850 cortina:
2886 5792 3231 5852 tabernaculi
3260 5792 3503 5862 ejusdem
3552 5807 3661 5851 nu-
