3922 6318
288 339 393 397 495

1242 343 1337 412 DE
1379 344 1727 402 UNIVERSO
1760 343 1939 399 LIBRI
1976 343 2140 401 XXII.
2182 376 2252 386 -—-
2288 348 2412 402 LIB.
2454 350 2638 405 XVIII.

3460 365 3565 422 494

290 452 422 509 meri
452 449 665 505 cubitas
689 450 743 505 in
764 450 1097 522 longitudine
1120 455 1373 513 habuisse
1397 458 1647 515 feruntur
1668 459 1723 513 in
1743 458 1881 513 Exo-
1903 458 1953 519 A
1981 467 2169 515 rantur
2200 460 2255 514 in
2307 461 2528 519 Actibus
2583 467 2968 534 apostolorum.
3004 470 3286 547 Octoginta
3336 480 3401 533 ad
3433 496 3567 549 qua-

290 545 625 615 da.Triginta
643 563 771 603 vero
795 549 861 603 ad
886 548 1091 604 fructus
1107 550 1343 605 ﬁdelium
1372 553 1803 623 coniugatorum,
1818 559 1877 606 ut

291 637 345 691 in
388 636 674 706 Evangelia
715 658 727 693 :
774 639 845 693 Et
869 641 1009 693 dabit
1054 641 1306 709 fructum,
1340 644 1490 697 aliud
1517 645 1875 711 centesimum,

289 725 437 778 aliud
463 729 877 797 sexagesimum,
932 729 1081 783 aliud
1115 714 1244 789 luero
1290 734 1613 787 tricesimum
1659 733 1873 805 (Matth.

289 816 433 889 xm).
452 817 693 890 Triginta
716 820 823 875 duo
840 822 906 881 ad
935 825 1252 895 mysterium
1274 828 1467 890 retatis,
1495 843 1601 897 qua
1616 828 1878 886 Dominus

287 919 475 963 noster
500 910 553 964 in
604 927 769 966 carne
799 924 1150 972 conversatus
1178 927 1261 973 est
1288 932 1303 971 :
1348 920 1488 976 unde
1517 920 1599 991 (ut
1652 921 1877 990 quibus-

286 1002 414 1056 dam
445 1003 680 1076 videtur)
712 1006 790 1060 ait
832 1005 1121 1077 Apostolus
1152 1029 1165 1064 :
1197 1011 1376 1068 Donec
1423 1030 1761 1069 occurramus
1806 1015 1877 1069 ad

286 1099 543 1152 unitatem
580 1098 704 1166 ﬁdei
729 1109 785 1157 ,ει
829 1101 1111 1170 agnitionis
1145 1101 1277 1157 Filii
1310 1104 1409 1159 Dei
1454 1108 1513 1161 in
1561 1107 1727 1162 virum
1756 1124 1876 1177 per-

284 1189 479 1258 fectum
552 1190 605 1261 in
662 1208 961 1249 mensuram
1031 1197 1203 1250 (etatis
1270 1198 1609 1267 plenitudinis
1674 1199 1879 1256 Christi

285 1280 505 1351 (Ephes.
524 1281 620 1355 ιν).
638 1281 1007 1355 Quadraginta
1023 1302 1151 1343 vero
1176 1305 1436 1347 numerus
1461 1291 1597 1362 legis
1621 1301 1675 1346 et
1700 1293 1878 1347 Evan-

281 1375 408 1445 gelii
454 1376 660 1431 obtinet
732 1387 1154 1435 sacramentum.
1207 1380 1340 1451 Item
1408 1384 1765 1454 quadraginta
1809 1385 1878 1439 ad

280 1470 709 1541 quadragesima)
737 1480 1138 1527 sacramentum
1162 1474 1416 1543 pertinet.
1443 1473 1595 1529 Unde
1623 1474 1681 1528 in
1709 1475 1878 1529 Evan-

281 1559 425 1630 gelia
466 1563 541 1616 de
568 1561 796 1619 Domino
833 1565 1093 1633 scriptum
1122 1574 1219 1620 est.
1249 1584 1261 1618 :
1307 1564 1375 1620 Et
1410 1564 1662 1635 agebatur
1688 1566 1744 1619 iu
1771 1566 1877 1635 spi-

283 1652 391 1704 ritu
432 1653 488 1711 in
537 1653 740 1709 deserto
783 1658 1136 1727 quadraginta
1176 1658 1357 1716 diebus
1394 1657 1611 1727 (Matth.
1642 1658 1739 1729 tv).
1762 1658 1875 1715 Ite-

1980 552 2226 606 rumdam
2267 551 2699 612 Christianarum
2732 561 2959 626 animas,
3010 581 3132 635 qua:
3172 569 3402 626 Domino
3462 574 3565 628 ﬁde

1974 650 2212 708 tantum,
2243 660 2349 699 non
2378 650 2631 716 operibus
2656 652 2929 709 cohaerent
2963 674 2975 709 :
3012 659 3077 713 de
3117 661 3314 730 quibus
3346 664 3400 718 in
3431 665 3561 720 Can-

1981 738 2104 793 ticis
2134 740 2471 796 canticorum
2501 746 2761 815 scriptum
2787 756 2913 804 est:
2939 748 3283 823 Septuaginta
3316 768 3437 812 sunt
3480 776 3563 813 re-

1978 831 2142 900 ginaz,
2178 832 2231 887 id
2253 842 2357 896 est,
2392 836 2581 889 animae
2619 838 2982 905 perfectorum
3003 884 3017 907 ,
3072 852 3121 897 et
3143 849 3402 917 octoginta
3434 868 3561 904 con-

1980 922 2182 977 cubinw
2206 921 2381 995 (Cant.
2402 926 2499 998 γι).
2518 926 2747 984 Centum
2773 932 2838 986 ad
2865 942 3164 1005 martyrum
3190 937 3422 995 fructum
3453 943 3569 999 sive

1978 1015 2246 1085 virginum
2272 1019 2562 1087 pertinent,
2580 1029 2638 1075 ut
2658 1022 2712 1076 in
2730 1022 3057 1095 Evangelia:
3086 1026 3151 1081 Et
3178 1028 3342 1097 dabit,
3366 1032 3564 1103 inquit,

1980 1108 2228 1178 fructum,
2264 1110 2415 1165 aliud
2456 1116 2811 1182 centesimum,
2862 1126 2966 1173 etc.
3009 1118 3224 1188 (Matth.
3253 1124 3396 1195 xm).
3427 1125 3566 1181 Cen-

1979 1207 2093 1255 tum
2139 1202 2325 1273 viginti
2380 1220 2635 1261 numerus
2681 1208 3067 1278 perfectionem
3116 1213 3253 1285 legis
3295 1224 3347 1271 et
3393 1214 3568 1273 Evan-

1980 1292 2103 1362 gelii
2134 1308 2229 1362 per
2259 1294 2482 1366 ﬁguram
2514 1300 2774 1354 ostendit.
2828 1301 2979 1357 Unde
3026 1303 3305 1375 legislatar
3352 1308 3567 1379 Moyses

1978 1391 2200 1437 centum
2221 1385 2409 1456 viginti
2435 1405 2700 1447 annorum
2728 1408 2848 1448 esse
2872 1395 3229 1463 describitur:
3249 1408 3303 1454 et
3330 1400 3569 1469 Spiritus

1974 1483 2202 1530 sanctus
2228 1475 2283 1529 in
2311 1476 2398 1531 die
2442 1478 2790 1539 Pcntecastes
2827 1485 3107 1542 descendit
3150 1505 3313 1559 super
3348 1502 3569 1549 centum

1977 1564 2167 1635 viginti
2203 1568 2411 1623 animas
2452 1572 2805 1638 credentium,
2838 1577 2927 1645 qui
2958 1576 3173 1635 fuerunt
3202 1580 3254 1636 in
3286 1584 3567 1640 caenaculo

1980 1654 2110 1712 Sion
2126 1661 2458 1731 congregati.
2487 1661 2622 1717 Nam
2648 1664 2899 1736 leguntur
2926 1679 3051 1725 ante
3071 1671 3327 1727 diluvium
3349 1685 3569 1737 centum

281 1760 405 1800 rum
454 1748 815 1819 quadraginta
863 1750 1278 1806 resurrectionis
1350 1750 1645 1806 Dominicze
1697 1767 1878 1807 saera-
1978 1748 2170 1821 viginti
2201 1752 2325 1805 anni
2351 1753 2417 1807 ad
2442 1756 2818 1823 poemtentiam
2858 1759 3166 1818 hominibus
3198 1765 3399 1821 decreti
3428 1785 3442 1821 :
3468 1766 3568 1824 Sa-

281 1847 523 1893 mentum
565 1842 847 1901 continent

277 1928 353 1982 ita
386 1931 646 1999 scriptum
678 1942 760 1987 est
797 1950 808 1987 :
843 1932 912 1987 Et
935 1944 1270 1988 conversatus
1315 1950 1433 1988 cum
1463 1936 1537 2007 eis
1580 1936 1690 1989 dies
1742 1952 1872 2004 qua-

276 2022 529 2092 draginta
587 2022 725 2092 (Act.
778 2023 845 2095 ι).
886 2024 1160 2082 Praeterea
1203 2028 1559 2098 quadraginta
1611 2041 1871 2081 numerus

270 2132 445 2173 omne
468 2133 709 2187 praesens
735 2117 899 2186 hujus
920 2119 1100 2173 saeculi
1128 2128 1348 2189 tempus
1374 2118 1828 2189 ﬁguraredicitur
1852 2137 1867 2173 :

277 2215 516 2275 quatuor
545 2208 690 2261 enim
713 2217 840 2263 sunt
869 2211 1054 2265 mundi
1089 2219 1287 2280 partes,
1323 2219 1381 2265 et
1405 2211 1581 2265 omnis
1619 2217 1870 2265 creatura

277 2296 515 2351 visibilis
536 2314 600 2352 ex
629 2306 864 2367 quatuor
879 2307 1101 2355 constat
1121 2300 1327 2356 elemen
1337 2301 1422 2355 tis.
1456 2300 1720 2355 Denarius
1740 2314 1871 2355 vero

276 2400 540 2442 numerus
572 2388 626 2441 in
653 2388 847 2442 bonam
880 2388 962 2442 vel
989 2389 1187 2443 malam
1215 2398 1425 2458 partem
1454 2390 1727 2458 perfectus
1743 2398 1829 2445 est
1853 2408 1867 2443 :

275 2477 375 2547 qui
404 2477 656 2532 denarius
692 2494 794 2548 .per
815 2481 1233 2549 quaternarium
1271 2481 1466 2535 ductus
1492 2482 1871 2552 quadragena-

278 2568 425 2622 riqu
455 2570 665 2637 implet.
686 2569 825 2625 Hinc
847 2579 949 2636 est,
972 2570 1113 2639 quod
1145 2586 1241 2640 per
1262 2571 1605 2627 Psalmistam
1632 2574 1834 2638 dicitur
1855 2592 1867 2628 :

279 2656 650 2727 Quadraginta
709 2661 859 2717 annis
915 2663 1185 2729 proximus
1248 2662 1330 2730 fui
1376 2664 1702 2732 generationi
1749 2664 1871 2718 huic

279 2745 456 2819 (Psal.
490 2748 667 2818 xcrv);
722 2761 775 2803 et
816 2750 875 2807 in
928 2749 1127 2811 diluvio
1170 2749 1323 2819 juxta
1358 2750 1605 2819 ejusdem
1653 2751 1872 2806 numeri

278 2838 398 2894 dies
434 2850 486 2893 et
509 2839 729 2893 totidem
756 2849 945 2895 noctes
975 2856 1137 2914 super
1171 2852 1372 2895 terram
1400 2842 1661 2903 Dominus
1689 2843 1824 2912 pluit
1852 2861 1865 2896 :

277 2942 341 2986 et
375 2933 430 2985 in
458 2931 593 2987 Jana
623 2934 884 3003 praplteta
911 2923 1171 3003 scriptum
1194 2944 1277 2989 est
1313 2953 1325 2987 :
1366 2932 1493 2988 Post
1515 2935 1870 3006 quadraginta

275 3024 393 3077 dies
418 3023 608 3077 Ninive
647 3026 970 3079 subvertetur
998 3025 1142 3093 (Ion.
1169 3025 1281 3097 ut);
1315 3027 1457 3095 quod
1487 3034 1542 3082 et
1572 3027 1748 3097 ipsum
1778 3041 1867 3082 se-

275 3115 513 3169 cundum
538 3115 818 3169 historiam
846 3115 900 3169 in
923 3116 1111 3170 eadem
1141 3117 1359 3170 civitate
1388 3115 1587 3170 factum
1612 3133 1718 3172 non
1741 3125 1823 3172 est
1847 3134 1860 3169 :

898 1861 909 1895 ε
955 1843 1097 1898 unde
1128 1843 1182 1898 in
1225 1843 1454 1898 Actibus
1496 1843 1869 1913 apostolorum
1896 1834 1945 1897 B
1972 1837 2224 1893 lomonici
2264 1842 2452 1910 templi
2497 1845 2726 1901 altitudo
2772 1858 2987 1904 centum
3017 1850 3206 1925 viginti
3256 1858 3565 1915 cubitorum

1974 1939 2111 1983 erat.
2144 1930 2259 1986 Hoc
2284 1942 2484 2001 autem,
2505 1938 2649 2006 quod
2669 1942 2846 1995 omnis
2875 1945 3059 2014 templi
3090 1946 3316 2004 altitudo
3347 1961 3564 2008 centum

1976 2022 2163 2093 viginti
2193 2026 2499 2081 cubitorum
2529 2028 2647 2095 fuit,
2693 2032 2930 2088 ad‘idem
2960 2047 3361 2095 sacramentum
3395 2044 3567 2113 rcspi~

1974 2114 2071 2179 cit,
2101 2116 2243 2185 quod
2270 2117 2548 2186 primitiva
2589 2121 2643 2175 in
2675 2120 3026 2196 Jerasalymis
3054 2128 3299 2186 Ecclesia
3340 2144 3563 2203 propter

1970 2206 2305 2275 passionem,
2338 2212 2791 2268 resurrectionem
2836 2219 2891 2269 et
2942 2205 3317 2277 ascensionem
3349 2224 3564 2281 Domini

1972 2293 2029 2349 in
2056 2295 2221 2351 caelos
2254 2298 2309 2351 in
2355 2298 2459 2354 hac
2501 2315 2726 2356 numero
2769 2303 3009 2360 virorum
3052 2310 3283 2378 gratiam
3333 2309 3567 2382 Spiritus

1974 2386 2149 2442 sancti
2176 2389 2405 2459 accepit.
2436 2391 2621 2460 Itaque
2659 2395 2985 2463 procedente
3038 2401 3301 2455 naturalis
3346 2406 3563 2461 numeri

1973 2480 2351 2548 progressione
2378 2483 2445 2537 ab
2471 2498 2578 2538 uno
2620 2500 2790 2554 usque
2814 2487 2883 2542 ad
2908 2489 3195 2546 duodecim
3238 2502 3292 2549 et
3319 2496 3561 2555 collectis

1974 2568 2031 2623 in
2088 2586 2253 2625 unum
2288 2574 2536 2628 omnium
2586 2575 2832 2631 locorum
2894 2582 3299 2639 summitatibus
3344 2596 3562 2644 centum

1974 2662 2163 2733 viginti
2212 2663 2379 2730 ﬁunt;
2420 2666 2735 2735 quindecim
2766 2684 3030 2739 namque,
3070 2688 3190 2742 qua:
3238 2692 3306 2731 ex
3352 2687 3563 2748 septem

1971 2763 2171 2811 etncta
2193 2766 2465 2823 constant,
2490 2760 2667 2815 solent
2687 2776 3070 2834 nonnunquam
3105 2768 3171 2821 ad
3202 2766 3561 2841 signiﬁcatio-

1972 2863 2096 2902 nem
2140 2848 2334 2906 ret'erri
2377 2852 2501 2907 vitae
2534 2852 2749 2915 futurae,
2784 2870 2904 2924 quae
2952 2873 3094 2913 nunc
3142 2859 3193 2913 in
3227 2862 3559 2920 sabbatismo

1972 2940 2181 3008 geritur
2228 2941 2534 2997 animarum
2586 2943 2825 3000 ﬁdelium
2874 2949 3235 3016 :perlicietur
3282 2963 3463 3008 autem
3502 2956 3561 3012 in

1970 3025 2081 3083 ﬁne
2134 3030 2318 3087 saeculi
2354 3036 2754 3091 resurrectione
2810 3051 3099 3107 corporum
3148 3040 3554 3101 immortalium.

1971 3120 2199 3178 Centum
2216 3123 2609 3196 quinquaginta
2631 3135 2864 3197 quatuor
2885 3144 3141 3185 numerus
3167 3134 3233 3187 ad
3258 3135 3554 3193 electorum

276 3206 338 3261 in
366 3206 564 3259 mundo
592 3221 741 3270 vero,
770 3206 921 3274 cujus
952 3210 1178 3277 ﬁguram
1201 3209 1397 3263 civitas
1426 3208 1515 3262 illa
1542 3209 1750 3274 habuit,
1770 3209 1869 3263 im-
1894 3186 1942 3252 ο
1972 3212 2205 3279 pertinet
2236 3206 2665 3283 sacramentum,
2696 3217 2750 3271 in
2800 3208 3027 3287 quorum
3060 3221 3285 3294 ﬁguram
3313 3225 3555 3294 ejusdem

271 3293 479 3367 pictum
521 3297 644 3350 erit.
693 3297 1061 3367 Quadraginta
1118 3313 1245 3353 vero
1284 3298 1352 3352 ad
1390 3316 1675 3377 numerum
1716 3301 1769 3354 in
1809 3316 1868 3356 e-

273 3399 431 3440 remo
472 3387 831 3450 mansionum,
866 3387 950 3441 vel
996 3389 1063 3448 ad
1107 3405 1393 3443 numerum
1435 3392 1866 3461 generatianum,

265 3461 399 3547 quae
432 3478 503 3532 ab
550 3477 825 3532 Abraham
859 3489 984 3534 sunt
1028 3495 1201 3549 usque
1230 3482 1302 3536 ad
1344 3481 1631 3538 Dominum
1680 3484 1867 3538 Jesum

271 3569 573 3635 Christum,
601 3573 854 3641 pertinet.
887 3572 1286 3644 Quinquaginta
1322 3583 1503 3630 autem
1554 3577 1621 3630 ad
1673 3575 1867 3631 Pente-

269 3672 460 3720 oostcn
487 3663 569 3720 vel
600 3664 891 3720 adventum
923 3664 1155 3733 Spiritus
1182 3668 1354 3722 sancti
1388 3685 1400 3719 :
1426 3668 1565 3722 unde
1592 3668 1791 3722 dicitur
1812 3668 1866 3722 in

268 3755 499 3811 Actibus
524 3754 888 3823 apostolorum
914 3773 925 3807 :
958 3756 1097 3808 Dum
1130 3758 1512 3827 complerentur
1534 3758 1642 3812 dies
1672 3758 1862 3812 Pente-

270 3858 440 3902 costes
475 3848 612 3917 (Act.
653 3849 736 3916 ιι).
770 3848 901 3901 Item
941 3849 1329 3920 quinquaginta
1380 3853 1445 3904 ad
1476 3852 1860 3920 indulgentiam

268 3941 511 4010 pertinet
558 3950 902 4009 peccatorum
928 3980 941 4005 ,
992 3942 1044 3994 in
1094 3942 1247 4011 cujus
1288 3944 1493 3997 numeri
1523 3952 1860 3999 sacramento

269 4038 752 4107 quinquagesimus
783 4036 1030 4092 Psalmus
1051 4037 1259 4106 positus
1287 4044 1387 4090 est.
1412 4035 1703 4106 Sexaginta
1730 4051 1859 4090 vero

268 4143 533 4182 numerus
557 4129 622 4181 ad
642 4128 880 4181 omnium
903 4127 1264 4197 perfectorum
1291 4128 1526 4197 pertinet
1548 4140 1857 4180 sacramen-

267 4225 387 4272 tum
423 4236 435 4272 :
465 4219 606 4271 unde
636 4217 768 4271 dicit
794 4218 845 4271 in
890 4216 1116 4271 Cantica
1166 4217 1500 4270 canticorum
1522 4234 1540 4269 ς
1587 4216 1670 4269 En
1698 4215 1857 4269 lectu-

267 4312 385 4366 lum
413 4310 707 4366 Salomonis
725 4313 824 4375 ,‘id
852 4320 955 4371 est,
988 4310 1190 4366 Christi
1228 4311 1521 4365 Ecclesium
1542 4351 1557 4375 ,
1585 4310 1856 4379 seraginta

266 4402 436 4472 fortes
466 4403 700 4455 antbiunt
735 4419 798 4455 ea:
829 4402 1128 4470 fortissimis
1163 4400 1334 4453 Israel
1363 4399 1535 4471 (Cant.
1581 4399 1686 4469 ιιι).
1720 4400 1853 4454 item

265 4477 551 4565 sexaginta
572 4496 636 4548 ad
660 4493 897 4547 fructum
922 4493 1099 4547 viduis
1121 4494 1234 4548 sive
1261 4493 1660 4548 continentibus
1687 4494 1851 4562 depu-

269 4586 621 4643 tatur.‘Uude
658 4586 710 4638 in
743 4584 1037 4652 Evangelia
1068 4584 1300 4654 legitur:
1332 4584 1401 4637 Et
1424 4584 1565 4637 dabit
1599 4592 1851 4652 Irtiolam,

266 4678 423 4732 aliud
451 4679 826 4747 sexagesimum
880 4675 1095 4745 (Matth.
1147 4674 1289 4744 xm).
1343 4675 1691 4745 Septuaginta
1726 4695 1853 4734 vero

267 4772 344 4825 ad
381 4779 617 4825 veterum
659 4779 870 4843 patrum
910 4770 1181 4839 pertinere
1208 4771 1403 4825 dicitur
1430 4759 1848 4826 sacramentum.

262 4861 327 4918 In
371 4877 597 4930 quorum
643 4862 867 4933 ﬁguram
917 4861 1168 4916 Salomon
1218 4862 1283 4915 ad
1330 4860 1614 4914 aedilicium
1669 4862 1851 4930 templi

262 4954 607 5022 septuaginta
646 4953 816 5010 millia
843 4953 1211 5023 operariorum
1244 4950 1467 5020 elegisse
1505 4951 1721 5015 dicitur,
1760 4954 1851 5021 qui

262 5046 327 5101 in
356 5045 594 5101 humeris
620 5048 928 5115 portabant.
964 5046 1098 5103 Nam
1129 5046 1469 5115 septuaginta
1500 5052 1554 5100 et
1575 5046 1848 5116 octoginta

262 5134 339 5190 ad
369 5136 594 5204 ﬁguram
625 5134 787 5202 Legis
816 5145 873 5190 et
900 5134 1172 5206 Evangelii
1198 5134 1354 5197 simul
1378 5137 1670 5204 pertinent,
1704 5145 1763 5189 ut
1794 5137 1848 5191 in

260 5223 479 5297 psalmo
503 5224 759 5296 scriptum
782 5233 869 5283 est
896 5243 911 5286 ς
950 5225 1073 5287 Dies
1107 5241 1361 5286 annorum
1391 5226 1449 5287 in
1480 5227 1605 5295 ipsis
1642 5237 1850 5296 septua-

259 5316 415 5389 ginta
443 5315 585 5369 anni.
617 5315 675 5370 Si
716 5323 891 5368 autem
932 5316 984 5369 in
1016 5316 1393 5386 ροζεηιαλὶεὺμδ,
1423 5317 1683 5386 octoginta
1723 5318 1848 5371 uniti

256 5403 442 5479 (Psal,
484 5406 730 5479 Luxu).
777 5406 1127 5477 Septuaginta
1157 5424 1285 5471 vero
1319 5410 1429 5471 duo
1454 5409 1519 5463 ad
1560 5425 1843 5468 numerum

258 5500 707 5573 presbyterorum
758 5502 992 5572 pertinet
1046 5500 1217 5570 Moysi
1278 5502 1361 5556 vel
1420 5502 1842 5571 discipulorum,

258 5607 401 5663 quos
457 5591 717 5649 Dominus
746 5593 801 5648 in
846 5593 1285 5663 prmdicationem
1335 5592 1608 5663 Evangelii
1659 5592 1838 5663 elegit.

258 5681 617 5760 Septuaginta
669 5686 908 5755 quinque
938 5686 1003 5741 ad
1030 5700 1313 5739 numerum
1344 5686 1645 5741 animarum
1676 5686 1842 5753 perti-

257 5790 407 5849 nent,
441 5795 561 5852 qute
587 5795 709 5842 cum
740 5777 907 5837 Jacab
934 5780 989 5841 in
1022 5778 1312 5849 IEgyptum
1346 5780 1687 5835 descendisse
1716 5796 1840 5833 nar~

1974 3304 2185 3361 numeri
2212 3305 2391 3374 pisces
2417 3314 2540 3376 post
2579 3311 3033 3367 resurrectionem
3064 3314 3274 3369 Domini
3305 3318 3374 3373 ab
3403 3318 3552 3391 Apa—

1973 3396 2128 3451 stalis
2153 3398 2209 3452 in
2237 3398 2531 3467 Evangelia
2556 3402 2697 3471 capti
2723 3401 3048 3459 referuntur.
3080 3407 3327 3463 Trecenti
3359 3412 3425 3466 ad
3449 3428 3555 3485 nu-

1969 3503 2179 3544 merum
2202 3490 2590 3558 perfectam,
2612 3495 2705 3563 qui
2740 3511 2838 3564 per
2874 3512 3090 3552 crucem
3108 3498 3236 3554 Jesu
3259 3500 3324 3555 de
3348 3505 3554 3560 mundo

1969 3578 2365 3648 triumphantes
2392 3584 2675 3639 victoriam
2720 3596 3030 3657 reportant,
3061 3591 3115 3645 in
3145 3607 3376 3661 quorum
3420 3603 3551 3668 typo

1966 3668 2186 3736 Gedeon
2218 3671 2271 3726 in
2297 3670 2549 3728 Iudicum
2594 3675 2736 3731 libro
2761 3676 2911 3748 (Iud.
2937 3680 3036 3749 vn)
3066 3679 3307 3748 ejusdem
3338 3687 3553 3741 numeri

1968 3772 2298 3833 pugnatares
2327 3766 2554 3838 elegisse
2584 3771 2860 3825 scribitur.
2886 3773 3178 3845 Quingenti
3222 3779 3286 3833 ad
3312 3782 3551 3851 quinque

1966 3866 2155 3911 aetates
2178 3860 2363 3913 mundi
2398 3861 2481 3929 (ut
2510 3878 2538 3915 a
2564 3864 2883 3930 quihusdam
2927 3871 3167 3943 putatur)
3194 3874 3429 3941 pertinet
3456 3892 3549 3932 sa-

1961 3959 2325 4015 cramentum,
2352 3951 2547 4020 quibus
2568 3959 2862 4012 transactis
2896 3957 3146 4016 Salvator
3170 3967 3426 4027 mundum
3463 3970 3546 4025 vi-

1963 4041 2131 4095 sitare
2172 4042 2427 4111 dignatus
2457 4052 2540 4098 est
2570 4063 2583 4098 ε
2614 4046 2668 4099 in
2720 4047 2870 4117 cujus
2907 4060 3035 4129 typo
3083 4053 3193 4109 Noe
3223 4073 3343 4111 cum
3389 4060 3549 4129 quin-

1963 4138 2247 4201 gentarum
2275 4140 2439 4197 esset}
2462 4148 2741 4197 annorum,
2767 4110 3021 4195 divinitus
3046 4143 3353 4213 inspiratus,
3385 4110 3541 4219 alpta-

1962 4225 2039 4278 vit
2066 4240 2249 4278 arcam
2276 4226 2327 4277 in
2356 4226 2585 4281 salutem
2615 4228 2806 4283 damus
2839 4246 2967 4285 suat.
2999 4233 3326 4293 Millcnarius
3350 4255 3543 4297 nume-

1961 4328 2054 4367 rus
2102 4313 2491 4383 perfectionem
2543 4317 2892 4377 beatitudinis
2944 4324 3231 4395 signiﬁcat.
3282 4330 3433 4387 Unde
3486 4334 3541 4388 in

1954 4402 2183 4460 Cantica
2208 4407 2544 4463 canticorum
2586 4409 2826 4482 legitur:
2868 4412 3024 4467 Vinea
3064 4417 3163 4485 fuit
3198 4421 3439 4488 paciﬁca,
3484 4425 3538 4477 in

1956 4514 2117 4567 eaque
2151 4499 2301 4552 habet
2348 4501 2565 4569 papulas
2593 4518 2611 4554 :
2644 4504 2859 4556 tradidit
2908 4522 3024 4559 eam
3072 4510 3368 4564 custodibus
3400 4529 3418 4565 :
3462 4515 3541 4566 vir

1958 4591 2111 4657 a/fert
2140 4606 2234 4659 pro
2263 4590 2437 4659 fructu
2459 4591 2574 4658 ejus
2603 4591 2743 4646 mille
2771 4606 3040 4664 argenteos
3066 4595 3239 4667 (Cant.
3282 4600 3419 4669 vni).
3450 4599 3541 4655 Vi-

1958 4696 2081 4744 nea,
2108 4681 2159 4734 id
2190 4690 2293 4745 est,
2322 4680 2563 4735 Ecclesia
2593 4680 2774 4736 fructu
2819 4685 3097 4739 abumlans
3141 4687 3283 4752 ﬁdei,
3322 4688 3419 4741 l‘uit
3442 4703 3540 4757 pa-

1956 4771 2134 4835 ciﬁca,
2165 4772 2219 4824 id
2248 4781 2351 4833 est.
2392 4773 2621 4827 Domino
2649 4773 2885 4839 Christo,
2911 4790 3071 4843 quam
3107 4776 3325 4831 tradidit
3356 4792 3535 4834 custo-

1955 4861 2131 4924 dibus,
2162 4863 2264 4916 hoc
2292 4872 2393 4925 est,
2420 4864 2695 4932 praphetis
2725 4874 2778 4918 et
2805 4866 3063 4935 apostolis
3093 4877 3253 4937 atque
3276 4873 3537 4940 angelicis

1953 4950 2303 5020 dignitatibus
2337 4966 2349 5003 :
2379 4967 2476 5020 pro
2505 4952 2657 5019 cujus
2684 4954 2859 5009 fructu
2907 4957 3020 5024 ipse
3064 4958 3149 5010 vir
3187 4958 3342 5013 aliert
3386 4962 3536 5020 mille

1954 5050 2239 5110 argenteas
2258 5082 2272 5105 ,
2304 5042 2405 5095 hac
2428 5052 2530 5108 est,
2555 5043 2939 5113 perfectionem
2962 5049 3353 5105 retributionis.
3393 5052 3533 5108 Mille

1957 5132 2170 5209 ducenti
2207 5134 2627 5201 apastalicarum
2681 5126 2962 5192 dactorum
3017 5151 3208 5210 gerunt
3261 5143 3524 5213 ﬁguram:

1955 5224 2045 5293 qui
2074 5225 2256 5279 omnia
2282 5223 2463 5279 mundi
2487 5226 2840 5291 dimittentes,
2860 5229 2913 5283 in
2946 5233 3111 5285 verba
3130 5235 3531 5301 praedicationis

1950 5316 2201 5375 laborare
2232 5334 2337 5371 nan
2363 5330 2599 5373 cessant.
2622 5320 2685 5373 Hi
2714 5322 2909 5390 duplici
2934 5328 3386 5396 remuneratione,
3411 5346 3532 5401 qua:

1952 5409 2006 5471 in
2040 5410 2285 5464 ducentis
2336 5411 2675 5481 designatur,
2720 5414 2989 5469 donantur
3027 5434 3039 5469 :
3069 5418 3132 5471 de
3164 5419 3362 5486 quibus
3390 5424 3529 5478 scri—

1949 5512 2099 5571 ptum
2141 5512 2226 5556 est
2269 5521 2281 5556 :
2315 5502 2460 5556 Mille
2499 5506 2597 5561 tui.
2631 5504 2891 5573 Paciﬁce,
2932 5515 2979 5560 et
3023 5507 3232 5561 ducenti
3282 5510 3393 5576 his,
3438 5516 3529 5583 qui

1963 5595 2243 5648 :ustodiunt
2288 5595 2491 5664 fructus
2541 5596 2655 5664 ejus
2706 5594 2881 5665 (Cant.
2931 5612 3068 5670 νιιι).
3095 5597 3310 5668 Septem
3361 5601 3525 5657 millia

1947 5702 2204 5740 numerus
2234 5686 2298 5738 ad
2346 5686 2584 5739 anmium
2613 5686 2904 5740 electorum
2942 5689 3185 5757 pertinet
3224 5705 3529 5745 sacramen-

1947 5790 2084 5841 tum,
2113 5777 2199 5846 qui
2229 5778 2370 5845 pleni
2402 5776 2601 5847 Spiritu
2630 5786 2814 5833 sancto
2838 5793 2935 5847 per
2954 5779 3343 5834 licbdanmdam
3369 5781 3527 5851 ltujUs
