3922 6360
399 374 508 432 495

1043 375 1104 430 Β.
1147 373 1403 431 RABANI
1437 372 1657 432 MAURI
1690 371 2008 430 ARCHIEP.
2052 372 2362 431 MOGUNT.
2400 370 2689 430 OPERUM
2726 371 2908 429 PARS
2945 373 3009 429 ll.

3572 372 3683 430 496

402 489 591 549 mundi
635 490 702 545 ad
750 504 915 561 regna
959 490 1224 544 ctelorum
1272 489 1621 560 colliguntur.
1650 488 1727 544 De
1776 503 1882 557 quo
1932 488 1987 542 in
2014 490 2189 551 Acus
2234 502 2493 543 venarum
2549 488 2795 559 pulsibus
2839 502 3270 555 commovemur,
3309 505 3408 561 per
3445 491 3687 547 musicos

388 582 537 650 _libro
563 580 772 655 Regum
805 602 817 636 :
848 581 1072 653 Reliqui,
1099 583 1294 652 inquit,
1335 583 1463 637 mihi
1483 593 1676 655 septem
1711 581 1879 637 millia
1913 584 1986 637 vi-

395 694 578 734 rorum
606 675 728 748 (III
757 673 886 746 Reg.
918 674 1057 744 nx):
1092 672 1361 727 Sexcenta
1390 673 1561 729 millia
1597 674 1878 747 quingenti
1919 673 1989 727 ad

396 775 803 825 sacramentum
846 765 1082 822 filiorum
1120 765 1306 832 lsrael,
1344 765 1440 836 qui
1489 767 1694 838 egressi
1748 774 1874 821 sunt
1920 765 1989 820 de

393 859 649 931 Egypto,
680 866 741 911 ιιι
762 858 816 912 in
838 858 1042 912 Exodo.
1074 857 1272 913 Decem
1302 858 1471 912 millia
1500 874 1760 913 numerus
1790 858 1855 912 ad
1888 859 1988 912 De-

392 935 641 1023 ealogum
672 950 907 1022 pertinet
928 948 1064 1022 legis
1084 958 1185 1016 ,.ut
1215 951 1268 1005 in
1297 934 1592 1023 Evangelio
1627 970 1639 1004 :
1686 950 1753 1003 Et
1780 950 1985 1005 oblatus

390 1054 465 1099 est
504 1046 552 1099 ei
582 1060 737 1107 unus,
767 1042 857 1113 qui
886 1042 1105 1096 debebat
1127 1043 1305 1097 decem
1336 1042 1508 1097 millia
1536 1043 1734 1096 talenta
1767 1041 1985 1113 (Matth.

391 1136 571 1209 xvnt).
604 1133 839 1191 Centum
877 1135 1239 1206 quadraginta
1287 1144 1521 1205 quatuor
1566 1134 1737 1189 millia
1786 1135 1851 1189 ad
1902 1152 1987 1190 sa-

389 1238 732 1286 cramentum
759 1229 1077 1293 electorum,
1112 1229 1204 1299 qui
1226 1244 1293 1284 ex
1321 1227 1524 1284 Iudaeis
1559 1229 1614 1282 in
1646 1228 1752 1283 line
1798 1226 1986 1281 mundi

388 1319 647 1374 credituri
676 1327 802 1372 sunt
828 1318 883 1372 in
913 1317 1133 1373 Christo
1165 1317 1248 1391 (ut
1297 1319 1515 1389 quidam
1546 1318 1756 1388 volunt)
1796 1318 1887 1373 ubi
1931 1324 1987 1372 et

387 1426 572 1482 supra.
607 1410 844 1465 Rursum
886 1408 1274 1480 quadraginta,
1304 1418 1540 1479 quatuor
1578 1408 1747 1463 millia
1776 1408 1844 1462 ad
1894 1422 1983 1462 sa-

385 1511 725 1559 cramentum
782 1502 1025 1558 omnium
1060 1503 1353 1575 virginum,
1399 1504 1467 1559 de
1496 1503 1693 1573 quibus
1740 1502 1795 1557 in
1836 1502 1983 1572 Apo-

383 1599 589 1671 calypsi
624 1614 637 1651 :
672 1597 742 1652 Et
795 1613 975 1663 nemo,
1033 1597 1239 1667 inquit,
1288 1606 1491 1667 poterat
1542 1596 1802 1649 canticum
1848 1593 1982 1647 illud

383 1689 575 1755 dicere,
613 1689 714 1744 nisi
764 1687 860 1743 illa
891 1697 1099 1742 centum
1132 1687 1489 1757 quadragintz
1530 1695 1759 1756 quatuor
1810 1682 1982 1738 millia

383 1784 570 1855 (Apoc.
623 1783 768 1856 xrv);
813 1791 867 1838 et
910 1790 1033 1852 post
1076 1798 1294 1851 pauca:
1342 1778 1577 1850 Virgines
1626 1780 1765 1831 enim
1813 1785 1978 1831 sunt:

2093 579 2373 652 rhythmos
2399 581 2696 636 harmoniae
2723 582 3015 637 virtutibus
3044 583 3308 653 probatur
3343 597 3463 638 esse
3512 582 3688 637 socia-

2092 681 2225 727 tum.
2282 672 2499 729 Musica;
2542 685 2724 744 partes
2755 683 2881 730 sunt
2928 684 3055 738 tres,
3098 674 3154 729 id
3200 683 3312 742 est,
3342 675 3688 741 harmonica,

2091 767 2415 838 rhythmica,
2449 768 2693 823 metrica.
2743 767 3071 825 Harmonica
3124 776 3232 835 est,
3276 784 3394 838 qua:
3441 765 3692 825 decernit

2093 859 2394 933 [discernit]
2412 861 2465 915 in
2488 862 2635 917 sonis
2659 870 2877 917 acutum
2892 870 2947 918 et
2960 878 3202 933 gravem.
3228 860 3555 933 Bhythmica
3576 867 3688 928 est,

2089 970 2209 1024 quae
2264 954 2491 1024 requirit
2548 955 2915 1010 incursionem
2965 956 3276 1019 verborum,
3325 961 3509 1007 utrum
3549 953 3691 1007 bene

2090 1060 2253 1101 sonus
2278 1060 2348 1100 an
2375 1045 2515 1101 male
2542 1047 2835 1103 cohaereat.
2853 1046 3080 1103 Metrica
3107 1056 3209 1112 est,
3226 1062 3346 1117 quae
3371 1060 3690 1101 mensuram

2089 1139 2426 1196 diversorum
2458 1149 2759 1195 metrorum
2802 1139 3071 1209 probabili
3121 1140 3331 1194 ratione
3360 1136 3686 1209 cognoscit:

2087 1239 2147 1285 ut
2167 1233 2317 1288 verbi
2336 1234 2509 1304 gratia
2538 1234 2821 1299 heroicon,
2854 1232 3145 1298 iambicon,
3174 1232 3473 1302 elegiacon,
3500 1238 3555 1286 et
3577 1246 3690 1315 cae-

2088 1330 2226 1377 tera.
2256 1322 2328 1377 At
2356 1338 2571 1397 omnem
2619 1331 2800 1379 autem
2850 1339 3064 1389 sonum,
3093 1323 3187 1393 qui
3225 1322 3479 1377 materies
3520 1319 3694 1375 canti-

2086 1412 2333 1468 lenarum
2362 1420 2466 1480 est,
2501 1413 2806 1469 triformem
2833 1422 3049 1470 constat
3076 1428 3197 1471 esse
3244 1421 3459 1467 natura.
3500 1410 3688 1465 Prima

2086 1511 2172 1559 est
2215 1504 2554 1569 barmonica,
2607 1520 2729 1574 qua:
2767 1520 2834 1561 ex
2882 1520 3076 1561 vocum
3120 1504 3370 1559 cantibus
3420 1511 3637 1559 constat
3672 1519 3683 1553 :

2085 1595 2322 1651 secunda
2365 1596 2653 1665 organica,
2696 1613 2817 1667 quae
2864 1612 2932 1652 ex
2984 1596 3113 1651 flatu
3160 1597 3410 1653 consistit
3456 1614 3467 1649 :
3526 1597 3687 1651 tertia

2087 1688 2418 1760 rhythmica,
2432 1700 2552 1760 quae
2565 1691 2725 1763 pulsu
2737 1692 3028 1762 digitorum
3042 1676 3299 1747 numeros
3314 1691 3530 1760 recipit.
3548 1688 3683 1743 Nam

2084 1788 2178 1835 aut
2223 1797 2355 1838 voce
2398 1783 2577 1838 editur
2609 1799 2797 1848 sonus,
2830 1784 2971 1839 sicut
2992 1799 3092 1854 per
3122 1783 3305 1839 fauces
3348 1803 3360 1836 :
3404 1792 3501 1837 aut
3529 1780 3681 1847 ﬂatu,

382 1886 430 1932 et
454 1876 623 1947 inpre
649 1877 882 1946 ipsorum
906 1891 1011 1928 non
1035 1882 1109 1928 est
1126 1874 1392 1928 inventum
1411 1871 1744 1927 mendacium
1762 1868 1974 1941 (Ibid.).
2009 1869 2054 1929 B
2084 1871 2227 1927 sicut
2273 1888 2373 1943 per
2420 1874 2603 1930 tubam
2642 1884 2736 1929 aut
2785 1875 3012 1930 tibiam:
3042 1884 3135 1931 aut
3178 1876 3359 1946 pulsu,
3408 1875 3554 1929 sicut
3582 1889 3685 1944 per

992 1965 1221 2022 CAPUT
1270 1966 1358 2020 1V.

730 2062 808 2117 De
852 2061 1055 2115 musica
1104 2068 1152 2113 et
1199 2058 1437 2129 partibus
1484 2058 1621 2127 ejus.

452 2155 655 2209 Musica
704 2161 789 2208 est
842 2153 1035 2222 peritia
1087 2150 1470 2204 modulationis
1522 2165 1655 2204 sono
1709 2156 1980 2217 cantuque

378 2245 685 2302 consistens
712 2260 726 2309 ;
758 2250 813 2298 et
842 2242 986 2297 dicta
1014 2240 1223 2295 musica
1263 2255 1361 2309 per
1395 2238 1788 2294 derivationem
1812 2253 1843 2292 a
1866 2254 1982 2291 mu-

380 2340 475 2394 sis.
502 2338 667 2393 Musa:
695 2344 873 2391 autem
896 2334 1179 2405 appellatae
1201 2348 1301 2403 apo
1326 2341 1418 2388 tou
1458 2332 1714 2395 mosthai,
1741 2330 1795 2385 id
1817 2340 1918 2395 est,
1950 2345 1979 2383 a

380 2430 673 2501 quazrendo
708 2448 721 2481 :
756 2427 899 2498 quod
929 2442 1027 2496 per
1072 2442 1165 2482 eas
1216 2424 1379 2496 (sicut
1416 2423 1625 2493 antiqui
1668 2420 1977 2491 voluerunt)

382 2521 464 2576 vis
504 2519 807 2575 carminum
846 2525 903 2572 et
930 2517 1082 2573 vocis
1108 2515 1408 2572 modulatio
1434 2525 1771 2585 quaereretur
1803 2531 1815 2567 :
1847 2529 1982 2583 qua-

384 2628 504 2666 rum
536 2588 701 2667 sonus
742 2626 809 2665 ex
840 2608 1081 2665 sensibili
1110 2623 1169 2663 re
1198 2616 1302 2673 est,
1327 2616 1382 2663 et
1405 2605 1723 2679 praeterﬂuit
1757 2606 1811 2660 in
1842 2621 1981 2676 prte—

382 2703 602 2757 tcritum
654 2683 895 2771 tempus:
939 2700 1382 2769 imprimiturque
1435 2699 1731 2754 memoriae.
1784 2698 1912 2754 Inde
1948 2713 1979 2761 a

379 2794 557 2865 poetis
594 2792 745 2848 Jovis
774 2800 829 2849 et
855 2791 1129 2848 Memoriae
1157 2792 1296 2847 ﬁlias
1332 2790 1516 2847 Musas
1541 2806 1660 2847 esse
1688 2790 1980 2847 confictum

377 2898 493 2944 est:
527 2888 630 2943 nisi
658 2888 804 2943 enim
852 2888 920 2940 ab
970 2886 1189 2941 homine
1216 2885 1478 2939 memoria
1511 2891 1821 2950 teneantur,
1860 2883 1980 2939 soni

379 2987 629 3051 pereunt,
684 2978 812 3049 quia
844 2977 1010 3033 scribi
1040 2993 1146 3032 non
1178 2983 1422 3047 possunt.
1454 2974 1669 3047 Moyses
1707 2976 1866 3041 dixit,
1901 2991 1982 3031 re-

377 3080 652 3141 pertorem
713 3068 934 3122 musica:
976 3068 1111 3122 artis
1178 3067 1343 3122 fuisse
1394 3065 1570 3132 Jubal,
1622 3068 1715 3138 qui
1759 3068 1860 3122 fuit
1914 3068 1981 3123 de

378 3164 550 3235 stirpe
586 3162 720 3218 Cain
749 3170 875 3216 ante
916 3160 1196 3216 diluvium.
1233 3159 1405 3216 Grmci
1440 3176 1567 3216 vero
1612 3158 1976 3231 Pythagoram

2086 1963 2354 2019 citharam
2385 1973 2477 2020 aut
2514 1982 2613 2037 per
2647 1967 2926 2036 quodlibet
2962 1968 3129 2033 aliud,
3161 1969 3302 2037 quod
3329 1966 3688 2038 percutienda

2085 2072 2349 2113 canorum
2376 2066 2479 2114 est.
2523 2059 2704 2115 Prima
2731 2059 2924 2115 divisio
2954 2061 3197 2126 musicas,
3222 2076 3343 2130 qua:
3364 2059 3688 2116 harmonica

2084 2146 2301 2213 dicitur,
2335 2148 2387 2203 id
2418 2156 2501 2203 est
2525 2189 2540 2213 ,
2587 2148 2987 2214 modulationis,
3019 2150 3255 2218 pertinet
3282 2138 3348 2205 ad
3377 2150 3686 2216 comedas,

2087 2237 2354 2306 tragoedos
2385 2238 2467 2291 vel
2498 2225 2718 2303 choros,
2743 2238 2829 2294 vel
2863 2239 2931 2295 ad
2950 2254 3160 2305 omnes,
3188 2240 3281 2309 qui
3309 2254 3441 2295 voce
3460 2239 3687 2310 propria

2083 2336 2303 2381 canunt.
2331 2326 2459 2384 Haec
2503 2343 2571 2383 ex
2623 2328 2807 2385 animo
2842 2336 2899 2384 et
2934 2345 3163 2400 corpore
3190 2338 3397 2385 motum
3424 2330 3591 2396 facit,
3617 2343 3688 2385 ex

2082 2426 2233 2473 motu
2264 2434 2456 2475 sonum
2489 2438 2501 2474 :
2540 2436 2607 2476 ex
2630 2436 2738 2491 quo
2780 2420 3055 2493 colligitur
3080 2420 3310 2487 musica,
3341 2435 3462 2490 quae
3483 2420 3541 2474 in
3586 2420 3688 2475 bo-

2084 2512 2228 2565 mine
2271 2528 2376 2566 vox
2426 2512 2743 2583 appellatur.
2788 2510 2925 2567 Vox—
2960 2527 3053 2568 aer
3092 2512 3286 2582 spiritu
3334 2511 3684 2577 verberatus,

2083 2602 2224 2656 unde
2272 2603 2435 2657 verba
2477 2611 2604 2659 sunt
2652 2612 2961 2675 nuncupata
3015 2624 3027 2659 :
3078 2604 3301 2675 proprie
3351 2612 3533 2659 autem
3575 2618 3686 2658 vox

2084 2695 2365 2749 hominum
2395 2710 2494 2751 seu
2518 2695 2977 2751 irrationabilium
3004 2695 3090 2751 vel
3125 2696 3506 2751 animantium.
3545 2693 3688 2750 Nam

2083 2785 2139 2840 in
2157 2785 2279 2842 aliis
2302 2785 2526 2843 abusive
2556 2802 2665 2843 non
2692 2788 2914 2859 proprie
2932 2788 3144 2845 sonitus
3163 2804 3269 2845 vox
3293 2797 3524 2845 vocatur
3553 2806 3566 2843 :
3601 2796 3684 2856 ut,

2165 2918 2272 2969 Vox
2300 2919 2431 2970 tubae
2455 2918 2736 2985 infremuit,
2758 2920 3037 2986 nactasque
3059 2923 3119 2974 ad
3140 2921 3305 2975 littora
3330 2936 3491 2977 voces.

2158 3044 2406 3101 Perfecta
2446 3054 2531 3102 est
2573 3054 2753 3101 autem
2813 3057 2925 3103 vox
2970 3047 3113 3117 alta,
3156 3050 3339 3105 suavis
3375 3058 3431 3104 et
3478 3048 3626 3105 clara
3667 3066 3684 3104 :

2083 3136 2225 3201 alta,
2280 3144 2339 3191 ut
2415 3136 2471 3191 in
2520 3136 2753 3193 sublime
2825 3136 3099 3206 sufﬁciat;
3153 3140 3340 3205 clara,
3393 3150 3455 3195 ut
3522 3156 3688 3196 aures

378 3228 565 3311 dicunt
588 3254 747 3323 hujus
776 3255 909 3309 artis
936 3253 1207 3309 invenisse
1234 3254 1532 3324 primordia
1561 3268 1629 3310 ex
1653 3228 1973 3310 malleorum
2005 3232 2050 3295 δ
2084 3228 2411 3324 ³ἀί¹¹¹ΡῘθ³ίῖ
2439 3228 2659 3324 flavis)
2811 3232 3009 3324 fmimis
3060 3232 3409 3324 audienti“?
3434 3231 3685 3286 blandi"

378 3348 582 3412 sonitu,
607 3356 662 3401 et
680 3334 1009 3400 chordarum
1030 3344 1349 3399 extensione
1365 3358 1641 3413 percussa.
1662 3344 1764 3412 Alli
1781 3343 1978 3398 Linum

377 3436 676 3496 Thalbeum
698 3444 753 3490 et
774 3434 1000 3489 Zethum
1030 3444 1086 3497 et
1116 3434 1385 3504 Amphion
1408 3433 1468 3499 in
1492 3450 1701 3489 muswa
1731 3446 1850 3490 arte
1870 3436 1981 3504 pri-

379 3510 500 3585 mos
525 3528 789 3583 claruisse
820 3526 1021 3581 ferunt.
1052 3524 1181 3580 Post
1204 3540 1341 3596 quos
1364 3525 1622 3597 paulatim
1657 3526 1861 3582 directa
1896 3534 1981 3581 est

378 3621 651 3693 praecipue
698 3620 815 3674 hare
864 3618 1169 3688 disciplina,
1223 3625 1279 3673 et
1327 3626 1485 3673 aucta
1533 3618 1718 3673 multis
1756 3619 1973 3673 modis:

379 3721 607 3783 eratque
652 3720 764 3765 tam
801 3721 957 3781 turpe
984 3711 1231 3775 nescire,
1279 3725 1444 3780 quam
1472 3709 1702 3765 litteras.
1734 3710 1976 3779 Interpo-

384 3806 615 3859 nebatur
641 3812 821 3857 autem
856 3817 965 3856 non
1004 3800 1165 3855 modo
1201 3801 1389 3865 sacris,
1414 3801 1508 3855 sed
1530 3810 1584 3855 et
1604 3800 1857 3856 omnibus
1887 3816 1975 3855 so-

380 3896 673 3961 lemnibus,
704 3895 1063 3963 omnibusque
1110 3893 1246 3947 laatis
1286 3893 1369 3948 vel
1426 3893 1759 3948 tristioribus
1796 3894 1974 3948 rebus.

381 3986 453 4042 Ut
491 3986 637 4040 enim
671 3986 724 4039 in
750 3983 1103 4038 veneratione
1132 3982 1314 4037 divina
1344 3982 1555 4053 hymni,
1585 3983 1659 4037 ita
1684 3983 1734 4037 in
1778 3983 1979 4052 nuptiis

382 4080 668 4149 hymenaei,
705 4086 759 4131 et
794 4075 1167 4148 iurfuncribus
1209 4076 1390 4129 threni
1412 4083 1468 4129 et
1496 4075 1732 4129 lamenta
1774 4090 1804 4128 a
1833 4075 1979 4131 tibiis

382 4170 737 4224 canebantur.
790 4166 845 4220 In
878 4166 1142 4219 conviviis
1172 4180 1303 4220 vero
1332 4164 1448 4237 lyra
1479 4166 1561 4219 vel
1611 4166 1820 4221 cithara
1873 4168 1978 4221 cir-

381 4260 813 4322 cumferebatur,
846 4266 901 4311 et
938 4257 1329 4313 accubantibus
1358 4258 1582 4328 singulis
1627 4260 1980 4315 ordinabatur

382 4348 683 4405 conviviale
728 4363 898 4418 genus
947 4349 1305 4403 canticorum.
1364 4348 1546 4419 Itaque
1599 4352 1715 4405 sine
1770 4354 1978 4409 musica

383 4440 529 4497 nulla
560 4438 844 4507 disciplina
868 4447 1045 4508 potest
1066 4453 1184 4493 esse
1207 4438 1445 4507 perfecta
1474 4456 1485 4492 :
1522 4440 1653 4493 nihil
1685 4442 1830 4495 enim
1859 4443 1976 4497 sine

383 4532 493 4586 illa.
524 4530 656 4584 Nam
693 4540 749 4585 et
782 4531 895 4600 ipse
947 4531 1178 4585 mundus
1209 4532 1441 4601 quadam
1492 4533 1774 4588 harmonia
1822 4551 1977 4590 sono-

386 4638 505 4676 rum
535 4621 706 4674 fertur
754 4637 873 4675 esse
910 4622 1242 4690 compositus
1278 4640 1288 4674 :
1321 4632 1373 4675 ct
1404 4624 1602 4676 coelum
1644 4626 1816 4693 ipsum
1872 4628 1972 4682 sub

384 4713 684 4768 harmonia:
715 4712 1078 4764 modulatione
1108 4712 1436 4765 revolvitur?
1464 4714 1662 4769 Musica
1685 4726 1861 4772 movet
1890 4720 1971 4773 af-

329 4813 335 4825 ‘
388 4804 583 4863 fectus,
622 4812 881 4870 provocat
920 4801 972 4853 in
1022 4802 1294 4855 diversum
1347 4802 1590 4858 habitum
1645 4822 1835 4863 sensus
1874 4825 1887 4862 :
1921 4812 1975 4863 in

386 4894 584 4963 praeliis
612 4908 827 4962 quoque
857 4892 994 4947 tubae
1032 4903 1324 4947 concentus
1354 4907 1657 4965 pugnantes
1688 4901 1933 4955 accendit
1958 4917 1971 4954 :

387 4996 441 5039 et.
468 4995 672 5053 quanto
703 4984 1073 5037 vehementior
1120 4984 1284 5039 fuerit
1322 4986 1558 5057 clangor,
1610 4998 1758 5045 tanto
1803 4992 1863 5045 fit
1908 4992 1976 5048 ad

387 5082 661 5127 certamen
689 5074 902 5125 animus
930 5074 1139 5127 fortior.
1176 5074 1231 5129 Si
1265 5075 1480 5143 quidem
1512 5087 1564 5131 et
1595 5080 1824 5151 remiges
1851 5098 1979 5136 can—

389 5170 476 5217 tus
502 5164 770 5216 hortatur.
802 5162 883 5215 Ad
915 5163 1225 5218 tolerandos
1254 5182 1495 5235 quosque
1532 5169 1741 5225 labores
1774 5176 1977 5229 musica

387 5255 627 5307 animum
660 5254 879 5317 mulcet,
921 5264 974 5307 et
1004 5255 1334 5325 singulorum
1360 5274 1580 5327 operum
1608 5261 1974 5331 fatigationem

390 5346 685 5400 modulatio
736 5348 886 5400 vocis
942 5348 1186 5400 solatur:
1223 5350 1488 5405 excitatos
1526 5370 1741 5423 quoque
1768 5358 1976 5413 animos

388 5438 595 5490 musica
626 5438 777 5491 sedat
809 5454 821 5490 :
852 5439 992 5492 sicut
1019 5438 1085 5491 de
1126 5439 1294 5493 David
1326 5442 1523 5511 legitur
1564 5444 1609 5515 (Ι
1658 5446 1781 5517 Reg.
1822 5448 1934 5521 xvr)
1960 5491 1975 5514 ,

388 5527 479 5593 qui
506 5541 536 5579 a
559 5528 751 5595 spiritu
778 5530 1055 5583 imrnundo
1082 5529 1298 5586 Saulem
1321 5542 1439 5587 arte
1462 5535 1844 5591 modulationis
1870 5540 1977 5592 eri-

391 5619 533 5687 puit;
553 5620 696 5689 ipsas
720 5636 933 5689 quoque
958 5624 1158 5678 bestias
1178 5642 1273 5679 nec
1299 5643 1403 5679 non
1428 5636 1481 5681 et
1504 5639 1803 5697 serpentes,
1830 5632 1981 5687 volu-

392 5724 512 5764 crcs
558 5721 717 5781 atque
759 5713 1037 5783 delphinas
1078 5718 1145 5772 ad
1177 5721 1417 5774 auditum
1450 5738 1557 5775 sum
1599 5724 1980 5781 modulationis

394 5805 596 5858 musica
620 5816 895 5874 provocat.
917 5806 1021 5866 Sed
1036 5811 1295 5881 quidquid
1311 5814 1600 5882 loquimur,
1620 5817 1699 5870 vel
1718 5817 1977 5873 intrinse—

2003 4586 2053 4644 D

2085 3332 2193 3376 tur.
2223 3320 2280 3375 Si
2330 3337 2398 3376 ex
2439 3321 2524 3376 his
2565 3321 2767 3392 aliquid
2799 3322 3033 3378 defuerit
3058 3363 3072 3388 ,
3125 3338 3231 3378 vox
3284 3321 3525 3392 perfecta
3571 3338 3685 3378 non

2082 3413 2264 3467 fuerit.
2296 3410 2544 3467 Secunda
2567 3412 2773 3467 divisio‘
2793 3413 3048 3484 organica
3090 3422 3175 3468 est
3202 3414 3256 3467 in
3282 3414 3389 3479 his,
3415 3412 3537 3483 duae
3565 3413 3684 3482 spi-

2084 3506 2191 3559 ritu
2225 3504 2450 3561 rellante
2478 3503 2743 3575 completa
2790 3504 2845 3557 in
2893 3518 3086 3559 sonum
3134 3504 3285 3559 vocis
3321 3503 3681 3558 animantur:

2084 3606 2141 3651 ut
2187 3606 2313 3652 sunt
2356 3595 2528 3659 tubae',
2573 3593 2807 3658 calami,
2846 3592 3079 3657 ﬁstula),
3120 3607 3353 3663 organa,
3414 3591 3683 3662 pandora,

2082 3695 2137 3742 et
2195 3688 2280 3743 his
2340 3686 2556 3742 similia.
2611 3685 2792 3739 Tertia
2844 3684 3036 3739 divisio
3068 3684 3376 3754 rhythmica
3399 3680 3687 3754 pertinens

2082 3778 2151 3831 ad
2174 3792 2369 3832 nervos
2407 3785 2463 3831 et
2484 3776 2694 3846 pulsus,
2736 3776 2823 3830 cui
2859 3776 3059 3830 dantur
3088 3774 3297 3844 species
3337 3774 3681 3831 citharamm

2083 3869 2438 3923 diversarum.
2458 3866 2795 3938 Tympanum
2823 3881 3039 3937 quoque
3067 3865 3395 3936 cymbalum,
3432 3866 3679 3931 sistrum,

2083 3960 2353 4017 acitabula
2388 3975 2530 4015 aerea
2555 3968 2610 4013 et
2654 3968 2932 4030 argentea,
2982 3966 3038 4014 et
3085 3957 3209 4019 alia,
3242 3973 3363 4026 quae
3403 3957 3683 4013 metallico

2083 4055 2262 4124 rigore
2285 4067 2623 4123 repercussa,
2642 4052 2874 4107 reddunt
2889 4066 3013 4105 cum
3038 4051 3307 4116 suavitate
3331 4050 3608 4116 tinnitum,
3626 4058 3687 4105 et

2082 4155 2278 4201 caetera
2299 4144 2625 4215 bujusmodi.
2660 4144 2944 4200 Canticum
2967 4142 3237 4213 significat
3261 4142 3546 4197 scientiam
3570 4142 3685 4211 spi-

2082 4238 2328 4304 ritalem,
2357 4244 2416 4291 ut
2464 4238 2519 4290 in
2568 4237 2776 4306 psalmo
2819 4233 3085 4291 :Cantate
3136 4234 3363 4289 Domino
3414 4236 3683 4288 canticum

2082 4347 2271 4385 novum
2298 4327 2473 4403 (Psal.
2519 4329 2725 4400 xxxn);
2760 4328 2991 4398 psallere
3015 4336 3098 4383 est
3122 4342 3257 4397 opus
3284 4328 3490 4381 bonum
3524 4343 3681 4383 exer-

2080 4436 2227 4481 cere.
2255 4418 2539 4475 Canticum
2583 4420 2651 4472 ad
2699 4418 3171 4488 contemplativam
3201 4437 3213 4471 :
3239 4416 3473 4487 psallere
3511 4418 3684 4473 refer-

2086 4522 2171 4567 tur
2197 4513 2264 4566 ad
2290 4512 2526 4566 activam
2556 4510 2851 4573 vitam,ubi
2874 4519 2931 4565 et
2958 4504 3144 4580 supra.
3182 4507 3441 4563 Jubilatio
3470 4510 3684 4564 clamor

2084 4605 2309 4677 spiritali
2340 4603 2554 4659 fervore
2578 4603 2908 4672 expressior,
2942 4603 3056 4657 sive
3098 4601 3352 4668 gaudium
3380 4600 3679 4667 ineffabile,

2084 4698 2227 4768 quod
2250 4698 2486 4751 humana
2511 4696 2689 4766 lingua
2713 4695 2923 4765 plenius
2943 4693 3047 4747 fari
3065 4710 3173 4748 non
3200 4693 3361 4758 valet,
3379 4695 3512 4748 utin
3530 4694 3682 4764 psal-

2086 4803 2174 4845 mo
2208 4807 2220 4841 :
2259 4786 2455 4842 Beatus
2501 4785 2722 4857 populus
2777 4788 2865 4855 qui
2928 4787 3025 4839 scit
3062 4784 3436 4856 jubilationem
3485 4784 3680 4858 (Prol.

2086 4895 2329 4936 Lxxxvrn
2344 4878 2385 4951 ).

2156 4996 2339 5051 Primo
2378 4995 2619 5050 omnium
2667 4995 2733 5049 ad
2764 4992 2955 5070 organi
3011 4992 3099 5064 (eo
3148 4992 3289 5062 quod
3332 4991 3511 5061 majus
3555 5008 3684 5051 esse

2084 5088 2167 5143 his
2191 5088 2441 5142 omnibus
2466 5087 2753 5157 generibus
2784 5086 2839 5140 in
2868 5085 3047 5140 sonitu
3083 5094 3138 5141 et
3161 5084 3478 5142 fortitudine
3504 5089 3681 5143 nimia

2082 5180 2445 5251 computatur)
2470 5181 2736 5235 clamores
2768 5181 3002 5245 veniam,
3046 5179 3189 5248 quod
3217 5180 3282 5234 de
3311 5180 3520 5235 duabus
3561 5182 3679 5236 cleo

2082 5275 2405 5342 phantoruni
2454 5272 2682 5341 pellibus
2740 5288 3037 5326 concavum
3085 5273 3448 5343 conjungitur,
3479 5282 3533 5327 et
3577 5290 3685 5343 per

2083 5366 2360 5421 duodecim
2386 5365 2659 5419 fabrorum
2685 5363 2979 5421 suﬂlatoria
3005 5366 3395 5436 compulsatum
3418 5382 3516 5435 per
3539 5368 3684 5422 duo-

2085 5455 2257 5509 decim
2280 5456 2486 5509 cicutas
2506 5467 2675 5509 aereas
2695 5455 2748 5509 in
2778 5456 3010 5510 sonitum
3038 5457 3284 5520 nimium,
3300 5469 3462 5525 quem
3488 5458 3547 5511 in
3562 5473 3685 5513 mo-

2086 5545 2213 5599 dum
2264 5545 2483 5599 tonitrui
2515 5547 2752 5600 concitat
2784 5566 2794 5599 :
2830 5548 2901 5603 ita
2928 5556 2988 5602 ut
3010 5564 3106 5617 per
3131 5547 3279 5602 mille
3322 5563 3517 5619 passus
3554 5551 3685 5609 sine

2087 5635 2249 5691 dubio
2274 5638 2604 5693 sensibiliter
2630 5654 2725 5694 seu
2753 5640 2941 5709 utique
2967 5640 3194 5710 amplius
3238 5641 3489 5696 audiatur
3521 5661 3534 5697 :
3568 5642 3683 5699 sio-

2088 5736 2145 5780 ut
2168 5727 2515 5784 Hebraeorum
2548 5730 2613 5784 de
2652 5730 2887 5801 organis,
2915 5746 3035 5800 qua:
3076 5732 3145 5787 ab
3167 5730 3471 5789 Jerusalem
3498 5750 3684 5806 usque

2088 5820 2155 5875 ad
2197 5830 2430 5877 montem
2462 5822 2677 5891 Olivcti,
2713 5833 2766 5879 et
2808 5822 3037 5895 amplius
3062 5833 3319 5885 sonanter
3350 5826 3677 5896 audiuntur,
