3922 6318
283 366 388 425 ιθτ

1248 365 1336 421 DE
1374 362 1723 423 UNIVERSO
1761 360 1939 419 LIBRI
1978 362 2138 417 XXII.
2179 393 2249 405 --
2286 363 2414 418 LIB.
2457 362 2639 420 XVIII.

3464 363 3566 415 498

282 482 684 553 comprobatur.
730 480 846 535 Duo
881 495 1079 553 genera
1126 496 1155 532 a
1202 474 1475 548 pleriSque
1518 478 1707 549 organi
1748 490 1868 532 esse
1900 480 1944 539 Α
1974 487 2231 547 ,ωινιιιιη
2262 485 2345 531 est
2374 496 2385 530 :
2415 477 2714 546 Conﬁtebor
2754 477 2845 530 tibi
2891 479 2943 530 in
2974 478 3199 542 cithara,
3236 478 3396 543 Deus,
3429 479 3568 534 Deus

280 574 551 628 dicuntur.
599 571 841 626 Primum
896 581 979 627 est
1020 571 1070 624 id
1114 571 1255 639 quod
1297 570 1556 633 diximus,
1613 577 1666 623 et
1705 568 1868 634 aliud,

278 661 421 732 quod
456 662 523 715 de
573 661 1008 731 peregrinatione
1054 658 1219 714 Israel
1260 660 1524 729 propheta
1580 658 1875 729 praposuit

277 757 418 826 apud
438 756 789 828 Babylonem,
817 767 870 812 et
904 757 1082 811 subito
1104 756 1379 820 scribitur,
1407 756 1480 810 ita
1510 756 1695 811 dicens
1724 774 1736 808 :
1767 742 1871 810 Su-

273 862 366 915 per
393 848 614 914 ﬂumina
636 846 939 918 Babylonis,
966 856 1071 902 etc.
1099 844 1529 919 (Psal.cxxxw).
1560 846 1675 901 Hoc
1697 855 1869 901 totum

275 935 577 1008 ﬁguraliter
613 954 678 994 ac
711 939 1030 1008 spiritaliter
1049 938 1247 994 Christi
1277 939 1632 1009 Evangelium
1667 940 1871 1010 signiﬁ-

274 1039 362 1083 cat
380 1049 391 1083 :
409 1032 666 1100 quoniam
696 1041 750 1084 et
773 1030 901 1085 illud
920 1030 986 1086 de
1007 1030 1237 1095 duabus,
1257 1030 1310 1084 id
1326 1039 1432 1095 est,
1448 1030 1678 1084 duarum
1693 1030 1870 1101 legum

272 1121 568 1189 asperitate
597 1119 942 1189 coniungitur
989 1135 1087 1189 per
1134 1120 1417 1189 duodecim
1460 1118 1755 1175 sufllatoria
1786 1120 1869 1174 fa-

271 1216 517 1278 brorum,
550 1214 603 1268 id
649 1222 752 1278 est,
782 1230 880 1283 per
920 1214 1259 1284 patriarchas
1305 1231 1371 1270 ac
1411 1214 1703 1286 prophetas
1732 1233 1743 1267 :
1773 1228 1871 1285 per

269 1313 552 1367 duodecim
582 1306 787 1367 cicutas
809 1328 1003 1377 areas,
1029 1313 1082 1366 id
1106 1321 1187 1367 est
1205 1353 1220 1377 ,
1246 1327 1343 1381 per
1366 1312 1654 1382 Apostolos
1679 1326 1870 1365 sonum

270 1404 496 1459 nimium
524 1404 743 1467 emittit,
770 1404 909 1457 sicut
928 1402 1188 1472 scriptum
1210 1409 1293 1457 est
1318 1420 1330 1453 :
1358 1401 1425 1454 In
1447 1418 1651 1455 omnem
1676 1411 1870 1453 terram

267 1497 425 1548 exivit
471 1513 629 1550 sonus
665 1514 842 1550 eorum
875 1494 1048 1567 (Psal.
1100 1496 1290 1568 xvut),
1323 1496 1376 1550 id
1406 1503 1509 1562 est,
1554 1510 1658 1550 vox
1694 1495 1872 1549 Evan-

266 1587 392 1657 gelii
423 1588 476 1641 in
512 1598 625 1643 toto
651 1590 781 1643 orbe
826 1598 1117 1654 terrarum,
1143 1590 1283 1643 sicut
1310 1590 1568 1660 scriptum
1596 1597 1680 1643 est
1704 1606 1716 1641 :
1755 1587 1871 1642 Vox

266 1679 491 1731 tonitrui
515 1680 592 1731 tui
618 1681 671 1733 in
703 1690 817 1733 rota
848 1680 1022 1741 (Psal.
1061 1680 1418 1751 LxxVI).Nam
1446 1696 1544 1750 per
1569 1680 1716 1733 mille
1745 1694 1870 1748 pas-

266 1784 382 1828 sus.
414 1770 467 1822 id
497 1781 603 1835 est,
636 1785 731 1839 per
776 1770 1075 1839 perfectum
1117 1786 1401 1827 numerum
1450 1772 1636 1826 decem
1673 1771 1870 1825 verbo-

1976 584 2121 621 meus
2153 584 2171 623 :
2200 568 2432 638 propria
2462 569 2865 623 consuetudinis
2923 569 3061 638 apud
3115 568 3394 637 Hebraos,
3448 585 3570 639 qua

1976 676 2097 715 cum
2122 660 2339 715 chordis
2359 660 2547 731 viginti
2592 669 2844 729 quatuor,
2877 660 2927 713 in
2953 652 3171 714 mo'dum
3193 660 3351 715 delta
3379 660 3571 715 littera

1977 750 2138 824 (sicut
2160 752 2477 822 peritissimi
2499 753 2740 822 tradunt)
2793 754 2977 821 utique
3005 754 3369 821 componitur,
3392 761 3446 806 et
3476 765 3573 821 per

1975 842 2173 913 digitos
2199 842 2417 897 Pindari
2449 844 2616 897 variis
2646 844 2888 905 vocibus,
2920 842 3249 911 tinnulisque
3276 844 3488 897 actibus
3517 844 3570 896 in

1974 934 2219 989 diversos
2245 936 2433 991 modos
2488 937 2809 991 concitatur.
2857 934 3076 991 Cithara
3133 944 3338 1000 autem,
3375 939 3441 989 de
3467 950 3571 1003 qua

1974 1042 2155 1082 sermo
2178 1035 2283 1093 est,
2338 1028 2595 1083 Ecclesia
2648 1028 2963 1099 spiritaliter
2991 1036 3176 1100 typum
3228 1028 3410 1088 habet,
3451 1040 3573 1095 qua

1974 1136 2098 1175 cum
2146 1121 2335 1190 viginti
2391 1129 2623 1189 quatuor
2664 1122 2938 1176 seniorum
2993 1121 3332 1190 dogmatibus
3375 1120 3573 1173 trinam

1974 1209 2203 1265 formam
2239 1210 2444 1265 habens
2464 1211 2519 1264 in
2543 1212 2759 1264 modum
2777 1210 2935 1264 delta
2962 1209 3156 1264 littera
3187 1210 3346 1263 ﬁdem
3370 1217 3574 1263 sancta

1975 1298 2262 1354 Trinitatis
2286 1288 2555 1369 significat
2585 1308 2667 1354 :ct
2693 1316 2790 1370 per
2815 1316 3009 1355 manus
3030 1299 3313 1368 apostolici
3342 1299 3571 1363 ordinis,

1974 1390 2064 1458 qui
2092 1390 2417 1457 praedicator
2446 1390 2589 1445 illius
2618 1399 2717 1452 est,
2756 1392 2808 1444 in
2841 1391 3087 1445 diversos
3117 1390 3362 1445 modulos
3406 1388 3571 1443 Vetew

1974 1481 2051 1535 ris
2071 1480 2277 1535 etNovi
2303 1482 2636 1537 Testamenti
2664 1483 2823 1537 aliter
2851 1484 3122 1549 i'nlittera,
3150 1484 3305 1537 aliter
3333 1484 3387 1537 in
3411 1496 3572 1537 sensu

1974 1568 2201 1640 ﬁgurate
2228 1571 2549 1625 concitatur.
2580 1572 2925 1638 Psalterium,
2957 1574 3100 1643 quod
3155 1574 3417 1628 llebraice
3462 1571 3574 1626 Na-

1971 1665 2144 1730 blum,
2177 1665 2365 1722 Grace
2407 1675 2584 1721 autem
2629 1667 2971 1734 Psalterium,
3002 1670 3191 1726 Latine
3222 1681 3400 1726 autem
3429 1670 3574 1725 Lau-

1974 1759 2245 1813 datorium
2274 1760 2489 1821 dicitur,
2538 1760 2605 1813 de
2655 1775 2763 1828 quo
2811 1761 2865 1813 in
2902 1761 3350 1831 quinquagesimo
3380 1770 3574 1831 quarto

268 1877 385 1913 rttm
432 1861 566 1929 legis
607 1862 861 1929 impletur
891 1878 1053 1917 sonus
1098 1864 1231 1933 ejus.
1266 1862 1321 1915 ln
1361 1863 1641 1927 salicibus,
1674 1862 1727 1916 id
1759 1869 1864 1926 est,
1894 1850 1942 1909 B
1969 1852 2178 1933 psalmo
2202 1852 2334 1906 dicit
2365 1870 2376 1905 :
2414 1852 2675 1922 Exsurge,
2725 1852 3035 1922 psalterium
3076 1864 3121 1907 et
3172 1853 3414 1917 rit/mra;
3466 1868 3575 1907 non

264 1971 362 2025 per
406 1957 648 2010 laborem
677 1958 835 2010 unius
876 1956 1134 2027 cujusque
1175 1958 1416 2012 doctoris
1454 1964 1508 2010 et
1533 1971 1632 2025 per
1662 1964 1866 2009 motum

266 2044 534 2099 lahiorum
569 2047 685 2115 ejus
712 2047 1059 2117 Evangelium
1084 2048 1423 2115 pradicatur.
1450 2047 1582 2101 Item
1603 2062 1865 2117 organum

264 2136 429 2191 homo
456 2137 572 2191 sive
595 2151 791 2206 corpus
816 2138 1173 2202 Dominicum,
1193 2146 1251 2191 ut
1280 2138 1331 2191 in
1358 2136 1598 2207 psalmo:
1630 2137 1868 2190 Laudate

262 2243 383 2279 eum
414 2228 471 2281 in
497 2227 705 2296 chordis
734 2237 781 2280 et
806 2244 1002 2295 organo
1033 2225 1206 2297 (Psal.
1238 2228 1345 2297 CL).
1374 2228 1438 2281 Et
1468 2229 1523 2282 in
1554 2228 1716 2281 aliam
1743 2243 1867 2297 par—

262 2324 376 2369 tem
429 2316 495 2370 de
546 2331 680 2369 vana
714 2317 998 2387 impiorum
1028 2318 1234 2382 latitia,
1270 2328 1332 2372 ut
1364 2319 1417 2372 in
1467 2317 1568 2372 Job
1614 2337 1625 2371 :
1674 2317 1867 2372 Tenent

262 2416 573 2476 tympanum
599 2419 647 2462 et
678 2411 960 2475 citharam,
985 2420 1033 2464 et
1066 2412 1296 2479 gaudent
1324 2412 1393 2465 ad
1426 2413 1655 2465 sonitum
1681 2412 1866 2481 organi

262 2496 411 2568 (Job.
446 2501 580 2568 xxx).
617 2502 766 2555 Tuba
798 2503 999 2572 itaque,
1039 2504 1105 2557 de
1128 2519 1233 2573 qua
1264 2504 1317 2558 in
1349 2505 1571 2559 Daniele
1603 2506 1865 2574 scriptum

262 2596 379 2641 est:
412 2586 543 2643 Cum
568 2591 841 2646 audieritis
872 2609 1046 2646 vocem
1069 2594 1229 2657 Iubar,
1252 2594 1467 2662 ﬁstula,
1493 2595 1731 2658 cithara,
1757 2603 1862 2648 etc.

265 2678 433 2747 (Dan.
480 2680 586 2750 ιιι),
622 2682 851 2737 diversis
883 2683 1069 2753 ﬁguris
1099 2699 1163 2739 ac
1194 2683 1385 2739 formis
1412 2683 1661 2747 efﬁcitur.
1694 2685 1869 2739 Aliter

261 2773 413 2826 enim
440 2781 523 2828 est
568 2774 694 2828 tuba
738 2778 1173 2847 congregationis
1222 2777 1421 2847 populi,
1464 2778 1626 2832 aliter
1665 2778 1868 2832 condu-

260 2862 484 2927 ctionis,
517 2862 672 2918 aliter
716 2865 977 2932 victoria,
1009 2866 1168 2921 aliter
1191 2868 1557 2938 persequendi
1588 2868 1861 2933 inimicos,

260 2950 425 3004 aliter
452 2954 813 3009 conclusionis
836 2956 1140 3023 civitatum,
1175 2965 1230 3012 et
1253 2958 1482 3027 reliqua.
1510 2958 1659 3011 Tuba
1689 2968 1866 3013 autem

259 3042 703 3112 congregationis
734 3046 873 3114 apud
922 3061 1101 3100 rerum
1139 3048 1502 3117 peritissimos
1548 3048 1652 3103 hoc
1705 3050 1867 3104 modo

261 3133 584 3203 intelligitur
614 3153 625 3188 :
656 3135 829 3190 tribus
857 3136 1047 3191 fistulis
1074 3122 1233 3193 areis
1266 3139 1320 3192 in
1364 3140 1542 3209 capite
1563 3140 1745 3195 voluto
1773 3154 1871 3211 per

260 3236 499 3296 quatuor
534 3230 847 3285 vociductas
892 3245 1083 3295 areas,
1113 3248 1233 3301 qua
1281 3245 1379 3302 per
1422 3249 1624 3287 areum
1676 3232 1870 3287 funda-
1900 3212 1944 3275 C

261 3329 509 3374 mentum
556 3330 849 3389 quaternas
903 3338 1062 3377 voces
1106 3326 1443 3392 producunt,
1490 3326 1757 3395 mugitum
1790 3324 1872 3379 ni-

259 3411 435 3467 mium
465 3413 1108 3483 vehementissimumque
1144 3415 1368 3484 profert.
1401 3417 1477 3470 Ita
1521 3416 1871 3487 Evangelium

259 3502 322 3556 in
352 3502 488 3556 trina
512 3502 853 3558 confessione
875 3505 1040 3558 trium
1068 3521 1423 3575 personarum
1457 3514 1657 3561 sancta
1688 3506 1870 3560 Trini-

262 3594 395 3647 tatis
422 3594 475 3646 in
513 3594 689 3664 capite
716 3603 963 3666 angusto,
994 3597 1097 3651 hoc
1123 3608 1228 3661 est,
1262 3598 1313 3651 in
1345 3598 1630 3651 nativitate
1668 3596 1870 3652 Christi

262 3688 550 3743 divinitate
612 3690 947 3759 inspiratur,
1000 3702 1055 3747 et
1113 3709 1212 3763 per
1266 3703 1501 3763 quatuor
1551 3693 1869 3749 vociductas

260 3794 459 3845 areas,
495 3796 592 3850 per
618 3790 854 3850 quatuor
879 3784 1275 3850 Evangelistas,
1311 3800 1407 3855 per
1443 3801 1644 3840 areum
1676 3786 1867 3841 funda-

262 3881 530 3937 mentum,
557 3872 906 3929 stabilitatem
924 3876 1131 3929 scilicet
1164 3864 1283 3930 ﬁdei
1310 3885 1364 3929 et
1405 3891 1629 3946 operum
1662 3879 1713 3931 in
1758 3886 1869 3931 toto

259 3964 399 4018 orbe
436 3978 624 4017 vocem
680 3965 847 4018 nimio
898 3966 1133 4020 clamore
1164 3968 1317 4036 quasi
1359 3968 1411 4021 in
1456 3969 1674 4021 modum
1728 3969 1869 4023 tuba

259 4055 704 4123 congregationis
730 4055 948 4109 emittit.
987 4056 1061 4110 De
1090 4056 1267 4111 fistula
1301 4064 1481 4112 autem
1506 4057 1740 4111 refertur
1770 4058 1866 4122 ita,

258 4146 411 4216 quod
435 4146 509 4199 sit
546 4146 863 4200 lmmbulum
888 4162 1089 4201 areum
1117 4148 1316 4202 ductile
1346 4150 1694 4217 quadratum,
1726 4149 1871 4203 latis-

259 4239 599 4313 simumque,
633 4238 687 4291 in
719 4238 935 4293 modum
974 4252 1187 4292 corona
1217 4253 1340 4292 cum
1370 4239 1550 4293 ﬁstulo
1590 4256 1732 4295 areo
1759 4240 1867 4295 fer-

258 4344 471 4398 reoque
510 4329 819 4395 commisto,
856 4329 997 4398 quod
1046 4330 1099 4382 in
1153 4328 1297 4399 ligno
1350 4330 1459 4384 alto
1512 4333 1869 4401 speciosoque

262 4420 506 4475 formato
535 4422 813 4489 superiore
858 4420 1036 4489 capite
1063 4422 1446 4491 constringitut
1468 4454 1481 4479 ;
1508 4422 1567 4477 ln
1608 4425 1709 4478 hoc
1737 4439 1870 4493 quo-

261 4529 374 4584 que
404 4529 502 4583 per
524 4513 731 4582 singula
760 4512 925 4565 latera
965 4512 1248 4567 duodecim
1278 4513 1532 4568 bumbula
1564 4529 1705 4568 area
1737 4516 1869 4570 duo-

262 4605 446 4659 decim
478 4603 673 4659 fistulis
707 4605 760 4658 in
785 4606 961 4659 medio
993 4604 1183 4673 positis
1207 4606 1259 4659 in
1283 4607 1501 4673 catenis,
1526 4607 1866 4676 dependent;

265 4698 349 4750 ita
397 4695 500 4748 tria
532 4695 788 4750 bumbula
820 4711 926 4749 uno
957 4696 1183 4749 bilatere
1212 4711 1311 4766 per
1347 4696 1635 4751 circuitum
1685 4698 1871 4767 utique

267 4786 551 4856 finguntur
579 4806 591 4840 :
629 4797 683 4840 et
710 4788 981 4841 concitato
1008 4788 1186 4857 primo
1215 4788 1563 4853 bumbulo,et
1586 4792 1873 4846 concitatis

266 4878 560 4937 duodecim
586 4877 966 4932 bumbulorum
1000 4878 1194 4933 fistulis
1224 4882 1275 4933 in
1311 4882 1488 4935 medio
1514 4882 1726 4951 positis,
1756 4884 1873 4937 cla-

266 4984 485 5027 morem
508 4985 761 5040 magnum
796 4968 1175 5040 fragoremque
1203 4972 1431 5025 nimium
1460 4988 1622 5041 supra
1654 4976 1872 5030 modum

267 5061 437 5117 simul
469 5060 769 5130 proferunt.

351 5149 673 5205 Bumbulum
722 5152 906 5221 itaque
953 5166 1075 5207 cum
1124 5153 1357 5219 fistulis,
1415 5154 1468 5208 id
1517 5163 1633 5220 est,
1684 5156 1877 5213 doctor

270 5244 336 5298 in
394 5243 571 5296 medio
626 5241 882 5297 Ecclesia
930 5251 1012 5296 cst
1060 5258 1182 5297 cum
1242 5243 1445 5314 Spiritu
1496 5254 1724 5312 sancto,
1782 5249 1875 5317 qui

272 5335 521 5404 loquitur
585 5335 638 5388 in
697 5349 782 5399 ea,
834 5336 1223 5405 constringitur
1282 5336 1337 5389 in
1407 5336 1551 5407 ligno
1605 5339 1755 5403 alto,
1822 5339 1875 5393 id

272 5438 395 5494 est,
429 5431 481 5483 in
520 5429 759 5495 Christo,
790 5429 882 5500 qui
946 5445 975 5483 a
1015 5431 1348 5498 sapientibus
1383 5430 1529 5502 ligno
1564 5433 1688 5487 vita
1729 5449 1877 5489 com-

271 5529 548 5595 paratur:
582 5522 635 5577 in
682 5532 895 5587 catena,
921 5521 973 5576 id
1003 5530 1119 5584 est,
1169 5521 1222 5573 in
1254 5522 1391 5588 ﬁde,
1440 5532 1497 5577 et
1526 5538 1634 5577 non
1666 5540 1724 5580 se
1748 5524 1875 5593 jun-

274 5613 361 5686 git
416 5619 601 5678 terra,
654 5611 707 5667 id
758 5620 863 5677 est,
910 5613 1166 5682 operibus
1203 5613 1530 5669 carnalibus.
1584 5616 1875 5672 Duodecim

273 5705 524 5776 Apostoli
556 5720 695 5760 cum
742 5705 954 5770 fistulis,
986 5706 1038 5760 id
1085 5714 1190 5771 est,
1216 5722 1337 5760 cum
1398 5708 1596 5763 divinis
1624 5708 1872 5779 eloquiis.

274 5799 526 5868 Cithara,
567 5802 636 5857 de
680 5816 786 5871 qua
834 5802 889 5856 in
938 5800 1354 5872 quadragesimo
1395 5802 1632 5857 secundo
1662 5801 1879 5857 Psalmo

1899 4563 1948 4623 D

1970 1932 2112 2013 quod
2142 1944 2197 1997 in
2228 1943 2446 1997 modum
2479 1943 2721 2007 cithara,
2755 1943 2847 2017 sed
2879 1945 3021 2014 quod
3055 1944 3109 1997 in
3153 1946 3371 1998 modmn
3400 1944 3576 2014 clypei

1969 2035 2220 2105 quadrati
2272 2033 2642 2089 conformetur
2702 2050 2823 2087 cum
2876 2036 3096 2089 chordis
3150 2036 3369 2103 decem,
3431 2035 3579 2089 sicut

1970 2126 2229 2195 scriptum
2256 2134 2340 2180 est
2371 2142 2381 2178 τ
2408 2123 2477 2178 1η
2500 2107 2748 2193 psalterio
2782 2126 2957 2179 decem
2990 2127 3309 2179 chordarum
3349 2124 3578 2196 psallam

1969 2216 2063 2269 tibi
2110 2214 2283 2286 (Psal.
2317 2216 2527 2285 CXLIII).
2561 2215 2665 2269 Sed
2710 2216 2836 2270 hinc
2892 2217 3015 2271 inde
3055 2216 3270 2271 chorda
3302 2217 3419 2285 ejus
3449 2231 3580 2270 con-

1971 2309 2113 2361 trita
2160 2318 2287 2363 sunt
2315 2324 2328 2362 :
2358 2318 2417 2362 ut
2449 2318 2820 2379 resurgentem
2875 2311 2943 2364 ab
2994 2310 3181 2366 inferis
3221 2312 3288 2366 ad
3315 2311 3579 2367 calorum

1971 2413 2134 2469 regna
2167 2415 2265 2469 per
2315 2400 2575 2454 indicium
2630 2416 2823 2454 manus
2860 2401 3187 2456 concitantis
3240 2402 3307 2457 ab
3360 2402 3471 2457 imo
3524 2402 3580 2457 in

1970 2493 2139 2548 altum
2166 2493 2539 2563 significarent
2566 2494 2908 2563 psalterium,
2939 2494 3079 2563 quod
3115 2495 3274 2566 vulgo
3305 2497 3579 2550 canticum

1971 2583 2189 2649 dicitur,
2219 2591 2273 2636 et
2306 2598 2335 2636 a
2364 2584 2645 2653 psallendo
2682 2593 2767 2638 est
2798 2585 3133 2639 nominatum
3163 2607 3174 2638 :
3203 2586 3347 2655 quod
3377 2586 3443 2640 ad
3465 2584 3585 2653 ejus

1972 2690 2161 2730 vocem
2215 2677 2413 2731 chorus
2462 2668 2812 2733 consonando
2859 2680 3203 2749 respondeat.
3256 2679 3352 2735 Est
3402 2688 3583 2736 autem

1971 2767 2270 2822 similitudo
2300 2768 2524 2823 cithara
2550 2770 2849 2824 barbarica
2882 2771 2965 2840 (ut
3012 2772 3101 2826 alii
3142 2772 3351 2843 volunt)
3384 2773 3435 2827 in
3468 2788 3586 2826 mo-

1973 2863 2099 2917 dum
2122 2862 2279 2917 delta
2302 2863 2518 2918 littera.
2548 2861 2653 2917 Sed
2675 2864 2927 2919 Psalterii
2960 2874 3015 2919 et
3037 2866 3261 2920 cithara
3283 2866 3401 2920 hac
3431 2862 3585 2919 diffe-

1972 2952 2145 3007 rentia
2194 2961 2297 3018 est,
2324 2954 2466 3022 quod
2500 2953 2823 3009 Psalterium
2859 2954 3063 3025 lignum
3096 2956 3227 3011 illud
3252 2971 3576 3022 concavum,

1972 3046 2118 3101 unde
2149 3060 2313 3100 sonus
2359 3046 2625 3111 redditur,
2674 3048 2926 3115 superius
2977 3047 3164 3112 habet,
3216 3056 3270 3102 et
3322 3048 3578 3102 deorsum

1978 3135 2227 3190 feruntur
2270 3136 2506 3201 chorda,
2542 3144 2598 3194 et
2633 3137 2863 3207 desuper
2922 3148 3137 3193 sonant.
3189 3137 3410 3194 Cithara
3452 3154 3583 3195 vero

1977 3229 2375 3284 concavitatem
2402 3227 2531 3296 ligni
2576 3228 2803 3283 inferius
2844 3229 3025 3283 habet.
3049 3229 3374 3285 Psalterium
3402 3238 3585 3285 autem

1978 3320 2189 3375 Hebrai
2216 3320 2591 3375 decachordou
2640 3320 2723 3373 usi
2770 3329 2898 3374 sunt
2923 3328 3146 3390 propter
3174 3336 3461 3376 numerum
3491 3322 3585 3376 de-

1977 3412 2226 3483 calogum
2258 3412 2411 3481 legis.
2441 3412 2664 3467 Cithara
2690 3412 2960 3483 significat
2994 3423 3185 3483 pectus
3212 3414 3491 3478 devotum,
3528 3413 3582 3468 in

1977 3520 2107 3573 quo,
2140 3515 2399 3574 tanquam
2426 3505 2600 3571 nervi,
2633 3513 2761 3558 sunt
2778 3505 3027 3568 virtutes,
3057 3505 3159 3559 hoc
3188 3513 3286 3565 est,
3317 3504 3584 3573 spiritalia

1975 3598 2140 3662 bona,
2170 3605 2229 3649 ut
2273 3596 2327 3650 in
2376 3595 2595 3650 Psalmo
2631 3614 2643 3648 :
2676 3584 2918 3665 Exsurge
2950 3594 3258 3664 psalterium
3301 3604 3348 3648 et
3380 3595 3585 3647 cithara

1978 3686 2151 3759 (Psal.
2178 3688 2332 3760 cvu),
2372 3689 2425 3742 id
2468 3697 2569 3750 est,
2622 3704 2786 3757 opera
2842 3704 2965 3743 cum
3000 3688 3123 3743 fide.
3172 3688 3241 3741 Et
3283 3688 3336 3741 in
3384 3686 3585 3741 malam

1974 3788 2185 3849 partem
2220 3788 2279 3833 ut
2308 3780 2362 3860 ip
2390 3780 2527 3834 lsaia
2560 3797 2571 3831 :
2608 3776 2825 3832 Cithara
2854 3788 2900 3831 et
2947 3780 3061 3849 lyra
3111 3788 3159 3832 et
3190 3789 3493 3849 tympanum
3537 3787 3587 3832 et

1974 3872 2150 3925 vinum
2178 3872 2231 3923 in
2262 3871 2507 3924 conviviis
2537 3871 2716 3924 vestris
2760 3868 2894 3939 (Isa.
2929 3873 3017 3935 v);
3051 3870 3100 3923 in
3137 3885 3243 3937 quo
3268 3870 3586 3939 designatur

1973 3961 2417 4029 voluptuosorum
2450 3959 2683 4012 luxuria.
2734 3958 3058 4013 Psalterium
3093 3974 3223 4013 vero
3247 3974 3411 4027 opera
3439 3960 3583 4013 bona

1974 4050 2265 4122 significat,
2299 4059 2359 4104 ut
2385 4059 2471 4105 est
2496 4050 2624 4105 illud
2671 4051 2725 4103 in
2754 4050 2963 4117 psalmo
2995 4068 3007 4103 :
3042 4048 3363 4103 Psalterium
3385 4051 3587 4120 jucun-

1974 4144 2098 4196 dum
2122 4158 2241 4195 cum
2266 4143 2470 4195 cithara
2496 4139 2670 4212 (Psal.
2692 4142 2868 4213 xvm).
2900 4142 3031 4196 Item
3052 4140 3371 4211 psalterium
3395 4142 3585 4196 decem

1974 4234 2302 4289 chordarum
2332 4236 2579 4304 operatio
2612 4235 2799 4288 decem
2832 4246 3227 4304 praceptorum
3262 4235 3419 4306 legis,
3443 4243 3501 4289 ut
3531 4235 3586 4290 in

1973 4327 2182 4396 psalmo
2233 4346 2243 4380 :
2295 4326 2363 4379 In
2416 4318 2665 4397 psalterio
2705 4329 2884 4381 decem
2935 4328 3255 4381 chordarum
3300 4328 3509 4396 psallite
3537 4330 3587 4382 ei

1977 4418 2149 4490 (Psal.
2176 4420 2386 4492 cxun).
2417 4420 2552 4474 Item
2581 4420 2653 4475 ibi
2690 4439 2703 4474 :
2736 4419 2803 4473 In
2840 4420 3188 4484 decachordo,
3218 4421 3417 4490 inquit,
3443 4420 3588 4491 psal-

1978 4513 2109 4567 terio
2136 4528 2251 4565 cum
2284 4513 2487 4565 cantico
2514 4522 2561 4565 et
2588 4512 2793 4564 cithara
2822 4509 3181 4581 (Ρωμαῖοι),
3219 4512 3270 4564 id
3294 4519 3397 4575 est,
3421 4525 3581 4565 sensu

1974 4611 2029 4657 et
2061 4602 2187 4658 ﬁde.
2217 4602 2293 4655 De
2320 4602 2447 4656 tuba
2473 4610 2677 4666 autem,
2696 4600 2955 4671 psalterio
2980 4610 3033 4656 et
3060 4602 3270 4656 cithara
3300 4602 3353 4657 in
3375 4602 3586 4673 psalmo

1978 4696 2243 4766 scriptum
2276 4704 2358 4750 est
2391 4714 2402 4748 :
2436 4688 2678 4749 Laudate
2704 4711 2823 4749 eum
2874 4696 2930 4748 in
2979 4712 3108 4749 sono
3153 4697 3291 4750 tuba:
3324 4714 3341 4751 :
3371 4697 3587 4751 laudate

1977 4806 2093 4843 eum
2122 4790 2175 4842 in
2212 4787 2460 4855 psalterio
2487 4797 2533 4840 et
2566 4788 2771 4841 cithara
2818 4785 2989 4857 (Psal.
3045 4788 3153 4859 CL).
3206 4788 3331 4843 Hac
3382 4790 3586 4845 instru-

1978 4889 2158 4934 menta
2189 4879 2396 4933 musica
2419 4876 2762 4947 signiﬁcabili
2792 4877 2951 4931 modo
2979 4878 3046 4931 ad
3078 4878 3279 4948 aliquid
3310 4887 3587 4948 ponuntur

1978 4972 2034 5026 in
2095 4970 2339 5024 ordinem
2378 4988 2388 5022 :
2423 4978 2482 5022 ut
2529 4968 2655 5021 tuba
2708 4975 3001 5037 concrepet
3051 4968 3162 5039 regi
3207 4986 3219 5021 :
3268 4969 3587 5039 psalterium

1983 5069 2139 5115 canat
2177 5060 2325 5114 Deo:
2358 5059 2564 5113 cithara
2592 5072 2714 5111 cum
2758 5056 2982 5127 reliquis
3014 5073 3231 5127 sponso.
3282 5058 3389 5113 Ista
3439 5060 3586 5113 enim

1981 5152 2054 5206 ibi
2088 5166 2193 5204 non
2219 5166 2336 5204 esse
2354 5147 2699 5202 manifestum
2720 5156 2803 5203 est
2828 5163 2841 5201 :
2874 5149 2967 5203 sed
2996 5149 3111 5203 hac
3131 5149 3313 5203 omnia
3341 5150 3587 5220 mysticis

1983 5242 2336 5297 allusionibus
2358 5241 2424 5295 ad
2448 5240 2723 5294 Christum
2748 5241 3036 5295 Dominum
3057 5250 3272 5296 constat
3298 5255 3419 5296 esse
3447 5241 3586 5296 refe-

1981 5340 2170 5401 renda,
2200 5337 2289 5406 qui
2317 5343 2402 5390 est
2434 5350 2529 5390 rex
2564 5344 2618 5389 et
2667 5334 2829 5399 Deus,
2864 5344 2920 5389 et
2972 5350 3202 5405 sponsus
3236 5343 3439 5389 sancta
3478 5336 3583 5390 Ec-

1983 5433 2177 5487 clesia.
2197 5429 2465 5484 Sambuca
2492 5430 2672 5498 itaque
2695 5430 2833 5500 apud
2858 5414 3215 5499 peritissimos
3231 5429 3583 5487 Hebraorum

1964 5528 2166 5597 .ignota
2216 5539 2304 5578 res
2354 5531 2453 5578 est.
2509 5522 2763 5593 Antiquis
2819 5532 2999 5577 autem
3058 5524 3391 5593 temporibus
3441 5524 3583 5593 apud

1983 5616 2263 5671 Chaldaos
2295 5614 2461 5669 fuisse
2505 5615 2793 5684 reperitur,
2825 5615 2965 5668 sicut
2991 5616 3256 5685 scriptum
3290 5624 3371 5669 est
3406 5634 3416 5667 :
3446 5612 3583 5670 Cu‘m

1983 5709 2257 5762 audieritis
2288 5724 2459 5762 vocem
2482 5708 2639 5773 tuba,
2663 5705 2879 5775 fistula,
2902 5707 3139 5771 cithara,
3163 5706 3445 5770 sambucas,
3471 5715 3578 5763 etc.

1984 5801 2145 5874 (Dan.
2176 5802 2282 5875 ιιι).
2301 5801 2470 5857 Bucin
2492 5809 2719 5857 vocatur
2738 5801 2867 5855 tuba
2892 5799 3031 5869 apud
3060 5798 3316 5855 Hebraeos
3341 5816 3354 5864 ;
3384 5799 3581 5857 deinde
