3922 6356
379 420 483 478 499

1011 414 1084 470 Β.
1124 412 1378 469 RABANI
1416 411 1636 470 MAURI
1671 411 1986 470 ARCHIEI’.
2028 409 2335 482 MOGUN’I.
2377 410 2664 470 OPERUM
2691 417 2870 476 PARS
2905 421 2971 478 ll.

3533 431 3640 488 500

377 547 475 603 per
519 529 925 586 diminutionem
969 527 1163 582 bucina
1215 527 1456 582 dicitur:
1483 527 1734 582 sambuca
1783 533 1960 580 autem
1987 527 2206 586 Adicta
2239 535 2420 582 autem
2466 529 2736 600 cymbala,
2783 531 2914 601 quia
2958 547 3082 589 cum
3133 537 3447 594 ballematia'
3493 543 3636 597 simu

379 623 462 679 sol
488 621 628 693 apud
661 619 916 676 Hebraeos
935 619 1344 688 interpretatur,
1369 617 1510 672 sicut
1538 617 1797 688 scriptum
1823 623 1906 670 est
1947 635 1960 671 :

379 715 607 774 Samson
635 713 713 769 sol
754 729 956 768 eorum.
985 711 1278 782 Propterea
1327 719 1506 766 autem
1537 711 1790 765 sambuca
1822 707 1963 778 apud

377 822 473 863 eos
499 805 814 862 inscribitur
839 823 852 858 :
887 805 1012 874 quia
1035 801 1190 857 multi
1216 803 1476 858 corticem
1499 800 1726 870 alicujus
1754 797 1962 853 arboris

375 914 496 956 esse
515 907 728 970 putant,
757 907 812 953 et
835 913 931 968 per
975 896 1252 950 linituram
1278 911 1415 950 cerua
1445 893 1619 948 mellis
1645 907 1767 947 esse
1796 906 1958 946 sono-

373 1007 514 1058 rum,
556 991 700 1062 quod
731 991 784 1044 in
815 991 1032 1044 modum
1084 989 1224 1042 tubae
1251 987 1316 1040 de
1345 1001 1494 1040 ramo
1520 983 1729 1038 arboris
1754 981 1960 1037 moveri

369 1093 567 1156 potest.
599 1084 665 1137 Et
719 1083 838 1138 ideo
881 1083 1136 1137 sambuca
1181 1079 1392 1142 dicitur,
1444 1077 1586 1146 quod
1627 1077 1678 1129 in
1719 1082 1960 1144 tempore

370 1179 574 1234 testatis
606 1185 812 1232 tantum
841 1175 956 1230 ﬁeri
987 1183 1182 1245 potest,
1209 1181 1262 1228 et
1287 1185 1457 1240 usque
1489 1171 1556 1224 ad
1583 1167 1800 1238 frigoris
1825 1175 1960 1220 tem-

363 1285 465 1339 pus
494 1269 692 1323 durare
716 1275 911 1337 potest.
944 1265 1156 1320 Arescit
1205 1263 1346 1316 enim
1380 1259 1674 1315 secundum
1707 1271 1956 1312 'commu-

365 1377 489 1414 12cm
521 1359 960 1414 consuetudinem
989 1373 1001 1408 :
1037 1356 1151 1410 haec
1195 1364 1379 1424 typum
1425 1359 1570 1406 tenet
1621 1363 1830 1413 eormn,
1861 1345 1954 1416 qui

364 1449 650 1504 hominum
689 1448 742 1502 in
771 1449 928 1502 bon-is
955 1447 1070 1501 suis
1099 1446 1340 1508 laudant,
1370 1444 1686 1510 in'tempore
1717 1437 1950 1510 frigoris,

363 1544 413 1596 ii
441 1553 545 1608 est,
581 1542 634 1596 in
659 1549 902 1610 tempore
927 1537 1288 1593 tribulationis
1311 1533 1392 1589 vel
1421 1530 1811 1604 persecutionis
1840 1529 1953 1585 lau-

361 1635 489 1689 dare
537 1650 660 1689 eum
700 1649 806 1686 non
863 1638 1105 1702 possunt,
1158 1637 1377 1698 propter
1410 1625 1781 1681 inﬁdelitatem
1829 1621 1952 1675 vita:

357 1743 568 1793 eorum,
586 1735 640 1782 ct
660 1725 1048 1782 abundantiam
1069 1723 1375 1778 divitiarum
1397 1735 1634 1776 suarum.
1651 1717 1789 1786 Lyra
1805 1715 1948 1769 dicta

357 1835 460 1890 apo
494 1829 584 1873 tou
605 1817 805 1884 lurcin,
832 1817 886 1871 id
913 1825 1014 1880 est,
1042 1832 1070 1868 a
1092 1815 1352 1868 varietate
1377 1827 1589 1875 vocum,
1608 1808 1750 1879 quod
1772 1807 1950 1862 diver-

355 1888 446 1968 sos
467 1927 628 1968 sonos
641 1910 851 1976 efﬁciat.
869 1910 1062 1981 Lyram
1086 1907 1318 1978 primum
1341 1923 1369 1960 a
1387 1905 1649 1960 Mercurio
1673 1903 1948 1957 inventam
1977 1888 2025 1946 Β

353 2002 520 2057 fuisse
562 2003 748 2056 dicunt
795 2002 895 2064 hoc
949 2001 1106 2054 modo
1143 2017 1155 2052 :
1191 2013 1314 2053 cum
1371 1997 1680 2067 regrediens
1709 1993 1858 2048 Nilus
1889 1994 1943 2048 in

351 2113 480 2152 suos
509 2105 715 2150 meatus
745 2094 894 2148 varia
927 2094 980 2148 in
1026 2094 1232 2162 campis
1283 2092 1591 2161 reliquisset
1642 2088 1892 2144 animalia
1926 2107 1939 2143 :

349 2189 536 2243 relicta
574 2187 738 2242 etiam
769 2187 982 2241 testudo
1009 2195 1107 2242 est.
1138 2201 1258 2254 quae
1293 2199 1414 2240 cum
1445 2182 1746 2252 putrefacta
1776 2191 1939 2246 esset,

348 2289 405 2334 ct
451 2279 601 2334 nervi
655 2280 771 2350 ejus
819 2278 1208 2332 remansissent
1251 2275 1485 2339 extenti,
1545 2275 1687 2328 intra
1733 2273 1942 2328 corium

345 2385 608 2444 percussa
638 2387 666 2424 a
691 2369 958 2424 Mercurio
981 2367 1216 2422 sonitum
1243 2367 1412 2432 dedit,
1439 2368 1504 2420 ad
1535 2367 1688 2437 cujus
1707 2365 1938 2434 speciem

343 2463 645 2520 Mercurius
691 2464 860 2534 lyram
911 2462 1060 2526 fecit,
1097 2469 1152 2516 et
1181 2461 1395 2532 Orpheo
1425 2461 1667 2526 tradidit,
1695 2461 1786 2530 qui
1827 2457 1939 2528 eius

342 2555 427 2610 rei
455 2555 690 2610 maxime
721 2553 994 2608 studiosus
1021 2561 1171 2606 erat:
1198 2553 1340 2607 unde
1361 2561 1416 2607 et
1435 2553 1732 2608 :estimatnr
1751 2552 1938 2604 eadem

343 2654 463 2702 arte
492 2662 599 2701 non
625 2644 772 2701 feras
800 2653 1030 2711 tantum,
1059 2646 1151 2700 sed
1175 2654 1229 2700 et
1247 2660 1388 2700 saxa
1435 2653 1596 2714 atque
1626 2643 1790 2698 silvas
1813 2658 1940 2697 can-

340 2747 431 2794 tus
455 2737 819 2794 modulatione
834 2738 1172 2808 applicuisse.
1198 2736 1349 2791 Hauc
1379 2737 1572 2791 musici
1608 2743 1940 2790 structuram

338 2817 563 2898 propter
591 2827 754 2884 studii
774 2843 1033 2892 amorem,
1061 2837 1115 2883 et
1139 2829 1397 2888 carminis
1423 2829 1657 2894 laudem,
1673 2827 1835 2882 etiam
1859 2827 1939 2882 in-

340 2927 423 2974 ter
452 2919 630 2975 sidera
655 2935 878 2976 suarum
909 2919 1217 2975 fabularum
1251 2921 1572 2976 commentis
1617 2920 1936 2976 collocatam

339 3025 458 3067 esse
487 3011 782 3068 ﬁnxerunt.
823 3013 964 3084 Lyra
995 3015 1136 3068 enim
1168 3015 1394 3084 mystice
1425 3012 1695 3084 signiﬁcat
1723 3021 1936 3069 sancto-

337 3117 460 3158 rum
481 3101 917 3159 exsultationem.
955 3105 1108 3160 Unde
1145 3107 1197 3158 in
1223 3105 1674 3177 Paralipomendn
1697 3107 1892 3178 legitur
1919 3126 1930 3162 :

335 3193 400 3247 In
449 3193 576 3264 [υτ-εδ
632 3203 679 3248 et
717 3195 884 3249 nablis
914 3195 962 3266 (1
997 3195 1122 3249 Par.
1152 3196 1274 3268 xv);
1306 3206 1360 3252 et
1387 3198 1440 3250 in
1470 3199 1665 3252 malam
1695 3207 1926 3270 partem,

335 3293 392 3339 ut;
416 3285 469 3338 in
489 3283 654 3340 Amos
673 3304 684 3338 :
703 3285 770 3339 Et
793 3289 998 3340 cantica
1017 3287 1144 3356 lyrw
1165 3297 1268 3342 tum
1291 3306 1392 3342 non
1416 3291 1630 3344 audiam
1654 3291 1832 3364 (Amos
1846 3293 1923 3365 v).

335 3376 676 3447 Tympanum
703 3385 786 3434 est
811 3377 965 3448 pellis
1008 3377 1092 3432 vel
1142 3379 1344 3432 corium
1376 3380 1519 3450 ligno
1549 3397 1610 3436 ex
1642 3399 1744 3436 una
1773 3393 1927 3452 parte

333 3477 612 3526 extentum
641 3485 654 3522 :
679 3479 764 3526 est
791 3479 968 3524 autem
993 3485 1119 3540 pars
1147 3472 1321 3526 media
1349 3476 1681 3544 symphoniae
1705 3476 1758 3530 in
1783 3477 1928 3532 sinti-

333 3563 614 3618 titudinem
638 3563 824 3627 cribri,
853 3571 1168 3634 tympanum
1196 3565 1396 3620 dictum
1419 3583 1484 3621 eo
1499 3569 1642 3636 quod
1673 3571 1726 3622 in
1751 3571 1926 3626 medio

332 3663 416 3709 est
439 3673 451 3708 :
481 3655 623 3709 unde
644 3662 698 3707 ct
724 3655 1074 3723 margaritum
1099 3655 1334 3710 medimn
1363 3665 1668 3728 tympanum
1693 3659 1921 3715 dicitur:

333 3757 388 3802 et
420 3749 594 3818 ipsum
620 3757 680 3802 ut
700 3749 1018 3819 symphonia
1052 3750 1116 3802 ad
1143 3750 1402 3818 virgulam
1429 3749 1746 3822 percutitur.
1765 3756 1928 3826 Tym-

329 3853 530 3910 panum
561 3839 748 3908 paucis
773 3839 951 3893 verbis
981 3839 1238 3908 explicari
1275 3852 1508 3910 oportet,
1534 3844 1674 3912 quod
1704 3847 1926 3900 minima

329 3950 418 3989 res
445 3942 544 4000 cst,
599 3950 664 3989 co
691 3935 832 4004 quod
881 3934 934 3988 in
985 3951 1146 3987 ntanu
1179 3934 1421 3990 mulieris
1467 3939 1670 4006 portari
1725 3949 1922 4008 potest,

327 4027 467 4082 sicut
491 4027 750 4096 scriptum
781 4035 866 4080 cst
893 4026 944 4078 in
982 4025 1166 4079 Exodo
1197 4043 1208 4078 :
1241 4023 1474 4096 Sumpsi:
1523 4038 1695 4082 autem
1749 4029 1924 4084 Maria

328 4119 656 4188 prophetissa
709 4133 859 4170 soror
907 4117 1086 4169 Aaron
1147 4125 1446 4186 tympanum
1507 4119 1561 4170 in
1613 4136 1772 4173 manu
1827 4138 1923 4174 sua

329 4207 528 4280 (Exod.
575 4209 696 4277 xv);
729 4219 780 4260 ct
822 4215 903 4261 est
933 4206 1060 4260 tuba
1093 4223 1213 4260 cum
1264 4224 1370 4260 una
1415 4207 1590 4263 listula
1647 4210 1700 4264 in
1750 4211 1926 4280 capite

327 4307 575 4368 angusto,
621 4313 715 4367 per
746 4297 886 4366 quod
935 4296 1158 4366 inspirat
1185 4313 1197 4349 :
1225 4297 1304 4350 sic
1333 4307 1384 4351 et
1419 4299 1636 4352 minima
1663 4301 1924 4368 sapientia

325 4387 463 4460 legis
511 4391 707 4444 veteris
755 4393 806 4444 in
835 4407 999 4444 manu
1029 4391 1332 4446 Judaeorum
1375 4410 1657 4465 synagogte
1689 4397 1924 4465 anliqnis

325 4483 661 4553 temporibus
691 4482 808 4538 fuit.
838 4483 976 4538 Item'
1001 4493 1312 4554 tympanum
1359 4499 1554 4556 corpus
1587 4496 1921 4544 attenuatum

324 4577 380 4635 in
399 4578 606 4648 jejunio
637 4577 922 4650 signiﬁcat,
959 4587 1016 4632 ut
1049 4580 1100 4634 in
1153 4580 1398 4649 psalmo:
1440 4581 1677 4638 Laudate
1723 4603 1838 4638 cum
1867 4587 1917 4638 in
1949 4613 2000 4672 D

331 4679 580 4739 tympano
603 4681 648 4722 et
672 4671 827 4724 choro
854 4669 1026 4741 (Psal.
1076 4673 1182 4742 CL).
1214 4675 1425 4728 Chorus
1455 4692 1668 4745 quoque
1695 4679 1921 4746 simplex

325 4761 486 4834 pellis
516 4771 597 4817 est
643 4779 764 4817 cum
813 4765 1020 4818 duabus
1045 4765 1235 4820 cicutis
1284 4769 1459 4832 aereis,
1489 4779 1540 4822 et
1565 4787 1661 4838 per
1693 4772 1920 4840 primani

328 4851 678 4921 inspiratur:
723 4869 820 4923 per
869 4857 1185 4921 secundum,
1237 4873 1423 4912 vocem
1465 4859 1713 4914 emittit:
1765 4870 1922 4932 typus

327 4945 512 5016 populi
561 4945 783 5014 prioris,
833 4949 924 5017 qui
979 4957 1261 5018 angustant
1326 4951 1727 5023 intelligentiam
1791 4955 1919 5026 legis

326 5047 632 5105 acceperat,
663 5047 716 5091 et
741 5055 837 5108 per
863 5049 1141 5109 angustam
1169 5041 1495 5097 voluntatem
1519 5047 1918 5114 pl‘JltllC'tllOlllS

325 5117 508 5185 omnia
555 5129 840 5186 inﬁrmiter
869 5133 1196 5201 praulicavit.
1247 5137 1303 5188 Si
1359 5145 1538 5190 autem
1589 5147 1796 5192 terrena
1827 5155 1916 5193 sa~

325 5220 540 5290 pienter
594 5237 656 5275 ac
705 5221 988 5293 diligenter
1057 5226 1428 5293 respiciamus,
1487 5229 1642 5298 spirit
1685 5231 1804 5284 liter
1854 5247 1917 5287 ac

325 5314 556 5382 mystice
593 5314 939 5382 intelligenda
983 5325 1126 5370 sunt.
1183 5316 1316 5371 Item
1368 5320 1473 5373 alio
1505 5320 1682 5386 modo,
1720 5321 1916 5378 chorus

330 5404 618 5459 concordia
649 5413 730 5459 est
763 5405 1062 5470 charitatis,
1093 5407 1182 5462 ubi
1209 5417 1263 5462 et
1296 5425 1454 5478 supra
1490 5427 1500 5462 :
1531 5409 1769 5466 Laudate
1798 5431 1914 5467 eum

323 5496 382 5549 in
410 5487 653 5564 tympano
680 5508 726 5551 et
759 5499 916 5551 choro
961 5496 1181 5570 (Ibid);
1229 5509 1282 5554 et
1327 5501 1382 5554 in
1422 5501 1580 5556 aliam
1603 5513 1828 5572 partem,
1858 5515 1915 5559 ut

321 5585 379 5642 in
409 5585 656 5668 .Jeremia
704 5587 920 5659 (Tltren.
955 5593 1008 5660 v)
1041 5611 1052 5645 :
1097 5589 1284 5647 Versus
1319 5604 1392 5648 est
1422 5595 1476 5648 in
1505 5595 1698 5666 luctum
1725 5597 1910 5652 chorus

323 5689 500 5733 noster
517 5697 532 5745 ;
557 5690 610 5736 et
640 5680 766 5736 alibi
791 5702 802 5735 :
837 5683 906 5735 Et
935 5701 1186 5752 organum
1209 5703 1378 5740 meum
1407 5687 1460 5741 in
1485 5704 1654 5759 vocem
1675 5691 1911 5760 ﬂentium
1959 5705 1965 5710 ‘

325 5770 472 5840 (Job.
526 5775 678 5846 xxx).
713 5773 970 5846 Cymbala
1021 5779 1300 5832 acetabula
1347 5779 1590 5850 quaedam
1623 5790 1768 5846 sunt,
1792 5797 1911 5852 qua:

322 5878 580 5939 percussa
632 5870 860 5926 invicem
919 5886 978 5926 se
1029 5879 1273 5942 tangunt,
1326 5881 1379 5929 et
1439 5873 1862 5929 faciuntsonum
1893 5882 1908 5928 :'

2064 622 2457 692 percutiuntur,
2483 637 2604 678 cum
2627 626 2772 678 enim
2799 624 2972 681 Graeci
3000 628 3184 682 dicunt
3207 633 3452 702 cymbala
3483 635 3656 692 halle-

2063 713 2279 779 matica,
2311 715 2374 770 de
2400 730 2506 785 quo
2530 715 2584 770 in
2609 716 2817 784 psalmo
2839 717 3096 788 scripturn
3125 729 3209 774 est
3237 735 3251 772 :
3275 722 3514 780 Laudate
3535 744 3654 782 eum

2062 806 2116 859 in
2147 807 2398 876 cymbalis
2420 808 2544 862 bene
2571 809 2876 863 sonantibus
2905 807 3077 876 (Paul.
3102 811 3208 884 eL).
3237 813 3491 884 Cymbala
3517 821 3656 876 bene

2063 901 2310 954 sonantia
2345 901 2486 954 labia
2533 913 2716 955 nostra
2769 903 3025 958 debemus
3069 905 3334 974 accipere,
3374 925 3494 976 quae
3545 929 3652 968 non

2061 988 2334 1044 immerito
2355 991 2497 1044 inter
2523 992 2728 1045 musica
2751 993 3106 1050 instrumenta
3131 997 3303 1066 posita
3333 1007 3458 1052 sunt
3483 1019 3496 1053 :
3525 1004 3652 1070 quia

2058 1087 2112 1133 et
2155 1081 2464 1150 .similitndo
2499 1081 2743 1151 quaedam
2789 1091 2871 1136 est
2925 1085 3292 1153 cymbalorum
3327 1104 3340 1139 :
3373 1095 3428 1141 et
3451 1103 3550 1157 per
3585 1104 3652 1144 ea

2057 1184 2222 1224 voces
2270 1171 2518 1226 humanae
2581 1171 2920 1226 harmoniam
2983 1174 3210 1230 reddere
3271 1178 3652 1232 suavissimam

2057 1262 2497 1331 comprobantur.
2515 1260 2806 1315 Harmonia
2836 1270 2918 1316 est
2938 1263 3081 1317 enim
3103 1264 3436 1322 diversarum
3463 1283 3650 1322 rerum

2056 1355 2110 1409 in
2143 1369 2306 1408 unam
2333 1355 2764 1410 convenientiam
2817 1355 3034 1409 redacta
3065 1357 3336 1426 copulatio
3367 1375 3380 1412 :
3421 1361 3566 1428 quod
3595 1369 3654 1414 et

2054 1445 2112 1499 in
2155 1461 2286 1501 voce
2331 1448 2562 1500 humana
2599 1453 2809 1500 constat
2863 1447 3105 1502 accidere
3141 1469 3153 1502 :
3183 1451 3396 1518 quando
3423 1461 3478 1506 et
3506 1461 3649 1506 tem-

2053 1549 2187 1608 pora
2216 1539 2334 1607 ipsa
2359 1546 2414 1592 et
2439 1538 2658 1608 syllabae
2683 1539 2734 1591 in
2771 1553 2932 1592 unam
2977 1539 3128 1594 vocis
3155 1543 3498 1596 concordiam
3525 1557 3650 1612 per-

2053 1629 2338 1707 ducuntur.
2372 1627 2689 1682 Sistrumab
2711 1629 3012 1684 i-nventrice
3039 1641 3287 1686 vocatum
3319 1651 3331 1686 :
3357 1632 3458 1688 Isis
3501 1631 3650 1689 enim

2052 1721 2239 1792 regina
2289 1719 2668 1792 lEgyptiorum
2713 1720 2768 1775 id
2823 1735 2991 1791 genus
3048 1722 3319 1779 invenisse
3355 1726 3643 1795 probatur.

2050 1813 2324 1870 Iuvenalis
2353 1831 2366 1869 :

2177 1913 2265 1963 Isis
2289 1917 2340 1961 et
2365 1914 2486 1961 irato
2511 1911 2653 1962 feriat
2673 1925 2782 1962 mea
2804 1913 2984 1964 lumina
3007 1917 3170 1965 sistro.

2117 1995 2244 2050 lude
2292 2003 2346 2049 et
2377 1997 2478 2051 hoc
2507 1997 2761 2052 mulieres
2807 2000 3142 2069 percutiunt,
3185 2015 3250 2055 eo
3281 2001 3422 2071 quod
3453 2001 3646 2058 inven-

2047 2088 2151 2141 trix
2195 2087 2354 2157 hujus
2385 2089 2600 2158 generis
2637 2089 2830 2143 mulier
2861 2088 2980 2143 fuit.
3013 2091 3164 2146 Unde
3193 2101 3248 2146 et
3289 2093 3430 2162 apud
3471 2095 3642 2148 Ama-

2046 2197 2210 2236 zonas
2234 2183 2398 2236 sistro
2427 2182 2492 2235 ad
2529 2181 2722 2236 bellum
2750 2183 3073 2238 t'emirmrum
3109 2187 3381 2241 exercitus
3409 2191 3645 2243 vocalia-

2046 2281 2152 2326 tur.
2179 2273 2620 2328 Tintinnabulum
2645 2273 2710 2328 de
2731 2289 2864 2328 sono
2888 2276 3033 2328 vocis
3061 2291 3258 2330 nomen
3281 2277 3442 2332 habet
3467 2297 3479 2331 :
3501 2280 3644 2332 sicut

2044 2373 2100 2418 et
2149 2363 2370 2434 plausus
2413 2379 2689 2428 manuum,
2735 2365 2936 2420 stridor
2975 2365 3270 2420 valvarum.
3303 2369 3644 2439 Symphonia

2043 2455 2201 2524 vulgo
2247 2455 2546 2523 appellatur
2589 2455 2791 2526 lignum
2840 2472 3030 2510 cavum
3083 2475 3152 2512 ex
3203 2471 3432 2527 utraque
3485 2473 3643 2529 parte

2041 2548 2178 2619 pelle
2220 2557 2459 2613 extenta,
2503 2565 2666 2619 quam
2723 2549 2946 2620 virgulis
2999 2551 3125 2605 hinc
3171 2560 3224 2606 et
3274 2551 3396 2606 inde
3441 2554 3638 2607 musici

2039 2638 2242 2694 feriunt
2289 2659 2301 2694 :
2359 2639 2524 2708 ﬁtque
2573 2641 2626 2694 in
2672 2655 2734 2695 ea
2781 2657 2847 2696 cx
2883 2643 3172 2698 concordia
3199 2643 3378 2712 gravis
3407 2651 3462 2698 et
3489 2645 3637 2698 acuti

2041 2733 2392 2789 suavissimus
2419 2742 2632 2790 cantus.
2844 2727 2852 2735 ”

2655 2826 2884 2883 CAPUT
2923 2827 2987 2884 V.

2638 2917 2715 2973 De
2748 2919 3025 2974 medicina.

2111 3010 2374 3066 Medicina
2399 3019 2504 3078 est,
2532 3027 2650 3082 quae
2679 3013 2922 3082 corporis
2949 3011 3033 3067 vel
3071 3020 3274 3078 tuetur,
3301 3012 3386 3068 vel
3411 3025 3629 3070 restau-

2040 3111 2126 3157 rat
2162 3102 2386 3158 salutem
2421 3122 2432 3156 :
2463 3102 2614 3172 cujus
2663 3105 2888 3158 materia
2919 3113 3169 3160 versatur
3217 3106 3272 3160 in
3307 3105 3516 3162 morbis
3545 3107 3634 3164 vel

2038 3193 2374 3248 vulneribus.
2399 3193 2480 3248 Ad
2508 3193 2650 3254 hanc
2667 3193 2847 3262 itaque
2871 3195 3142 3263 pertinent
3165 3211 3270 3250 non
3299 3211 3359 3251 ea
3393 3207 3624 3267 tantum,

2034 3301 2153 3354 quae
2177 3300 2268 3339 ars
2299 3301 2483 3339 eorum
2509 3284 2747 3350 exhibet,
2772 3285 2860 3353 qui
2885 3286 3100 3356 proprie
3121 3288 3315 3342 medici
3339 3291 3630 3346 nominan-

2033 3389 2120 3435 tur
2150 3400 2161 3434 :
2201 3379 2292 3434 sed
2316 3378 2478 3432 etiam
2503 3379 2655 3433 cibus
2678 3387 2732 3432 et
2769 3387 2947 3448 potus,
2981 3389 3191 3450 tegmen
3241 3391 3296 3436 et
3328 3393 3582 3454 tegumen
3609 3405 3622 3440 :

2031 3469 2270 3525 defensio
2303 3469 2531 3538 denique
2569 3469 2746 3524 omnis
2797 3477 2960 3538 atque
2997 3473 3245 3536 munitio,
3289 3487 3394 3542 qua
3431 3490 3628 3539 sanum

2031 3579 2226 3632 corpus
2253 3564 2513 3618 adversus
2563 3570 2817 3616 externos
2857 3562 3016 3628 ictus,
3060 3579 3325 3634 casusque
3351 3577 3624 3621 servatur.

2031 3653 2236 3708 Nomen
2269 3663 2450 3708 autem
2475 3652 2752 3707 medieime
2789 3667 2818 3706 a
2873 3657 3054 3720 modo,
3095 3655 3148 3709 id
3198 3663 3302 3722 est,
3351 3667 3626 3727 tempera-

2031 3755 2214 3801 mento
2255 3745 2570 3815 impositum-
2616 3747 2932 3800 aestimatur.
2993 3748 3126 3802 Nam
3179 3751 3232 3802 in
3283 3767 3346 3805 ea
3397 3753 3626 3808 ntnltum

2031 3841 2379 3894 contristatur
2403 3845 2614 3902 natura,
2641 3839 2988 3894 mediocriter
3017 3849 3198 3896 autem
3223 3845 3422 3912 gaudet
3447 3860 3459 3898 :
3485 3847 3626 3900 umlc

2029 3943 2082 3987 et
2110 3935 2196 4002 qui
2221 3933 2490 4003 pigmenta
2517 3941 2571 3986 et
2597 3933 2836 3987 antidota
2861 3935 2992 3988 satis
3017 3933 3102 3988 vel
3128 3935 3342 3990 assidue
3362 3935 3624 4004 biberint,

2027 4033 2312 4078 vexantur.
2358 4023 2740 4078 lmmoderatio
2781 4024 2924 4078 enim
2979 4026 3157 4080 omnis
3206 4042 3312 4081 non
3367 4028 3620 4094 salutem,

2029 4119 2120 4171 sel
2155 4115 2448 4186 periculum
2477 4115 2652 4170 aﬂ‘crt.
2687 4115 2964 4170 Medicinae
3009 4117 3190 4172 autem
3251 4119 3386 4174 artis
3433 4129 3626 4176 auctor

2030 4225 2092 4262 ac
2124 4219 2368 4278 repertor
2396 4210 2534 4278 apud
2567 4208 2784 4263 Gra‘cos
2829 4209 3144 4278 perhibetur
3187 4211 3379 4280 Apollo
3418 4230 3432 4266 :
3483 4213 3624 4267 hanc

2029 4300 2171 4353 ﬁlius
2197 4300 2312 4369 cjus
2342 4299 2684 4368 .IEsculapius
2711 4299 2868 4354 laude
2891 4301 2972 4353 vel
2999 4315 3162 4370 opere
3189 4301 3486 4370 ampliavit.
3514 4303 3620 4360 Sed

2025 4400 2312 4460 postquam
2350 4389 2588 4446 fulminis
2631 4392 2738 4445 ictu
2789 4391 3134 4460 Aisculapius
3193 4394 3418 4458 interiit,
3452 4396 3618 4452 inter-

2027 4483 2168 4538 dicta
2197 4482 2370 4536 fertur
2395 4481 2638 4536 medendi
2659 4465 2808 4546 cura,
2859 4492 2914 4537 et
2942 4497 3030 4538 ars
3060 4484 3217 4538 simul
3243 4501 3366 4540 cum
3399 4497 3618 4544 auctore

2026 4576 2241 4638 defecit,
2289 4575 2546 4644 latuitque
2570 4591 2664 4646 per
2716 4590 2885 4630 annos
2925 4591 3059 4646 pene
3091 4577 3416 4648 quingentos
3447 4595 3616 4648 usque

2027 4669 2094 4723 ad
2130 4677 2341 4738 tempus
2388 4669 2706 4722 Artaxerxis
2765 4668 2906 4740 regis
2963 4669 3252 4724 Persarum
3287 4684 3301 4722 :
3338 4679 3466 4726 tunc
3495 4687 3618 4726 eam

2027 4765 2299 4818 revecavit
2331 4763 2380 4816 in
2414 4764 2586 4833 lucent
2615 4763 2854 4832 Ypocras
2908 4763 3157 4832 Asclepio
3205 4773 3361 4833 patre
3402 4765 3618 4834 genitus

2024 4857 2076 4910 in
2123 4849 2294 4909 insula
2339 4855 2507 4909 Choo.
2558 4853 2772 4908 Sanitas
2816 4863 2898 4909 est
2923 4853 3206 4924 integritas
3253 4857 3524 4922 corporis,
3563 4865 3616 4908 et

2026 4947 2377 5016 temperantia
2403 4962 2468 5000 ex
2501 4946 2675 5000 calido
2703 4955 2756 5001 et
2779 4947 3020 5010 humido,
3053 4946 3194 5016 quod
3221 4953 3304 5000 est
3351 4949 3574 5016 sanguis
3599 4967 3612 4999 :

2021 5041 2161 5094 Unde
2216 5049 2268 5093 et
2314 5041 2517 5093 sanitas
2555 5040 2696 5094 dicta
2743 5050 2843 5104 est,
2887 5039 3040 5108 quasi
3095 5039 3375 5108 sanguinis
3419 5047 3611 5094 status.

2021 5131 2194 5186 Morbi
2241 5133 2480 5201 generali
2539 5131 2799 5186 vocabulo
2843 5147 3031 5186 omnes
3054 5131 3336 5200 passiones
3365 5131 3614 5201 corporis

2022 5225 2369 5279 continentur
2400 5239 2411 5275 :
2438 5223 2580 5290 quod
2611 5221 2734 5277 inde
2773 5231 2985 5277 veteres
3011 5222 3256 5275 morbum
3289 5221 3610 5276 nominave-

2021 5332 2166 5385 runt,
2201 5329 2261 5374 ut
2311 5321 2422 5388 ipsa
2471 5319 2827 5390 appellatione
2866 5319 3055 5372 mortis
3103 5317 3229 5379 vim,
3263 5331 3383 5388 qum
3434 5331 3500 5370 ex
3545 5331 3611 5371 eo

2021 5413 2282 5476 nascitur,
2321 5413 2772 5466 demonstrarent.
2821 5409 2965 5465 Inter
3009 5411 3298 5466 sanitatem
3345 5416 3530 5463 autem
3557 5417 3614 5464 et

2023 5505 2268 5560 morbum
2319 5503 2495 5558 media
2547 5509 2631 5557 est
2673 5503 2904 5567 curatio,
2953 5517 3072 5571 quae
3103 5502 3208 5557 nisi
3255 5499 3448 5556 morbo
3479 5516 3612 5555 con-

2021 5604 2193 5668 gruat,
2245 5609 2348 5648 non
2391 5593 2642 5663 perducit
2679 5593 2746 5648 ad
2773 5593 3080 5648 sanitatem.
3124 5591 3294 5646 Morbi
3321 5607 3513 5647 omnes
3543 5607 3608 5648 ex

2019 5695 2251 5757 quatuor
2281 5693 2576 5740 nascuntur
2597 5685 2934 5751 humoribus,
2961 5685 3012 5739 id
3041 5693 3144 5750 est,
3174 5699 3242 5739 ex
3269 5685 3536 5756 sanguine
3555 5693 3610 5740 et

2017 5780 2159 5846 felle,
2211 5779 2566 5835 melancholia
2609 5787 2664 5835 et
2702 5779 3008 5850 pltlegmate
3038 5795 3048 5830 :
3085 5794 3150 5832 ex
3183 5777 3310 5848 ipsis
3341 5779 3489 5832 enim
3523 5791 3612 5830 re-

2018 5881 2218 5944 guntur
2247 5874 2385 5942 sani,
2411 5869 2478 5929 ex
2529 5871 2660 5944 ipsis
2707 5871 2978 5928 laeduntur
3016 5869 3237 5927 inﬁrmi.
3285 5871 3420 5926 Dum
3463 5867 3612 5924 enim
