3922 6322
188 424 290 484 ως

1162 414 1252 472 DE
1290 412 1641 475 UNIVERSO
1674 411 1853 473 LIBRI
1893 404 2057 471 XXII.
2094 444 2163 455 —
2198 409 2328 471 LIB.
2368 411 2555 473 XVIII.

3376 418 3483 477 ως

196 542 428 617 amplius
448 546 612 595 extra
640 541 854 594 cursum
874 542 1085 594 naturae
1105 541 1412 600 creverunt,
1443 533 1790 606 aegritudines
1816 542 1870 598 Α
1895 532 2234 603 Hydropicus
2279 533 2546 615 signiﬁcat
2572 549 2797 589 avarum
2838 535 3115 592 hominem
3143 550 3159 589 :
3188 538 3313 606 quia
3344 537 3487 594 sicut

198 636 404 694 faciunt
449 650 464 686 :
518 630 666 687 sicut
700 636 881 685 autem
906 628 1139 697 quatuor
1169 628 1295 681 sunt
1315 626 1603 692 elementa,
1633 626 1712 681 sic
1740 636 1795 683 et

202 730 446 799 quat‘uor
470 724 730 779 humores
762 736 776 775 :
808 728 863 774 et
884 716 1257 789 unusquisque
1278 718 1475 773 humor
1506 734 1662 774 suum
1693 717 1800 774 ele-

198 829 440 877 mentum
493 816 738 873 imitat‘ur
768 831 784 871 :
814 811 1034 885 Sanguis
1086 828 1269 867 acrem
1297 832 1308 866 :
1335 812 1553 868 cholera
1577 813 1791 885 ignem:

201 889 563 969 melancholia
590 918 791 965 terram
817 926 834 981 ξ
863 906 1113 977 pblegma
1152 921 1352 975 aquam
1388 923 1400 959 :
1427 914 1482 960 et
1512 914 1639 962 sunt
1660 922 1794 976 qua-

202 1016 325 1061 tuor
352 1008 630 1068 humores,
671 1003 812 1056 sicut
844 999 1133 1064 elementa,
1179 1014 1299 1068 qua:
1326 1008 1650 1054 conservant
1680 1014 1798 1053 cor-

200 1112 331 1167 pora
372 1104 582 1151 nostra.
616 1093 849 1163 Sanguis
874 1108 941 1147 ex
981 1091 1170 1147 Graeca
1208 1092 1531 1163 etymologia
1556 1094 1795 1148 vocabu-

202 1187 311 1240 lum
361 1186 613 1254 sumpsit,
664 1184 805 1252 quod
848 1190 1060 1253 vegetet
1108 1189 1163 1235 et
1207 1191 1471 1237 sustentet
1523 1191 1577 1237 et
1628 1185 1793 1239 vivat.

200 1278 431 1333 Cbolera
457 1276 629 1332 Graeci
675 1282 1026 1339 vocaverunt,
1071 1274 1210 1343 quod
1267 1276 1425 1329 unius
1475 1275 1578 1330 diei
1623 1277 1797 1345 spatio

198 1373 574 1427 terminetur:
608 1373 747 1424 unde
770 1378 825 1423 et
851 1368 1094 1433 cholera,
1127 1368 1175 1421 id
1214 1377 1317 1433 est,
1365 1368 1595 1423 frllicula
1626 1371 1798 1424 nomi-

197 1475 326 1518 nata
350 1472 455 1525 est,
484 1464 585 1517 hoc
607 1472 712 1525 est,
744 1461 882 1515 fellis
905 1455 1126 1515 elTusio:
1153 1460 1325 1515 Graeci
1349 1462 1494 1516 enim
1518 1461 1587 1515 fel
1608 1462 1799 1517 cliolen

196 1553 405 1610 dicunt.
436 1554 789 1608 Melancholia
826 1553 969 1607 dicta
992 1569 1072 1611 eo,
1105 1556 1248 1621 quod
1291 1554 1360 1607 sit
1408 1570 1475 1609 ex
1505 1554 1645 1625 nigri
1674 1570 1799 1608 san-

199 1649 377 1719 guinis
422 1647 557 1712 fece,
594 1648 825 1701 admista
858 1648 1186 1701 abundantia
1229 1644 1367 1701 fellis
1403 1664 1416 1701 :
1449 1648 1620 1704 Graeci
1651 1649 1795 1704 enim

199 1744 378 1798 melan
431 1743 645 1813 nigrum
685 1752 900 1806 vocant,
943 1741 1013 1795 fel
1063 1750 1241 1801 autem
1287 1742 1477 1797 cholen
1505 1726 1793 1813 appellant.

205 1834 440 1907 Sanguis
475 1832 667 1887 Latine
711 1842 954 1897 vocatus,
989 1832 1131 1901 quod
1190 1834 1370 1887 suavis
1422 1834 1493 1889 sit
1525 1853 1536 1887 :
1579 1837 1717 1890 unde
1743 1844 1805 1891 et'

1895 624 2223 698 hydropicus
2272 636 2474 696 quanto
2522 628 2643 697 plus
2668 622 2839 695 bibit,
2860 631 3177 701 tanto‘plus
3204 632 3319 687 sitit
3352 650 3366 687 ς
3407 632 3490 691 sic

1896 733 2093 789 avarus
2120 728 2324 788 quanto
2348 720 2468 790 plus
2491 721 2559 775 de
2597 722 2827 792 pecunia
2854 732 3341 796 congregat,.tanto
3370 724 3492 795 plus

1898 815 2141 871 avaritiae
2166 815 2387 869 testibus
2416 815 2652 871 anhelat.
2677 816 2850 888 Lepra
2892 825 2978 873 est
3003 818 3246 873 doctrina
3279 819 3495 875 haereti-

1898 923 2085 962 corum
2137 904 2267 961 falsa
2320 916 2485 977 atque
2511 908 2684 973 varia,
2718 907 3139 965 velludaeorum
3179 909 3492 977 infidelitas,

1897 1002 2012 1054 sive
2035 998 2421 1053 contaminatio
2444 1007 2816 1070 peccatorum,
2836 1009 2898 1054 ut
2924 1001 2976 1055 in
3005 999 3249 1055 Levitico
3280 1015 3295 1053 :
3326 999 3499 1055 Locu-

1898 1104 1980 1147 tus
2021 1102 2094 1145 est
2124 1091 2383 1145 Dominus
2412 1092 2480 1145 ad
2528 1091 2747 1163 Moysen
2772 1101 2820 1146 et
2850 1091 3028 1148 Aaron
3057 1094 3273 1149 dicens:
3300 1093 3496 1161 Homo,

1897 1184 1953 1240 in
1974 1186 2127 1255 cujus
2156 1202 2313 1239 carne
2338 1195 2385 1239 et
2412 1195 2528 1262 cute
2555 1196 2720 1257 ortus
2742 1186 2898 1253 fuerit
2930 1185 3166 1240 diversus
3220 1186 3363 1241 color
3396 1186 3500 1242 sive

1896 1276 2110 1348 pustula
2138 1287 2230 1330 aut
2256 1279 2407 1347 quasi
2426 1272 2603 1331 lucens
2624 1279 2917 1348 quippiam,
2941 1278 2996 1334 id
3016 1286 3118 1343 est,
3137 1276 3295 1348 plaga
3319 1275 3499 1349 leprar,

1899 1366 2198 1420 adducatur
2229 1366 2297 1419 ad
2326 1366 2505 1420 Aaron
2551 1368 2895 1431 sacerdotem,
2924 1368 3003 1423 vel
3031 1369 3100 1422 ad
3132 1385 3296 1424 unum
3318 1385 3505 1437 quem-

1899 1456 2020 1510 libet
2052 1457 2435 1528 ﬁliorum‘ejus
2463 1472 2481 1511 :
2512 1460 2602 1531 qui
2632 1476 2752 1512 cum
2781 1460 2965 1514 viderit
3010 1459 3209 1531 lepram
3258 1462 3314 1515 in
3352 1470 3498 1517 cute:

1900 1559 1946 1602 et
1981 1547 2114 1618 pilos
2143 1549 2197 1602 in
2245 1548 2420 1601 album
2460 1549 2700 1604 colorem
2730 1560 2983 1617 mutatos,
3025 1549 3171 1623 lepra
3199 1562 3317 1606 est:
3356 1562 3404 1607 et
3436 1554 3505 1608 ad

1900 1641 2179 1694 arbitrium
2209 1641 2323 1712 ejus
2354 1642 2684 1709 separabitur
2727 1641 2912 1713 (Leuit.
2948 1644 3092 1716 xm).
3126 1643 3349 1715 Leprosi
3377 1652 3507 1701 sunt

1900 1733 2138 1788 haeretici
2185 1732 2473 1787 Dominum
2508 1731 2692 1787 Iesum
2735 1733 3010 1803 Christum
3040 1734 3501 1804 blasphemantes.

1901 1825 2133 1894 Leprosit
2156 1825 2210 1879 in
2254 1825 2445 1889 barba,
2490 1825 2543 1879 id
2583 1832 2688 1889 est,
2728 1824 2967 1879 haeretici
3009 1825 3076 1880 de
3129 1826 3506 1882 incarnatione

200 1905 476 1987 homines,
504 1925 703 1993 quibus
724 1924 1032 1977 dominatur
1063 1924 1300 1995 sanguis,
1329 1924 1513 1979 dulces
1538 1934 1593 1979 et
1620 1915 1802 1981 blandi
1834 1905 1879 1964 Β
1911 1918 2229 1982 Salvatoris,
2255 1918 2336 1972 vel
2372 1919 2437 1973 de
2464 1918 2670 1973 sanctis
2692 1917 2964 1988 Apostolis
2984 1934 3151 1989 prava
3186 1920 3501 1979 sentientes.

203 2025 331 2071 sunt
361 2031 374 2068 :
400 2016 652 2085 phlcgma
683 2023 861 2068 autem
887 2015 1161 2078 dixerunt,
1195 2016 1338 2083 quod
1386 2017 1457 2069 sit
1502 2017 1755 2087 frigidum
1786 2033 1801 2072 :

197 2106 377 2163 δι’ωεί
425 2106 571 2161 enim
620 2106 852 2177 rigorem
896 2107 1222 2178 phlegmona
1270 2107 1541 2177 appellant
1577 2127 1588 2162 :
1629 2126 1695 2164 ex
1722 2111 1807 2167 his

200 2205 439 2267 quatuor
488 2198 809 2251 humoribus
864 2196 945 2266 (ut
982 2196 1236 2270 diximus)
1272 2207 1532 2269 reguntur
1560 2201 1700 2265 sani,
1739 2215 1807 2255 ex

198 2288 334 2358 ipsis
358 2287 627 2343 laeduntur
657 2287 876 2341 infirmi.
905 2286 1039 2342 Dum
1067 2289 1211 2343 enim
1242 2288 1473 2357 amplius
1509 2301 1661 2345 extra
1685 2308 1808 2346 cur—

199 2395 318 2435 sum
352 2391 563 2435 naturae
583 2390 893 2447 creverunt,
924 2384 1275 2452 aegritudines
1298 2382 1541 2439 faciunt:
1578 2401 1644 2441 ex
1677 2403 1804 2443 san-

201 2474 363 2545 guine
396 2480 577 2526 autem
599 2481 653 2527 et
677 2472 801 2527 felle
828 2482 997 2528 acuta:
1023 2474 1306 2543 passiones
1336 2485 1654 2540 nascuntur,
1672 2494 1807 2547 quas

199 2566 373 2622 δι’(εεί
416 2582 553 2620 oxea
576 2576 773 2620 vocant
818 2584 830 2618 :
865 2567 1170 2637 phlegmate
1201 2582 1331 2620 vero
1360 2577 1415 2621 et
1446 2569 1807 2626 melancholia

199 2671 416 2713 veteres
448 2668 626 2712 causa:
654 2658 969 2727 procedunt,
988 2674 1125 2727 quas
1150 2657 1322 2712 (ἶνίεεί
1347 2659 1573 2714 chronia
1598 2662 1805 2717 dicunt.

200 2748 460 2813 Oxeaest
511 2758 703 2803 acutus
754 2748 998 2812 morbus,
1038 2750 1128 2817 qui
1177 2759 1268 2803 aut
1316 2750 1426 2804 cito
1474 2754 1671 2807 transit
1716 2759 1812 2807 aut

202 2841 445 2897 celerius
470 2839 747 2904 interficit,
773 2848 837 2892 ut
872 2840 1158 2908 plcuresis,
1186 2842 1471 2910 phrenesis
1501 2884 1514 2897 .
1541 2843 1628 2898 axi
1655 2842 1806 2918 [oxy]

200 2934 347 2988 enim
399 2941 615 2985 acutum
673 2930 814 2998 apud
857 2930 1098 2994 Grzrcos,
1148 2940 1203 2985 et
1229 2933 1468 2987 velocem
1517 2936 1805 3005 signiﬁcat,

201 3022 440 3078 Chronia
456 3028 539 3075 est
558 3019 802 3089 prolixus
819 3021 1064 3090 corporis
1093 3021 1330 3089 morbus,
1349 3024 1441 3092 qui
1465 3025 1652 3079 multis
1676 3034 1813 3085 tem-

201 3113 426 3186 poribus
459 3120 788 3177 remoratur,
807 3120 863 3165 ut
892 3112 1151 3180 podagra,
1172 3113 1287 3167 tisis
1314 3113 1624 3185 [phthisis]:
1648 3118 1813 3171 chro-

202 3224 307 3265 nos
330 3208 471 3277 apud
499 3206 719 3262 Graecos
742 3214 955 3275 tempus
990 3206 1207 3261 dicitur.
1244 3206 1498 3273 Quaadam
1529 3209 1811 3278 passiones

202 3316 271 3357 ex
303 3299 537 3370 propriis
565 3298 748 3353 causis
787 3298 1006 3351 nomina
1046 3308 1391 3367 acceperunt.
1424 3298 1611 3355 Febris
1639 3316 1669 3354 a
1698 3300 1808 3356 fer-

201 3401 336 3449 vere
387 3392 530 3446 dicta
568 3409 581 3444 :
617 3389 870 3444 estenim
909 3390 1238 3444 abundantia
1265 3391 1481 3444 caloris.
1520 3391 1815 3453 Phrenesis,

201 3473 497 3554 appellata,
521 3481 635 3535 sive
673 3481 740 3534 ab
783 3480 1168 3550 impedimento
1194 3483 1427 3536 mentis:
1461 3484 1586 3552 quia
1634 3484 1811 3540 Grreci

201 3583 442 3632 mentem
477 3575 712 3643 phrenas
735 3581 930 3626 vocant
970 3613 983 3626 .
1024 3588 1120 3627 seu
1150 3573 1290 3642 quod
1328 3574 1577 3629 dentibus
1607 3572 1808 3631 infren-

203 3669 357 3725 dant.
393 3664 676 3721 Medicinae
706 3666 916 3720 curatio
946 3665 1251 3735 spernenda
1296 3680 1403 3719 non
1443 3674 1545 3731 est,
1594 3666 1717 3735 quia
1753 3675 1807 3721 et

204 3768 425 3816 sanctos
450 3759 598 3813 viros
624 3772 688 3811 ea
720 3757 797 3811 uti
834 3756 1083 3826 legimus,
1119 3765 1173 3811 et
1213 3757 1270 3810 in
1321 3756 1699 3813 Eeclesiastico
1743 3758 1809 3812 de

204 3868 269 3910 ea
292 3852 367 3907 ita
397 3850 657 3920 scriptum
686 3858 769 3904 εει
800 3867 812 3902 :
841 3847 1062 3901 Honora
1104 3848 1362 3902 medicum
1397 3858 1609 3918 propter
1629 3866 1806 3902 neces-

201 3946 453 4002 sitatem:
486 3944 673 3997 etenim
718 3942 868 3995 illum
916 3934 1116 3994 creavit
1138 3940 1460 3995 Altissimus.
1508 3942 1551 3993 Α
1592 3942 1701 3995 Deo
1731 3952 1807 3995 est

203 4036 349 4093 enim
397 4032 564 4087 omnis
607 4030 808 4085 medela
844 4044 862 4081 :
892 4033 1141 4101 quoniam
1183 4030 1483 4084 Altissimus
1523 4034 1712 4086 creavit
1743 4034 1806 4086 de

204 4138 350 4184 terra
380 4124 715 4188 medicinam,
742 4131 790 4176 et
815 4125 893 4176 vir
932 4124 1160 4193 prudens
1200 4141 1301 4177 non
1330 4124 1625 4178 abhorrebit
1659 4124 1803 4178 illam

208 4216 403 4290 (Eccli.
438 4213 690 4285 xxxvut).
745 4212 854 4269 Sed
887 4214 1104 4268 omissis
1158 4215 1244 4269 bis
1293 4230 1414 4283 qum
1466 4216 1804 4269 sa=cularium

206 4300 519 4365 litterarum
563 4309 858 4375 scriptores
906 4306 970 4361 de
1000 4305 1202 4359 morbis
1231 4306 1371 4360 etde
1395 4306 1664 4361 medicina
1691 4310 1807 4361 arte

207 4400 585 4469 conscripsere
610 4417 622 4450 :
658 4413 721 4452 ea
756 4398 844 4451 hic
867 4411 1296 4451 commemorare
1325 4394 1573 4460 sulliciat,
1604 4412 1723 4465 qua:
1751 4396 1806 4449 in

208 4492 411 4550 divinis
434 4490 586 4544 libris
609 4489 840 4559 legimus
872 4505 884 4541 :
918 4488 1041 4555 quia
1068 4495 1121 4540 et
1152 4489 1204 4540 in
1239 4488 1352 4558 lege
1379 4488 1444 4551 de
1471 4489 1637 4543 variis
1661 4504 1805 4543 mor-

1906 2012 2130 2080 Leprosi
2164 2020 2276 2066 toto
2304 2012 2357 2064 in
2378 2025 2627 2081 corpore,
2657 2011 2710 2065 id
2739 2019 2845 2077 est,
2870 2011 2963 2081 qui
2993 2020 3049 2067 et
3068 2013 3504 2086 suprablaspbo-

1907 2105 2072 2159 miam
2123 2119 2276 2158 suam
2317 2103 2372 2157 in
2416 2118 2633 2158 omnem
2684 2105 3077 2174 scripturarum
3130 2106 3325 2161 seriem
3380 2123 3507 2179 per-

1907 2198 2200 2253 miscentes
2237 2213 2249 2249 :
2293 2195 2445 2265 lepra
2496 2203 2733 2260 tumens,
2785 2195 2969 2251 inﬂata
3016 2196 3271 2266 superbia
3308 2215 3322 2252 :
3353 2198 3505 2270 lepra

1907 2289 2148 2355 humilis,
2197 2287 2471 2342 simulatio
2522 2287 2723 2353 cordis,
2768 2287 2854 2343 vel
2894 2287 3070 2343 latens
3117 2288 3501 2358 blasphemia:

1907 2381 2054 2450 lepra
2079 2379 2282 2435 rubens
2318 2380 2600 2433 iracundia
2630 2379 2811 2435 cordis
2837 2398 2850 2432 :
2882 2379 3034 2449 lepra
3057 2380 3178 2435 alba
3211 2389 3295 2436 est
3338 2381 3507 2453 hypo-

1908 2474 2083 2528 crisis.
2116 2471 2288 2542 Lepra
2314 2472 2367 2525 in
2400 2472 2561 2526 domo
2605 2470 2896 2526 inﬁdelitas
2938 2479 3025 2526 est
3074 2479 3188 2527 tota
3233 2473 3286 2527 in
3322 2472 3499 2542 plebe.

1908 2566 2082 2634 chra
2115 2566 2167 2618 in
2190 2564 2517 2618 vestimento
2545 2562 2816 2633 signiﬁcat
2845 2563 2978 2617 vitia
3000 2564 3202 2619 carnis.
3238 2563 3415 2635 Lepra
3451 2565 3508 2619 in

1910 2673 2074 2715 carne
2118 2658 2259 2723 viva,
2308 2664 2531 2726 peccata
2568 2664 2693 2711 sunt
2735 2656 2788 2710 in
2820 2656 3020 2712 anima.
3052 2656 3228 2727 Lepra
3253 2658 3507 2729 volatica,

1910 2751 2103 2805 vitium
2135 2747 2412 2819 quodlibet
2446 2733 2557 2801 :‘ex
2590 2762 2648 2802 se
2677 2762 2942 2817 generans
2979 2746 3301 2817 profluvium
3346 2752 3511 2805 semi-

1910 2848 2018 2911 nis,
2050 2845 2403 2899 immoderata
2432 2852 2515 2899 cst
2553 2837 2751 2898 locutio
2777 2862 2788 2895 :
2820 2852 3083 2898 nocturna
3107 2843 3349 2914 pollutio,
3384 2860 3511 2916 pec-

1913 2949 2155 2995 catorum
2170 2938 2385 2993 occulta
2399 2938 2655 3008 cogitatio
2678 2945 2779 2991 est.
2799 2937 2992 2991 Mulier
3014 2946 3309 3004 menstrua,
3328 2940 3510 2995 anima

1912 3039 1997 3086 est
2023 3023 2317 3084 immundis
2362 3027 2781 3099 cogitationibus
2827 3027 3051 3097 polluta,
3085 3037 3146 3083 ut
3173 3030 3227 3083 in
3276 3028 3512 3086 Ieremia

1914 3121 2110 3175 dicitur
2140 3134 2152 3171 :
2185 3117 2378 3173 Omnes
2433 3128 2723 3188 quwrentes
2776 3134 2893 3172 eam
2945 3135 3051 3173 non
3107 3120 3349 3188 deﬁcient
3396 3122 3511 3188 {in

1914 3211 2193 3266 menstruis
2220 3210 2333 3279 ejus
2366 3210 2625 3263 invenient
2654 3207 2803 3261 illam
2854 3208 2991 3280 (Jer.
3032 3209 3116 3281 rt).
3150 3210 3189 3264 F
3196 3210 3353 3265 luxus
3384 3222 3513 3266 san‘

1913 3301 2112 3373 guinis,
2143 3307 2226 3354 est
2264 3296 2509 3369 profusio
2546 3307 2915 3368 peccatorum.
2976 3298 3289 3355 Debilitatio
3338 3315 3512 3356 mem-

1912 3392 2135 3448 brorum
2146 3432 2161 3455 ,
2175 3390 2476 3445 debilitatio
2490 3390 2751 3444 mentium
2767 3398 2943 3456 est,ut
2962 3390 3013 3444 in
3027 3390 3268 3447 Levitico
3281 3393 3478 3464 legitur
3493 3410 3509 3426 ο

1911 3483 2142 3537 Locutus
2173 3492 2246 3535 est
2274 3480 2530 3534 Dominus
2558 3481 2626 3534 ad
2656 3481 2895 3551 Moysen,
2919 3482 3096 3537 dicens
3124 3501 3142 3538 :
3174 3483 3413 3557 Loquere
3439 3485 3515 3544 ad

1910 3575 2089 3629 Aaron
2112 3584 2160 3629 et
2197 3575 2265 3627 ad
2288 3574 2428 3641 ﬁlios
2458 3575 2573 3644 ejus
2602 3589 2618 3625 :
2652 3573 2826 3629 Homo
2865 3575 2931 3629 de
2984 3577 3179 3631 semine
3228 3586 3394 3632 vestro
3420 3594 3515 3650 per

1911 3664 2145 3735 familias
2167 3664 2257 3734 qui
2285 3663 2527 3717 habuerit
2546 3663 2844 3730 maculam,
2864 3680 2969 3719 non
2992 3666 3206 3719 accedat
3229 3668 3297 3719 ad
3320 3666 3510 3735 altare,

1911 3772 2005 3809 nec
2026 3755 2211 3823 o/ferat
2234 3770 2392 3823 panes
2425 3752 2532 3807 Deo
2558 3770 2677 3817 suo,
2707 3754 2753 3807 si
2782 3771 2951 3809 caecus
2976 3756 3155 3825 fuerit,
3185 3758 3231 3810 si
3268 3758 3510 3826 claudus,

1912 3846 1956 3899 si
1979 3854 2113 3899 torto
2144 3862 2295 3910 naso,
2320 3846 2364 3899 si
2397 3843 2567 3914 fracta
2591 3842 2780 3910 manu,
2798 3847 2843 3900 si
2870 3847 3077 3917 gibbus,
3102 3850 3153 3904 si
3184 3850 3355 3919 lippus
3382 3868 3481 3906 acu
3500 3879 3513 3894 -

1910 3937 1995 4002 lis,
2024 3937 2070 3989 si
2098 3936 2450 4005 impetiginem
2480 3936 2675 3990 habens
2731 3938 2785 3990 in
2836 3955 3073 4008 corpore,
3117 3941 3164 3993 si
3181 3940 3362 4011 jugem
3390 3959 3509 3997 sca-

1910 4027 2065 4101 biem,
2097 4025 2173 4080 vel
2190 4026 2534 4096 ponderosas,
2559 4036 2663 4081 etc.
2699 4026 2889 4099 (Leuit.
2919 4029 3267 4101 xxx.)Czecus
3291 4031 3509 4100 dicitur,

1910 4098 2281 4187 qubsuperna
2327 4117 2446 4171 luce
2469 4117 2736 4187 privatus,
2771 4134 2878 4189 quo
2904 4126 3149 4190 gressum
3178 4123 3360 4191 operis
3395 4132 3514 4178 ten-

1912 4209 2024 4275 dat,
2065 4208 2286 4261 omnino
2315 4208 2507 4264 nescit.
2556 4209 2630 4262 De
2677 4210 2780 4264 hac
2802 4212 3043 4265 e'ecitate
3066 4226 3164 4280 per
3193 4212 3513 4270 Malachiam

1912 4300 1980 4353 ad
2011 4298 2320 4354 sacerdotes
2346 4298 2549 4353 dicitur
2579 4318 2589 4351 :
2622 4299 2680 4352 Si
2728 4301 2963 4369 oﬁ'eratis
3005 4318 3204 4356 crucum
3234 4305 3302 4357 ad
3328 4306 3512 4359 immo-

1910 4393 2149 4456 landum,
2181 4407 2351 4445 nonne
2382 4391 2583 4445 malum
2632 4393 2747 4446 est?
2787 4393 2943 4464 (Mal.
2998 4396 3062 4463 ι.)
3104 4396 3171 4451 Ει
3204 4397 3257 4452 in
3310 4400 3509 4456 bonam

1908 4492 2117 4553 partem
2158 4482 2440 4552 accipitur,
2493 4492 2552 4536 ut
2598 4483 2654 4537 in
2684 4483 2972 4555 Evangelio
3018 4487 3213 4559 legitur
3247 4508 3260 4543 ε
3295 4489 3355 4544 Si
3386 4493 3513 4547 cruci

206 4583 407 4640 borum
439 4580 725 4651 generibus
764 4586 1017 4632 narratur
1048 4596 1059 4631 :
1086 4587 1139 4631 et
1160 4580 1419 4649 propheta
1444 4580 1608 4635 Isaias
1640 4580 1803 4634 medi-
1838 4610 1890 4669 Β
1915 4580 2037 4632 estis
2061 4576 2307 4649 [essetis],
2338 4594 2437 4631 non
2472 4578 2727 4631 haberetis
2755 4590 3029 4647 peccatum
3050 4580 3231 4652 (Joan.
3264 4583 3363 4654 Ix).
3397 4583 3512 4638 Mu-

208 4678 338 4734 cina
361 4683 477 4727 arte
502 4672 752 4727 subvenit
780 4670 1025 4725 Ezechiae
1071 4670 1183 4741 regi
1214 4670 1349 4725 Juda
1369 4661 1515 4742 '(lsa.
1558 4673 1806 4745 xxxvm).

207 4768 281 4825 Et
327 4765 522 4820 Paulus
551 4764 827 4834 apostolus
852 4761 1138 4817 Timotheo
1180 4765 1451 4819 modicum
1480 4766 1814 4836 vinunrpro.

207 4859 372 4915 desse
394 4857 528 4911 dixit
556 4855 606 4927 (1
636 4854 768 4907 Tim.
804 4854 877 4925 ν).
904 4851 1158 4922 Languor
1180 4864 1263 4909 est
1289 4856 1543 4910 vitiorum
1569 4859 1809 4923 morbus,

209 4958 275 5006 ιιι
307 4949 362 5003 in
388 4947 571 5001 Exodo
598 4943 795 5016 legitur
822 4963 833 4996 :
870 4943 927 4997 Si
956 4945 1343 4999 observaveritis
1380 4958 1636 5018 pra’cepta
1675 4966 1809 5013 mea,

210 5055 424 5096 omnem
447 5037 769 5107 languorem,
791 5053 941 5107 quem
972 5036 1157 5089 induxi
1187 5054 1343 5107 super
1368 5037 1677 5108 AZgyptum,
1708 5056 1812 5092 non

212 5129 468 5185 inducam
515 5144 670 5196 super
706 5138 753 5181 te
809 5127 1006 5198 (Exod.
1060 5128 1168 5196 xv).
1225 5128 1517 5185 Infirmitas
1549 5130 1851 5201 signiﬁcat

214 5220 709 5293 impossibilitatem
740 5223 958 5287 mentis,
1005 5229 1064 5275 ut
1106 5228 1191 5274 est
1224 5221 1352 5275 illud
1401 5223 1453 5276 in
1494 5223 1757 5293 Apostolo
1799 5241 1811 5278 :

218 5311 330 5381 Qui
361 5311 599 5381 inﬁrmus
627 5321 721 5376 est,
749 5311 891 5366 olera
942 5313 1219 5367 manducet
1251 5313 1421 5384 (Rom.
1459 5314 1596 5386 xw).
1628 5316 1816 5373 Febris

214 5411 307 5457 est
341 5400 573 5471 carnalis
604 5392 893 5471 cupiditas,
922 5402 1303 5459 insatiabiliter
1326 5405 1545 5469 ardens,
1570 5407 1712 5462 sicut
1762 5409 1816 5463 in

216 5468 513 5563 Evangeliti
543 5468 754 5559 (Matth.
778 5492 894 5561 vm)
919 5507 1133 5547 socrum
1156 5493 1302 5548 Petri
1334 5494 1629 5565 figuraliter
1650 5498 1817 5553 febri—

218 5582 478 5639 citantem
529 5583 679 5638 dicit.
728 5582 1061 5655 Paralyticus
1107 5586 1376 5654 signiﬁcat
1406 5588 1640 5641 animam
1676 5590 1817 5645 vitiis

218 5674 560 5739 dissolutam,
594 5685 756 5744 atque
804 5676 872 5729 in‘
906 5675 1087 5730 carnis
1117 5692 1228 5731 sua:
1273 5678 1532 5749 languore
1562 5692 1812 5749 peccato-

217 5783 341 5823 rum
367 5767 682 5838 depressam
718 5786 729 5820 :
760 5776 819 5822 ut
850 5766 901 5821 in
926 5767 1217 5838 Evangelio
1242 5770 1439 5826 dicitur
1465 5791 1477 5825 :
1502 5770 1637 5827 Ecce
1657 5791 1814 5845 para-

218 5859 409 5939 lyticus
455 5863 511 5917 in
550 5860 771 5938 grabato
818 5859 1127 5933 portabatur
1160 5880 1191 5917 a
1228 5874 1455 5937 quatuor
1490 5861 1683 5942 (Marc.
1725 5868 1809 5937 tt).

1921 4683 2009 4728 tus
2040 4681 2140 4738 est,
2170 4672 2260 4742 qui
2292 4687 2396 4725 non
2429 4669 2686 4741 praedicat
2718 4671 2811 4725 Dei
2854 4673 3098 4740 verbum,
3149 4690 3250 4730 nec
3296 4676 3511 4732 laudem

1925 4765 2033 4818 Deo
2061 4770 2279 4817 cantat:
2310 4761 2524 4826 surdus,
2576 4762 2664 4831 qui
2715 4764 3014 4818 contemnit
3057 4766 3243 4820 audire
3284 4767 3510 4821 verbum

1922 4855 2036 4910 Dei.
2066 4854 2267 4907 Aurem
2298 4854 2566 4908 abscisam
2593 4855 2778 4920 habet,
2807 4858 2897 4924 qui
2933 4856 3295 4912 obedientiam
3324 4858 3378 4912 in
3414 4858 3514 4915 Dei

1920 4946 2207 5017 prmceptis
2235 4962 2342 5000 non
2372 4946 2610 5000 exhibet.
2662 4946 2863 5017 Lippus
2907 4949 3077 5004 oculis
3105 4958 3210 5015 est,
3240 4952 3333 5021 qui
3362 4951 3511 5022 inge-

1923 5044 2069 5097 nium
2097 5043 2314 5113 quidem
2347 5042 2711 5113 intelligentia}
2738 5043 2901 5097 habet
2931 5058 2944 5095 :
2975 5044 3071 5098 sed
3124 5044 3266 5100 hunc
3313 5045 3513 5100 sollici-

1924 5134 2052 5189 tudo
2084 5134 2263 5189 saeculi
2320 5148 2551 5203 superna
2596 5134 2947 5203 contemplari
2996 5150 3109 5189 non
3157 5137 3304 5191 sinit.
3344 5137 3510 5194 Torto

1924 5240 2059 5278 naso
2088 5233 2188 5289 est,
2217 5225 2307 5292 qui
2345 5225 2413 5278 ad
2441 5223 2818 5278 discretionem
2851 5226 2975 5279 boni
3017 5240 3079 5279 ac
3128 5226 3252 5280 mali
3282 5227 3505 5282 idoneus

1924 5332 2029 5371 non
2052 5325 2153 5369 est.
2182 5315 2439 5385 Linguam
2470 5316 2735 5370 abscisam
2763 5316 2945 5381 habet,
2971 5316 3063 5385 qui
3110 5318 3267 5371 fidem
3302 5325 3509 5373 rectam

1924 5407 2146 5462 minime
2197 5408 2502 5462 confitetur.
2559 5407 2768 5461 Manum
2821 5408 3046 5462 fractam
3086 5410 3269 5475 habet,
3309 5410 3398 5479 qui
3438 5410 3506 5466 ab

1922 5500 2131 5555 actione
2179 5510 2325 5554 recta
2356 5514 2543 5554 exsors
2599 5506 2775 5552 vacat.
2834 5497 3064 5553 Claudus
3112 5508 3213 5564 est,
3256 5501 3365 5568 qui,
3396 5515 3505 5568 quo

1919 5594 2099 5661 operis
2138 5609 2356 5663 gressus
2406 5592 2613 5656 tendat,
2666 5591 2810 5645 videt
2849 5609 2861 5642 :
2896 5590 2989 5645 sed
3039 5606 3161 5644 eum
3217 5590 3500 5646 inﬁrmitas

1920 5684 2117 5738 mentis
2140 5684 2278 5738 bene
2299 5698 2457 5753 agere
2484 5699 2590 5737 non
2615 5682 2761 5737 sinit.
2792 5680 2858 5735 Et
2886 5682 2940 5735 in
2988 5682 3179 5735 bonam
3203 5690 3410 5750 partem
3443 5681 3499 5735 in

1916 5775 2206 5845 Evangelia
2236 5775 2498 5845 accipitur
2528 5793 2539 5826 :
2573 5773 2640 5825 Et
2664 5789 2916 5843 pauperes
2944 5789 3005 5825 ac
3031 5771 3222 5825 debiles
3251 5771 3495 5825 introduc

1915 5869 2015 5925 huc
2046 5866 2197 5945 (Luc.
2229 5868 2362 5942 xiv).
2394 5867 2597 5939 Lippus
2622 5875 2724 5933 est,
2775 5879 2935 5939 quem
2983 5874 3195 5921 terrena
3227 5864 3493 5936 cupiditas
