3922 6354
430 408 535 466 503

1070 406 1127 460 Β.
1170 405 1421 460 RABANI
1462 400 1682 461 MAURI
1720 403 2037 462 ARCHIEP.
2080 405 2388 463 MOGUNT.
2431 406 2719 463 OPERUM
2759 407 2938 463 PARS
2971 408 3036 465 ll.

3564 378 3583 405 /

3603 410 3718 464 504

424 522 754 595 deprimens,
784 520 985 575 mentis
1012 519 1196 574 oculos
1224 521 1293 573 ad
1325 519 1566 575 coelestia
1598 519 2007 589 contemplanda
2034 526 2087 587 Α
2113 532 2374 587 aromata,
2425 532 2639 578 stactem
2682 531 2732 577 et
2773 523 2995 593 onycha,
3030 522 3317 593 galbanum
3351 523 3473 579 boni
3502 524 3715 590 odoris,

423 615 638 669 elevare
664 628 772 670 non
813 613 963 667 sinit.
995 609 1301 666 Confractis
1350 611 1611 666 testiculis
1637 619 1738 677 est,
1770 610 2018 681 qui'viri-

425 708 520 763 des
548 721 740 762 sensus
761 704 1019 759 adversus
1038 703 1170 757 vitia
1196 718 1303 757 non
1331 703 1513 757 habet.
1546 701 1887 758 Ponderosus
1910 710 2016 767 est,

424 812 586 868 quem
616 809 783 866 prava
831 793 1088 865 cogitatio
1121 792 1702 865 indesinenter‘gravat
1734 794 1787 847 in
1814 800 2014 847 mente.

425 888 673 943 Scabiem
705 887 759 941 in
788 901 1017 955 corpore
1043 886 1230 951 habet,
1272 900 1433 954 quem
1483 884 1696 939 luxuria
1721 885 1905 941 carnis
1932 886 2021 939 de-

420 987 597 1034 vastat
626 977 682 1033 in
712 984 913 1033 mente.
938 976 1308 1047 lmpetiginem
1330 977 1514 1042 habet,
1546 978 1633 1031 cui
1664 976 1893 1030 avaritia
1924 976 2019 1031 do—

422 1076 660 1130 minatur
695 1072 749 1127 in
777 1073 962 1128 corde.
1007 1070 1114 1125 Alii
1150 1071 1292 1125 hanc
1346 1070 1717 1141 impetiginem
1764 1069 2020 1125 concilia-

421 1166 545 1222 bula
576 1165 957 1221 htereticorum
988 1161 1393 1218 intellexerunt.
1424 1162 1745 1218 Abstractus
1765 1170 1870 1228 est,
1902 1162 2016 1231 qui,

419 1258 660 1329 peccatis
711 1255 945 1328 propriis
998 1253 1372 1325 exigentibus,
1428 1270 1457 1307 a
1508 1252 1708 1310 Christi
1766 1266 2016 1322 corpore,

421 1349 564 1421 quod
590 1358 675 1405 est
708 1348 969 1411 Ecclesia,
1004 1353 1286 1416 separatus
1312 1356 1414 1401 est.
1463 1345 1699 1400 Medicus
1744 1344 2016 1407 Christus,

419 1450 479 1495 ut
507 1442 557 1495 in
582 1439 914 1510 Evangelio:
951 1437 1075 1491 Non
1120 1446 1268 1508 egent
1326 1437 1443 1490 sani
1475 1436 1696 1500 medico,
1744 1433 1835 1489 sed
1881 1434 2019 1487 male

419 1520 668 1587 hahentes
700 1532 918 1602 (Matth.
944 1529 1045 1603 IX).
1075 1529 1297 1593 Resina,
1330 1528 1565 1583 caelestis
1616 1527 1881 1581 medicina
1913 1535 2016 1590 est,

420 1634 479 1677 ιιι
503 1622 770 1678 Jeremias
795 1623 970 1677 dicit:
1004 1619 1262 1690 Nunquid
1282 1635 1385 1672 non
1409 1628 1483 1672 est
1514 1619 1687 1674 resina
1715 1618 1769 1670 in
1786 1615 2016 1681 Galaad,

419 1717 526 1770 hoc
570 1724 674 1779 est,
730 1715 785 1768 in
840 1713 1119 1793 Ecclesia,
1184 1720 1275 1765 aut
1330 1712 1561 1765 medicus
1617 1726 1720 1763 non
1776 1714 1853 1764 est
1905 1709 2021 1762 ibi?

418 1807 554 1880 (Jer.
580 1807 727 1879 vm.)
753 1808 886 1864 Item
912 1807 987 1862 ibi
1015 1814 1238 1877 propter
1272 1805 1505 1859 animam
1527 1809 1881 1873 peccatorum
1901 1801 2018 1855 lan-

2119 625 2165 669 et
2193 617 2313 669 thus
2336 615 2721 669 lucidissimum
2745 632 2764 671 :
2785 614 3003 684 (aqualis
3030 615 3277 685 ponderis
3297 624 3448 670 erunt
3479 616 3663 670 omnia
3696 631 3720 670 :

2119 708 2381 777 faciesque
2422 706 2711 776 thymiama
2752 706 3094 773 compositum
3151 723 3303 776 opere
3344 706 3719 779 unguentarii,

2118 798 2327 851 mistum
2347 795 2623 867 diligenter
2646 805 2695 851 et
2718 813 2909 867 purum
2943 796 3141 869 (Exod.
3173 797 3328 869 xxx).
3357 797 3719 869 l'l'hymiama

2118 888 2481 959 compositum
2510 902 2576 942 ex
2604 889 2939 944 aromatibus
2992 889 3241 953 facimus,
3277 905 3402 945 cum
3454 890 3511 945 in
3553 888 3723 945 altari

2118 980 2241 1035 boni
2270 980 2451 1050 operis
2480 979 2739 1035 virtutum
2772 980 3169 1051 multiplicitate
3190 972 3501 1037 redolemus
3524 995 3541 1035 :
3566 981 3722 1051 quod

2120 1073 2340 1127 mistum
2382 1080 2436 1127 et
2480 1087 2674 1142 purum
2712 1073 2809 1128 ﬁt’:
2842 1075 2966 1142 quia
2998 1083 3261 1145 quantum
3314 1076 3487 1130 virtus
3526 1074 3725 1129 virtuti

2112 1165 2377 1238 jungitur,
2426 1174 2637 1222 tantum
2688 1169 2971 1223 incensum
3022 1168 3150 1223 boni
3210 1169 3393 1238 operis
3444 1166 3725 1222 sincerius

2119 1257 2426 1312 exhibetur.
2459 1258 2718 1312 Aromata
2741 1273 2871 1328 ergo
2915 1259 2969 1311 in
3015 1256 3289 1329 pulverem
3328 1259 3607 1332 redigere,
3638 1264 3729 1312 est

2119 1346 2347 1400 virtutes
2399 1346 2753 1418 recogitaudo
2780 1354 2959 1402 terere
2999 1347 3354 1402 et‘subtiliter
3378 1348 3724 1403 examinare.

2118 1435 2404 1492 incensum
2417 1438 2749 1493 odoriferum
2775 1438 2840 1492 de
2863 1438 3154 1509 pigmentis
3175 1446 3259 1493 est
3274 1439 3459 1493 suavis
3478 1438 3727 1503 adustio,

2074 1602 2077 1605 ἢ
2120 1543 2240 1597 quae
2287 1528 2616 1583 carbonibus
2669 1537 3013 1584 concremata
3072 1518 3451 1585 charissimum
3508 1529 3727 1585 fumum

2118 1620 2349 1691 porrigit
2383 1620 2467 1674 'ad
2518 1636 2784 1690 superna,
2840 1629 2895 1676 et
2946 1622 3238 1677 odorantes
3294 1636 3353 1676 se
3413 1619 3729 1676 delectabili

2112 1714 2451 1785 jucunditate
2496 1716 2820 1786 permulcet,
2878 1718 2957 1771 sic
3006 1718 3291 1771 beatorum
3342 1716 3542 1774 oratio.
3593 1715 3725 1787 igne

2120 1811 2404 1865 charitatis
2455 1811 2696 1875 incensa,
2752 1811 2949 1865 divinis
3004 1811 3383 1881 conspectibus
3432 1810 3728 1881 ingeritur,

418 1916 585 1969 guore
630 1900 899 1955 inﬁrmam
927 1916 939 1953 :
969 1896 1178 1963 Ponite,
1206 1897 1399 1966 inquit,
1430 1896 1656 1948 resinam
1687 1893 1755 1946 ad
1780 1892 2016 1946 dolorem
2046 1888 2093 1947 B
2122 1918 2243 1971 qum
2299 1902 2474 1972 magis
2528 1901 2853 1955 humilitatis
2898 1910 2953 1956 ει
3003 1902 3436 1972 ροηιρυηοιίοηίε
3480 1901 3732 1970 pondere

418 1993 558 2063 ejus,
611 1992 655 2045 si
705 1991 841 2061 forte
885 1999 1105 2045 sanetur
1170 1988 1305 2059 (Jer.
1358 1985 1453 2057 LI).
1489 1983 1637 2040 Odor
1684 1992 1912 2038 vocatus
1946 1984 2016 2037 ab

422 2097 591 2138 aere:
623 2082 943 2153 thymiama,
997 2080 1183 2135 Graeca
1235 2078 1419 2148 lingua
1456 2084 1729 2139 vocatum,
1763 2074 1905 2145 quod
1952 2075 2044 2130 sit'

418 2175 744 2247 adorabile:
778 2188 900 2227 nam
929 2173 1172 2243 thymum
1195 2170 1395 2225 dicitur
1428 2167 1525 2222 tlos
1557 2167 1648 2236 qui
1678 2167 1902 2221 odorem
1929 2181 2019 2221 re-

420 2267 550 2332 fert,
572 2267 639 2322 de
669 2281 777 2337 quo
804 2264 1096 2335 Virgilius:
1127 2261 1484 2331 Redolentque
1509 2259 1706 2328 thymo.
1735 2256 2021 2311 Incensum

422 2362 652 2425 dictum,
686 2362 811 2432 quia
853 2360 978 2429 igne
1005 2357 1365 2420 consumitur,
1412 2355 1536 2408 dum
1569 2349 1834 2406 offertur:
1860 2351 2021 2420 signi-

422 2453 551 2509 ﬁcat
570 2453 714 2507 enim
744 2454 1025 2506 incensum
1057 2449 1321 2504 orationis
1352 2445 1643 2516 puritatem
1677 2456 1691 2494 :
1725 2442 1868 2495 unde
1892 2442 2021 2496 dici-

420 2553 511 2599 tur
536 2545 588 2597 in
615 2542 823 2613 psalmo
853 2561 864 2595 :
892 2540 1168 2611 Dirigatur
1191 2538 1358 2592 oratio
1396 2551 1534 2599 mea,
1564 2535 1700 2588 sicut
1726 2533 2017 2598 incensum,

418 2634 473 2687 in
502 2643 775 2702 conspectu
799 2642 886 2684 tuo
920 2629 1092 2701 (Psal.
1130 2630 1273 2699 οη).

496 2724 562 2779 Et
599 2726 654 2779 in
688 2708 873 2779 Exodo
894 2710 1169 2777 'Dominus
1197 2720 1265 2775 ad
1317 2718 1539 2791 Moysen
1582 2716 1658 2772 ait
1698 2736 1710 2772 :
1751 2715 1910 2771 Sume
1933 2718 2025 2772 liti

2128 1992 2459 2047 sublevatur.
2503 1989 2808 2046 Virtutibus
2860 1992 3008 2046 enim
3057 1992 3319 2047 Dominus
3370 1999 3561 2047 noster
3606 2001 3733 2045 tan-

2127 2101 2290 2154 quam
2339 2084 2499 2139 bonis
2534 2084 2833 2139 delectatur
2881 2085 3137 2140 odoribus
3198 2103 3210 2138 :
3258 2100 3385 2140 nam
3420 2084 3731 2138 orationem

2128 2184 2393 2241 sanctam,
2425 2174 2572 2228 velut
2607 2175 2827 2229 odorem
2859 2176 3268 2241 suavissimum,
3315 2175 3597 2243 suscipere
3624 2174 3734 2231 Do-

2127 2267 2356 2329 minum,
2388 2274 2441 2320 et
2489 2265 2543 2319 in
2586 2265 2909 2336 Apocalypsi
2960 2265 3177 2337 legitur,
3209 2267 3301 2320 ubi
3330 2266 3536 2322 dictum
3583 2274 3673 2321 est
3714 2284 3729 2319 :

2129 2356 2283 2410 Stetit
2310 2355 2537 2425 Angelus
2562 2357 2723 2426 juxta
2749 2374 2897 2411 aram
2926 2357 3121 2427 templi,
3174 2358 3367 2412 habens
3397 2357 3731 2412 thuribulum

2128 2463 2368 2512 aureum,
2400 2456 2446 2500 et
2472 2447 2705 2499 ascendit
2747 2446 2926 2515 fumus
2965 2447 3406 2517 supplicationum
3454 2448 3521 2501 de
3567 2463 3731 2501 manu

2128 2535 2300 2606 angeli
2354 2537 2407 2588 in
2435 2544 2711 2605 conspectu
2755 2534 2986 2599 Domini,
3016 2546 3074 2589 ut
3100 2537 3250 2591 daret
3286 2538 3349 2591 de
3398 2538 3731 2592 orationibus

2129 2637 2452 2693 sanctorum,
2483 2627 2621 2699 quod
2649 2636 2723 2682 est
2756 2636 2875 2682 ante
2900 2626 3185 2683 Dominum
3224 2629 3407 2703 (Apoc.
3430 2632 3577 2701 vni).

427 2874 3701 2903 Μ

1450 3002 1749 3083 LIBER
1807 2999 2157 3083 NONUS
2216 2998 2702 3079 DECIMUS.

942 3292 1171 3351 CAPUT
1202 3290 1497 3349 PRIMUM.

908 3386 983 3442 De
1020 3386 1229 3441 cultura
1268 3400 1535 3455 agrorum.

498 3483 718 3540 Cultura
750 3488 852 3546 est,
888 3495 994 3549 qua
1023 3477 1293 3533 frumenta
1322 3476 1407 3531 vel
1442 3476 1566 3530 vina
1604 3489 1802 3547 magno
1838 3474 2023 3531 labore

423 3586 760 3649 quaeruntur,
794 3573 861 3626 ab
901 3568 1188 3625 incolendo
1219 3578 1429 3622 vocata.
1473 3567 1684 3622 Divitiae
1715 3568 1858 3622 enim
1890 3566 2027 3621 anti-

425 3682 657 3740 quorum
697 3666 750 3717 in
786 3662 870 3716 his
908 3660 1115 3715 duobus
1149 3666 1323 3723 erant,
1358 3659 1497 3713 bene
1532 3672 1774 3726 pascere,
1804 3664 1857 3711 et
1889 3656 2027 3710 bene

424 3774 602 3815 arare.
639 3755 862 3811 Cultura
897 3750 1034 3823 agri,
1062 3750 1221 3815 cinis,
1244 3750 1435 3813 aratio,
1457 3750 1807 3813 intermissio,
1836 3749 2024 3803 incen-

423 3851 507 3907 sio
536 3846 878 3918 stipularum,
920 3841 1263 3906 stercoratio,
1303 3841 1533 3911 occatio,
1569 3839 1835 3894 runcatio.
1878 3835 2029 3892 Cinis

425 3951 509 3997 est
562 3938 893 4002 incendium,
947 3949 1046 4007 per
1093 3932 1239 4002 quod
1289 3947 1417 4003 ager
1461 3930 1705 3986 inutilem
1742 3930 2027 3984 humorem

426 4034 647 4091 exudat.
701 4031 889 4085 Aratio
914 4028 1081 4093 dicta,
1109 4026 1233 4096 quia
1268 4025 1333 4081 de
1359 4040 1465 4080 tere
1494 4025 1643 4094 prius
1668 4032 1826 4078 tena-
1851 4021 2027 4076 cultu-

432 4141 550 4182 ram
593 4122 943 4186 exercebant,
978 4126 1269 4189 antequam
1294 4116 1424 4171 ferri
1458 4115 1648 4171 fuisset
1678 4124 1808 4169 usus
1842 4128 2027 4182 reper-

431 4226 533 4270 tus.
560 4213 767 4283 Duplex
784 4225 913 4282 ergo
932 4209 1106 4263 aratio
1122 4204 1455 4267 :vernalis'et
1477 4204 1825 4259 autumnalis.
1852 4203 2027 4257 inter-

432 4307 616 4363 missio
631 4314 731 4368 est,
750 4319 854 4373 qua
874 4301 1099 4355 alternis
1130 4300 1289 4354 annis
1299 4313 1501 4352 vacuus
1516 4311 1644 4366 ager
1659 4297 1802 4350 vires
1814 4293 2027 4363 recipit.

432 4399 770 4456 Stercoratio
793 4405 875 4451 est
898 4392 1185 4449 lzetaminis
1207 4392 1469 4461 aSpersio.
1492 4389 1716 4445 Stercus
1740 4397 1919 4444 autem
1938 4403 2032 4442 vo-

430 4501 611 4550 catum
623 4531 637 4555 ,
651 4488 733 4542 vel
751 4488 873 4556 quia
892 4487 1154 4541 sternitur
1167 4486 1219 4538 in
1236 4483 1401 4553 agris,
1418 4481 1500 4535 vel
1516 4481 1639 4552 quia
1656 4481 1863 4547 extergi
1877 4493 2036 4547 opor-

428 4592 559 4647 teat,
577 4582 719 4651 quod
742 4578 1018 4634 sordidum
1041 4577 1093 4630 in
1119 4575 1339 4631 civitate
1360 4572 1642 4627 redundat.
1663 4570 1792 4624 [tem
1807 4578 1861 4623 et
1878 4568 2035 4622 limus

432 4684 547 4737 est,
584 4673 674 4741 qui
701 4686 796 4741 per
818 4684 976 4738 agros
1000 4666 1234 4735 jacitur;
1264 4672 1315 4718 et
1352 4664 1529 4717 dictus
1551 4660 1732 4724 timus,
1765 4660 1907 4728 quod
1940 4656 2035 4711 ﬁat

431 4782 589 4829 mus,
624 4764 677 4816 id
727 4770 839 4824 est,
874 4769 1105 4823 stercus,
1140 4756 1283 4825 quod
1312 4754 1470 4823 vulgo
1496 4752 1742 4805 laetamen
1788 4755 2031 4811 vocatur,

428 4873 495 4912 eo
525 4854 667 4925 quod
698 4868 795 4907 suo
825 4850 1160 4904 nutrimento
1192 4846 1311 4900 laeta
1336 4843 1501 4899 faciat
1528 4840 1792 4916 germina,
1819 4837 2035 4890 reddat-

440 4962 547 5018 que
579 4959 707 4999 arva
743 4942 959 5013 pinguia
990 4948 1044 4993 et
1087 4938 1335 4993 fecunda.
1380 4934 1600 4989 Occatio
1623 4938 1737 4995 est,
1762 4944 1884 4984 cum
1908 4942 2031 4981 rus-

432 5040 527 5095 tici
549 5079 564 5102 ,
611 5039 820 5092 satione
866 5034 1004 5088 facta
1029 5074 1041 5095 ,
1092 5032 1264 5086 bobus
1300 5028 1559 5091 dimissis,
1592 5026 1822 5095 grandes
1851 5021 2033 5091 glebas

436 5131 652 5186 caedunt
673 5142 737 5181 ac
761 5126 1029 5196 ligonibus
1052 5123 1309 5192 frangunt
1338 5139 1350 5173 :
1382 5128 1436 5175 et
1461 5118 1600 5172 dicta
1625 5116 1855 5177 occatio,
1880 5111 2033 5182 quasi

435 5220 750 5283 obcaecatio,
801 5217 945 5287 quod
989 5217 1198 5283 operiat
1242 5214 1450 5268 semina
1480 5230 1490 5265 :
1516 5224 1709 5265 occare
1748 5207 1914 5278 igitur
1951 5212 2035 5260 est

438 5313 653 5383 operire
694 5320 836 5365 terra
867 5307 1095 5373 semina,
1140 5306 1297 5369 vites,
1346 5304 1430 5358 vel
1474 5303 1717 5357 arbores.
1768 5296 2034 5352 Runcatio

441 5414 525 5459 est
551 5419 580 5456 a
611 5412 756 5457 terra
790 5399 986 5455 herbas
1015 5396 1213 5451 vellere
1246 5414 1257 5448 :
1293 5410 1415 5450 nam
1458 5410 1552 5448 rus
1588 5403 1730 5445 terra
1761 5398 1843 5443 est
1874 5407 1884 5441 :
1920 5387 2032 5441 sul-

440 5509 537 5550 cus
578 5508 608 5545 a
645 5493 757 5547 sole
803 5499 1045 5553 vocatus,
1099 5488 1241 5558 quod
1283 5487 1582 5557 proscissus
1620 5483 1785 5538 solem
1830 5481 2031 5549 capiat.

446 5589 777 5642 Veruactum
810 5586 1035 5648 dictum,
1062 5581 1216 5650 quasi
1261 5596 1387 5635 vere
1415 5588 1593 5634 actum
1614 5617 1627 5643 ,
1652 5576 1707 5630 id
1733 5582 1835 5637 est,
1866 5587 2034 5627 verno

448 5688 683 5734 aratum.
718 5677 1014 5731 Proscissio
1043 5684 1127 5731 est
1155 5674 1326 5729 aratio
1350 5675 1543 5743 prima,
1574 5670 1906 5725 cumadhuc
1933 5667 2032 5719 du-

450 5786 542 5826 rus
572 5784 700 5841 ager
727 5777 827 5823 est.
882 5765 1032 5822 Satio
1073 5768 1236 5830 dicta,
1286 5765 1439 5834 quasi
1490 5762 1710 5817 seminis
1747 5758 1910 5822 actio,
1950 5755 2035 5809 vel

453 5863 604 5930 quasi
642 5870 875 5915 satorum
917 5858 1075 5913 actio.
1124 5857 1316 5911 Serere
1355 5862 1534 5909 autem
1573 5859 1845 5913 vocatum,
1891 5846 2033 5915 quod

2044 3291 2091 3355 C
2121 3290 2227 3347 hoc
2252 3301 2446 3365 sereno
2466 3287 2603 3345 ctelo
2624 3284 2928 3342 iaciendum
2949 3293 3055 3353 est,
3079 3300 3187 3342 non
3208 3298 3305 3358 per
3324 3284 3548 3343 imbres.
3586 3285 3732 3344 Hinc

2127 3390 2211 3438 est
2259 3390 2314 3437 et
2360 3381 2488 3436 illud
2531 3366 2890 3451 Virgilianum
2927 3397 2942 3435 :
2979 3379 3152 3434 nudus
3188 3396 3284 3433 ara
3308 3392 3327 3431 :
3361 3396 3474 3434 sere
3529 3379 3729 3435 nudis.

2131 3472 2320 3528 Messis
2352 3488 2380 3527 a
2411 3471 2684 3534 metendo,
2718 3470 2771 3523 id
2808 3476 2910 3535 est,
2948 3484 2976 3523 a
3020 3462 3309 3524 recidendo
3352 3468 3494 3523 dicta
3525 3486 3539 3522 :
3572 3483 3735 3541 seges

2134 3573 2313 3620 autem
2351 3565 2416 3618 de
2454 3563 2659 3618 semine
2696 3561 2835 3615 dicta
2864 3600 2877 3622 ,
2932 3560 3076 3628 quod
3106 3557 3341 3626 jacimus
3372 3577 3384 3613 :
3419 3560 3535 3615 sive
3566 3575 3596 3613 a
3638 3574 3733 3615 se-

2132 3660 2329 3714 ctione.
2378 3654 2710 3726 Spiritaliter
2740 3660 2918 3706 autem
2958 3651 3013 3705 in
3044 3649 3342 3719 Scripturis
3380 3650 3553 3705 sacris
3584 3650 3733 3720 agri-

2132 3750 2340 3805 cultura
2376 3747 2539 3803 corda
2574 3744 2909 3800 credentium
2964 3742 3370 3812 intelliguntur,
3428 3743 3483 3797 in
3530 3742 3734 3813 quibus

2128 3840 2341 3894 fructus
2358 3826 2619 3893 virtutum
2648 3834 2957 3906 germinant
2982 3848 2997 3886 :
3030 3834 3172 3887 unde
3197 3831 3484 3903 Apostolus
3512 3832 3581 3886 ad
3609 3846 3735 3887 cre-

2132 3934 2323 3987 dentes
2360 3930 2439 3985 ait
2483 3927 2537 4000 (I
2587 3927 2709 3982 Cor.
2760 3924 2841 3995 nl)
2873 3940 2887 3978 :
2920 3925 3019 3979 Dei
3065 3922 3393 3995 agricultura
3431 3924 3577 3988 estis,
3628 3923 3734 3978 Dei

2135 4021 2416 4091 adificatio
2445 4020 2587 4074 estis.
2628 4015 2879 4088 Agricola
2906 4021 3086 4069 autem
3118 4013 3259 4069 Deus
3288 4022 3374 4068 est
3400 4030 3413 4066 :
3441 4013 3585 4068 unde
3624 4014 3735 4070 Do—

2136 4111 2316 4165 minus
2341 4110 2397 4163 in
2422 4106 2714 4177 Evangelio
2737 4105 2850 4158 ait:
2875 4102 2990 4173 Ego
3023 4119 3139 4156 sum
3168 4102 3285 4155 vitis
3310 4117 3453 4166 uera,
3485 4110 3534 4155 et
3564 4100 3735 4179 Pater

2136 4218 2283 4257 meus
2318 4200 2548 4271 agricola
2586 4208 2660 4252 est
2696 4194 2878 4268 (Joan.
2908 4194 3021 4266 xv).
3062 4194 3192 4248 [tem
3220 4191 3455 4263 agricola
3483 4191 3733 4263 Apostoli

2136 4302 2282 4356 sunt,
2309 4292 2393 4345 vel
2420 4290 2599 4345 caeteri
2632 4288 3031 4358 praedicatores.
3070 4274 3254 4337 Coloni
3286 4296 3415 4336 vero
3442 4283 3615 4337 sancti
3644 4283 3732 4337 in-

2136 4383 2469 4453 telliguntur.
2518 4378 2671 4434 Unde
2722 4378 2773 4429 in
2816 4372 3107 4444 Evangelio
3154 4372 3288 4426 dicit
3331 4390 3342 4425 :
3378 4370 3554 4426 Malos
3596 4372 3737 4427 male

2140 4475 2341 4546 perdet,
2369 4472 2421 4526 id
2446 4480 2546 4531 est,
2577 4469 2812 4533 Judreos,
2842 4477 2889 4519 et
2918 4467 3118 4520 vineam
3146 4480 3295 4518 suam
3337 4464 3509 4517 tradet
3534 4464 3737 4518 colonis

2062 4549 2112 4608 Ῑ)
2139 4566 2257 4619 aliis
2288 4563 2503 4635 (Matth.
2531 4561 2665 4631 χχι).
2705 4559 2973 4629 Operarii,
2999 4555 3245 4629 apostoli,
3273 4554 3357 4609 vel
3383 4556 3569 4611 caeteri
3596 4570 3737 4625 pm

2138 4656 2429 4710 dicatores.
2484 4652 2541 4707 In
2590 4650 2881 4721 Evangelio
2918 4649 3160 4719 legitur:
3204 4645 3401 4716 Rogate
3446 4646 3734 4700 Dominum

2137 4748 2342 4812 messis,
2380 4755 2439 4799 ut
2474 4746 2644 4798 mittat
2684 4743 2949 4813 operarios
2984 4741 3040 4794 in
3076 4754 3294 4793 messem
3331 4755 3485 4792 suam
3512 4739 3735 4808 (Matth.

2136 4839 2235 4912 ix).
2272 4838 2443 4893 Aliter
2478 4836 2733 4905 operarii,
2784 4831 3057 4897 haeretici,
3099 4832 3154 4885 in
3191 4829 3450 4907 Apostolo
3480 4848 3493 4884 :
3527 4829 3735 4896 Videte,

2137 4932 2334 5002 inquit,
2365 4946 2540 4993 canes,
2569 4928 2735 4981 uidete
2764 4924 2929 4979 malos
2959 4923 3247 4994 operarios,
3281 4922 3447 4974 videte
3471 4922 3735 4976 concisio-

2137 5040 2225 5076 nes
2264 5019 2429 5093 (Phil.
2472 5020 2577 5089 ιιι).
2630 5019 2997 5075 Incenduntur
3035 5029 3163 5086 ergo
3198 5016 3319 5084 igne
3358 5013 3472 5084 agri
3512 5022 3571 5066 ut
3609 5027 3734 5067 om-

2139 5113 2223 5166 nis
2270 5113 2466 5166 humor
2500 5109 2708 5165 inutilis
2743 5107 2990 5171 exsudet,
3035 5104 3249 5175 quando
3284 5117 3385 5172 per
3420 5102 3598 5157 zelum
3633 5101 3736 5158 Dei

2137 5202 2314 5257 omnis
2358 5201 2699 5270 superﬂuitas
2754 5200 3009 5253 vitiorum
3060 5214 3089 5251 a
3132 5194 3386 5251 cordibus
3430 5195 3736 5249 electorum

2137 5295 2382 5351 exuritur
2433 5313 2444 5347 :
2490 5308 2557 5347 ne
2610 5293 2684 5348 ibi
2733 5291 3024 5360 quidquam
3080 5287 3398 5359 pestiferum
3441 5288 3732 5359 germinet.

2137 5386 2376 5439 Arantur
2414 5384 2545 5452 agri,
2582 5380 2797 5451 quando
2836 5396 2932 5450 per
2974 5380 3253 5443 doctorum
3289 5377 3735 5446 praedicationem

2140 5479 2309 5534 turbae
2344 5476 2683 5533 credentium
2721 5482 3045 5528 exercentur
3071 5480 3124 5526 et
3147 5477 3523 5539 praeparantur
3548 5469 3616 5524 ad
3640 5482 3737 5526 ac-

2138 5572 2446 5641 cipiendum
2477 5583 2660 5623 semen
2685 5567 2910 5620 verbum
2942 5566 3035 5619 Dei
3065 5584 3076 5619 :
3110 5580 3282 5618 semen
3319 5562 3466 5617 enim
3500 5573 3575 5617 est
3616 5580 3733 5617 rer-

2140 5664 2257 5716 bum
2281 5662 2398 5725 Dei,
2423 5668 2483 5713 ut
2508 5661 2561 5713 in
2590 5659 2878 5729 Evangelio
2902 5657 3158 5711 Dominus
3180 5656 3293 5724 ipse
3312 5656 3553 5711 ostendit
3577 5654 3732 5726 (Luc.

2137 5754 2276 5825 vni).
2333 5752 2584 5806 Stercora
2627 5766 2756 5820 ergo
2788 5752 2840 5803 in
2879 5765 3066 5819 agrum
3111 5748 3418 5811 mittuntur,
3452 5756 3515 5801 ut
3538 5745 3735 5802 melius

2140 5842 2429 5897 fructiﬁcct
2455 5855 2468 5893 :
2495 5841 2619 5910 quia
2645 5855 2742 5909 per
2775 5839 3582 5907 recordationempeccatorum
3612 5836 3732 5906 qui-
