3922 6344
199 430 299 488 505

1165 426 1254 483 DE
1289 422 1637 482 UNIVERSO
1671 420 1853 479 LIBRI
1888 421 2056 479 XXII.
2097 450 2167 463 ——
2204 421 2330 479 LIB.
2373 421 2517 479 XIX.

3361 420 3468 479 506

195 559 295 618 que
324 542 506 600 ﬁdeles
541 543 610 596 ad
637 541 1007 613 poeniténtiam
1048 538 1483 613 provocabuntur
1509 556 1524 591 :
1549 546 1613 592 ut
1656 552 1771 593 me—
1800 542 1853 601 Α
1877 557 1979 596 nus
2008 538 2226 595 satiavit
2254 536 2434 609 (Joan.
2462 538 2559 610 γι).
2608 536 2843 593 Rursum
2882 538 2937 593 in
2974 537 3169 593 Genesi
3206 536 3467 608 scriptum

193 637 293 693 lius
321 637 371 691 in
404 634 568 690 sulcis
596 631 821 702 justitiae
858 642 1071 689 crescat
1099 645 1321 704 germen
1350 639 1514 685 rectae
1544 628 1692 693 ﬁdei,
1722 627 1783 683 et'

191 725 392 783 fructus
414 724 568 779 bonae
598 725 947 795 operationis.
999 722 1145 778 Sulci
1173 730 1299 778 sunt
1321 716 1487 777 corda
1510 719 1772 788 ﬁdelium,

191 818 317 874 utin
346 814 553 885 psalmo
583 833 597 870 :
629 815 815 871 Sulcos
850 815 965 885 ejus
996 814 1197 869 inebria
1226 812 1400 884 (Psal.
1430 811 1610 884 Littv);
1643 822 1698 867 et
1719 813 1775 867 in

190 907 282 963 Job
314 924 331 959 :
355 902 413 960 Si
441 905 715 961 adversum
748 922 831 960 me
863 907 921 959 in
958 913 1099 960 terra
1140 921 1259 978 meg
1306 905 1519 969 clamat,
1569 912 1618 958 et
1657 922 1775 959 cum

190 998 296 1068 ipsa
340 995 471 1050 sulci
517 996 631 1067 ejus
679 996 868 1067 deflent
908 994 1049 1067 (Iob.
1089 994 1262 1066 χχχι).
1322 995 1549 1061 Semen,
1592 994 1773 1050 divina

186 1089 508 1160 praedicatio,
536 1098 598 1144 ut
626 1090 679 1143 in
706 1088 996 1160 Evangelio
1027 1107 1039 1143 :
1068 1089 1219 1149 Exiit
1244 1088 1334 1159 qui
1359 1088 1581 1142 seminat
1602 1104 1776 1142 semen

189 1201 333 1239 suum
364 1182 581 1257 (Matth.
609 1183 752 1254 χιιι).
795 1182 1009 1246 Semen,
1036 1182 1415 1239 haereticorum
1438 1182 1771 1253 praedicatio,

191 1293 318 1349 aqua
346 1277 590 1332 stultitiae
614 1275 848 1348 perfusa,
880 1285 941 1331 ut
974 1277 1030 1332 in
1064 1276 1434 1331 Pentateucho
1460 1294 1471 1328 :
1504 1273 1670 1329 Omne
1701 1292 1777 1329 se-

188 1386 315 1434 men,
345 1384 500 1439 super
525 1369 669 1439 quod
691 1369 930 1423 ceciderit
953 1385 1112 1439 aqua,
1136 1367 1467 1421 immundum
1499 1368 1596 1421 erit
1628 1364 1769 1437 (Lev.

188 1459 278 1531 ιι).
332 1458 733 1524 Arator'crux,
779 1459 893 1513 sive
938 1456 1339 1527 praedicationis
1374 1454 1607 1510 ofﬁcium
1635 1495 1649 1520 ,
1690 1454 1809 1509 velv

189 1550 444 1605 inchoatio
473 1549 741 1605 bonorum
773 1564 1019 1621 operum,
1051 1557 1111 1603 ut
1150 1550 1202 1603 in
1238 1547 1528 1618 Evangelio
1557 1564 1570 1601 :
1603 1545 1772 1601 Nemo

188 1640 382 1694 mittens
403 1658 621 1696 manum
651 1658 802 1695 suam
842 1642 897 1695 in
935 1650 1194 1705 aratrum,
1219 1649 1266 1694 et
1304 1639 1582 1710 respiciens
1613 1647 1769 1715 retro,

188 1738 328 1799 aptus
372 1740 447 1784 est
489 1747 650 1802 regno
698 1730 945 1785 calorum
985 1728 1138 1802 (Luc.
1170 1728 1269 1802 ιχ).
1310 1730 1482 1785 Arare
1512 1728 1772 1799 praedica-

1876 641 1958 690 est
1983 633 2050 687 de
2077 632 2227 686 Isaac
2259 648 2272 684 :
2308 629 2449 685 Sevit
2480 630 2655 697 Isaac,
2688 639 2734 685 et
2763 630 2956 685 invenit
2980 630 3035 684 in
3058 628 3151 683 illo
3171 644 3311 684 anno
3341 645 3462 682 cen-

1875 723 2079 794 tuplum
2129 721 2312 776 hordei
2343 718 2497 793 (Gen.
2546 720 2717 793 xxvi).
2758 720 2942 775 Arista
2986 719 3274 790 appellata,
3321 720 3465 790 quod

1873 816 2025 888 prius
2046 817 2158 884 ipsa
2187 822 2420 870 arescat.
2468 800 2686 869 Culmus
2726 820 2808 869 est
2847 813 2962 884 ipse
3005 813 3243 869 calamus
3273 814 3465 884 spicae,

1876 908 1967 979 qui
1996 923 2026 962 a
2054 906 2328 961 radicibus
2354 905 2628 970 nascitur;
2655 911 2710 960 et
2729 905 2903 960 dictus
2929 903 3159 973 culmus,
3188 905 3343 974 quasi
3369 919 3464 960 ca-

1875 998 2068 1056 lamus.
2124 996 2415 1052 FolliCulus
2451 1005 2535 1052 est
2572 997 2726 1051 theca
2758 995 3044 1062 frumenti,
3093 997 3150 1052 in
3196 1011 3301 1067 qua
3340 1010 3467 1068 gra-

1873 1104 2002 1143 num
2032 1096 2276 1143 servatur
2303 1087 2551 1143 interius.
2600 1086 2726 1143 Haec
2762 1102 2922 1157 super
2955 1088 3160 1159 spicam
3201 1088 3342 1144 vallo
3379 1089 3466 1144 in-

1873 1189 2081 1237 structa
2141 1182 2418 1235 munimen
2468 1180 2787 1250 praetendit,
2849 1177 2935 1234 ne”
2964 1180 3142 1234 avium
3194 1181 3468 1236 minorum

1872 1272 2147 1327 morsibus
2176 1272 2324 1342 spica
2346 1270 2616 1326 fructibus
2651 1277 2899 1333 exuatur,
2943 1278 3037 1326 aut
3070 1272 3311 1341 vestigiis
3345 1286 3473 1339 pro-

1874 1374 2105 1420 teratur.
2149 1363 2275 1420 Haec
2313 1378 2526 1433 quoque
2569 1363 2971 1419 observantiam
3011 1362 3287 1418 carnalem
3336 1360 3470 1432 legis

1872 1456 2074 1512 veteris
2101 1455 2425 1527 signiﬁcant,
2464 1455 2517 1509 in
2565 1470 2672 1525 qua
2710 1454 2940 1510 medulla
2982 1469 3174 1511 sensus
3213 1452 3472 1523 spiritalis

1873 1546 2089 1603 condita
2112 1546 2261 1601 latet.
2308 1544 2483 1616 Spicte
2517 1546 2671 1601 initia
2702 1546 2845 1611 ﬁdei,
2876 1546 2963 1600 vel
2993 1545 3269 1601 inchoatio
3304 1546 3473 1600 bono-

1872 1654 1993 1692 rum
2021 1652 2265 1707 operum,
2296 1638 2439 1692 sicut
2477 1636 2531 1691 in
2569 1635 2670 1691 Job
2712 1639 2778 1693 de
2817 1638 3087 1693 haereticis
3130 1638 3329 1692 dicitur
3355 1652 3370 1690 :
3401 1637 3471 1692 Et

1871 1727 2215 1783 esurientibus
2235 1728 2465 1783 tulerunt
2485 1730 2657 1800 spicas
2681 1726 2824 1802 (Iob.
2849 1728 3022 1801 xxrv).
3075 1727 3305 1798 Stipula,
3331 1729 3472 1784 aridi

187 1822 340 1876 tionis
374 1831 459 1878 est
503 1823 740 1879 ofﬁcium
775 1838 1033 1899 exercere
1066 1841 1080 1877 :
1113 1824 1257 1879 unde
1294 1823 1348 1879 in
1386 1814 1527 1878 libro
1565 1824 1772 1895 Regum
1874 1823 1938 1877 ad
1979 1822 2160 1888 ﬁdem,
2207 1822 2291 1877 vel
2336 1822 2524 1877 inanes
2567 1822 2623 1877 in
2672 1822 2931 1893 Apostolo
2955 1841 2968 1877 :
2995 1822 3240 1891 Lignum,
3264 1822 3471 1905 fanum,

184 1911 370 1984 legitur
396 1932 409 1968 :
442 1915 511 1969 Et
538 1918 649 1986 ipse
671 1917 725 1969 in
752 1915 1025 1969 duodecim
1046 1914 1318 1969 orantibus
1342 1932 1478 1969 unus
1506 1923 1617 1968 erat
1647 1912 1766 1985 (ΙΙΙ
1796 1907 1844 1967 Β
1871 1914 2119 1983 stipulam
2144 1913 2196 1985 (Ι
2229 1914 2350 1977 Cor.
2381 1914 2495 1987 ιιι);
2524 1923 2579 1969 et
2607 1915 2660 1969 in
2692 1915 2954 1985 pmpheta
2980 1933 2991 1969 :
3020 1915 3139 1969 Heu
3173 1915 3321 1978 mihi,
3349 1916 3475 1985 quia

187 1999 313 2075 Reg:
362 2006 499 2076 χιχ).
552 2004 838 2061 Seminare
887 2014 972 2061 est
1015 2006 1415 2076 praedicationis
1465 2000 1772 2069 sermonem

185 2095 235 2150 in
262 2096 419 2151 corda
442 2096 682 2151 ﬁdelium
716 2110 991 2167 spargere,
1020 2104 1081 2154 ut
1114 2096 1168 2149 in
1198 2097 1461 2166 pr0pheta
1489 2114 1501 2149 :
1526 2094 1595 2147 Et
1620 2095 1776 2149 semi-

185 2187 369 2241 nabunt
396 2203 551 2258 agros
582 2184 756 2260 (Psal.
788 2186 918 2259 ενι).
970 2186 1194 2258 Segetes
1224 2196 1405 2242 autem
1434 2186 1619 2257 plebes
1650 2195 1777 2240 sunt

185 2279 411 2334 ﬁdelium
466 2294 606 2349 quas
654 2280 918 2335 mundam
958 2289 1015 2334 et
1058 2287 1388 2351 expurgant;
1419 2278 1775 2351 agricultores

184 2370 501 2440 spirituales,
531 2371 636 2425 hoc
660 2380 745 2425 est
761 2412 774 2435 ,
805 2370 1052 2425 doctores
1075 2371 1270 2435 sancti,
1294 2385 1360 2424 ne
1381 2370 1675 2440 quidquam
1700 2367 1771 2423 ibi
1799 2356 1815 2379 ’

186 2470 383 2516 crescat
405 2462 595 2517 inutile
621 2471 783 2532 atque
802 2462 1148 2516 virulentum.
1194 2461 1384 2517 Messis
1404 2476 1533 2516 vero
1553 2460 1773 2514 ubertas

187 2560 263 2606 est
287 2551 367 2606 vel
392 2552 551 2623 cepia
591 2553 849 2617 ﬁdelium,
887 2561 946 2607 ut
984 2554 1037 2607 in
1079 2553 1369 2623 Evangelio
1404 2552 1665 2607 Dominus
1707 2551 1775 2605 ad

186 2641 458 2714 Apostolos
484 2644 563 2698 ait
592 2662 603 2697 :
639 2643 825 2699 Levate
852 2644 1030 2698 oculos
1070 2653 1283 2709 vestros,
1325 2653 1373 2697 et
1409 2642 1574 2696 videte
1608 2642 1775 2711 regio-

188 2752 289 2802 nes,
310 2737 432 2807 quia
451 2734 607 2790 -atbte
632 2746 753 2790 sunt
779 2737 897 2807 jam
925 2736 993 2790 ad
1017 2753 1235 2791 messem
1263 2733 1444 2807 (Joan.
1470 2749 1543 2797 ιν,
1576 2730 1771 2785 Matth.

189 2828 321 2896 xm).
374 2826 550 2883 Aliter
585 2836 766 2883 autem
802 2829 994 2884 messis
1028 2826 1426 2883 consummatio
1457 2833 1541 2880 est
1569 2824 1771 2889 saeculi,

189 2934 442 2975 messores
471 2935 605 2975 vero
640 2920 815 2992 angeli
843 2921 959 2985 Dei,
990 2921 1228 2975 triticum
1252 2928 1433 2973 autem
1460 2917 1620 2972 electi
1650 2924 1777 2972 sunt

190 3016 241 3062 et
266 3010 471 3064 zizania
501 3010 741 3081 reprobi.
794 3009 1132 3080 Colliguntur
1158 3024 1288 3080 ergo
1316 3016 1527 3079 segetes
1553 3015 1609 3062 et
1633 3006 1776 3061 redi-

188 3110 377 3171 guntur
399 3102 456 3156 in
482 3101 808 3171 manipulos,
838 3109 898 3156 ut
919 3102 974 3155 in
997 3103 1255 3156 horreum
1281 3100 1493 3155 Domini
1517 3098 1778 3156 collocen-

190 3200 272 3245 tur
302 3211 314 3245 :
342 3207 463 3247 cum
493 3192 670 3247 sancti
695 3193 801 3247 viri
828 3208 951 3247 cum
974 3191 1266 3262 manipulis
1290 3192 1555 3246 virtutum
1586 3192 1639 3245 in
1666 3205 1777 3245 coe-

1879 2005 2051 2075 factus
2082 2022 2196 2059 sum
2226 2006 2361 2059 sicut
2388 2006 2476 2075 qui
2510 2006 2705 2076 colligit
2725 2006 2975 2076 stipulam
3002 2008 3057 2060 in
3087 2022 3251 2059 messe
3283 2003 3470 2074 (Mich.

1878 2098 1997 2170 vn),
2022 2098 2127 2152 hoc
2147 2105 2248 2159 est,
2276 2096 2483 2150 nullum
2505 2095 2631 2151 boni
2655 2097 2833 2165 operis
2857 2096 3092 2149 fructum
3117 2095 3321 2150 inveni.
3363 2093 3475 2149 Sti-

1876 2190 2000 2261 pula
2032 2198 2210 2244 autem
2248 2204 2311 2242 ac
2345 2188 2513 2257 paleae
2540 2198 2857 2258 peccatores
2888 2187 3213 2260 signiﬁcant,
3246 2188 3338 2258 qui
3361 2186 3474 2258 apti

1876 2291 2003 2337 sunt
2040 2280 2105 2334 ad
2150 2280 2459 2335 incendium
2504 2288 2798 2345 aeternum;
2846 2280 2990 2335 unde
3039 2281 3297 2349 scriptum
3350 2288 3470 2335 est:

1876 2370 2070 2427 Paleas
2100 2381 2272 2427 autem
2312 2372 2480 2426 exurit
2527 2372 2635 2442 igni
2674 2372 3083 2442 inexstinguibili
3118 2372 3332 2444 (Matth.
3365 2372 3475 2443 ιιι).

1876 2465 1933 2519 In
1964 2464 2201 2520 Jeremia
2233 2476 2450 2534 quoque
2475 2463 2733 2532 scriptum
2762 2473 2847 2518 est
2877 2481 2888 2516 :
2923 2463 3063 2529 Quid
3090 2462 3254 2532 paleis
3279 2463 3349 2516 ad
3376 2463 3476 2517 tri-

1877 2556 2086 2609 ticum?
2121 2555 2246 2607 dicit
2289 2554 2543 2608 Dominus
2572 2554 2706 2625 (Jer.
2750 2554 2931 2623 χχιιι).
2972 2554 3189 2616 Acervi,
3224 2553 3478 2609 collectio

1878 2646 2118 2702 ﬁdelium
2162 2647 2229 2701 ad
2272 2642 2455 2701 a'ream
2482 2646 2758 2711 Ecclesiae,
2792 2647 2905 2700 sive
2939 2654 3250 2725 sanctorum
3284 2645 3478 2715 praedi—

1879 2740 2022 2795 catio
2047 2736 2286 2809 perfecta
2319 2757 2332 2792 :
2357 2738 2497 2793 sicut
2522 2738 2576 2793 in
2601 2735 2701 2793 Job
2724 2737 2790 2792 de
2818 2735 3090 2792 haereticis
3113 2735 3309 2791 dicitur
3333 2749 3348 2789 :
3382 2733 3476 2789 In-

1877 2842 1957 2888 ter
1988 2849 2199 2889 acervos
2233 2850 2413 2888 eorum
2448 2833 2711 2888 meridiali
2741 2840 2862 2888 sunt
2902 2829 3045 2902 (Job.
3084 2833 3256 2901 xxxv).

2484 2946 2713 3004 CAPUT
2776 2946 2863 3002 III.

2428 3018 2506 3073 De
2556 3018 2925 3089 leguminibus.

1949 3108 2247 3181 Legumina
2283 3123 2313 3162 a
2348 3107 2575 3179 legendo
2620 3107 2783 3171 dicta,
2829 3106 2983 3177 quasi
3023 3105 3194 3162 electa
3224 3120 3237 3160 :
3268 3114 3478 3161 veteres

1880 3201 2024 3256 enim
2057 3201 2280 3256 meliora
2313 3216 2539 3270 quaeque
2569 3200 2857 3271 legebant:
2893 3199 3007 3254 sive
3036 3199 3182 3267 quod
3209 3213 3371 3252 manu
3404 3198 3478 3251 le-

190 3281 367 3337 lestem
405 3284 747 3337 mansionem
797 3284 1133 3353 recipiuntur
1166 3302 1178 3336 :
1208 3292 1268 3338 ut
1303 3291 1387 3339 est
1428 3283 1482 3337 in
1523 3281 1775 3353 psalmo:
1806 3290 1851 3353 (ς
1883 3303 2096 3366 εθιηυιι,
2138 3308 2238 3348 ηερ
2277 3294 2570 3348 sectionem
2614 3294 2915 3363 requiram,
2964 3292 3319 3361 Leguminum
3360 3290 3478 3361 p1“-

200 3374 460 3445 Venientes
483 3418 497 3442 ,
536 3376 752 3446 inquit,
792 3376 988 3431 venient
1034 3377 1090 3430 in
1132 3376 1478 3431 exsultatione
1515 3386 1776 3445 portantes

191 3465 476 3534 manipulos
527 3482 651 3520 suos
703 3463 875 3538 (Psal.
917 3467 1079 3538 cxxv)
1107 3507 1122 3533 ,
1163 3466 1265 3521 hoc
1303 3474 1425 3529 est,
1467 3467 1775 3520 mercedem

191 3557 445 3613 bonorum
477 3572 704 3629 operum
744 3566 1029 3614 metentes.
1086 3559 1307 3633 Zizania
1352 3574 1479 3633 vero
1522 3558 1776 3613 scandala

191 3648 267 3703 vel
292 3648 429 3705 male
455 3649 1102 3718 viventesjntelliguntur
1138 3658 1195 3704 ut
1231 3631 1283 3702 in
1322 3631 1611 3719 Evangelia
1646 3649 1778 3704 scri-

190 3746 331 3807 ptum
358 3748 443 3793 est
471 3758 484 3794 :
524 3739 676 3794 Venit
706 3741 949 3794 inimicus
971 3782 985 3806 ,
1019 3750 1066 3794 et
1101 3740 1529 3810 superseminavit
1569 3738 1780 3793 zizania

190 3830 241 3882 in
259 3829 423 3883 medio
447 3831 613 3884 tritici
643 3829 858 3901 (Matth.
885 3832 1034 3900 xm);
1070 3839 1123 3885 et
1148 3832 1309 3900 paulo
1338 3839 1459 3901 post
1489 3848 1499 3883 :
1530 3828 1776 3900 Alligate,

190 3917 370 3989 inquit,
396 3922 633 3987 zizania,
659 3922 938 3990 fasciculos
970 3922 1038 3975 ad
1064 3921 1482 3976 Icomburendum
1505 3934 1521 3971 :
1546 3900 1778 3973 triticum

188 4020 352 4067 autem
380 4024 691 4083 congregata
714 4016 769 4067 in
788 4016 1035 4067 horreum
1056 4030 1229 4068 meum
1255 4012 1464 4084 (Ibid.).

807 4126 1037 4183 CAPUT
1091 4128 1155 4182 II.

770 4197 846 4251 De
884 4199 1181 4267 frumentis.

249 4284 543 4342 Frumenta
571 4295 695 4342 sunt
715 4288 957 4358 proprie,
994 4305 1113 4359 quae
1152 4289 1349 4345 aristas
1384 4290 1586 4346 habent
1616 4304 1631 4345 :
1659 4289 1775 4344 fru-

185 4389 273 4447 ges
293 4387 475 4432 autem
500 4378 726 4447 reliqua.
754 4377 1081 4448 Spiritaliter
1116 4389 1297 4437 autem
1326 4380 1656 4436 frumentum
1684 4389 1779 4434 aut

185 4470 352 4538 ipsum
375 4469 795 4541 Redemptorem
826 4480 1068 4526 nostrum
1092 4472 1382 4544 signiﬁcat,
1409 4473 1501 4543 qui
1522 4474 1576 4528 in
1600 4468 1777 4528 Evan-

1879 3386 2015 3440 rima
2047 3399 2244 3457 genera
2276 3400 2343 3440 ex
2388 3384 2584 3454 quibus
2618 3382 2761 3448 faba,
2795 3383 3074 3448 lenticula,
3106 3384 3307 3452 pisum,
3335 3381 3479 3436 fase-

1878 3477 2012 3541 lum,
2039 3477 2202 3541 cicer,
2232 3474 2496 3545 lupinum,
2524 3474 2761 3546 gratiora
2789 3475 2845 3529 in
2866 3490 2969 3530 usu
2994 3474 3271 3529 hominum
3293 3472 3482 3528 viden-

1880 3576 1989 3621 tur.
2035 3565 2259 3637 Mystice
2292 3575 2471 3621 autem
2502 3567 2769 3643 legumina
2806 3566 3195 3622 continentiam
3225 3564 3475 3630 luxuriae,

1878 3666 1933 3712 et
1982 3658 2455 3715 mortiﬁcationem
2524 3658 2768 3727 corporis
2828 3656 3136 3728 signiﬁcare
3192 3660 3474 3724 possunt:

1879 3754 2021 3806 unde
2049 3753 2101 3806 in
2130 3752 2349 3806 Daniele
2384 3752 2645 3821 propheta
2696 3749 2855 3823 (Dan.
2905 3751 2979 3820 ι),
3033 3750 3147 3817 ipse
3192 3745 3378 3801 Daniel
3426 3753 3481 3800 et

1882 3850 1995 3897 tres
2021 3843 2175 3912 pueri
2202 3857 2325 3895 cum
2354 3857 2439 3905 eo,
2467 3842 2789 3913 contemptis
2816 3840 3026 3895 deliciis
3055 3838 3351 3910 regalibus,
3383 3852 3478 3905 ap-

1878 3941 2072 4004 petunt
2105 3948 2257 3987 esum
2289 3932 2619 4001 leguminum
2656 3950 2668 3985 :
2702 3932 2950 3986 contritis
2988 3929 3299 3985 carnalibus
3334 3927 3477 3981 desi-

1878 4025 2065 4088 deriis,
2094 4024 2288 4078 merito
2320 4023 2421 4077 viri
2456 4022 2849 4077 desideriorum
2890 4020 3213 4092 spiritalium
3250 4027 3478 4090 possunt

1880 4114 2205 4184 nuncupari.

2496 4202 2729 4260 CAPUT
2757 4202 2845 4259 IV.

2502 4295 2581 4349 De
2630 4294 2840 4349 vitibus.

1946 4385 2084 4441 Vitis
2110 4386 2497 4457 plantationem
2522 4385 2728 4454 primus
2759 4382 2872 4438 Noe
2898 4382 3135 4439 instituit
3156 4381 3276 4436 rudi
3300 4382 3477 4438 adhuc

1876 4479 2090 4536 saeculo.
2136 4478 2291 4549 Apud
2325 4477 2543 4534 Graecos
2572 4486 2751 4532 autem
2786 4484 3002 4532 constat
3027 4477 3366 4531 inventorem
3396 4477 3469 4530 vi-

186 4559 318 4629 gelio
360 4563 483 4615 ait:
520 4562 639 4617 Nisi
677 4579 900 4632 granum
949 4563 1201 4632 frumenti
1249 4565 1441 4619 cadens
1483 4566 1537 4619 in
1581 4574 1774 4619 terram
1876 4573 1945 4626 tis
1982 4571 2235 4626 Liberum
2272 4570 2529 4641 appellari
2571 4589 2582 4624 :
2627 4570 2768 4625 unde
2808 4579 2865 4625 et
2912 4584 3034 4623 eum
3078 4569 3306 4639 gentiles
3354 4577 3476 4637 post

184 4660 441 4705 mortuum
461 4652 642 4720 fuerit.
674 4655 842 4721 ipsum
871 4653 1039 4707 solum
1065 4664 1241 4708 manet
1285 4655 1465 4727 (Joan.
1518 4656 1647 4727 xu);
1688 4655 1773 4709 vel
1803 4642 1851 4700 Ι)
1879 4669 2107 4716 mortem
2133 4661 2298 4715 Deum
2332 4676 2449 4716 esse
2477 4660 2781 4714 voluerunt.
2833 4657 2971 4714 Vitis
2998 4660 3165 4723 dicta,
3192 4659 3334 4728 quod
3364 4659 3472 4713 vim

184 4751 391 4799 sanctos
427 4745 592 4808 viros,
624 4747 715 4814 qui
746 4749 991 4802 membra
1018 4756 1143 4802 sunt
1175 4750 1417 4819 corporis
1450 4748 1582 4817 ejus.
1638 4748 1770 4802 Item

183 4831 505 4890 frumentum
534 4837 933 4906 przedicationis
973 4853 1276 4893 sermonem
1318 4840 1602 4909 signiﬁcat,
1633 4838 1773 4892 unde

185 4925 433 4982 Salomon
478 4928 555 4981 ait
584 4946 595 4980 :
632 4928 733 4993 Qui
772 4929 1040 4983 abscondit
1066 4928 1408 4996 frumentum,
1435 4930 1773 4983 maledicetur

183 5016 234 5069 in
257 5018 461 5087 populis
490 5018 672 5090 (Prov.
704 5020 804 5091 χι).
858 5020 1120 5076 Triticum
1158 5028 1337 5075 autem
1380 5022 1630 5077 similiter
1658 5022 1771 5077 ele-

185 5114 295 5160 ctos
326 5109 615 5178 signiﬁcat,
639 5112 728 5181 qui
752 5112 1024 5182 pertinent
1045 5111 1108 5164 ad
1132 5110 1387 5165 horreum
1412 5112 1770 5176 Dominieum,

186 5197 319 5253 sicut
342 5213 506 5268 supra
540 5202 907 5256 ostendimus.“
958 5200 1125 5272 Siligo
1163 5216 1331 5272 genus
1372 5201 1558 5266 tritici,
1605 5216 1632 5254 a
1683 5217 1771 5256 se-

186 5290 345 5343 rendo
388 5289 595 5344 dictum
624 5306 639 5343 :
667 5306 793 5344 nam
840 5293 893 5347 in
936 5308 1073 5362 pane
1114 5293 1320 5361 species
1356 5292 1471 5362 ejus
1502 5293 1773 5363 praecipua

187 5384 283 5429 est.
328 5375 603 5433 Hordeum
633 5378 859 5444 dictum,
901 5383 1045 5450 quod
1080 5384 1443 5452 prae'czeteris
1485 5382 1773 5455 generibus

189 5464 435 5523 frumenti
473 5476 630 5524 antea
674 5468 767 5524 ﬁat
789 5471 999 5525 aridum
1031 5491 1043 5526 :
1079 5474 1162 5527 vel
1200 5474 1341 5543 quod
1367 5476 1514 5543 spica
1541 5477 1659 5546 ejus
1682 5492 1771 5530 or-

189 5556 335 5613 dines
380 5561 598 5615 babeat.
662 5559 939 5631 Signiﬁcat
984 5570 1163 5616 autem
1221 5564 1479 5620 hordeum
1538 5566 1773 5620 litteram

193 5649 317 5722 legis
344 5654 577 5717 veteris,
617 5668 736 5723 qua:
772 5654 1076 5708 carnalibus
1114 5654 1314 5711 Judaais
1350 5659 1417 5712 ad
1458 5659 1771 5713 alimentum

196 5741 316 5796 data
339 5753 420 5798 est
449 5763 462 5797 :
488 5746 631 5799 unde
652 5746 705 5798 in
727 5744 1017 5816 Evangelia
1042 5744 1254 5816 legitur,
1282 5747 1423 5817 quod
1445 5764 1509 5803 ex
1535 5750 1773 5819 quinque

199 5835 413 5898 panibus
454 5837 769 5894 bordeaceis
813 5839 1051 5907 quinque
1080 5839 1247 5894 millia
1286 5842 1563 5897 hominum
1590 5843 1771 5899 Domi-

1878 4751 2075 4805 habeat
2121 4750 2283 4806 citius
2328 4750 2625 4805 radicandi.
2692 4750 2795 4804 Alii
2842 4758 3036 4820 putant
3086 4750 3224 4804 vites
3266 4750 3471 4815 dictas,

1878 4839 2021 4910 quod
2052 4840 2279 4894 invicem
2325 4854 2382 4893 se
2422 4840 2573 4894 vittis
2614 4841 2904 4919 innectunt,
2936 4840 3233 4907 vicinisque
3264 4841 3446 4895 arbori

1878 4934 1978 4987 bus
2006 4931 2267 5000 reptando
2293 4931 2587 5001 religentur
2618 4950 2629 4983 :
2664 4938 2743 4985 est
2771 4931 2916 4985 enim
2947 4945 3133 4985 earum
3160 4929 3353 4986 natura
3380 4930 3475 4987 ﬂe~

1868 5020 2087 5085 sibilis,
2129 5022 2304 5090 quod,
2345 5021 2496 5089 quasi
2536 5020 2775 5075 brachiis
2814 5020 3170 5089 quibusdam,
3211 5021 3474 5091 quidquid

1878 5114 2719 5184 comprehenderint,'stringant.
2761 5114 3036 5168 Labrusca
3065 5121 3148 5168 est
3174 5114 3303 5168 vitis
3323 5128 3477 5185 agre-

1875 5205 1991 5269 stis,
2022 5219 2142 5272 quae
2171 5204 2225 5257 in
2260 5213 2417 5259 terra:
2451 5206 2783 5273 marginibus
2820 5206 3065 5259 nascitur
3093 5219 3107 5257 :
3139 5205 3281 5259 unde
3307 5214 3359 5259 et
3389 5205 3469 5259 la-

1875 5296 2227 5351 bruscadicta
2250 5313 2279 5350 a
2308 5297 2471 5350 labris
2492 5306 2544 5349 ct
2566 5297 3002 5351 extremitatibus
3031 5304 3215 5351 terrae:
3249 5296 3471 5350 summi-

1876 5394 2015 5440 tates
2039 5386 2227 5440 vitium
2254 5395 2307 5441 et
2326 5386 2581 5440 fruticum
2606 5387 2809 5456 flagella
2831 5396 3232 5456 nuncupantur,
3248 5401 3311 5440 eo
3326 5389 3472 5457 quod

1878 5476 2009 5532 ﬁatu
2035 5478 2327 5549 agitentur.
2370 5477 2582 5533 Palmes
2610 5479 2736 5532 vitis
2767 5478 2995 5532 materia
3026 5478 3224 5544 mollis,
3254 5478 3346 5547 qui
3374 5492 3473 5547 per

1876 5569 2085 5625 novella
2111 5570 2331 5624 brachia
2360 5570 2555 5624 missus
2580 5568 2817 5623 fructum
2847 5567 3024 5623 affert.
3054 5568 3307 5639 Corymbi
3346 5584 3447 5623 sun

1872 5661 2077 5725 annuli,
2111 5662 2201 5730 qui
2232 5661 2477 5730 proxima
2517 5674 2744 5729 qumque
2793 5659 2961 5731 ligant
3011 5668 3065 5715 et
3114 5660 3469 5728 comprehen-

1871 5753 2025 5817 dunt,
2076 5767 2142 5805 ne
2196 5752 2408 5821 longius
2456 5751 2618 5805 laxati
2659 5751 2905 5821 palmites
2934 5760 3217 5805 ventorum
3254 5748 3469 5806 ﬂatibus

1870 5844 2214 5913 dissipentur.
2263 5842 2391 5900 Uvae
2434 5844 2630 5910 dictae,
2678 5844 2820 5913 quod
2865 5844 3190 5898 intrinsecus
3236 5843 3465 5897 humore
