3922 6350
405 428 510 499 $07

1049 435 1109 492 Β.
1153 431 1409 492 RABANI
1445 429 1665 490 MAURI
1699 422 2020 486 ARCPHEP.
2062 419 2368 485 MOGUNT.
2410 417 2698 484 OPERU'M
2733 423 2916 482 PARS
2953 426 3016 482 ll.

3577 427 3689 488 508

391 558 502 614 sint
529 545 719 627 plenae,
759 551 1016 623 succique
1043 557 1098 606 et
1128 547 1470 620 pinguedinis
1499 564 1512 601 :
1542 561 1670 616 nam
1709 545 1990 601 humidum
2017 547 2072 606 Α
2095 549 2150 597 et
2187 540 2509 611 protendere
2547 539 2720 594 dictae.
2765 513 2976 594 Fodere
3003 545 3138 596 vero
3173 547 3256 598 est
3286 543 3446 614 quasi
3471 541 3690 601 foveam

390 655 494 716 est,
520 641 668 722 quod
693 646 934 704 exterius
971 644 1260 699 humorem
1307 640 1508 696 habet:
1539 639 1793 704 uvidum,
1847 637 1994 708 quod

387 723 640 806 interius,
685 747 748 795 ut
793 738 970 804 acina,
1019 737 1226 791 botrus.
1279 735 1550 791 [tacemus
1591 743 1676 790 est
1713 731 1993 804 botryonis

383 839 528 904 pars,
572 841 626 885 et
662 829 862 900 botryo
890 819 1138 882 Graecum
1181 834 1285 880 est.
1338 819 1563 897 Mysti'ce
1607 833 1785 880 autem
1833 820 1992 876 vinea

383 913 630 978 Ecclesia
665 913 756 974 Vel
779 917 1006 988 populus
1051 915 1213 970 lsrael
1258 921 1436 985 potest
1480 915 1747 986 intelligi:
1779 913 1845 968 de
1885 927 1992 982 quo

384 1012 442 1069 in
467 1003 609 1067 Isaia
636 1003 710 1066 ita
741 1011 1006 1080 Scriptum
1037 1017 1120 1064 est
1150 1023 1164 1062 :
1201 1007 1368 1062 Vinea
1387 1007 1538 1078 facta
1567 1017 1640 1062 est
1664 1005 1854 1060 dilecto
1877 1021 1990 1060 meo

383 1103 440 1158 in
465 1105 632 1156 cornu
655 1096 767 1170 ﬁlio
795 1099 894 1154 olei
917 1109 964 1154 et
985 1101 1166 1170 sepivit
1191 1117 1330 1160 eam,
1354 1109 1398 1152 et
1423 1099 1621 1170 lapides
1643 1097 1794 1168 elegit
1816 1113 1881 1152 ea:
1906 1115 1988 1163 ea,

383 1205 433 1251 et
456 1189 714 1266 plantavit
743 1203 864 1248 eam"
883 1191 1119 1257 electam,
1146 1201 1192 1245 et
1217 1191 1496 1260 aediﬁcavit
1525 1191 1714 1245 turrim
1743 1191 1796 1244 in
1821 1189 1990 1243 medio

383 1287 517 1358 ejus,
550 1294 602 1341 et
628 1281 862 1340 torcular
883 1284 1140 1340 exstruxit
1173 1282 1226 1337 in
1253 1299 1335 1348 ea,
1366 1293 1412 1337 et
1441 1283 1774 1352 exspectavit,
1811 1289 1864 1334 ut
1905 1279 1990 1350 {a—

383 1387 520 1434 ceret
551 1394 697 1439 uvas,
728 1385 776 1431 et
806 1373 926 1446 fecit
949 1367 1238 1438 labruscds,
1275 1387 1381 1430 etc.
1412 1375 1545 1447 (Isa.
1576 1373 1656 1446 v).
1715 1371 1868 1442 Quod
1898 1387 1992 1426 au-

383 1477 492 1527 tem
535 1471 692 1526 vinea
743 1455 838 1524 D‘ci
892 1469 1196 1541 appellatur
1235 1469 1463 1540 populus
1503 1467 1686 1532 lsrael,
1717 1476 1771 1524 et
1802 1469 1856 1522 in
1886 1466 1994 1520 ﬁne

383 1561 544 1634 hujus
571 1561 772 1618 cantici
800 1558 1068 1632 legimus:
1111 1561 1274 1616 Vinea
1308 1561 1517 1614 Domini
1549 1559 1870 1614 exercituum
1897 1559 1984 1612 do-

383 1661 502 1708 mus
523 1663 598 1708 est
633 1651 827 1718 Israel,
859 1657 908 1706 et
937 1653 1014 1706 vir
1051 1651 1195 1706 Ju‘da
1227 1668 1435 1723 germen
1470 1649 1735 1704 laudabile
1759 1649 1906 1714 ejus;
1935 1657 1992 1704 et

382 1744 438 1801 in
471 1745 870 1815 septuagesimo
911 1751 1054 1798 nono
1083 1742 1338 1812 psalmo:
1393 1743 1604 1796 Vineam
1646 1740 1710 1795 de
1755 1739 1988 1811 Egi/pta

382 1837 725 1902 transtulisti,
759 1837 960 1907 ejecisti
984 1845 1182 1906 gemes,
1204 1845 1252 1888 et
1273 1835 1525 1906 plantasti
1545 1851 1681 1888 eam.
1703 1833 1786 1906 .‘ln
1815 1835 1990 1888 Evan-

2095 627 2276 688 facere
2298 649 2360 688 ac
2380 631 2580 688 fovere.
2631 631 2756 687 Haec
2773 633 2956 686 omnia
2981 633 3030 688 si
3053 635 3174 704 quis
3203 635 3489 708 diligenter
3515 638 3692 694 inten-

2095 727 2256 792 derit,
2297 727 2352 781 in
2387 726 2644 781 Ecclesiae
2673 726 3030 782 instructione
3083 727 3402 796 spiritaliter
3439 731 3692 788 invenire

2093 818 2292 888 poterit
2323 836 2336 870 :
2373 817 2516 872 unde
2556 817 2610 871 in
2645 801 2872 873 Cantiae
2907 818 3254 875 canticorum.
3281 833 3478 890 sponsa
3511 821 3689 876 dicit:

2093 907 2282 962 Flores‘
2314 917 2676 978 apparuerunt
2701 909 2756 964 in
2783 919 2942 974 terra,
2983 907 3186 981 tempus
3219 913 3506 981 putationis
3535 913 3696 967 adve-

2093 1003 2167 1054 nit
2198 999 2372 1073 (Cant.
2399 999 2480 1070 ιι),
2514 1001 2568 1056 id
2595 1011 2698 1069 est,
2730 1007 2790 1056 ut
2815 1003 3108 1073 amputatis
3129 1003 3408 1061 inutilibus
3428 1021 3586 1062 vanae
3609 1001 3698 1060 ιτε-

2092 1093 2306 1164 ligionis
2349 1097 2887 1162 sarmentishﬁituro
2929 1099 3052 1154 ﬁdei
3095 1098 3292 1158 fructui
3335 1109 3692 1172 praeparetur.

2093 1184 2230 1238 Vitis
2257 1199 2385 1239 vero
2413 1185 2698 1257 allegorice
2738 1187 3005 1260 signiﬁcat
3038 1189 3337 1256 Christum,
3360 1177 3466 1261 qui.
3481 1191 3614 1246 dicit
3641 1191 3698 1246 in

2093 1275 2382 1346 Evangelio
2413 1296 2424 1329 :
2457 1275 2570 1348 Ego
2609 1295 2724 1332 sum
2757 1280 2874 1333 vitis
2916 1295 3035 1334 vera
3075 1279 3258 1350 (Joan.
3299 1281 3412 1352 xv).
3463 1281 3600 1336 Item
3639 1280 3698 1334 in

2093 1368 2250 1422 aliam
2282 1381 2490 1438 partem
2525 1371 2695 1424 vineas
2723 1371 2806 1424 vel
2835 1371 2959 1426 vitis
2981 1371 3307 1440 signiﬁcatio
3339 1373 3598 1436 trahitur,
3635 1379 3700 1426 ut

2091 1469 2176 1514 est
2205 1461 2336 1515 illud
2362 1463 2416 1515 in
2440 1464 2653 1518 cantico
2679 1463 3080 1520 Deutcronomii
3111 1484 3124 1518 :
3155 1463 3222 1518 Et
3247 1467 3396 1520 vinea
3429 1469 3564 1520 enim
3601 1465 3702 1520 So-

2091 1552 2367 1606 domorum
2391 1555 2506 1608 vids
2533 1571 2734 1621 eorum,
2763 1567 2810 1610 et
2831 1573 3061 1627 propago
3083 1573 3266 1612 eorum
3301 1574 3364 1610 ex
3399 1556 3700 1611 Gomorrae

2095 1643 2272 1716 (Deut.
2299 1647 2494 1718 χχχιι).
2535 1647 2792 1704 Palmites
2821 1657 3000 1704 autem
3025 1649 3269 1719 Apostoli
3301 1649 3384 1704 vel
3413 1650 3590 1704 sancti
3623 1648 3702 1702 al-

2091 1735 2325 1807 legorice
2366 1739 2744 1811 intelliguntur
2777 1755 2790 1794 :
2820 1741 2963 1794 unde
3001 1741 3266 1797 Dominus
3305 1741 3372 1796 ad
3411 1742 3706 1814 Apostolus

2092 1831 2168 1884 ait
2199 1849 2210 1885 :
2243 1831 2356 1904 Ego
2395 1851 2510 1888 sum
2553 1835 2670 1887 vitis
2713 1851 2855 1900 vera,
2891 1843 2938 1887 ct
2971 1850 3060 1887 vos
3089 1835 3350 1903 palmites,
3373 1843 3481 1889 etc.
3515 1833 3700 1905 (Joan.

383 1931 524 2003 gelio
575 1944 789 2000 quoque
824 1944 962 2000 pene
1000 1929 1188 1982 iisdem
1227 1928 1406 1982 verbis
1433 1968 1445 1992 ,
1495 1927 1690 1996 quibus
1725 1927 1990 1998 propheta
2023 1921 2076 1986 Βε
2101 1929 2210 1998 xv).
2261 1929 2523 1986 Similiter
2547 1940 2602 1985 et
2629 1947 2730 1986 uva
2766 1927 2998 1986 fructum
3037 1928 3262 1999 justiti-.e
3313 1929 3609 2002 signiﬁcat,
3653 1937 3708 1984 et

383 2033 531 2077 nunc
579 2019 856 2090 loquitur,
909 2019 1169 2073 Dominus
1227 2019 1362 2072 texit
1405 2017 1720 2088 parabolam
1777 2017 1992 2090 (Matth.

383 2111 540 2182 ut):
567 2107 742 2163 Homo
771 2107 990 2179 quidam
1025 2119 1138 2161 erat
1166 2108 1577 2178 paterfamilias,
1616 2109 1704 2179 qui
1739 2107 1998 2178 plantavit

383 2201 612 2270 vineam,
639 2213 687 2258 et
721 2203 1006 2257 maceriam
1048 2202 1126 2255 illi
1171 2203 1538 2264 circumdedit,
1587 2211 1634 2256 et
1683 2202 1816 2272 fodit
1857 2203 1911 2254 in
1937 2219 1998 2255 ea

381 2297 644 2364 torcular,
688 2295 972 2363 aediﬁcavit
1017 2295 1226 2358 turrim,
1268 2305 1316 2347 et
1351 2294 1538 2346 locavit
1577 2309 1690 2347 eam
1727 2293 1995 2364 agricolis,

384 2405 491 2449 etc.
539 2391 607 2446 Et
641 2390 695 2444 in
725 2383 960 2443 Ieremia
991 2387 1218 2458 legimus
1250 2401 1264 2440 :
1299 2385 1410 2456 Ego
1446 2385 1686 2456 plantavi
1715 2395 1764 2439 te
1791 2386 2002 2438 vincant

383 2484 716 2558 fructiferam
765 2493 930 2537 totam
978 2497 1197 2536 veram:
1238 2480 1496 2552 quomodo
1543 2491 1790 2534 conversa
1835 2483 1890 2533 es
1943 2479 1998 2532 in

383 2581 794 2636 amaritudinem
829 2579 976 2631 vinea
1002 2575 1224 2630 aliena?
1249 2571 1385 2646 (εἶεν.
1421 2573 1504 2645 ιι.)
1537 2573 1724 2657 Ιιέιιιιιε
1771 2572 1995 2628 Jerusa—

383 2675 490 2730 lem
524 2674 606 2746 (ut
647 2671 904 2742 diximus)
947 2670 1240 2740 plangitur,
1285 2679 1338 2723 et
1379 2662 1993 2738 sermone-prophetico

383 2769 528 2823 illius
557 2767 713 2819 ruina
741 2757 1014 2819 cant’atltr.
1057 2761 1228 2816 Porro
1252 2762 1508 2816 Ecclesiae
1529 2771 1582 2814 et
1609 2759 1814 2830 populo
1832 2773 1998 2828 quon.

385 2860 508 2915 dam
539 2858 778 2930 gentium
815 2855 960 2910 aliud
999 2861 1226 2910 carmen
1269 2861 1354 2906 cst
1398 2853 1626 2916 editum,
1679 2851 1744 2905 de
1787 2865 1894 2919 quo
1940 2849 1994 2903 in

383 2951 616 3008 Psalmis
641 2950 868 3020 legimus
899 2967 912 3001 :
946 2945 1170 3000 Cantate
1205 2945 1452 3008 Domino,
1496 2945 1664 2997 omnis
1703 2951 1864 3007 terra,
1899 2957 1996 2994 an-

388 3045 628 3098 nuntiate
656 3043 719 3096 de
754 3042 839 3094 die
873 3040 926 3092 in
965 3039 1102 3091 diem
1143 3035 1374 3089 salutare
1421 3037 1555 3106 ejus,
1597 3035 1904 3086 annuntiate
1941 3033 1997 3084 in

385 3133 624 3207 gentibus
665 3129 888 3203 gloriam
923 3129 1057 3198 eius,
1105 3129 1158 3182 in
1201 3127 1440 3181 omnibus
1485 3123 1690 3196 populis
1731 3113 1996 3176 mirabilia

385 3225 500 3297 ejus
525 3222 698 3298 (Psal.
724 3225 870 3291 xcv).
911 3219 1015 3276 Per
1039 3220 1412 3290 metaphoram
1437 3215 1520 3286 (ut
1541 3213 1806 3286 diximus)
1823 3213 1996 3267 vineae

2103 2022 2410 2075 ccontrario
2455 2023 2554 2077 sub
2593 2022 2696 2076 alia
2749 2021 3150 2094 signiﬁcatione
3189 2021 3426 2092 legitur:
3463 2019 3578 2074 Uva
3621 2036 3708 2074 eo-

2103 2128 2250 2178 rum,
2287 2131 2383 2168 ura
2426 2113 2597 2182 fellis,
2644 2115 2821 2168 botrus
2871 2115 3238 2168 antaritudinis
3271 2115 3326 2168 in
3359 2115 3488 2180 ipsis
3521 2113 3702 2184 (Deut.

2103 2203 2299 2272 χχχιι).
2349 2202 2549 2260 Botrus
2593 2215 2773 2260 autem
2827 2205 2953 2260 alibi
2998 2203 3296 2260 Ecclesium
3337 2206 3454 2260 sive
3505 2219 3706 2274 corpus

2101 2293 2312 2346 Domini
2346 2295 2636 2366 signiﬁcat.
2695 2296 2844 2351 Unde
2889 2297 2944 2350 in
2981 2295 3340 2352 Numerorum
3383 2297 3524 2352 libro
3570 2299 3710 2354 scri-

2101 2395 2250 2456 ptum
2291 2395 2376 2439 est
2423 2385 2612 2458 (Num.
2642 2387 2785 2460 xm),
2823 2388 2966 2458 quod
3007 2389 3128 2442 du0'
3151 2389 3248 2442 viri
3281 2396 3563 2457 portarent
3605 2390 3707 2443 bo-

2101 2483 2244 2530 trum
2273 2477 2326 2530 in
2353 2487 2506 2531 vcete
2539 2479 2604 2532 de
2633 2487 2772 2532 terra
2803 2481 3244 2549 repromissionis
3273 2497 3286 2511 ·
3317 2481 3444 2551 quia
3471 2482 3578 2534 duo
3613 2497 3707 2536 or-

2103 2564 2254 2618 dines
2289 2567 2722 2636 prmdicatorum,
2756 2567 2958 2622 Christi
3007 2570 3442 2624 incarnationem
3479 2585 3614 2626 voce
3651 2577 3710 2627 et

2100 2657 2274 2711 verbo
2312 2657 2656 2736 cré‘tlentibus
2705 2659 2936 2713 all‘erunt
2967 2677 2993 2712 —:
3030 2665 3157 2730 quia
3217 2676 3374 2730 quem
3426 2663 3712 2731 pmphela

2101 2747 2344 2802 futurum
2375 2749 2850 2815 anlltll'lllllVCl‘U'ul,
2895 2753 3039 2806 hunc
3076 2751 3318 2822 Apostuli
3343 2753 3458 2824 jam
3492 2755 3712 2810 venisse

2101 2847 2386 2895 teStantur.
2455 2840 2740 2896 Vindemia
2785 2853 2966 2898 autem
3025 2846 3253 2916 mystice
3307 2849 3711 2902 consummatio

2099 2935 2282 2988 saeculi
2325 2934 2660 3006 intelligitur,
2709 2937 2790 2990 vel
2837 2937 3074 2992 vindicta
3115 2938 3180 2991 in’
3221 2939 3497 3008 populum.
3553 2938 3712 2996 Unde

2101 3024 2154 3078 in
2181 3025 2391 3094 psalmo
2413 3025 2610 3096 legitur
2639 3043 2650 3078 :
2695 3025 3027 3082 l’indentiant
3057 3045 3171 3082 eam
3203 3047 3402 3096 omnes,
3420 3031 3510 3100 qui
3531 3041 3712 3087 trans-

2099 3126 2224 3168 eunt
2257 3117 2392 3170 viam
2420 3113 2592 3187 (Psal.
2618 3117 2837 3189 LXXIX);
2867 3129 2922 3172 et
2945 3117 3060 3172 Joel
3093 3136 3104 3171 :
3135 3119 3352 3189 Mittite,
3379 3121 3574 3192 inquit,
3602 3123 3713 3192 [al-

2101 3223 2205 3272 res,
2228 3217 2276 3260 et
2302 3208 2614 3263 vindemiate
2635 3211 2836 3264 vineam
2861 3221 3036 3276 term,
3065 3214 3314 3280 quoniam
3337 3223 3558 3266 matura:
3583 3223 3710 3268 sunt

385 3295 647 3373 describit
677 3315 930 3387 populum
954 3311 1262 3367 Judaeorutu
1287 3323 1448 3382 quem
1480 3308 1648 3377 sepsit
1673 3305 1998 3377 angelorum
2021 3295 2066 3360 C
2097 3315 2210 3354 uva!
2231 3301 2342 3370 ejus
2372 3299 2532 3372 (Joel.
2564 3301 2667 3371 tu).
2711 3301 2880 3356 Vinea
2905 3311 2992 3357 est
3015 3301 3278 3368 Ecclesia,
3305 3311 3363 3357 ut
3395 3303 3449 3358 in
3479 3303 3712 3360 Cantica

387 3409 610 3474 auxilio,
639 3417 696 3462 et
725 3407 929 3478 lapides
959 3405 1120 3476 elegit
1153 3419 1220 3457 ex
1253 3415 1338 3470 eo,
1371 3401 1454 3458 vel
1481 3401 1646 3467 idola,
1675 3399 1764 3454 vel
1785 3397 1992 3462 omnia,

389 3517 511 3573 qum
555 3499 649 3554 Dei
701 3498 904 3553 cultum
959 3497 1218 3567 poterant!
1265 3493 1528 3564 impedire
1571 3511 1582 3545 :
1629 3501 1685 3547 et
1727 3489 1998 3561 plantavit

389 3609 510 3650 eam
539 3593 756 3646 vineam
776 3591 988 3654 sorecb,
1012 3604 1173 3659 quam
1207 3587 1358 3642 solus-
1374 3586 1737 3657 Symmachus
1762 3584 1992 3638 electam

389 3686 778 3755 interpretatus
805 3683 904 3736 est.
949 3681 1508 3749 rEditica-vit'qnoque
1547 3677 1742 3731 turrim
1781 3676 1836 3730 in
1877 3689 1994 3729 me-

391 3780 482 3835 dio
505 3778 646 3848 ejus,
676 3777 934 3846 templum
971 3773 1222 3828 videlicet
1249 3774 1300 3827 in
1328 3773 1506 3827 media
1532 3773 1788 3835 civitate,
1805 3779 1860 3824 et
1887 3779 1997 3824 tor-

391 3871 544 3928 cular
569 3869 768 3924 struxit
791 3869 844 3921 iu
869 3881 955 3930 ea,
979 3865 1122 3934 quod
1146 3865 1364 3934 quidam
1390 3863 1558 3917 altare
1580 3861 1886 3932 signiﬁcare
1901 3877 1998 3932 pu-

391 3970 551 4020 tant:
581 3970 641 4016 ut
681 3961 734 4034 in
786 3959 998 4014 cantico
1037 3956 1186 4010 Isaia:
1227 3957 1462 4010 dicitur:
1501 3954 1568 4008 Et
1616 3951 1852 4008 torcular
1887 3951 2000 4020 fodi

387 4055 450 4112 in
467 4072 530 4111 ea
555 4053 692 4128 (Isa.
723 4052 799 4124 v).
845 4047 1104 4106 Torcular
1143 4056 1226 4102 cst
1269 4047 1447 4102 futura
1491 4047 1789 4111 tribulatio,
1837 4054 1896 4098 ut
1943 4045 1996 4098 in

391 4149 584 4218 Apoc.:
607 4145 672 4198 Et
698 4147 803 4212 ipse
825 4142 1040 4195 calcavit
1067 4141 1300 4194 torcular
1325 4141 1426 4192 vini
1449 4141 1542 4191 ira:
1566 4139 1760 4206 furoris
1786 4135 1998 4190 Domini

394 4243 579 4316 (Apoc.
615 4237 752 4310 nx).
793 4235 946 4290 Sicut
969 4236 1120 4290 euim‘
1143 4233 1219 4287 ad‘
1239 4233 1476 4286 torcular
1501 4247 1691 4284 omnes
1719 4245 2000 4288 liv-.ecom-

391 4345 682 4408 portantur
713 4341 874 4399 atque
903 4327 1198 4390 calcantur,
1243 4335 1303 4380 ut
1337 4341 1398 4380 ex
1439 4327 1518 4378 eis
1552 4323 1889 4392 exru'imatur
1923 4321 2002 4375 vi~

392 4439 568 4482 num‘:
603 4425 682 4479 sic
719 4422 888 4477 altare
939 4419 1116 4474 omnis
1161 4417 1342 4488 populi
1393 4415 1620 4486 suscipit
1665 4413 1897 4474 fructus.
1945 4421 2001 4466 et

393 4511 704 4574 immolatus
727 4515 933 4570 hostias
959 4513 1174 4568 devorat
1193 4509 1348 4578 juxta
1374 4511 1526 4575 illud,
1550 4509 1698 4578 quod
1718 4508 1782 4564 de
1809 4505 2000 4575 Benja-

393 4611 506 4665 min
529 4609 726 4678 legitur
755 4620 766 4658 :
803 4603 1082 4674 Benjamin
1112 4600 1264 4670 lupus
1301 4617 1466 4671 rapax
1503 4615 1651 4653 mane
1681 4583 1922 4664 comedit,
1949 4609 2000 4653 et

394 4702 464 4756 ad
495 4711 756 4770 vesperam
783 4697 925 4750 dabit
959 4712 1102 4748 escas
1131 4689 1282 4766 (Gen.
1317 4693 1488 4762 xmx).
1531 4693 1755 4756 (Iuncta,
1780 4707 1898 4760 quae
1919 4691 1998 4744 di-

396 4801 595 4848 cuntur
623 4791 691 4846 d'e
717 4790 893 4853 vinea,
933 4795 1160 4858 possunt
1190 4795 1240 4840 et
1287 4787 1352 4840 ad
1393 4785 1585 4838 anima:
1629 4784 1876 4838 humanae
1915 4799 2000 4838 re-

395 4885 528 4941 ferri
571 4891 792 4948 statum,
833 4899 953 4952 (iure
995 4897 1022 4934 a
1063 4881 1172 4934 Deo
1221 4880 1460 4949 plantata
1513 4879 1566 4931 in
1610 4879 1844 4942 bonum,
1891 4893 2000 4932 non

397 4989 557 5033 uvam
597 4973 856 5036 attulerit,
905 4973 998 5028 sed
1047 4973 1352 5034 labruscas,
1383 4979 1436 5026 et
1475 4977 1663 5039 postea
1695 4969 1766 5022 sit
1805 4969 2001 5023 tradita

396 5067 584 5122 bestiis
610 5065 996 5129 conculcanda,
1025 5079 1122 5118 nec
1145 5065 1446 5119 divinarum
1481 5063 1709 5116 imbrem
1745 5075 2000 5129 suscepe-

400 5161 470 5214 rit
495 5159 886 5222 doctrinarum,
911 5159 1035 5226 quia
1058 5159 1328 5227 prarterita
1352 5157 1761 5226 contempserit.
1789 5153 2002 5210 Vitibus

401 5251 544 5306 inter
599 5257 798 5304 caetera
843 5249 1014 5318 magis
1063 5249 1162 5302 ista
1217 5251 1596 5304 conveniunt:
1635 5247 2000 5316 ablaqueatio,

399 5345 626 5417 putatio,
669 5343 1074 5414 propaginatio,
1121 5341 1305 5397 fessio.
1355 5343 1698 5412 Oblaqueare
1737 5351 1822 5398 est
1854 5343 2002 5397 circa

401 5440 640 5494 radicem
673 5447 872 5493 terram
901 5437 1135 5506 aperire,
1169 5445 1221 5490 et
1255 5436 1401 5490 velut
1431 5437 1580 5490 lacus
1617 5419 1846 5490 allicere.
1897 5435 2002 5490 Pu-

407 5541 523 5585 tare
563 5539 644 5585 est
685 5531 892 5600 virgam
937 5545 1004 5583 ex
1041 5529 1149 5583 vite
1187 5545 1576 5598 supervacuam
1609 5543 1876 5594 reserare,
1909 5545 2002 5583 cu-

398 5625 488 5697 jus
532 5623 754 5692 ﬂagellis
787 5624 1056 5677 luxuriat:
1091 5635 1283 5694 putare
1325 5625 1468 5680 enim
1508 5624 1704 5678 dicitur
1743 5641 1996 5695 purgare,

409 5719 590 5782 idest,
627 5728 908 5788 amputare
939 5733 952 5770 :
987 5717 1288 5784 traducere,
1321 5719 1690 5772 transducere.
1747 5717 2000 5788 Propagi-

409 5828 542 5869 nare
569 5827 697 5868 vero
721 5811 986 5882 ﬂagellum
1017 5809 1144 5866 vitis
1167 5821 1328 5867 terrte
1359 5813 1693 5868 submersum
1732 5819 1998 5876 sternere,

410 5915 467 5968 et
491 5907 642 5986 quasi
661 5921 822 5980 porro
843 5921 1098 5980 pangere.
1141 5903 1278 5962 Hinc
1303 5905 1626 5978 propagines
1647 5921 1676 5961 a
1699 5917 2002 5982 propagare

2023 4659 2080 4719 D.

2099 3391 2436 3446 canticorum
2478 3395 2720 3450 dicitur:
2755 3395 2918 3450 Vinea
2961 3397 3060 3466 fuit
3097 3395 3354 3466 Paciﬁco,
3403 3407 3452 3452 et
3487 3399 3710 3452 tradidit

2097 3505 2214 3544 eam
2250 3488 2554 3544 custodibus
2594 3489 2770 3564 (Cant.
2807 3493 2949 3562 vm),
2999 3493 3053 3548 id
3096 3502 3198 3560 est,
3243 3495 3522 3564 apostolis.
3574 3495 3712 3552 item

2103 3585 2290 3652 vinea,
2341 3587 2494 3658 plebs
2535 3587 2791 3654 Judaica,
2836 3597 2896 3642 ut
2937 3589 2992 3644 in
3033 3589 3336 3644 Psalterio:
3371 3589 3588 3646 Vineam
3645 3609 3714 3648 ea:

2099 3677 2332 3750 rfgypto
2381 3680 2698 3734 transtulisti
2741 3679 2914 3753 (Psal.
2963 3685 3194 3755 Lxxu);
3253 3685 3410 3740 vinea
3467 3685 3712 3742 ﬁdelium

2099 3775 2272 3844 pl‘ebs,
2317 3783 2374 3828 ut
2419 3775 2472 3829 in
2510 3773 2844 3830 Salomone:
2881 3775 3060 3844 Capite
3091 3777 3238 3830 nobis
3271 3777 3448 3848 vulpes
3484 3779 3710 3848 pusillas

2101 3869 2504 3922 exterminantes
2555 3869 2730 3922 vineas
2781 3865 2957 3948 (Cant.
3009 3867 3092 3940 ιι).
3163 3868 3390 3935 Vineae,
3441 3871 3712 3928 bonorum

2100 3976 2324 4030 cperum
2356 3961 2619 4026 actiones,
2649 3969 2706 4016 ut
2735 3962 2790 4015 in
2819 3963 3082 4032 propheta
3109 3977 3123 4016 :
3155 3961 3226 4016 Et
3269 3963 3585 4033 plantabunt
3635 3965 3713 4019 vi-

2101 4067 2226 4106 neas
2255 4049 2391 4122 (Isa.
2428 4051 2588 4122 va);
2620 4061 2673 4106 et
2699 4053 2751 4106 in
2790 4053 2952 4106 aliam
2975 4057 3208 4122 partem,
3243 4063 3304 4108 ut
3329 4055 3382 4108 in
3409 4053 3712 4113 Salomone

2101 4145 2334 4214 legitur:
2371 4143 2610 4198 Transivi
2653 4163 2743 4214 per
2777 4147 2984 4200 vineam
3023 4147 3121 4200 viri
3149 4147 3316 4210 stulti,
3359 4159 3404 4201 et
3441 4165 3558 4202 ecce
3591 4166 3710 4202 om-

2103 4239 2190 4291 nia
2217 4236 2538 4306 repleverunt
2561 4238 2743 4292 urtica:
2778 4235 2960 4308 (Prov.
3002 4238 3172 4308 xxrv).
3235 4239 3500 4296 Torcular
3547 4241 3714 4312 (sicut

2103 4339 2268 4398 supra
2291 4329 2549 4401 diximus)
2580 4328 2752 4382 altare
2781 4329 3051 4400 signiﬁcat
3077 4329 3144 4383 ab
3169 4345 3254 4394 eo,
3289 4333 3434 4398 quod
3465 4333 3538 4386 ibi
3563 4333 3724 4388 obla-

2103 4421 2302 4486 tiones,
2331 4430 2589 4490 tanquam
2635 4417 2862 4484 fructus,
2911 4419 3298 4476 conferantur:
3325 4431 3380 4476 et
3406 4421 3568 4477 aliter
3601 4435 3714 4480 tor-

2103 4515 2256 4570 cular
2285 4507 2694 4569 tribulationum
2735 4519 3046 4583 pressuram
3085 4515 3378 4584 signiﬁcat,
3415 4517 3470 4570 in
3515 4525 3618 4586 qua
3647 4519 3710 4574 ﬁ-

2101 4607 2251 4662 deles
2286 4607 2602 4676 probantur.
2665 4603 2818 4670 Unde
2859 4607 2912 4660 in
2968 4606 3120 4660 titulo
3167 4609 3528 4676 quorumdam
3567 4611 3712 4680 psal-

2109 4715 2320 4756 morum
2355 4699 2614 4770 scriptum
2639 4707 2722 4754 est
2747 4717 2759 4751 :
2789 4697 2854 4752 In
2879 4697 3039 4766 ﬁnem
3064 4715 3158 4768 pro
3183 4697 3562 4754 torcularibus.

2735 4813 2964 4870 CAPUT
3007 4815 3070 4868 V.

2701 4884 2778 4938 De
2809 4887 3106 4940 arboribus.

2179 4979 2448 5034 Arborum
2479 4991 2675 5032 nomen
2707 4978 2820 5031 sive
2849 4977 3138 5032 herbarum
3173 4979 3242 5032 ab
3275 4981 3419 5034 arvis
3453 4979 3708 5038 inﬂexum

2111 5073 2368 5135 creditur,
2403 5084 2467 5126 co
2514 5071 2655 5140 quod
2693 5071 2854 5124 terris
2901 5069 3024 5124 lixis
3065 5071 3340 5126 radicibus
3369 5074 3650 5129 adlnerent
3691 5093 3706 5130 :

2109 5173 2335 5231 utraque
2365 5173 2544 5216 autent
2575 5161 2693 5215 ideo
2727 5162 2828 5215 sibi
2865 5177 3002 5230 pene
3035 5162 3230 5216 similia
3265 5173 3390 5217 sunt
3425 5183 3437 5216 :
3479 5169 3606 5236 quia
3635 5181 3708 5220 cx

2109 5269 2214 5308 uno
2239 5254 2470 5306 alterum
2499 5252 2754 5322 gignitur.
2783 5250 2916 5304 Nam
2943 5253 3067 5306 dum
3095 5265 3393 5308 sementem
3421 5251 3482 5308 i'u'
3501 5265 3706 5312 terram

2102 5331 2320 5424 ieceris,
2349 5344 2516 5398 herba
2545 5344 2694 5412 prius
2727 5342 2902 5395 oritur
2933 5359 2945 5394 :
2974 5341 3170 5398 dehinc
3197 5343 3412 5398 conl‘ota
3443 5345 3622 5416 surgit
3645 5349 3704 5402 in

2110 5439 2386 5493 arborem:
2407 5445 2460 5492 et
2487 5434 2628 5489 infra
2655 5451 2882 5504 parvum
2918 5443 3150 5506 tempus,
3177 5453 3336 5507 quam
3361 5439 3589 5496 herbam
3617 5442 3706 5496 vi-

2111 5528 2584 5594 deras,arbustum
2606 5528 2855 5598 suscipis.
2891 5527 3188 5582 Arhustum
3219 5531 3382 5583 arbor
3411 5533 3620 5586 novella
3645 5543 3708 5588 et

2109 5631 2314 5685 tenera,
2339 5620 2392 5672 in
2415 5634 2520 5687 qua
2553 5617 2917 5674 iusertiolieri
2941 5629 3120 5687 petest
3152 5637 3164 5672 :
3191 5627 3248 5673 et
3272 5619 3415 5672 dicta
3451 5623 3702 5688 arbusta,

2107 5713 2262 5784 quasi
2307 5711 2520 5764 arboris
2551 5711 2726 5764 hasta.
2777 5711 2882 5764 Alii
2915 5711 3192 5764 arbustum
3237 5711 3448 5776 locum,
3497 5712 3552 5766 in
3593 5731 3706 5784 quo

2109 5807 2331 5860 arbores
2353 5811 2496 5866 sunt,
2529 5801 2716 5856 volunt
2745 5801 3008 5870 accipere,
3042 5801 3180 5856 sicut
3212 5801 3461 5857 salictum
3490 5823 3502 5856 :
3539 5805 3622 5860 sic
3647 5815 3708 5862 ct

2109 5901 2396 5968 virectum,
2426 5897 2520 5955 ubi
2547 5895 2796 5968 virgultae
2825 5893 3052 5952 novellae
3078 5896 3318 5954 virentes
3347 5903 3496 5954 sunt.
3523 5897 3710 5958 Arbor
