3922 6318
159 403 254 463 509

1107 402 1198 458 DE
1235 397 1584 460 UNIVERSO
1621 401 1799 461 LIBRI
1839 401 2000 460 XXII.
2038 434 2109 446 --
2144 402 2274 460 LIB.
2311 402 2454 462 XIX.

3308 403 3413 462 5l0

157 535 322 580 autem
373 523 666 576 humanum
714 534 883 591 genus
935 518 1244 589 signiﬁcat,
1300 529 1359 573 ut
1407 529 1489 576 est
1540 522 1670 576 illud
1705 540 1717 574 :
1749 534 1801 594 Α
1826 527 1998 582 saltus
2041 525 2268 595 mystice
2295 532 2483 595 gentes
2524 521 2861 597 signiﬁcant,
2891 523 2975 580 vel
3008 527 3169 578 etiam
3189 540 3412 583 sacram

153 619 382 672 Arborem
423 613 508 680 ﬁci
539 613 753 684 quidam
781 613 959 665 habuit
986 611 1280 681 plantatam
1307 614 1363 666 in
1389 613 1534 666 vinea
1565 613 1716 681 (Luc.

153 723 261 769 xm,
295 703 478 757 Matth.
509 719 608 768 vn,
633 702 751 774 xu).
776 703 908 780 ltem
938 700 1100 756 arbor
1127 703 1267 756 bona
1303 703 1499 756 dicitur
1549 702 1722 759 bonus

149 797 318 860 homo,
344 794 565 868 etmala
595 795 777 859 arbor,
833 794 1006 848 malus
1054 794 1237 849 homo.
1271 794 1498 861 Quidam
1533 795 1586 848 in
1618 796 1721 851 hoc

152 888 440 944 testimonio
459 887 712 941 arborem
741 884 1073 939 voluntatem
1097 886 1333 940 hominis
1362 887 1534 956 magis
1556 902 1720 956 quam

150 981 306 1049 ipsum
360 980 632 1033 hominem
666 979 1037 1047 accipiendum
1070 986 1264 1048 putant
1329 997 1340 1031 :
1384 987 1440 1032 ct
1483 980 1719 1035 fructum

147 1073 350 1134 bonum,
380 1071 517 1124 bona
543 1085 704 1138 opera
736 1088 747 1122 :
780 1070 980 1123 malum
1008 1086 1136 1124 vero
1165 1070 1303 1123 mala
1329 1086 1511 1140 opera.
1547 1073 1718 1126 lladix

147 1172 308 1216 autem
337 1163 600 1232 originem
632 1161 856 1230 mystice
886 1141 1190 1232 signiﬁcat':
1218 1163 1358 1216 unde
1381 1163 1432 1216 in
1460 1164 1719 1232 Apostolo

147 1255 386 1322 scriptum
418 1260 501 1306 est
535 1267 548 1304 :
583 1251 736 1317 Quod
763 1253 808 1306 si
841 1254 994 1306 radix
1041 1263 1244 1318 sancta,
1278 1262 1327 1306 et
1358 1257 1491 1308 rami
1535 1255 1713 1325 (llam.

145 1348 232 1411 ιιι).
269 1345 394 1400 Item
444 1346 511 1398 de
559 1354 842 1414 peccatore
897 1346 1130 1400 dicitur:
1178 1345 1419 1399 Destruet
1444 1356 1492 1399 te
1539 1346 1716 1414 Deus,

145 1437 192 1488 in
214 1436 360 1503 ﬁnem
383 1435 558 1489 evellet
603 1447 673 1500 te,
700 1447 746 1489 et
788 1437 1058 1505 emigrabit
1091 1437 1154 1489 de
1181 1436 1519 1490 tabernaculo
1543 1447 1652 1503 tuo,
1670 1449 1716 1492 et

145 1533 354 1584 radicem
393 1541 539 1583 tuam
586 1531 650 1583 de
693 1539 833 1582 terra
868 1530 1140 1582 virentium
1191 1527 1362 1600 (Psal.
1419 1530 1512 1602 LI).
1559 1531 1716 1585 Rami

141 1638 260 1676 vero
301 1623 649 1692 propaginem
706 1605 992 1692 cujuslibet
1043 1602 1386 1691 cvprimunt,
1435 1623 1488 1676 in
1519 1623 1716 1676 bonam

139 1725 330 1786 p'rtem
353 1716 465 1768 sive
496 1717 548 1768 in
575 1714 773 1769 malam
804 1715 1137 1769 translatam.
1173 1715 1229 1768 In
1262 1715 1460 1769 bonam
1488 1756 1503 1782 ,
1549 1725 1608 1770 ut
1635 1725 1720 1771 est

143 1811 258 1864 illud
286 1813 336 1864 in
365 1811 663 1881 Evangelio
686 1811 751 1865 de
780 1826 949 1880 grano
973 1810 1198 1879 sinapis,
1224 1810 1289 1864 de
1320 1825 1426 1879 quo
1456 1810 1716 1864 Dominus

1825 620 2161 688 Scripturam
2202 618 2509 688 allegoricis
2551 618 2876 674 testimoniis
2911 619 3311 686 obumbratam,
3355 626 3416 676 ut

1821 724 1905 770 est
1936 713 2066 768 illud
2101 731 2113 766 :
2143 712 2286 766 Deus
2323 730 2354 765 a
2387 712 2585 766 Libano
2610 715 2791 777 veniet,
2823 723 2870 766 et
2892 719 3107 773 sanctus
3138 713 3202 766 de
3244 721 3418 769 monte

1821 807 2064 859 umbroso
2098 813 2146 858 et
2177 805 2438 858 condenso
2463 804 2636 872 (Psal.
2667 805 2874 875 cxxxl);
2902 806 2976 858 De
2996 819 3105 874 quo
3126 805 3178 857 in
3201 803 3417 858 Psalmo

1821 895 2080 964 scriptum
2108 903 2192 950 est
2225 912 2238 948 :
2267 893 2566 948 Invenimus
2596 911 2708 948 eam
2737 897 2790 948 in
2813 896 3009 966 campis
3032 887 3198 949 silvae:
3229 893 3415 964 Campi

1820 1006 1952 1045 vero
1979 993 2124 1045 silvae
2156 993 2394 1046 indicant
2420 992 2583 1047 corda
2612 993 2914 1062 gentilium,
2945 1010 3066 1064 qum
3091 1009 3156 1048 ex
3180 993 3417 1063 peccatis

1820 1084 1974 1153 quasi
2006 1084 2344 1137 silvestribus
2392 1100 2455 1138 ac
2497 1085 2737 1138 dumosis
2783 1085 2937 1148 locis,
2969 1086 3262 1140 mundante
3309 1083 3416 1138 Do-

1819 1176 1967 1230 mino
1996 1217 2010 1241 ,
2063 1177 2358 1245 campestri
2406 1178 2646 1245 puritate
2691 1186 3004 1247 patuerunt.
3039 1176 3115 1228 De
3147 1178 3232 1230 his
3264 1175 3418 1229 silvis

1820 1267 2023 1338 egressi
2051 1277 2174 1320 sunt
2204 1268 2308 1321 duo
2340 1268 2451 1321 ursi
2485 1283 2640 1338 rcges
2668 1267 2916 1321 videliCaL
2949 1267 3316 1321 Romanorum
3348 1263 3416 1317 ad

1818 1368 2144 1428 prmceptum
2180 1359 2340 1428 typici
2387 1359 2564 1412 Elismi
2586 1400 2599 1424 ,
2647 1368 2702 1412 et
2734 1368 2853 1428 post
2882 1358 3250 1427 quadraginta
3284 1354 3422 1409 duos

1822 1465 1993 1504 annos
2044 1452 2378 1505 ascensionis
2438 1449 2554 1519 ejus
2605 1451 2670 1504 ad
2708 1451 2873 1505 caelos
2919 1451 3173 1504 Judaicos
3219 1460 3420 1516 pueros

1821 1542 2190 1596 comederunt.
2229 1539 2388 1594 Silvae
2419 1551 2607 1610 gentes
2645 1551 2788 1604 sunt,
2822 1549 2880 1593 ut
2923 1541 2974 1592 in
3003 1540 3221 1593 Psalmo
3251 1557 3264 1592 :
3299 1537 3418 1592 Ex-

1819 1632 2112 1686 terminavit
2143 1649 2256 1685 eam
2279 1649 2404 1700 aper
2430 1631 2492 1683 u'e
2523 1631 2649 1684 silva
2683 1629 2856 1700 (Psal.
2888 1630 3096 1703 LXXIX).
3134 1630 3418 1686 Condensa

1819 1734 2021 1788 autem,
2052 1726 2153 1779 hoc
2184 1732 2288 1788 cst,
2313 1740 2479 1793 opaca
2507 1725 2798 1787 silvestria,
2823 1740 2942 1792 quze
2975 1725 3089 1778 loca
3113 1723 3420 1793 significant

1820 1817 2015 1869 divina:
2059 1814 2355 1885 Scripturae
2385 1817 2592 1870 occulta
2630 1825 2727 1869 :ut
2767 1827 2845 1870 cst
2887 1817 3014 1871 illud
3058 1817 3110 1870 in
3155 1815 3369 1870 Psalmo
3404 1832 3417 1868 :

141 1904 205 1958 ait
231 1920 244 1956 :
276 1902 360 1955 Fit
393 1904 573 1965 arbor,
604 1905 678 1956 ita
699 1915 754 1955 ut
778 1905 982 1956 veniant
1007 1902 1238 1957 volucres
1260 1901 1393 1964 caeli,
1419 1913 1464 1954 et
1486 1902 1716 1954 habitent
1747 1908 1794 1966 B
1825 1905 2090 1959 Ile-velavit
2119 1906 2372 1959 Dominus
2399 1908 2658 1960 condensa
2691 1922 2708 1958 :
2738 1920 2782 1960 et
2806 1910 2860 1961 in
2883 1907 3072 1978 templo
3093 1909 3211 1976 (ejus
3243 1924 3420 1961 omnes

140 1996 188 2048 in
218 1996 368 2048 ramis
396 1996 514 2064 ejus
544 1993 759 2062 (Matth.
793 1994 936 2062 xui).
983 1994 1112 2048 Item
1142 1993 1196 2047 in
1228 1993 1386 2046 aliam
1415 2001 1627 2061 partem
1664 1993 1717 2045 in

139 2083 342 2137 Daniele
390 2085 654 2154 scriptum
691 2091 774 2137 est
805 2101 816 2136 :
851 2081 1131 2136 Pra’cidite
1173 2083 1412 2137 arborem
1458 2094 1504 2137 et
1546 2101 1719 2137 ramos

138 2176 240 2244 ejus
269 2173 424 2244 (Dan.
453 2176 550 2245 Iv).
578 2176 646 2229 Et
665 2177 727 2236 in
755 2176 1045 2230 Salomone
1069 2191 1082 2228 :
1112 2175 1178 2228 Et
1199 2177 1561 2246 pra'cidantur
1584 2179 1718 2230 rami

137 2267 529 2320 inconsmnmati
585 2267 739 2338 (Sap.
799 2267 894 2338 ιν).
953 2268 1161 2322 Folium
1227 2283 1357 2323 vero
1413 2285 1717 2324 sermonem

139 2357 382 2412 doctrina}
407 2359 710 2428 significat;
743 2361 885 2414 unde
917 2361 966 2413 in
997 2361 1203 2428 psalmo
1230 2361 1488 2429 scriptum
1534 2370 1616 2420 est
1655 2362 1720 2416 de

137 2447 271 2520 ligno
301 2450 386 2504 illo
418 2451 652 2504 mirabili
685 2453 824 2520 quod
861 2451 1153 2522 plantatum
1194 2463 1266 2505 est
1291 2470 1437 2506 secus
1469 2455 1719 2507 decursus

143 2557 402 2609 aquarum,
434 2541 575 2610 quod
609 2540 837 2608 fructum
877 2558 1030 2593 suum
1079 2542 1222 2594 dabit
1254 2543 1307 2593 in
1335 2553 1562 2611 tempore
1591 2561 1716 2608 suo,

141 2642 182 2684 et
213 2632 390 2698 folium
429 2634 544 2710 ejus
569 2650 670 2686 non
695 2634 894 2686 decidet
929 2631 1100 2704 (Psal.
1131 2633 1187 2702 I).
1215 2634 1326 2689 Hoc
1349 2635 1490 2688 enim
1516 2636 1719 2706 lignum

137 2724 388 2791 signiﬁcat
471 2724 756 2778 Dominum
822 2735 1066 2780 nostrmn
1142 2724 1324 2779 Jesum
1389 2726 1666 2781 Christum
1702 2768 1716 2793 ,

137 2827 343 2887 propter
382 2821 693 2888 passionem
748 2821 959 2883 crucis,
1006 2821 1161 2889 cujus
1194 2821 1459 2874 virtutum
1511 2822 1720 2876 fructus

136 2915 319 2984 pabula
355 2923 486 2970 sunt
529 2915 886 2978 credentium,
920 2915 1072 2983 cujus
1100 2914 1224 2968 folia
1271 2915 1664 2977 nondecidunt
1702 2934 1714 2968 :

139 3008 253 3075 quia
283 3007 428 3062 nullo
458 3023 589 3061 casu
617 3006 781 3060 verba
806 3006 921 3074 ejus
942 3021 972 3059 a
1001 3005 1232 3058 veritate
1257 3005 1558 3058 discedunt.
1593 3004 1720 3059 llaec

136 3112 251 3156 sunt
278 3118 430 3170 aqua:
463 3100 778 3170 spiritales:
809 3101 920 3153 hmc
955 3098 1079 3152 folia
1117 3099 1394 3162 salutaria,
1431 3101 1495 3152 de
1525 3100 1721 3167 quibus

137 3196 190 3250 in:
208 3196 522 3266 Apocalypsi
554 3196 745 3247 beatus
790 3193 1023 3247 Joannes
1067 3192 1214 3245 dicit:
1244 3189 1312 3244 Et
1345 3191 1567 3245 ostendit
1594 3191 1720 3244 mihi

137 3288 317 3355 ﬂumen
357 3302 513 3356 aqua?
554 3285 672 3337 vita:
717 3284 1083 3353 splendidum,
1117 3294 1365 3352 tanquam
1389 3282 1714 3360 crystallum,
1747 3267 1790 3328 (ἶ

136 3379 298 3430 exiens
326 3378 389 3430 de
420 3379 610 3430 throno
637 3377 732 3429 Dei
763 3385 810 3428 et
842 3377 984 3443 agni,
1017 3376 1071 3428 in.
1103 3376 1273 3428 medio
1293 3375 1478 3445 plateas
1502 3377 1640 3445 ejus,
1672 3385 1718 3428 et

135 3485 192 3521 e1"-
236 3481 455 3539 utraque
486 3477 633 3536 parte
676 3467 910 3535 [iuniinis
959 3467 1197 3518 arborem
1246 3467 1396 3529 vitm,
1449 3484 1566 3536 (μιαν
1593 3468 1720 3536 facit

137 3558 375 3625 fructum,
405 3559 686 3611 duodecies
710 3557 930 3626 singulis
955 3557 1218 3609 mensibus
1246 3557 1466 3609 reddens
1490 3559 1721 3626 fructum

136 3667 300 3714 situm,
329 3661 376 3702 et
405 3648 539 3718 [alia
567 3647 709 3700 illius
732 3648 934 3700 arboris
957 3659 1075 3700 sunt
1104 3649 1156 3701 in
1186 3649 1464 3700 sanitatem
1491 3650 1722 3718 gentium

136 3743 373 3811 deputata
397 3743 585 3812 (Apoc.
633 3741 792 3812 xx").
838 3727 965 3794 Flos
1004 3741 1146 3795 enim
1179 3740 1454 3794 Christum
1497 3742 1724 3813 mystice

136 3835 394 3905 signiﬁcat
421 3837 516 3906 qui
551 3836 602 3888 in
635 3834 861 3890 Cantico
893 3836 1227 3890 canticorum
1260 3836 1389 3889 dicit
1423 3855 1434 3888 :
1471 3836 1584 3914 Ego
1623 3839 1721 3907 ﬂos

137 3929 314 3995 campi,
331 3936 377 3980 et
401 3926 575 3979 lilium
591 3927 906 3980 convallium
923 3926 1096 3998 (Cant.
1117 3929 1200 3996 ιι).
1219 3927 1403 3982 Flores
1416 3927 1724 3998 signiﬁcant

136 4016 256 4072 incr.
279 4028 461 4072 menta
479 4020 634 4073 bona:
645 4020 1092 4084 conversationis,
1110 4028 1167 4072 ut
1185 4027 1265 4074 est
1285 4019 1410 4072 illud
1434 4021 1483 4072 in
1502 4021 1723 4075 Cantico

137 4110 464 4164 canticorum
503 4129 516 4167 ;
553 4109 736 4163 Flores
763 4121 1120 4179 apparuerunt
1146 4113 1208 4166 in
1246 4121 1384 4165 terra
1417 4112 1626 4182 (lbid.),
1671 4113 1725 4168 id

137 4210 240 4266 est,
289 4201 441 4255 initia
493 4201 614 4254 ﬁdei
663 4211 717 4256 et
763 4201 990 4268 justitia:
1037 4203 1334 4285 ﬁoruerunt
1383 4205 1437 4256 in
1487 4205 1722 4270 mundo,

136 4305 407 4348 crescent».
450 4295 694 4349 Ecclesia
742 4296 964 4350 Christi.
1021 4297 1151 4351 Item
1197 4296 1295 4351 llos
1333 4297 1498 4366 gloria
1543 4296 1723 4352 surculi

137 4390 304 4458 hujus.
339 4392 395 4445 In
429 4391 570 4444 Isaia
603 4407 618 4444 :
645 4389 851 4455 Omnis,
880 4393 1078 4461 inquit,
1102 4411 1224 4446 caro
1253 4393 1448 4461 fenum,
1479 4400 1525 4445 et
1557 4391 1724 4445 omnis

136 4487 292 4551 gloria
324 4485 442 4552 ejus
473 4484 629 4551 quasi
646 4486 742 4551 ﬂos
781 4484 886 4550 feni
911 4483 1045 4552 (lsa.
1075 4485 1186 4552 XL).
1222 4483 1387 4538 Poma
1417 4482 1725 4552 signiﬁcant

138 4571 338 4627 fructus
384 4584 702 4627 sanctorum
754 4574 804 4626 in
849 4574 1140 4628 virtutibus
1172 4615 1186 4638 ,
1236 4584 1297 4627 ut
1350 4583 1434 4626 est
1484 4572 1612 4626 illud
1670 4571 1723 4624 in

1823 1999 1993 2051 dicent
2024 1997 2245 2067 gloriam
2287 1995 2460 2068 (Psal.
2493 1999 2707 2071 xxvm).
2758 1999 3040 2053 Ilevelavit
3082 2000 3226 2053 enim
3260 1999 3421 2052 timor

1822 2088 2033 2142 Domini
2073 2089 2375 2155 condensa,
2428 2092 2642 2160 quando
2673 2092 3014 2161 ignoratione
3059 2091 3301 2160 deposita
3353 2090 3420 2144 al

1823 2181 2236 2252 intelligentiam
2260 2183 2453 2237 divinae
2476 2183 2606 2253 legis
2633 2184 2810 2236 devoti
2828 2183 3006 2252 populi
3027 2191 3418 2236 convenerunt.

1822 2274 1928 2329 Pro
1953 2292 2056 2344 qua
2086 2293 2144 2329 re
2169 2276 2221 2328 in
2247 2275 2487 2329 Ecclesia
2512 2276 2629 2345 ejus
2653 2289 2843 2329 onmes
2873 2274 3115 2328 referunt
3142 2273 3372 2341 gloriam
3402 2288 3416 2326 :

1821 2375 1982 2434 prout
2012 2365 2386 2434 unusquisque
2429 2365 2641 2433 prmi-ali
2671 2365 2893 2433 spiritus
2927 2363 3258 2433 septiformis
3280 2363 3419 2415 dona

1821 2456 2048 2524 suscipit
2089 2455 2300 2525 :gloria
2354 2455 2494 2508 enim
2526 2455 2704 2526 (sicut
2740 2456 2941 2508 dictum
2983 2469 3124 2523 smpe
3167 2454 3419 2510 memini-

1821 2547 1962 2618 mus)
2021 2547 2138 2600 laus
2185 2555 2267 2600 est
2316 2546 2456 2600 facta
2503 2547 2865 2600 celebratione
2917 2547 3226 2599 multorum.
3284 2546 3419 2602 Item

1823 2638 1990 2692 saltus
2041 2635 2312 2707 signiﬁcat
2359 2636 2616 2706 pepulum
2647 2636 2924 2701 CCCICSILU,
2960 2637 3036 2689 de
3055 2652 3161 2706 quo
3191 2637 3242 2689 in
3294 2635 3423 2692 Pro-

1821 2731 1982 2800 pheta
2015 2730 2273 2798 scriptum
2303 2739 2385 2782 cst
2437 2747 2448 2781 :
2485 2729 2588 2794 Qui
2627 2730 2865 2782 habitant
2897 2731 2950 2781 in
2989 2729 3221 2794 deserto,
3252 2729 3422 2783 securi

1822 2823 2077 2875 dormient
2110 2824 2166 2874 in
2196 2820 2412 2874 saltibus
2469 2820 2681 2892 (Ezech.
2738 2821 2949 2891 xxxiv).
2995 2820 3206 2875 Rursus
3250 2820 3418 2876 saltus

1823 2913 2155 2967 meridianus
2182 2922 2364 2983 typum
2401 2920 2547 2967 tenet
2577 2912 2757 2980 populi
2792 2911 3100 2966 Judmorum
3132 2926 3146 2964 :
3182 2912 3320 2965 unde
3365 2911 3419 2965 in

1823 3002 2075 3056 Ezechiel
2117 3002 2248 3062 dicit
2295 3018 2307 3055 :
2343 3000 2471 3054 ch
2503 3003 2628 3054 dicit
2676 3001 2931 3054 Dominus
2976 3000 3044 3053 ad
3073 3001 3265 3054 saltum
3309 3000 3424 3071 agri

1823 3096 2105 3149 meridiani
2137 3110 2154 3146 :
2187 3095 2321 3149 Ecce
2345 3112 2436 3165 ego
2466 3095 2780 3149 succendam
2813 3095 2983 3164 ignem
3006 3095 3062 3147 in
3087 3103 3155 3158 te,
3199 3104 3246 3147 et
3270 3093 3425 3147 devo-

1825 3190 1960 3243 rabit
2009 3206 2160 3243 omne
2203 3189 2402 3258 lignum
2454 3188 2640 3252 viride,
2693 3196 2739 3240 et
2781 3203 2932 3239 omne
2959 3186 3159 3256 lignum
3213 3185 3425 3239 aridum

1825 3280 2040 3352 (Ezech.
2077 3280 2190 3349 xx).
2230 3280 2396 3349 Ligna
2428 3280 2591 3342 dicta,
2624 3279 2750 3354 quia
2781 3280 2997 3348 incensa
3032 3286 3427 3333 convertuntur

1826 3371 1881 3432 in
1905 3372 2084 3425 lumen
2119 3389 2132 3436 ;
2169 3371 2310 3425 unde
2341 3381 2395 3425 et
2420 3370 2676 3441 lychnum
2709 3371 3085 3440 dicitur,quod
3116 3370 3294 3424 lumen
3314 3371 3422 3425 det.

1826 3462 2051 3517 Hastula
2090 3477 2121 3515 a
2168 3461 2406 3515 tollendo
2439 3470 2770 3530 nuncupata.
2805 3461 3002 3542 Fontes
3051 3472 3133 3515 est
3170 3459 3382 3514 hastula
3409 3500 3422 3523 ,

1827 3568 1946 3622 qute
1995 3554 2062 3605 ab
2103 3552 2390 3606 arboribus
2417 3553 2689 3606 excutitur
2732 3552 3040 3606 recisioue:
3082 3560 3176 3605 aut
3199 3549 3427 3605 hastulm

1827 3645 2109 3717 ambustae,
2137 3652 2230 3696 aut
2253 3643 2393 3713 ligna
2420 3652 2630 3708 cavata,
2655 3660 2683 3696 a
2715 3642 2895 3712 fungis
2919 3645 3137 3698 nomine
3161 3652 3386 3714 accepto
3409 3660 3421 3695 :

1827 3741 1968 3812 quod
1999 3741 2074 3794 ita
2097 3740 2275 3809 capiat
2302 3740 2504 3809 ignem,
2528 3740 2596 3794 de
2626 3756 2732 3808 quo
2756 3738 3015 3811 Virgilius
3047 3758 3059 3794 :

2016 3839 2293 3903 Ilapuitque
2317 3843 2365 3890 in
2393 3840 2563 3890 fomite
2589 3843 2850 3890 ﬂammam.

1825 3925 1992 3994 Ligna
2013 3925 2158 3979 enim
2194 3935 2250 3979 et
2271 3925 2323 3977 in
2352 3925 2549 3978 bonam
2581 3934 2790 3994 partem
2821 3934 2876 3979 et
2919 3925 2968 3978 in
3003 3926 3195 3979 malam
3249 3925 3428 3995 posita

1826 4017 2214 4086 reperiuntur;
2271 4015 2322 4068 in
2352 4015 2580 4079 bonam,
2633 4026 2692 4069 ut
2741 4026 2824 4070 est
2864 4016 2993 4070 illud
3049 4036 3060 4070 :
3111 4017 3427 4088 Gaudebunt

1827 4107 2026 4175 campi,
2054 4115 2101 4159 et
2147 4104 2320 4157 omnia
2349 4105 2492 4173 ligna
2535 4104 2790 4158 silvarum
2819 4115 2938 4158 ante
2969 4105 3156 4174 faciem
3193 4101 3426 4173 Domini,

1826 4196 2073 4266 quoniam
2125 4196 2256 4249 venit
2293 4194 2463 4265 (Psal.
2518 4198 2662 4268 xcv).
2713 4197 2768 4250 In
2811 4197 3006 4249 malam
3038 4213 3189 4260 vero,
3241 4207 3298 4251 ut
3345 4206 3430 4253 est

1827 4289 1955 4342 illud
1987 4290 2040 4342 in
2090 4288 2416 4352 Ecclesiaste
2449 4305 2460 4339 :
2511 4289 2614 4352 Qui
2646 4289 2833 4340 scindit
2866 4288 3006 4358 ligna
3047 4289 3429 4358 periclitabitur

1826 4381 1878 4436 in
1905 4381 1977 4433 eis
2013 4375 2211 4450 (Ecde.
2233 4377 2311 4450 x);
2344 4379 2466 4446 quia
2484 4378 3091 4447 quicunqueexsecutor
3118 4387 3202 4432 est
3222 4394 3427 4447 pecca-

1829 4478 2036 4533 torum,
2080 4478 2284 4523 zeterno
2315 4467 2564 4522 incendio
2580 4469 2959 4537 deputabitur.
2997 4468 3129 4521 Item
3163 4468 3304 4538 ligna
3333 4484 3428 4522 an-

1829 4563 1930 4632 geli
1961 4571 2015 4614 ut
2046 4563 2265 4631 quidam
2309 4569 2503 4630 putant
2553 4561 2695 4615 sicut
2733 4563 2786 4614 in
2831 4562 3115 4616 Ezechiele
3165 4563 3428 4632 propheta

136 4663 350 4718 Cantico
385 4665 726 4718 canticorum
755 4683 764 4716 ε
805 4664 868 4717 Et
899 4665 1173 4718 ηεαηάυιοει
1199 4665 1426 4734 fructum
1447 4679 1721 4734 pomorum
1750 4651 1802 4709 D
1830 4671 1925 4724 pro
1957 4654 2174 4708 diabolo
2208 4655 2408 4709 dicitur
2454 4671 2466 4707 :
2503 4651 2670 4707 Omne
2707 4656 2905 4724 lignum
2937 4655 3175 4723 paradisi
3217 4674 3318 4710 non
3351 4667 3427 4711 est

134 4772 340 4808 suorum
375 4754 559 4824 (Cant.
598 4755 694 4826 tv).
731 4756 861 4809 Item
895 4771 1090 4824 sponsa
1120 4757 1186 4810 ad
1221 4755 1490 4825 Sponsum
1534 4755 1664 4809 dicit
1705 4773 1717 4807 :

138 4848 320 4902 Omnia
355 4868 515 4920 poma
565 4867 692 4902 nova
734 4861 778 4903 et
813 4860 1002 4913 vetera,
1050 4829 1233 4914 dilecle
1260 4851 1348 4912 mi,
1382 4849 1580 4902 servari
1630 4848 1722 4900 tibi

138 4937 305 5006 (Cant.
365 4939 492 5011 vn).
544 4939 712 4993 Poma
743 4955 880 4994 nova
932 4948 986 4993 et
1036 4950 1257 5004 vetera,
1290 4950 1555 5008 praecepta
1613 4940 1725 4993 sive

135 5031 393 5097 promissa
421 5041 551 5084 sum
576 5030 704 5083 Novi
729 5029 1056 5085 Testamenti
1081 5040 1134 5085 et
1154 5029 1386 5094 Veteris,
1402 5046 1521 5099 quae
1542 5029 1723 5083 omnia

137 5117 197 5169 ad
251 5118 455 5172 Christi
516 5121 746 5189 gratiam
795 5122 1000 5178 referre
1044 5122 1348 5176 ecclesiam.
1379 5119 1723 5173 ttlauifestmn

136 5215 230 5268 est.
265 5206 503 5261 Rursum
552 5226 706 5277 poma
740 5211 966 5265 dulcedo
1006 5211 1215 5280 peccati
1250 5229 1260 5263 :
1293 5211 1432 5264 unde
1460 5211 1513 5263 in
1561 5210 1724 5263 Amos

135 5294 363 5365 legitur:
398 5301 530 5368 quid
588 5310 642 5352 tu
700 5301 861 5365 vides,
906 5303 1099 5355 Amos?
1143 5303 1350 5360 Etdi.1:i
1391 5317 1407 5354 :
1459 5301 1720 5356 Uncinum

133 5404 400 5450 pomorum
433 5391 616 5457 (.lmos
645 5391 786 5461 vni),
815 5392 915 5446 hoc
936 5402 1040 5458 est,
1071 5393 1330 5462 supplicia
1353 5402 1720 5462 peccatorum.

136 5476 337 5530 Matura
371 5480 649 5546 dicuntur,
685 5483 826 5551 quod
857 5492 979 5552 apta
1027 5492 1153 5536 sunt
1195 5483 1261 5537 ad
1308 5483 1666 5537 mandendum
1708 5497 1720 5534 :

136 5568 210 5620 sic
235 5577 288 5622 et
319 5570 636 5636 immatura,
669 5575 792 5641 quia
819 5575 1132 5644 priusquam
1161 5583 1373 5628 matura
1406 5575 1557 5638 ﬁant,
1589 5573 1721 5627 dura

135 5668 256 5714 sunt
301 5663 366 5714 ad
398 5665 782 5720 mandendum.
818 5666 1119 5736 Allegorice
1164 5677 1343 5722 autem
1383 5675 1595 5721 matura
1635 5666 1718 5720 di-

137 5764 330 5808 cuntur
356 5754 473 5820 illa,
509 5772 628 5825 qua:
667 5760 906 5826 perfecta
951 5766 1122 5813 sunt:
1167 5759 1458 5814 immatura
1504 5765 1717 5822 autem,

136 5859 250 5918 quae
278 5848 598 5920 imperfecta
625 5866 745 5908 esse
774 5837 1148 5911 dinoscuntur.
1195 5851 1357 5909 Silvae
1383 5861 1565 5909 autem
1606 5850 1720 5909 sive

1829 4746 2178 4800 assimilutum
2206 4747 2250 4798 ei
2283 4745 2502 4817 (Ezech.
2533 4745 2726 4814 χχιιι).
2767 4747 2833 4799 Et
2861 4757 2984 4816 post
3012 4761 3182 4816 pauca
3212 4749 3238 4801 ἐ
3272 4746 3428 4802 Cedri

1829 4853 1933 4890 non
1958 4836 2168 4905 fuerunt
2199 4834 2410 4888 altiores
2435 4835 2540 4887 illis
2564 4835 2774 4906 (lbid.).
2796 4835 3023 4905 Lignum
3039 4836 3289 4892 Christus
3314 4836 3428 4892 sive

1831 4929 2024 4992 sancti,
2078 4928 2131 4981 in
2170 4927 2375 4996 psalmo
2413 4945 2424 4979 :
2458 4925 2525 4979 Et
2571 4929 2668 4980 erit
2715 4939 2963 4998 tanquam
3011 4930 3241 4998 lignum,
3285 4930 3427 5000 quod

1830 5011 2123 5095 plantutum
2155 5034 2225 5076 est
2255 5039 2401 5078 secus
2425 5022 2676 5075 decursus
2701 5040 2959 5092 aquarum
2990 5019 3162 5094 (Psal.
3192 5023 3251 5094 I).
3281 5023 3348 5078 Et
3370 5023 3424 5080 in

1832 5115 2164 5182 Evangelio:
2210 5112 2266 5168 Si
2313 5115 2363 5168 in
2409 5115 2561 5167 viridi
2595 5115 2736 5184 ligno
2766 5116 2876 5168 huic
2920 5115 3142 5183 faciunt,
3173 5116 3227 5168 in
3270 5115 3421 5169 arids

1825 5208 1950 5278 quid
1981 5209 2065 5275 ﬁet
2092 5209 2116 5260 ?
2162 5206 2312 5276 (Luc.
2349 5198 2533 5276 vanu.)
2560 5207 2787 5277 Lignum
2820 5207 2981 5260 homo
2997 5247 3017 5283 ,η
3045 5215 3102 5258 ut
3133 5206 3184 5260 in
3232 5206 3440 5264 Eccle-.

1826 5300 1991 5352 sias‘te
2027 5318 2036 5352 :
2070 5298 2125 5352 Si
2152 5299 2391 5351 ceciderit
2421 5298 2618 5368 lignum
2647 5298 2716 5350 ad
2740 5307 3002 5361 austrum,
3031 5299 3135 5350 sive
3167 5298 3235 5350 ad
3265 5297 3409 5366 aqui-

1825 5389 1996 5443 lonem
2029 5389 2223 5458 (Eccle.
2264 5389 2362 5458 XI),
2398 5389 2447 5444 id
2481 5397 2592 5450 est,
2647 5389 2699 5441 iu
2744 5389 2940 5443 bonam
2976 5370 3074 5440 vel
3119 5387 3170 5440 in
3221 5387 3421 5444 malam

1827 5489 2057 5550 partem,
2088 5479 2378 5548 ubicunque
2401 5479 2662 5542 ceciderit,
2691 5477 2762 5530 ibi
2781 5481 2898 5530 erit.
2918 5477 3085 5548 Ligna
3113 5478 3421 5532 testimonia

1829 5572 2229 5640 Scripturarum
2261 5570 2312 5623 in
2340 5570 2578 5623 Levitico
2605 5587 2616 5621 :
2653 5569 2799 5637 Ignis
2827 5579 2998 5621 autem
3026 5569 3080 5622 in
3106 5568 3265 5622 altari
3292 5584 3424 5622 sem-

1826 5683 1919 5736 per
1948 5665 2146 5719 ardebit
2175 5705 2188 5730 ,
2237 5682 2389 5735 quem
2443 5663 2632 5716 nutriet
2662 5663 2906 5715 sacerdos
2953 5662 3232 5733 subjiciens
3274 5661 3417 5731 ligna

1828 5777 1979 5813 mane
2022 5776 2115 5828 per
2141 5758 2375 5828 singulos
2403 5758 2513 5812 dies
2557 5754 2743 5826 (Levit.
2781 5755 2878 5825 vl).
2919 5754 3056 5810 I‘Iuic
3105 5752 3415 5809 testimonio

1827 5852 2136 5910 Salomonis
2159 5853 2430 5909 sententia
2450 5849 2721 5923 congruit,
2754 5849 2806 5903 in
2836 5864 2943 5920 qua
2966 5849 3041 5905 ait
3071 5866 3084 5903 :
3121 5845 3224 5915 Qui
3263 5846 3412 5902 addit
