3922 6356
504 412 604 471 ΒΗ

1138 408 1196 462 n.
1238 398 2059 490 nABAM'M‘AURI'AncmEt

2162 404 2453 464 MOGUNT.
2495 408 2782 467 OPERUM
2824 412 3004 471 PARS
3037 415 3101 471 ll.

3670 424 3772 481 5η

499 530 792 599 scientiam,
844 528 992 583 addit
1046 524 1275 579 dolorem
1315 523 1513 595 (Eccle.
1562 524 1624 595 ι).
1671 524 1899 594 Lignum
1943 537 2078 577 crux
2105 522 2158 583 A
2182 524 2414 591 ﬂorebit,
2467 526 2599 579 sicut
2634 527 2821 581 cedrus
2867 527 3055 584 Libani
3100 530 3536 601 multiplicabitur
3582 532 3767 605 (Prol.

499 617 704 676 Christi
748 620 802 673 in
826 617 964 672 libro
994 615 1281 684 Sapientia:
1320 633 1331 668 :
1365 613 1700 668 Benedictum
1744 614 1964 684 lignum,
1987 630 2079 684 per

492 714 637 785 quod
660 712 719 781 ﬁt
754 710 964 781 justitia
990 706 1299 778 (Sapiam).
1342 707 1409 761 Et
1436 707 1489 760 in
1522 707 1728 776 psalmo
1766 721 1780 759 :
1822 706 2077 762 Dominus

498 803 729 874 regnavit
754 817 788 854 a
807 800 946 871 ligno
970 796 1141 870 (Psal.
1172 798 1317 867 xcv).
1351 798 1519 869 Ligna
1545 807 1767 869 peccata
1798 799 1851 853 in
1875 798 2075 853 Deute-

496 895 741 953 ronomio
765 911 777 948 :
805 893 862 949 Si
884 893 998 964 quis
1026 892 1209 946 abierit
1239 908 1356 945 cum
1385 892 1624 961 proximo
1652 908 1747 945 suo
1773 890 2077 958 simpliciter

492 987 548 1041 in
571 986 755 1047 silvam
776 984 845 1039 ad
869 983 1011 1051 ligna
1025 982 1272 1037 caedenda
1298 980 1473 1052 (Deut.
1499 982 1633 1052 χιιι).
1668 981 1853 1036 Torris
1873 981 2073 1053 lignum

492 1081 746 1136 adustum
764 1118 778 1144 ,
811 1091 971 1147 quem
996 1075 1187 1145 vulgus
1215 1074 1460 1128 titionem
1489 1073 1726 1142 appellat
1767 1081 2074 1129 extractum

489 1170 611 1227 foco
661 1168 973 1226 semiustum
1002 1174 1075 1233 ,et
1120 1166 1436 1221 extinctum.
1493 1164 1807 1234 Quisquilite
1864 1165 2074 1236 stipulae

490 1261 739 1316 immistae
786 1256 1018 1313 surculis
1058 1271 1121 1311 ac
1147 1254 1290 1310 foliis
1331 1255 1535 1310 aridis:
1569 1262 1701 1310 sunt
1736 1264 1917 1310 autem
1946 1270 2075 1325 pur—

486 1361 737 1425 gamenta
789 1358 1080 1405 terrarum.
1125 1330 1351 1419 Mystice
1394 1356 1572 1403 autem
1618 1348 1784 1402 torris
1816 1348 1899 1402 vel
1952 1350 2073 1404 titio

486 1436 757 1507 signiﬁcat
802 1436 1123 1505 sapientiam
1169 1435 1394 1500 vanam,
1448 1449 1569 1505 qua:
1599 1449 1741 1489 verae
1794 1434 2073 1504 sapientiai

485 1529 758 1586 contraria
781 1537 862 1583 est
890 1546 903 1581 :
939 1528 1080 1582 unde
1101 1526 1296 1598 legitur
1323 1527 1378 1581 in
1399 1525 1536 1580 Isaia
1558 1527 1819 1596 propheta
1842 1566 1856 1591 ,
1883 1526 2071 1582 Domi;

484 1636 613 1677 num
673 1620 873 1674 dixisse
925 1618 991 1673 ad
1040 1618 1215 1689 ipsum
1263 1619 1585 1688 prOphetam
1634 1632 1648 1671 :
1701 1617 1987 1688 Egredere
2016 1621 2070 1673 in

483 1726 755 1789 occursum
776 1710 976 1775 Achaz,
1014 1720 1094 1776 tu,
1120 1719 1167 1763 et
1195 1711 1282 1781 qui
1313 1709 1590 1764 derelictus
1618 1718 1692 1762 est
1721 1707 1889 1763 Jasub
1926 1709 2069 1777 ﬁlius

481 1810 622 1873 tuus,
654 1801 723 1856 ad
752 1810 1037 1857 extremum
1071 1801 1407 1872 aquaeductus
1432 1802 1660 1870 piscinm'
1684 1800 1968 1869 superioris
2013 1801 2069 1855 in

480 1894 563 1947 via
586 1894 938 1964 agrifullonis,
975 1904 1021 1948 et
1047 1895 1185 1948 dices
1209 1893 1276 1948 ad
1296 1910 1413 1947 eum
1445 1905 1463 1944 :
1494 1891 1646 1958 Vide,
1671 1909 1735 1945 ne
1756 1891 1935 1957 sileas,
1960 1892 2068 1947 noli

479 1982 677 2051 timere,
733 1994 780 2039 et
828 2001 917 2039 cor
939 1997 1088 2040 tuum
1141 2002 1202 2039 ne
1245 1984 1488 2055 formidet
1539 2001 1572 2037 a
1630 1984 1833 2037 duabus
1882 1985 2066 2038 caudis

478 2077 721 2130 titionum
768 2076 1137 2146 fumigantium
1182 2078 1403 2129 istorum
1448 2076 1503 2128 in
1548 2075 1630 2127 ira
1672 2073 1868 2143 furoris
1900 2073 2067 2128 Rasin

475 2167 610 2235 regis
637 2164 829 2236 Syriae,
855 2175 904 2220 et
926 2165 1023 2235 ﬁlii
1048 2164 1315 2230 Romeliw,
1344 2182 1403 2219 eo
1425 2165 1563 2235 quod
1590 2164 1867 2219 consilium
1890 2165 2067 2219 inierit

476 2267 658 2311 contra
683 2266 729 2311 te
761 2256 919 2328 Syria
945 2259 1002 2312 in
1031 2258 1227 2311 malum
1258 2254 1508 2328 Eﬂraim,
1534 2268 1581 2313 et
1613 2258 1759 2327 ﬁlius
1795 2257 2060 2325 Romelire,

476 2351 703 2406 dicentes
734 2371 750 2405 :
790 2351 1146 2406 Ascendamus
1174 2352 1243 2404 ad
1265 2350 1467 2405 Judam
1505 2362 1553 2405 et
1581 2337 1891 2405 suscitemus
1922 2368 2062 2418 eum,

474 2451 521 2497 et
546 2441 822 2497 evellamus
845 2458 964 2497 eum
1011 2442 1081 2495 ad
1129 2458 1221 2496 nos
1248 2443 1381 2513 (lsa.
1409 2441 1529 2514 vn).
1560 2442 1704 2498 Duas
1730 2452 1911 2498 autem
1934 2458 2065 2499 cau-

476 2532 572 2588 das
623 2532 849 2587 torrium
895 2530 1274 2603 fumigantium
1313 2532 1394 2605 (ut
1424 2534 1574 2603 prius
1603 2534 1859 2605 diximus)
1906 2541 2066 2590 vocat

479 2623 801 2693 sapientiam
860 2623 1197 2688 saecularem,
1252 2624 1674 2694 haereticumque
1724 2640 2061 2691 sermonem,

479 2728 707 2782 quorum
739 2712 862 2768 ﬁnis
892 2714 1103 2768 exustio
1139 2722 1223 2767 est
1263 2730 1277 2769 :
1309 2714 1399 2783 qui
1428 2713 1628 2769 frustra
1660 2714 1896 2769 inierunt
1936 2729 2064 2771 con-

473 2803 675 2869 silium,
701 2811 761 2857 ut
784 2803 1139 2859 ascenderent
1167 2812 1352 2858 contra
1380 2801 1593 2867 Judam,
1622 2814 1678 2859 et
1706 2804 1859 2873 quasi
1894 2804 2063 2874 negli-

471 2902 688 2966 gentem
733 2902 788 2949 et
832 2894 1189 2949 dormientem
1227 2903 1507 2965 caperent,
1555 2902 1610 2950 et
1644 2895 1758 2949 suis
1783 2894 2061 2949 erroribus

473 2984 808 3055 copularent.
839 2967 1026 3039 Caries
1059 2984 1289 3053 putredo
1335 2985 1604 3056 lignorum
1637 3004 1650 3040 :
1699 2986 1901 3039 dictum
1955 2983 2060 3039 hoc

473 3090 691 3151 nomen,
715 3075 857 3146 quod
884 3075 1097 3130 eveniat
1121 3075 1281 3146 lignis
1302 3076 1502 3130 virtute
1518 3075 1844 3129 carentibus.
1872 3073 2060 3129 Caries

474 3179 653 3225 autem
704 3168 1010 3239 signiﬁcare
1050 3176 1230 3238 potest
1252 3168 1590 3238 putredinem
1637 3175 1987 3237 peccatorum
2041 3189 2054 3224 :

472 3263 615 3318 unde
673 3264 921 3318 homines
976 3261 1225 3317 carnales
1278 3260 1552 3314 vermibus
1608 3261 2058 3330 concupiscentiae

470 3354 618 3409 exesi
642 3353 909 3409 inhabiles
934 3352 1236 3409 elltciuntur
1260 3349 1485 3406 aediﬁcio
1508 3350 1735 3421 spiritali
1762 3352 2056 3421 pertinenti

473 3444 540 3498 ad
573 3444 845 3498 civitatem
876 3442 993 3497 Dei.

1085 3534 1310 3592 CAPUT
1349 3535 1436 3591 Vl.

788 3628 865 3683 De
890 3630 1113 3701 propriis
1142 3630 1437 3685 nominibus
1463 3631 1731 3686 arborum.

538 3717 723 3774 Palma
756 3720 919 3786 dicta,
952 3722 1075 3790 quia
1125 3736 1315 3775 manus
1357 3721 1598 3776 victricis
1638 3728 1864 3777 ornatus
1914 3728 1999 3778 est
2038 3739 2052 3777 :

467 3810 554 3865 vel
628 3810 771 3879 quod
825 3826 1096 3881 oppansus
1140 3819 1224 3865 est
1272 3812 1439 3864 ramis
1489 3812 1543 3865 in
1596 3812 1814 3866 modum
1862 3810 2056 3880 palmas

469 3899 722 3955 hominis.
760 3899 856 3955 Est
885 3900 1030 3955 enim
1055 3901 1215 3955 arbor
1238 3900 1450 3971 insigne
1479 3900 1748 3963 victoriae,
1798 3914 2053 3970 procero-

467 4008 573 4065 que
596 4010 659 4048 ac
688 3995 886 4049 decoro
919 3994 1171 4065 virgulto,
1208 3994 1581 4064 diuturnisque
1606 3993 1801 4048 vestita
1843 3993 2050 4047 frondi-

467 4086 590 4150 bus,
636 4096 691 4140 et
729 4085 853 4139 folia
881 4102 977 4139 sua
1020 4088 1136 4140 sine
1165 4085 1272 4140 ulla
1311 4088 1653 4141 successione
1696 4100 2048 4140 conservans.

473 4175 625 4230 Hanc
652 4174 825 4231 Graeci
858 4175 1171 4231 Phoenicem
1202 4176 1406 4240 dicunt,
1440 4176 1580 4246 quod
1610 4175 1699 4229 diu
1743 4176 1937 4239 durat,
1986 4190 2051 4229 ex

467 4266 687 4320 nomine
713 4266 827 4320 avis
859 4265 1001 4320 illius
1028 4265 1294 4333 Arabicae,
1325 4282 1443 4335 quae
1474 4264 1654 4319 multis
1678 4265 1836 4319 annis
1870 4265 2052 4319 vivere

466 4355 957 4428 perhibetur..Quze
998 4358 1124 4412 dum
1154 4357 1207 4411 in
1240 4356 1421 4411 multis
1461 4356 1592 4411 locis
1632 4365 1909 4417 nascatur,
1944 4371 2049 4408 non

471 4447 525 4501 in
553 4446 805 4500 omnibus
827 4446 1033 4501 fruetus
1057 4446 1268 4516 perﬁcit
1294 4445 1662 4500 maturitatem
1694 4464 1705 4499 :
1734 4443 2050 4513 irequenter

2182 613 2313 684 XCI).
2353 614 2431 691 ‘Et
2481 616 2537 670 in
2559 614 2786 673 Cantico
2834 618 3173 673 canticorum
3211 637 3405 689 sponsa
3454 623 3521 677 de
3573 638 3773 693 sponso

2181 705 2311 760 dicit
2341 723 2353 759 :
2388 706 2564 762 Coma:
2588 709 2703 779 ejus
2731 710 2867 764 sicut
2896 707 3048 763 elatw
3075 709 3397 779 palmarum,
3430 714 3595 785 nigra’
3622 718 3774 785 quasi

2180 796 2362 854 corvus
2389 798 2564 871 (Cant.
2592 800 2669 872 v).
2695 800 2876 856 Comm
2899 810 3133 856 catervae
3158 810 3490 871 sanctorum,
3517 822 3641 876 quae
3664 807 3776 863 Deo

2179 891 2322 946 ﬁdeli
2347 890 2607 947 famulatu
2636 892 2915 948 adhaerent
2940 908 2955 947 :
2978 894 3133 949 elatae
3151 892 3342 965 palmae
3362 906 3587 965 promer
3608 907 3776 970 caput

2176 972 2393 1039 Domini
2421 999 2436 1037 :
2461 986 2628 1057 nigrae
2653 994 2875 1056 propter
2897 986 3294 1056 despectionem
3318 987 3458 1057 apud
3480 988 3734 1045 homines
3757 1008 3769 1043 :

2180 1074 2266 1129 vel
2296 1075 2454 1130 elata:
2478 1076 2548 1130 ob
2578 1076 2859 1141 victoriam
2895 1095 2907 1130 :
2940 1077 3109 1147 nigra:
3135 1077 3205 1133 ob
3229 1092 3531 1149 pressuras.
3562 1078 3775 1136 Laurus

2178 1180 2208 1218 a
2240 1166 2407 1221 verbo
2444 1167 2616 1222 laudis
2644 1168 2786 1222 dicta
2822 1182 2835 1221 :
2878 1168 2981 1222 hac
3005 1170 3150 1223 enim
3176 1185 3298 1224 cum
3328 1170 3575 1225 laudibus
3600 1174 3778 1228 victo-

2177 1272 2296 1311 rum
2361 1258 2537 1328 capita
2597 1258 3014 1313 coronabantur.
3073 1260 3230 1328 Apud
3279 1262 3531 1331 antiquos
3587 1272 3773 1318 autem

2175 1346 2366 1403 laudea
2420 1348 2800 1419 nominabatur
2852 1369 2861 1402 :
2906 1358 3093 1418 postea
3123 1350 3159 1403 d
3214 1350 3392 1406 littera
3443 1352 3775 1418 sublata,et

2176 1442 2468 1510 subrogata
2492 1458 2520 1494 r
2544 1442 2689 1496 dicta
2720 1451 2804 1496 est
2853 1441 3039 1496 laurus
3070 1461 3082 1496 :
3116 1448 3180 1496 ut
3226 1443 3280 1496 in
3312 1444 3572 1498 auriculis
3593 1487 3609 1507 ,
3652 1461 3774 1515 quae

2179 1530 2235 1585 in
2264 1530 2420 1585 initio
2447 1531 2709 1586 audiculae
2732 1531 2888 1586 dictae
2917 1539 3042 1586 sunt
3074 1551 3087 1585 :
3118 1539 3172 1585 et
3199 1531 3479 1597 medidies,
3509 1534 3601 1603 qui
3631 1550 3773 1589 nunc

2175 1621 2433 1675 meridies
2457 1621 2673 1675 dicitur.
2703 1620 2856 1676 Hanc
2885 1622 3135 1677 arborem
3159 1620 3331 1677 Graeci
3365 1624 3639 1694 daphncm
3675 1642 3770 1680 vo—

2174 1718 2300 1765 cant
2338 1727 2351 1762 :
2387 1710 2531 1780 quod
2559 1726 2833 1780 nunquam
2863 1713 3099 1781 deponat
3135 1712 3487 1779 viriditatem,
3523 1716 3654 1771 inde
3684 1718 3773 1771 illa

2174 1801 2354 1870 potius
2382 1801 2618 1856 victores
2647 1803 3087 1857 coronabantur:
3126 1802 3241 1857 sola
3271 1820 3485 1874 quoque
3530 1807 3650 1859 bare
3682 1821 3773 1859 ar-

2097 1871 2143 1931 B
2171 1891 2271 1945 bor
2308 1890 2516 1962 fulgore
2546 1892 2822 1948 fulminari
2855 1894 3080 1949 minime
3117 1871 3558 1951 creditur-(Haec
3605 1898 3773 1952 arbor

2166 1982 2305 2036 bene
2325 1990 2504 2055 potest
2517 1982 2825 2054 signiﬁcare
2853 1993 3154 2056 martyrum
3170 1986 3426 2041 victorias
3453 1996 3511 2041 et
3538 2004 3770 2044 coronas

2167 2067 2683 2130 immarcescibiles:
2714 2074 2915 2130 malum
2943 2091 2973 2129 a
3000 2075 3203 2131 Graecis
3252 2078 3474 2142 dictum,
3518 2080 3669 2147 quod
3698 2082 3767 2135 sit

2166 2166 2374 2222 fructus
2403 2166 2519 2235 ejus
2543 2183 2825 2238 pomorum
2849 2170 3091 2223 omnium
3124 2170 3549 2226 rotundissimus
3579 2190 3593 2225 :
3627 2172 3770 2227 unde

2165 2266 2220 2311 et
2269 2258 2382 2312 haec
2423 2266 2547 2311 sunt
2578 2273 2703 2312 vera
2756 2258 2933 2324 mala,
2984 2273 3103 2327 qua:
3146 2261 3498 2315 vehementer
3528 2262 3767 2319 rotunda

2165 2354 2307 2400 sunt.
2332 2344 2468 2399 Mala
2493 2345 2727 2400 Matiana
2753 2363 2784 2400 a
2813 2346 2931 2403 loco
2952 2356 3167 2411 vocata,
3190 2350 3333 2404 unde
3353 2351 3506 2420 prius
3535 2353 3766 2408 advecta

2165 2446 2309 2492 sunt.
2329 2437 2459 2491 Nam
2477 2438 2661 2492 multae
2684 2440 2907 2493 arbores
2931 2439 3151 2493 nomina
3182 2455 3245 2494 ex
3267 2441 3564 2510 provinciis
3585 2442 3675 2497 vel
3691 2442 3768 2499 ci-

2165 2527 2444 2594 vitatibus,
2464 2529 2531 2583 de
2559 2530 2757 2599 quibus
2774 2529 2948 2585 allatae
2968 2539 3112 2595 sunt,
3134 2543 3476 2602 acceperunt.
3506 2533 3765 2603 Virgilius

2167 2622 2473 2677 amantibus
2490 2662 2505 2688 ,
2530 2622 2657 2693 quid
2688 2637 2755 2677 ex
2780 2622 2925 2677 malo
2945 2623 3114 2692 quaeri
3143 2621 3316 2678 soleat
3337 2624 3593 2676 ostendit.
3623 2624 3760 2679 Mala

2164 2710 2403 2782 Cydonia
2430 2727 2626 2767 nomen
2669 2722 3015 2782 sumpserunt
3063 2712 3131 2766 ab
3184 2712 3379 2782 oppido
3423 2728 3544 2782 qua:
3590 2715 3761 2769 estin

2166 2803 2350 2858 Insula
2404 2802 2583 2870 Creta,
2637 2806 2702 2860 de
2751 2821 2859 2874 qua
2886 2804 3059 2860 Graeci
3098 2805 3278 2865 dicere
3320 2805 3495 2861 solent
3536 2807 3758 2861 urbium

2161 2892 2502 2949 Cretensium
2525 2902 2753 2949 matrem
2780 2894 3096 2966 Cydoniam,
3113 2910 3180 2950 ex
3202 2895 3357 2967 cujus
3386 2910 3549 2967 pomo
3578 2896 3759 2966 Cydo-

2160 2986 2337 3040 nitum
2358 2984 2670 3047 conﬁcitur.
2714 2986 2806 3041 Fit
2845 3003 3060 3057 quoque
3082 3002 3151 3041 ex
3180 3002 3244 3041 ea
3285 2996 3340 3043 et
3374 2988 3597 3051 vinum,
3648 3003 3762 3057 quo

2162 3076 2531 3147 languentium
2584 3077 2853 3132 desideria
2898 3076 3158 3132 falluntur
3213 3098 3226 3132 :
3280 3094 3405 3133 nam
3450 3078 3663 3149 specie,
3701 3088 3761 3133 et

2162 3174 2360 3237 gustu,
2410 3176 2466 3224 et
2516 3170 2681 3224 odore
2736 3168 3025 3249 cujuslibet
3054 3172 3161 3225 vini
3211 3173 3413 3226 veteris
3460 3172 3757 3242 imaginem

2161 3267 2534 3329 repraesentat.
2588 3260 2911 3315 Melimelum
2962 3277 2990 3315 a
3046 3261 3328 3318 dulcedine
3382 3265 3753 3334 appellatum,

2160 3350 2242 3404 vel
2292 3350 2436 3420 quod
2487 3351 2696 3415 fructus
2744 3351 2861 3420 ejus
2903 3351 3357 3423 mellissaporem
3392 3355 3614 3421 habeat,
3666 3355 3759 3415 vel

2157 3446 2301 3514 quod
2351 3446 2407 3501 in
2455 3445 2613 3508 melle
2664 3455 2931 3501 servetur.
2988 3445 3185 3501 Malum
3232 3458 3411 3503 autem
3466 3450 3760 3521 allegorice

2159 3535 2431 3609 signiﬁcat
2460 3537 2749 3591 Dominum
2780 3536 3059 3591 Christum
3089 3556 3102 3590 :
3132 3538 3277 3593 unde
3301 3554 3498 3608 sponsa
3528 3540 3581 3593 in
3604 3541 3753 3597 Can-

2159 3630 2265 3684 lico
2288 3629 2625 3685 canticorum
2664 3628 2796 3682 dicit
2825 3645 2839 3683 :
2884 3624 3031 3683 Sicut
3056 3628 3227 3683 malus
3258 3631 3394 3683 inter
3420 3629 3559 3701 ligna
3584 3632 3752 3686 silva-

2159 3736 2295 3783 rum,
2324 3719 2400 3771 sic
2431 3717 2650 3771 dilectus
2684 3735 2828 3772 meus
2855 3720 2992 3773 inter
3019 3720 3162 3788 ﬁlias
3203 3734 3221 3772 :
3250 3719 3345 3775 sub
3376 3723 3557 3774 umbra
3601 3724 3751 3778 illius

2155 3826 2307 3880 quem
2333 3809 2691 3864 desiderabam
2712 3810 2821 3863 sedi
2848 3823 2865 3861 :
2896 3820 2943 3863 et
2981 3811 3183 3875 fructus
3209 3812 3325 3881 ejus
3349 3812 3517 3865 dulcis
3544 3818 3751 3882 gutturi

2154 3916 2266 3953 meo
2295 3896 2474 3968 (Cant.
2503 3899 2587 3969 It);
2618 3901 2721 3954 hoc
2759 3908 2865 3964 est,
2903 3901 3044 3955 sicut
3078 3902 3278 3956 malum
3308 3904 3447 3968 visu,
3495 3905 3664 3959 odore
3698 3918 3752 3960 et

2153 3998 2309 4063 gustu
2342 3992 2613 4046 antecedit
2661 3992 2804 4063 ligna
2834 3992 3101 4048 silvestria
3135 4012 3147 4046 :
3194 3995 3271 4055 sic
3312 3994 3561 4049 Christus
3587 4008 3746 4051 ante-

2153 4084 2298 4138 cellit
2332 4096 2522 4137 omnes
2567 4090 2784 4137 sanctos
2811 4123 2825 4148 ,
2879 4084 2969 4152 qui
3023 4084 3117 4137 ﬁlii
3150 4084 3243 4137 Dei
3296 4085 3594 4140 dicuntur:
3651 4089 3748 4142 sed

2151 4176 2346 4246 gratia,
2383 4174 2471 4229 ille
2510 4176 2655 4230 solus
2686 4183 2902 4240 natura,
2931 4183 2984 4231 et
3007 4176 3196 4231 eodem
3222 4176 3554 4246 prodeunte,
3581 4194 3746 4247 quem

2153 4283 2365 4337 semper
2389 4267 2577 4323 adesse
2598 4267 2840 4336 quaesivi,
2864 4268 3087 4337 quiesco
3108 4283 3171 4323 ac
3196 4282 3389 4323 secura
3409 4284 3708 4339 permaneo
3730 4286 3745 4323 :

2151 4359 2275 4428 quia
2306 4357 2492 4428 gratiae
2517 4374 2627 4412 sua:
2652 4358 2860 4412 caelesti
2891 4357 3173 4413 dulcedine
3201 4372 3288 4412 me
3320 4358 3516 4413 reiicit.
3543 4358 3747 4413 Malum

2150 4447 2413 4503 Punicum
2438 4446 2543 4502 dici
2572 4462 2638 4502 eo
2657 4487 2671 4511 ,
2699 4446 2841 4515 quod
2883 4461 2951 4501 ex
2979 4444 3182 4500 Punica
3208 4446 3432 4514 regione
3479 4448 3549 4501 sit
3573 4462 3748 4518 genus

472 4547 651 4592 autem
684 4539 735 4591 in
758 4536 994 4608 [Egypto
1012 4546 1067 4590 et
1088 4536 1267 4607 Syria,
1290 4535 1499 4590 fructus
1514 4544 1692 4590 autem
1716 4534 1832 4603 ejus
1851 4535 2046 4606 dactyli
2075 4575 2129 4634 D
2153 4539 2269 4609 ejus
2309 4537 2631 4593 translatum
2662 4554 2674 4588 :
2710 4537 2852 4591 idem
2878 4544 2935 4590 et
2962 4534 3475 4629 malu‘mgranatum,
3504 4550 3570 4589 eo
3597 4537 3747 4605 quod

470 4645 502 4685 a
524 4630 814 4699 digitorum
837 4628 1185 4683 similitudine
1211 4628 1499 4697 nuncupati
1526 4634 1669 4681 sunt.
1696 4626 1877 4680 Palma
1902 4629 2044 4680 enim

470 4723 615 4779 dicta
671 4730 773 4787 est,
823 4722 980 4792 quasi
1008 4721 1159 4791 pacis
1188 4720 1349 4785 alma,
1380 4735 1497 4789 qum
1538 4720 1816 4789 praemium
1864 4729 1945 4772 cst
1994 4720 2047 4774 in

471 4830 638 4885 agone
660 4812 1021 4877 vincentibus,
1047 4812 1185 4866 sicut
1202 4810 1492 4881 Apostolus
1518 4810 1650 4865 dicit
1674 4828 1684 4862 :
1715 4810 1869 4864 Nunc
1895 4813 2049 4864 tendo

469 4906 538 4961 ad
560 4904 788 4975 palmam
819 4918 1057 4975 supernae
1090 4902 1373 4956 vocationis
1405 4898 1571 4972 (Phil.
1596 4902 1701 4973 ιιι).
1732 4903 1857 4957 Haec
1884 4918 2049 4972 super

469 5008 643 5054 terras
658 4998 866 5067 hispida
880 5004 983 5061 est,
1001 5003 1057 5050 et
1079 4994 1397 5064 quibusdam
1416 5004 1468 5048 tu
1478 4994 1716 5049 moribus
1734 4993 2043 5063 inaequalis:

469 5089 562 5145 sed
592 5090 681 5143 ubi
718 5089 1044 5155 ad‘superna
1073 5086 1424 5155 prooesserit,
1475 5086 1904 5149 dulcissimorum
1932 5084 2047 5138 fru-

469 5193 653 5240 ctuum
674 5184 937 5239 suavitate
954 5180 1271 5250 completur,
1290 5190 1343 5236 et
1363 5180 1516 5250 quasi
1539 5172 1859 5248 quibusdam
1886 5178 2051 5232 radiis

470 5286 661 5334 ornata
690 5277 1013 5332 distenditur
1046 5294 1058 5329 :
1093 5276 1170 5329 sic
1196 5272 1458 5342 iustorum
1483 5272 1823 5329 conversatio
1859 5272 1911 5326 in
1945 5272 2048 5325 hoc

467 5368 669 5443 mupdo
698 5368 847 5423 duris
888 5376 975 5421 est
1014 5366 1290 5420 laboribus
1318 5365 1471 5433 plena
1507 5383 1519 5418 :
1552 5364 1646 5418 sed
1695 5364 1748 5418 in
1798 5364 2049 5433 supernis

467 5463 725 5534 probatur
752 5472 873 5516 esse
904 5456 1287 5529 pulcherrima.
1318 5454 1501 5509 Palma
1532 5463 1709 5509 autem
1740 5454 2047 5526 signiﬁcare

467 5558 644 5624 potest
672 5550 915 5604 homines
944 5548 1202 5602 virtutum
1233 5548 1426 5601 decore
1451 5560 1663 5615 semper
1682 5546 1947 5609 virentes,
1991 5551 2048 5598 et

472 5644 755 5703 dictoriam
779 5646 845 5699 de
872 5642 1017 5697 vitiis
1047 5644 1294 5697 omnibus
1321 5640 1686 5711 spiritualibus
1726 5640 1999 5708 capientes
2030 5654 2042 5691 :

472 5736 615 5794 unde
636 5736 917 5806 praemium
942 5748 1155 5789 coronae
1179 5743 1393 5788 aeternae
1431 5750 1460 5786 a
1489 5731 1714 5786 Domino
1753 5728 2045 5799 accipiunt,

479 5830 681 5901 dequo
729 5832 780 5885 in
825 5829 1031 5900 psalmo
1058 5829 1315 5898 scriptum
1346 5838 1431 5884 est
1474 5847 1486 5883 :
1529 5827 1714 5882 Justus
1764 5833 1820 5878 ut
1872 5823 2050 5894 palma

2156 4635 2298 4689 intra
2323 4631 2539 4687 corticis
2557 4630 2939 4684 rotunditatem
2956 4643 3242 4697 granorum
3267 4629 3745 4683 contineatmulti-

2154 4725 2413 4779 tudinem.
2440 4720 2576 4773 Mala
2593 4720 2795 4773 Punica
2812 4719 3054 4773 Ecclesia
3075 4728 3159 4773 est
3177 4718 3290 4773 sive
3313 4718 3494 4773 unitas
3523 4718 3671 4783 ﬁdei,
3693 4730 3747 4775 et

2154 4816 2301 4881 pacis
2317 4812 2628 4874 concordia,
2642 4811 2711 4863 ob
2728 4810 2880 4879 cujus
2897 4809 3120 4879 ﬁguram
3133 4808 3414 4864 lsraelitici
3427 4808 3743 4877 explorato-

2156 4905 2308 4959 resin
2331 4904 2470 4958 libro
2485 4902 2701 4957 Numeri
2722 4901 2913 4973 (Num.
2930 4901 3049 4967 xm)
3064 4903 3128 4955 de
3144 4910 3287 4955 terra
3304 4900 3747 4968 repromissionis

2156 4996 2357 5051 malum
2381 4994 2638 5048 Punicum
2666 5008 2787 5047 cum
2813 4994 2968 5048 botro
2994 4993 3197 5061 pariter
3211 4998 3265 5045 et
3287 4989 3404 5049 ﬁcis
3428 4991 3745 5059 portabant.

2156 5088 2221 5141 Et
2238 5088 2288 5141 in
2307 5084 2507 5147 Exodo,
2530 5085 2586 5138 In
2602 5092 2920 5137 ornamento
2941 5081 3242 5137 sacerdotis
3263 5080 3403 5135 mala
3418 5080 3620 5134 Punica
3638 5082 3749 5135 tin-

2157 5157 2449 5230 tinnabulis
2486 5174 2666 5229 aureis
2697 5172 2946 5243 conjungi
2975 5172 3380 5241 praecipiuntur.
3412 5170 3609 5225 Malum
3649 5186 3748 5225 au-

2156 5277 2261 5321 tem
2289 5267 2543 5337 punicum
2586 5262 2853 5334 signiﬁcat
2883 5270 3085 5315 castum
3112 5270 3426 5316 sanctorum
3449 5273 3505 5315 et
3534 5260 3743 5314 electo-

2158 5374 2278 5413 rum
2303 5357 2540 5411 virorum
2572 5370 2585 5409 :
2618 5354 2758 5409 unde
2789 5368 2985 5423 sponsa
3021 5353 3088 5406 ad
3117 5366 3376 5421 sponsum
3428 5352 3482 5404 in
3512 5348 3747 5406 Cantica

2151 5454 2481 5508 canticorum
2508 5449 2667 5504 dicit:
2696 5445 2839 5501 Sicut
2862 5455 3037 5499 cortex
3062 5443 3190 5497 mali
3212 5442 3401 5495 Punici
3412 5458 3587 5511 ,gena'
3608 5451 3746 5510 tua,

2151 5547 2341 5615 absque
2366 5542 2579 5597 occultis
2610 5542 2712 5593 tuis
2738 5538 2914 5611 (Cant.
2941 5537 3038 5608 γι).
3062 5536 3227 5591 Genae
3256 5542 3457 5587 sanctae
3482 5532 3750 5589 Ecclesia

2149 5635 2421 5706 spiritales
2444 5640 2567 5686 sunt
2594 5639 2775 5701 patres
2808 5648 2819 5683 :
2848 5629 2939 5698 qui
2975 5626 3264 5681 virtutibus
3287 5633 3414 5677 sunt
3437 5624 3750 5693 mirabiles,

2150 5735 2205 5781 et
2243 5726 2484 5780 moribus
2526 5722 2881 5785 venerabiles,
2924 5726 2979 5773 et
3020 5719 3074 5772 in
3096 5730 3258 5771 cruce
3284 5714 3489 5770 Christi
3518 5715 3752 5785 gloriari

2149 5833 2257 5874 non
2303 5816 2704 5871 erubescentes.
2733 5813 2801 5866 Et
2827 5813 2943 5867 haec
2978 5822 3172 5878 magna
3213 5816 3343 5864 sunt
3386 5806 3550 5861 valde
3572 5846 3587 5871 ,
3622 5819 3755 5876 qua
