3922 6340
163 376 265 437 6ιό

1163 376 1254 435 DE
1291 375 1640 436 UNIVERSO
1671 375 1853 435 LIBRI
1884 377 2051 435 XXII.
2090 408 2161 421 —
2196 379 2325 437 LIB.
2354 380 2506 439 XIX.

3323 380 3434 439 δη

163 490 405 547 videntur
424 489 480 545 in
506 501 572 544 ea
600 506 614 544 :
646 489 741 546 sed
765 490 934 548 multo
958 491 1184 561 majora,
1216 508 1335 563 quae
1357 510 1464 549 non
1492 494 1744 549 videntur
1768 500 1819 558 Α
1844 494 1977 550 Item
2007 495 2062 551 in
2096 496 2294 552 bonam
2341 504 2552 567 partem
2581 510 2596 551 :
2625 498 2873 553 Ascendit
2902 496 3159 553 Zaehteus
3187 504 3244 553 tn
3270 502 3427 555 arbo-

164 579 295 635 etin
332 578 513 633 futura
550 590 916 637 reservantur.
948 582 1133 637 Potest
1176 590 1229 638 et
1282 582 1337 639 in
1377 586 1746 658 malogranato

166 668 381 739 intelligi
396 668 641 726 Ecclesia
660 671 726 727 de
739 671 922 727 multis
935 672 1186 742 gentibus
1197 683 1521 746 congregata
1536 675 1649 733 sive
1665 675 1745 732 di-

163 774 342 817 versas
361 761 413 815 in
436 775 495 816 se
518 763 723 833 gratias
743 750 948 837 habens
964 781 978 818 :
995 764 1137 821 unde
1158 760 1219 820 in'
1236 764 1479 823 Canticis
1501 760 1744 825 cantico-

163 872 275 913 rum
293 856 356 911 de
377 872 439 912 ea
466 858 729 929 scriptum
755 843 983 929 legitur:
998 859 1323 915 Emissiones
1346 869 1451 915 tute
1462 863 1742 932 paradisus

163 947 410 1017 malorum
433 959 781 1018 granatorum
802 966 919 1003 cum
940 950 1117 1019 fructu
1138 966 1411 1020 pomorum
1431 948 1607 1023 (Cant.
1641 952 1739 1024 tv).

162 1037 315 1093 Ficus
336 1038 535 1093 Latine
550 1054 581 1092 a
602 1037 934 1095 fecunditate
954 1040 1179 1097 vocatur
1203 1059 1218 1095 :
1241 1040 1475 1098 feracior
1488 1052 1573 1099 est
1598 1044 1741 1100 enim

163 1128 438 1183 arboribus
468 1130 683 1185 caeteris
728 1144 742 1183 :
773 1146 900 1185 nam
929 1139 1015 1187 ter
1042 1139 1342 1203 quaterque
1377 1147 1476 1203 per
1503 1134 1742 1204 singulos

162 1235 322 1276 annos
355 1217 599 1290 'generat
628 1220 896 1290 fructum,
930 1232 1093 1294 atque
1120 1223 1292 1280 altero
1342 1233 1742 1293 maturescente

161 1312 289 1367 alter
333 1313 583 1368 oboritur
631 1331 644 1367 :
692 1314 820 1369 hinc
863 1323 918 1369 et
943 1316 1136 1370 caricae
1177 1332 1208 1369 a
1252 1318 1409 1387 copia
1452 1318 1743 1373 nominatae

159 1411 293 1457 sunt.
324 1402 485 1457 Ficus
516 1403 740 1475 mystice
763 1404 1033 1474 signiﬁcat
1057 1420 1387 1475 synagogam
1411 1404 1737 1475 Iudaeorum,

159 1504 215 1550 ut
234 1504 313 1549 est
338 1495 466 1549 illud
494 1496 550 1549 in
579 1496 870 1566 Evangelio
904 1513 917 1549 :
945 1496 1195 1565 Arefacta
1221 1506 1293 1551 est
1324 1499 1567 1553 continuo
1592 1500 1744 1568 ﬁcul-

160 1605 248 1641 nea
276 1587 489 1657 (Matth.
526 1588 665 1658 xxi).
690 1588 757 1643 Et
785 1588 840 1642 in
870 1588 1123 1643 Habacuc
1154 1607 1167 1642 :
1198 1587 1383 1656 Ficus,
1411 1590 1604 1660 inquit,
1636 1608 1740 1646 non

158 1682 325 1751 aﬂ'eret
357 1682 616 1750 fructum,
652 1692 701 1735 et
743 1698 849 1736 non
872 1682 969 1736 erit
1002 1683 1274 1753 generatio
1306 1684 1362 1737 in
1397 1684 1580 1749 vineis,
1628 1692 1733 1741 etc.

158 1774 309 1829 Ficus
355 1776 562 1841 vineae,
612 1782 666 1831 et
710 1775 851 1830 oliva
896 1782 1013 1829 erat
1067 1790 1338 1846 synagoga
1386 1774 1691 1831 Iudaeorum
1720 1817 1735 1843 ,

158 1866 360 1935 quando
392 1864 734 1919 dulcedinem
783 1866 938 1921 bonae
993 1865 1357 1936 operationis,
1396 1865 1735 1937 ﬂagrantiam
1762 1852 1811 1913 Β

158 1955 367 2011 fervidae
388 1955 720 2021 dilectionis,
746 1955 1126 2025 pinguedinem
1153 1955 1316 2009 animi
1345 1956 1737 2023 misericordis,

159 2047 260 2101 Deo
282 2046 502 2101 .devota
549 2045 862 2117 proferebat
894 2064 905 2099 :
937 2046 1032 2102 sed
1075 2046 1189 2102 haec
1214 2046 1372 2113 ﬁcus,
1415 2046 1643 2103 Domino
1672 2047 1738 2102 ad

156 2154 269 2193 eam
318 2141 481 2194 tertio
529 2140 815 2205 veniente,
865 2140 966 2194 hoc
999 2148 1115 2205 est,
1168 2140 1222 2194 in
1270 2140 1606 2210 legislatione
1643 2155 1743 2211 per

157 2229 385 2300 Moysen,
422 2216 479 2284 in
520 2232 705 2286 sedula
743 2232 1109 2300 increpatione
1131 2241 1186 2287 et
1228 2233 1604 2288 exhortatione
1643 2248 1742 2303 per

154 2320 441 2392 Prophetas
460 2364 475 2388 ,
508 2323 565 2377 in
595 2324 867 2379 ablatione
888 2325 1077 2395 gratia:
1108 2340 1206 2402 per
1231 2326 1492 2396 seipsum,
1524 2325 1741 2381 virtutis

157 2406 383 2467 fructum
428 2412 577 2469 ferre
612 2415 845 2486 neglexit
888 2433 899 2468 :
950 2424 1172 2486 propter
1222 2417 1366 2486 quod
1410 2417 1475 2471 ad
1517 2416 1741 2471 maledi-

158 2505 382 2561 ctionem
405 2505 527 2575 ejus
551 2515 753 2561 aeterna
770 2507 1023 2561 ariditate
1043 2507 1296 2562 damnata
1312 2516 1411 2561 est.
1430 2506 1561 2562 Item
1584 2508 1738 2573 ﬁcus,

157 2595 324 2666 prisca
353 2596 441 2651 lex
466 2611 481 2649 :
508 2597 651 2651 unde
669 2596 866 2651 dicitur
887 2596 941 2650 in
964 2594 1256 2667 Evangelia
1284 2614 1294 2649 :
1328 2594 1501 2651 Homo
1526 2597 1743 2667 quidam

156 2687 401 2758 plantavit
426 2690 633 2743 vineam
652 2729 666 2753 ,
716 2690 820 2743 hoc
849 2697 953 2753 est,
982 2688 1193 2757 plebem
1222 2686 1500 2743 Iudaicam
1524 2729 1539 2753 ,
1591 2699 1639 2743 et
1687 2691 1744 2743 in

156 2780 298 2833 vinea
327 2778 587 2849 plantavit
616 2778 773 2846 ﬁcum
822 2777 1039 2848 (Matth.
1072 2795 1185 2843 xxi,
1230 2778 1361 2834 Luc.
1412 2783 1554 2850 xm).
1589 2779 1742 2836 Folia

157 2864 301 2933 ﬁcus,
331 2868 600 2937 asperitas
630 2876 713 2924 est
735 2868 888 2939 legis,
918 2869 1005 2923 vel
1034 2871 1255 2941 prurigo
1283 2871 1559 2926 vitiorum.
1604 2871 1743 2929 Hinc

159 2966 235 3014 est
258 2958 383 3014 illud
407 2960 463 3013 in
485 2959 687 3015 Genesi
720 2978 733 3012 :
764 2959 835 3013 Et
865 2948 1195 3030 sumpserunt
1229 2961 1359 3031 [alia
1403 2963 1553 3031 ﬁcus,
1586 2974 1635 3019 et
1661 2965 1742 3034 fe-

159 3060 325 3105 cerunt
353 3050 454 3103 sibi
469 3050 795 3121 perizomata
823 3048 1103 3123 (Gemuit),
1131 3052 1235 3107 hoc
1255 3061 1357 3118 est,
1380 3055 1742 3111 succinctoria

158 3142 485 3215 genitalium.
521 3140 821 3212 Capriftcus
868 3143 1135 3215 appellata
1168 3159 1255 3212 eo,
1300 3145 1444 3215 quod
1482 3146 1738 3215 parietes,

1846 600 1954 639 rem
1980 602 2309 657 sycomorum
2338 585 2488 658 (Luc.
2516 587 2654 651 xxx).
2684 588 2803 645 Nux
2835 588 3101 660 appellata
3136 588 3279 659 quod
3306 605 3428 646 um-

1844 676 1944 732 bra
1966 677 2052 733 vel
2083 676 2412 733 stillicidium
2446 677 2696 736 foliorum
2727 681 3163 761 ejus'grboribus
3189 688 3381 738 noceat
3412 698 3427 736 :

1844 766 1986 823 hanc
2036 767 2143 823 alio
2192 770 2407 825 nomine
2445 769 2623 826 Latini
2660 772 2973 845 juglandem
3015 772 3221 838 dicunt,
3275 771 3435 843 quasi

1842 856 1993 916 Iovis
2016 860 2266 931 glandem
2293 878 2305 915 :
2332 859 2432 917 fuit
2450 862 2597 918 enim
2622 863 2739 918 hac
2766 864 2927 919 arbor
2952 872 3268 919 consecrata
3288 861 3431 929 Jovi,

1843 950 1999 1022 cujus
2047 969 2269 1024 pomum
2315 963 2520 1009 tantam
2549 956 2659 1010 vim
2698 955 2876 1021 habet,
2926 956 3254 1011 ut-missum
3292 956 3437 1011 inter

1779 1032 1809 1079 ί
1844 1052 2125 1113 suspectos
2146 1044 2437 1100 herbarum
2467 1045 2550 1099 vel
2572 1044 2859 1116 fungorum
2892 1045 3061 1111 cibos,
3088 1045 3347 1115 quidquid
3379 1045 3435 1100 in

1841 1134 1923 1189 eis
1947 1133 2275 1190 virulentum
2324 1144 2425 1201 est,
2474 1135 2657 1201 elidat,
2692 1136 2885 1205 rapiat,
2916 1144 3080 1205 atque
3105 1137 3433 1206 exstinguat.

1842 1222 2022 1279 Nuces
2057 1233 2239 1281 autem
2268 1226 2595 1297 generaliter
2626 1226 2813 1281 dicunt
2857 1227 3040 1281 omnia
3082 1240 3244 1296 poma
3292 1233 3435 1279 tecta

1842 1316 1992 1372 corio
2019 1317 2235 1374 duriore
2266 1335 2279 1371 :
2320 1326 2383 1372 ut
2407 1317 2601 1389 pineae,
2634 1332 2819 1381 nuces,
2870 1316 3149 1384 avellanae,
3192 1315 3435 1387 glandes,

1843 1419 2131 1477 castaneae,
2158 1411 2455 1483 amygdalae
2487 1429 2499 1465 :
2524 1409 2653 1466 hinc
2678 1418 2735 1466 et
2756 1408 2932 1464 nuclei
2960 1409 3111 1474 dicti,
3137 1409 3280 1479 quod
3308 1416 3435 1463 sunt

1843 1501 1982 1557 duro
2011 1502 2164 1557 corio
2201 1502 2349 1579 tecti.
2377 1501 2448 1556 At
2469 1509 2655 1557 contra
2686 1515 2844 1570 poma
2874 1500 3056 1555 omnia
3086 1498 3268 1554 mollia
3293 1498 3435 1552 mala

1841 1593 2007 1660 dicta,
2040 1593 2138 1648 sed
2181 1609 2303 1649 cum
2327 1592 2627 1663 adiectione
2652 1603 2923 1648 terrarum
2952 1592 3007 1647 in
3034 1590 3233 1663 quibus
3278 1599 3438 1647 antea

1842 1693 1969 1738 nata
2001 1691 2159 1739 sunt:
2180 1692 2239 1738 ut
2264 1683 2738 1750 Persica,Punica,
2763 1683 3015 1750 Matiana,
3041 1682 3302 1755 Cydonia,
3324 1690 3432 1738 etc.

1844 1775 2070 1848 Mystice
2118 1787 2301 1834 autem
2349 1778 2506 1835 nucis
2534 1780 2700 1833 arbor
2724 1777 2993 1848 signiﬁcat
3034 1778 3318 1834 ecclesiam
3348 1777 3436 1833 vel

1841 1878 2094 1925 sanctum
2146 1870 2327 1925 virum
2381 1870 2718 1927 dulcedinem
2766 1870 3040 1927 fructuum
3070 1872 3329 1926 virtutum
3379 1871 3434 1925 in

1842 1959 2025 2015 abdito
2080 1960 2261 2016 cordis
2309 1969 2644 2034 gestantem._
2681 1961 2835 2018 Unde
2881 1976 3078 2031 sponsa
3125 1962 3180 2016 in
3208 1960 3435 2017 Cantico

1843 2049 2180 2124 canticorum
2216 2049 2349 2107 dicit
2394 2065 2409 2104 :
2452 2049 2708 2105 Descendi
2763 2051 2831 2105 ad
2866 2052 3076 2104 hortum
3106 2066 3341 2116 nucum,
3376 2058 3435 2103 ut

1843 2141 2068 2196 viderem
2097 2158 2254 2212 poma
2294 2135 2605 2196 convallium
2640 2139 2817 2212 (Cant.
2847 2140 2944 2213 v1).
2995 2139 3196 2196 Hortus
3232 2139 3433 2196 etenim

1841 2250 2040 2289 nucum
2063 2234 2294 2289 ecclesia
2326 2242 2411 2289 est
2434 2248 2694 2304 praesens,
2717 2234 2809 2289 ubi
2841 2242 3055 2289 nostras
3073 2232 3431 2287 conscientias

1841 2325 2161 2381 alterutrum
2198 2325 2422 2381 minime
2450 2325 2729 2382 videamus
2763 2343 2775 2379 :
2823 2324 2916 2381 sed
2964 2324 3137 2379 fracta
3171 2338 3270 2394 per
3311 2332 3432 2378 ten-

1842 2417 2103 2472 tationem
2133 2424 2273 2472 testa
2295 2416 2563 2487 corporis,
2581 2416 2861 2487 apparebit
2886 2417 3111 2471 internae
3132 2415 3434 2471 dulcedinis

1842 2515 2053 2577 gustus.
2084 2505 2251 2561 Poma
2279 2506 2539 2562 convallis
2563 2505 2771 2562 fructus
2809 2515 2895 2561 est
2932 2505 3252 2560 humilitatis
3288 2522 3300 2558 :
3334 2504 3431 2559 de-

1844 2597 2056 2652 scendit
2082 2597 2270 2652 sancta
2292 2596 2538 2661 Ecclesia
2567 2600 2667 2666 per
2695 2596 2946 2652 doctores
2972 2605 3191 2652 sanctos
3219 2614 3231 2649 :
3264 2605 3324 2650 ut
3346 2596 3431 2649 vi-

1844 2688 1989 2754 deat,
2022 2689 2115 2758 qui
2140 2688 2431 2760 proﬁciant
2470 2689 2537 2744 ad
2568 2688 2777 2744 fructus
2802 2688 2977 2743 bonos
3015 2696 3045 2742 ε’
3069 2688 3230 2759 quive
3258 2687 3436 2742 adhuc

1844 2778 2120 2850 indigeant
2157 2778 2416 2834 doctrinae
2456 2777 2792 2855 irrigatione.
2821 2778 2955 2832 Item
2982 2791 3149 2833 nuces
3176 2776 3432 2831 incarna-

1844 2868 2046 2923 tionem
2103 2868 2320 2924 Domini
2349 2867 2669 2933 Salvatoris,
2727 2868 2843 2923 sive
2880 2866 3198 2937 mysterium
3229 2872 3431 2920 sanctas

1845 2960 2130 3017 Trinitatis
2160 2961 2243 3032 (ut
2289 2962 2507 3031 quidam
2551 2958 2763 3031 putant)
2798 2957 3127 3030 signiﬁcant.
3180 2956 3335 3013 Unde
3380 2957 3436 3010 in

1846 3052 1986 3108 libro
2010 3052 2235 3109 Numeri
2260 3053 2327 3109 de
2354 3054 2505 3124 virga
2535 3052 2717 3108 Aaron
2748 3051 2823 3105 ita
2857 3050 3057 3122 legitur
3086 3066 3101 3104 :
3150 3048 3220 3103 Et
3246 3049 3437 3119 germi-

1845 3142 1987 3197 navit
2016 3159 2172 3197 nuces
2202 3141 2392 3214 (Num.
2422 3141 2579 3215 xvn).
2615 3140 2913 3212 Amygdala
2940 3139 3187 3195 Graecum
3211 3152 3431 3204 nomen,

158 3212 344 3306 quibus
370 3235 694 3300 innascitur,
726 3212 920 3305 carpat
938 3212 958 3291 ξ
990 3239 1191 3309 rumpit
1219 3212 1364 3294 enim
1389 3248 1445 3296 et
1470 3212 1649 3310 prodit
1673 3254 1740 3295 ex
1768 3212 1814 3275 (ἶ
1846 3250 1967 3304 quae
2003 3234 2197 3288 Latine
2215 3212 2334 3289 nux
2380 3212 2544 3304 longa
2561 3242 2786 3289 vocatur
2813 3249 2827 3287 :
2860 3232 3001 3287 hanc
3042 3231 3134 3286 alii
3162 3229 3432 3285 nuciclam

158 3322 401 3389 latebris,
433 3324 634 3399 quibus
656 3334 917 3395 concepta
939 3334 1042 3382 est.
1073 3328 1180 3382 Alii
1207 3328 1520 3397 capriﬁcum
1550 3338 1742 3399 putant

160 3411 370 3479 dictum,
400 3392 559 3482 quod
595 3412 731 3468 ﬁcus
775 3392 938 3470 arbor
968 3414 1084 3484 ejus
1116 3392 1356 3472 remedio
1396 3392 1735 3472 fecundetur.

161 3502 332 3559 Morus
353 3520 385 3559 a
400 3504 612 3560 Graecis
624 3514 830 3570 vocata,
847 3521 1013 3575 quam
1031 3505 1210 3562 Latini
1232 3508 1425 3563 rubum
1445 3508 1735 3578 appellant,

162 3609 221 3649 eo
244 3596 382 3664 quod
409 3594 620 3650 fruetus
650 3594 765 3663 ejus
803 3596 951 3650 velut
980 3596 1196 3668 virgulti
1230 3599 1443 3654 rubent.
1471 3599 1565 3654 Est
1594 3600 1738 3654 enim

159 3700 332 3740 morus
362 3686 633 3741 silvestris
674 3685 883 3742 fructus
914 3686 1165 3755 aﬂ‘erens,
1196 3689 1393 3758 quibus
1439 3690 1492 3743 in
1526 3690 1742 3746 deserto

160 3786 425 3847 pastorum
458 3778 636 3833 fames
663 3794 728 3834 ac
754 3780 981 3849 penuria
1021 3771 1382 3837 confovetur?
1415 3780 1573 3850 hujus
1614 3780 1742 3837 folia

160 3868 517 3941 superjactata
539 3873 777 3942 serpenti
795 3871 1528 3953 ferunturinterimereeum.
1554 3872 1741 3928 Rubus

160 3975 280 4033 ergo
306 3963 386 4032 (ut
413 3963 638 4032 quidam
668 3963 979 4034 opinantur)
1016 3963 1199 4020 Mariae
1228 3965 1456 4033 virginis
1490 3964 1741 4036 praeﬁgu-

159 4055 358 4111 ratione
388 4053 780 4127 [prazﬂguratio
814 4056 918 4129 est]
957 4072 1023 4113 eo
1048 4059 1190 4127 quod
1228 4059 1383 4128 quasi
1428 4058 1495 4113 de
1517 4059 1739 4113 humani

160 4149 391 4214 corporis
418 4147 582 4213 rubo,
616 4146 951 4203 Salvatorem
988 4156 1249 4219 tanquam
1288 4157 1469 4204 rosam
1493 4190 1509 4216 ,
1540 4150 1739 4204 emise-

159 4235 227 4290 rit
254 4252 266 4289 :
296 4245 391 4290 aut
426 4235 577 4307 quod
601 4237 709 4292 vim
744 4237 909 4293 divini
958 4236 1184 4309 fulgoris
1230 4237 1347 4292 sine
1378 4238 1460 4293 sui
1491 4253 1742 4295 consum-

159 4326 332 4397 ptione
358 4326 672 4398 pertulerit.
714 4326 873 4383 "Unde
903 4328 958 4382 in
982 4328 1190 4384 'Exodo
1228 4328 1462 4403 legitur‘:
1483 4331 1739 4399 Apparuit

158 4416 405 4474 Dominus
435 4419 616 4489 Moysi
667 4421 721 4473 in
750 4421 967 4488 ﬂamma
997 4420 1131 4489 ignis
1177 4420 1240 4473 de
1269 4420 1439 4473 medio
1484 4420 1599 4472 rubi
1627 4433 1645 4470 :
1691 4430 1738 4473 et

159 4509 349 4561 videbat
424 4508 569 4578 quod
646 4508 804 4561 rubus
854 4508 1059 4561 arderet
1108 4518 1155 4562 et
1200 4526 1304 4563 non
1350 4510 1741 4563 combureretur

160 4596 347 4669 (Exod.
380 4600 490 4670 ιιι).
522 4597 1028 4669 Sycomorus,sicut
1053 4606 1108 4653 et
1127 4615 1333 4666 morus,
1357 4598 1545 4656 Grmca
1568 4602 1742 4655 nomi-

159 4702 223 4742 na
248 4701 411 4744 sunt:
442 4689 591 4745 dicta
618 4694 798 4745 a‘utem
825 4692 1121 4747 sicomoru's
1161 4708 1227 4747 eo
1278 4694 1422 4763 quod
1467 4695 1575 4749 sint
1613 4694 1739 4751 folia

159 4779 269 4849 ejus
297 4783 496 4837 similia
542 4798 711 4838 moro.
744 4783 893 4839 Hanc
912 4784 1092 4838 Latini
1127 4785 1327 4840 celsam
1369 4787 1643 4855 appellant
1673 4789 1741 4844 ab

162 4872 459 4940 altitudine,
486 4875 616 4944 quia
643 4890 749 4929 non
771 4882 855 4930 est
880 4874 1078 4939 brevis,
1112 4883 1169 4929 ut
1190 4891 1393 4930 morus.
1425 4875 1529 4930 Alii
1558 4886 1740 4945 autem

164 4964 339 5019 dicunt
361 4965 491 5019 eam.
514 4965 677 5021 ﬁcum
706 4981 825 5021 esse
862 4966 1183 5021 silvestrem.
1220 4965 1372 5023 Unde
1412 4967 1580 5023 Amos
1609 4968 1741 5024 Pro-

164 5055 316 5124 pheta
346 5056 414 5109 ad
437 5054 718 5111 Amasiam
744 5056 854 5111 ait:
885 5054 1007 5111 Non
1036 5073 1152 5111 sum
1181 5057 1451 5126 propheta,
1481 5074 1573 5112 nec
1600 5058 1743 5128 ﬁlius

166 5148 415 5216 propheta:
444 5161 463 5200 :
490 5148 583 5203 sed
614 5164 731 5203 cum
775 5168 941 5205 essent
964 5153 1348 5217 armentarius,
1400 5162 1447 5207 et
1493 5153 1743 5207 ruborum

168 5252 308 5289 mora
329 5239 657 5310 stringerem,
687 5240 804 5295 tulit
852 5260 934 5298 me
957 5243 1212 5298 Dominus
1239 5254 1532 5315 sequentem
1565 5263 1742 5317 greges

170 5328 339 5396 (Amos
364 5331 482 5402 vn).
528 5329 642 5386 Hoc
665 5332 949 5387 dicendum
976 5343 1077 5400 est,
1106 5321 1248 5405 quod
1274 5334 1530 5390 humilem
1558 5344 1742 5405 pasto-

170 5435 279 5476 rem
322 5434 376 5477 et
407 5425 673 5479 rusticum
726 5428 1079 5495 assumpserit
1108 5428 1398 5493 Dominus,
1441 5436 1497 5482 et
1537 5428 1749 5482 miserit

171 5510 237 5565 ad
262 5514 512 5581 populum
543 5530 701 5570 suum
726 5515 910 5581 Israel,
938 5525 994 5571 et
1030 5519 1350 5589 praeceperit
1390 5519 1459 5584 ei,
1491 5526 1550 5572 ut
1597 5532 1750 5587 egre-

176 5600 382 5658 deretur
407 5607 473 5660 de
526 5615 669 5661 terra
699 5624 817 5673 sua,
863 5616 917 5663 et
966 5607 1268 5666 Samariam
1303 5621 1570 5683 pergeret.
1614 5612 1747 5667 Item

178 5709 478 5765 sycomorus
510 5715 649 5754 vana
702 5702 946 5756 scientia.
995 5700 1053 5756 ln
1083 5700 1315 5757 Ieremia
1365 5719 1378 5756 :
1422 5703 1747 5757 Habitabant

178 5783 437 5861 dracones,
453 5792 559 5853 hoc
569 5805 673 5860 est,
686 5794 975 5861 daemones,
992 5811 1111 5853 cum
1124 5795 1288 5866 fatuis
1301 5797 1450 5865 ﬁcari
1457 5797 1498 5851 is
1516 5794 1570 5868 (Ι
1574 5812 1650 5851 er.
1670 5794 1740 5866 ι).

1843 3334 2060 3391 vocant,
2092 3326 2247 3395 quasi
2283 3325 2548 3380 minorem
2575 3340 2768 3379 nucem
2790 3365 2804 3391 ,
2828 3323 2897 3380 de
2920 3337 3029 3393 qua
3050 3320 3316 3393 Virgilius
3345 3338 3359 3375 :

2004 3472 2049 3500 γε
2084 3475 2115 3500 ,ί
2136 3472 2149 3487 .
2187 3473 2202 3487 .
2242 3473 2254 3486 .
2291 3437 2409 3500 Cum
2433 3450 2489 3487 se
2512 3450 2611 3487 nux
2638 3436 2844 3500 plurima
2866 3436 3003 3489 silvis

2030 3498 2195 3549 Induit
2217 3500 2268 3548 in
2288 3497 2480 3549 ﬂdrem.
2520 3535 2532 3548 .
2572 3535 2582 3546 .

1842 3600 2063 3657 Cunctis
2075 3602 2219 3657 enim
2234 3602 2518 3657 arboribus
2532 3601 2683 3673 prior
2694 3615 2753 3656 se
2765 3598 2896 3656 ﬂore
2908 3599 3195 3664 convestit,
3208 3607 3262 3654 et
3273 3598 3341 3655 ad
3352 3598 3435 3655 in-

1843 3690 2065 3746 ferenda
2102 3707 2263 3761 poma
2298 3692 2519 3747 arbusta
2558 3690 2838 3761 sequentia
2865 3690 3147 3760 praevenit.
3182 3688 3336 3744 Unde
3374 3696 3433 3743 et

1842 3783 2174 3853 primitivam
2190 3784 2510 3849 Ecclesiam,
2538 3798 2659 3852 qua;
2679 3798 2747 3837 ex
2772 3780 2971 3836 Iudaeis
2995 3779 3245 3845 credidit,
3264 3780 3433 3851 signi-

1844 3873 1973 3928 ﬁcat
2004 3889 2019 3927 :
2051 3874 2118 3928 de
2142 3890 2249 3945 qua
2273 3873 2527 3929 Salomon
2552 3873 2628 3928 ait
2658 3887 2672 3925 :
2697 3868 3287 3940 Florebit'amygdalus,
3315 3884 3436 3939 qua:

1844 3965 2114 4020 sententia
2153 3974 2209 4025 et
2249 3966 2406 4019 aliter
2436 3964 2593 4037 juxta
2632 3964 2948 4034 allegoriam
2973 3961 3199 4032 intelligi
3233 3969 3432 4031 potest.

1842 4056 1984 4111 Dicit
2013 4056 2157 4109 enim
2206 4055 2566 4111 Ecclesiastes
2594 4072 2609 4107 :
2641 4052 2875 4108 Florebit
2918 4052 3254 4122 amygdalum
3278 4092 3293 4117 ,
3337 4052 3424 4103 im-

1842 4146 2180 4217 pinguabitur
2214 4145 2448 4211 locusta,
2497 4154 2547 4199 et
2595 4143 2938 4214 dissipabitur
2987 4143 3229 4212 capparis
3254 4158 3433 4210 :quo-

1845 4239 1988 4292 niam
2012 4239 2103 4292 ibit
2126 4240 2280 4292 homo
2301 4239 2357 4291 in
2385 4238 2599 4290 domum
2629 4236 2934 4290 wternitatis
2948 4250 3059 4289 sua:
3082 4234 3279 4304 (Eccle.
3310 4234 3432 4304 xu).

1844 4328 2090 4382 Tradunt
2110 4342 2208 4398 per
2230 4328 2347 4383 hate
2372 4328 2735 4382 humanorum
2751 4327 3119 4382 membrorum
3136 4324 3253 4380 ﬁeri
3269 4324 3435 4394 signi-

1842 4419 2119 4475 ﬁcantium
2153 4438 2164 4473 :
2200 4432 2326 4473 nam
2362 4418 2419 4472 in
2453 4416 2586 4473 ﬂore
2607 4416 2880 4489 amygdali
2909 4431 3075 4472 canos
3103 4416 3348 4485 capillos,
3382 4416 3434 4469 in

1847 4515 2281 4586 impinguatione
2306 4513 2529 4568 locusta:
2551 4514 2833 4567 humorem
2860 4510 3056 4581 pedum
3076 4548 3091 4573 ,
3123 4510 3175 4562 in
3206 4508 3436 4576 dissipa-

1851 4608 1997 4663 tione
2032 4606 2283 4677 capparis
2319 4604 2770 4675 concupiscentia:
2808 4602 2980 4672 frigus
3017 4600 3289 4657 ostendit:
3316 4615 3436 4667 qua:

1848 4715 1971 4755 cum
2016 4698 2133 4753 seni
2178 4698 2232 4750 in
2270 4706 2557 4766 postremae
2595 4695 2771 4750 etatis
2812 4704 3057 4764 tempore
3099 4692 3433 4756 acciderunt,

1850 4800 1978 4845 tunc
2004 4803 2230 4844 necesse
2250 4797 2356 4855 est,
2388 4796 2449 4843 ut
2474 4788 2529 4843 in
2558 4796 2781 4852 terram,
2812 4788 2865 4843 id
2887 4796 2987 4851 est,
3015 4786 3171 4857 quasi
3198 4786 3437 4839 inueter-

1848 4882 2037 4937 nitatis
2057 4897 2168 4937 suae
2190 4880 2410 4937 domum
2438 4882 2641 4937 redeat.
2674 4882 2817 4936 Bene
2859 4895 3073 4950 quoque
3108 4880 3249 4935 hanc
3273 4887 3435 4933 mter-

1847 4976 2034 5030 nitatis
2065 4973 2312 5040 domum,
2348 4974 2491 5028 illam
2523 4974 2758 5028 futuram
2791 4982 2991 5027 terram
3024 4963 3338 5041 accipimus,
3368 4968 3435 5023 de

1846 5080 1953 5133 qua
1987 5063 2245 5117 scribitur
2291 5082 2303 5117 :
2346 5062 2569 5117 Placebo
2610 5063 2837 5117 Domino
2870 5062 2926 5116 in
2957 5063 3164 5132 regione
3204 5062 3434 5115 vivorum

1847 5153 2020 5224 (Psal.
2045 5158 2214 5225 cxtv).
2268 5154 2493 5226 Legitur
2528 5151 2679 5226 (Gen.
2708 5152 2841 5223 xxx)
2871 5151 3039 5206 Jacob
3058 5149 3426 5221 patriarcham

1850 5245 2037 5300 tulisse
2082 5246 2265 5313 virgas
2302 5245 2556 5315 populeas
2602 5245 2818 5308 virides,
2851 5250 2908 5297 et
2944 5240 3330 5312 amygdalinas,
3380 5244 3436 5293 et

1846 5355 1913 5394 ex
1946 5338 2183 5409 platanis
2212 5348 2373 5407 atque
2406 5353 2472 5393 ex
2506 5346 2658 5408 parte
2690 5351 2785 5393 eas
2832 5333 3213 5395 decorticasse,
3249 5339 3305 5383 et
3332 5342 3431 5398 po-

1852 5431 2024 5487 suisse
2053 5431 2107 5485 in
2124 5430 2423 5497 canalibus,
2444 5430 2536 5486 ubi
2558 5430 2936 5486 eﬂ'undebatur
2956 5442 3096 5497 aqua
3116 5430 3243 5479 ante
3261 5436 3393 5478 oves
3417 5438 3431 5476 :

1852 5530 1911 5576 ut
1932 5539 2052 5577 eum
2078 5523 2355 5578 venissent
2382 5537 2569 5593 greges
2604 5522 2671 5576 ad
2694 5518 3009 5584 bibendum,
3046 5530 3227 5572 coram
3259 5528 3317 5569 se
3344 5512 3437 5566 ha-

1848 5614 2040 5668 herent
2062 5614 2262 5683 virgas,
2288 5623 2347 5668 ut
2376 5613 2429 5667 in
2453 5621 2672 5682 aspectu
2697 5626 2884 5667 earum
2907 5608 3269 5679 conciperent.
3292 5600 3432 5669 Quid

1850 5712 1932 5757 est
1983 5704 2162 5772 virgas
2208 5703 2409 5758 virides
2454 5702 2855 5774 amygdalinas,
2894 5709 3055 5770 atque
3096 5714 3160 5753 ex
3202 5692 3435 5765 platanis

1850 5802 1975 5850 ante
2009 5793 2195 5849 oculos
2225 5809 2443 5865 gregum
2474 5810 2671 5865 ponere
2708 5812 2720 5850 :
2762 5793 2865 5850 nisi
2902 5806 2996 5862 per
3032 5788 3403 5859 Scriptutasso
