3922 6340
471 335 579 395 515

1115 326 1178 392 Β.
1218 335 1472 393 RABANI
1510 335 1730 394 MAURl
1768 334 2045 392 ARHIEP.
2072 333 2399 394 MOGUNT.
2443 333 2740 398 OPERUM
2778 334 2963 393 PARS
2998 333 3066 394 Π.

3649 335 3760 394 816

471 450 628 518 riem,
678 449 1025 521 antiquorum
1076 457 1290 520 patrum
1343 452 1484 505 vitas
1530 450 1615 505 vel
1659 451 1958 506 sententias
2006 449 2062 502 in
2088 457 2142 518 Α
2168 450 2487 516 fornicatio,
2515 458 2571 504 et
2605 450 2859 505 universa
2892 433 3024 504 vitia
3047 449 3174 520 haec
3210 449 3406 518 blanda
3438 456 3568 516 sunt
3600 456 3658 504 et
3683 448 3763 504 la-

469 541 773 613 exemplum
795 541 1006 612 populis
1031 541 1310 612 praebere?
1331 539 1460 608 Quae
1481 542 1738 597 nimirum
1761 542 1887 613 quia
1902 542 2058 612 juxta

468 636 699 692 rationis
752 650 982 690 examen
1032 642 1194 689 rectae
1242 643 1370 690 sunt
1415 654 1426 689 :
1479 637 1642 708 virgae
1688 637 2057 702 nominantur,

469 729 668 801 quibus
693 744 760 783 ex
796 737 951 800 parte
987 729 1245 784 certicem
1274 729 1547 784 subtrahit
1583 749 1596 784 :
1630 739 1691 785 ut
1713 731 1766 785 in
1799 730 1900 794 his,
1939 745 2060 800 quae

467 821 857 892 exspoliantur,
893 821 1116 876 intimus
1146 820 1354 876 candor
1382 829 1640 892 appareat
1673 839 1687 875 :
1723 828 1778 876 et
1802 836 1870 877 ex
1905 828 2060 890 parte

467 914 726 984 corticem
756 921 996 984 servant,
1029 914 1169 970 sicut
1198 913 1416 971 fuerant
1447 915 1690 971 exterius
1710 957 1723 982 ,
1754 917 1807 970 in
1831 916 2063 971 veritate

465 1015 822 1078 permaneant
863 1025 876 1060 :
937 1007 1232 1078 variusque
1273 1009 1548 1077 virgarum
1594 1009 1743 1064 color
1788 1006 2018 1066 efﬁcitur
2037 1049 2058 1078 ,

467 1099 594 1154 dum
621 1106 809 1153 cortex
836 1113 905 1152 ex
944 1087 1097 1168 parie
1133 1099 1504 1167 subtrahitur;
1521 1108 1580 1163 et.
1599 1115 1665 1155 ex
1687 1109 1844 1171 parte
1868 1101 2063 1158 retine-

460 1196 573 1264 tur.
602 1189 744 1245 Ante
770 1189 1222 1246 considerationis
1252 1191 1396 1246 enim
1427 1199 1628 1250 nostrae
1649 1191 1840 1248 oculos
1862 1207 2064 1261 przece-

465 1284 706 1340 dentium
751 1291 966 1352 patrum
1016 1283 1298 1342 sententiae
1345 1285 1499 1352 quasi
1546 1285 1709 1354 virgae
1750 1285 1916 1350 varia:
1963 1299 2062 1358 po-

464 1381 686 1430 nuntur.
711 1373 768 1428 In
791 1361 996 1444 quibus
1010 1375 1137 1429 dum
1160 1375 1481 1445 plerumque
1501 1375 1836 1431 intellectum
1863 1376 2062 1430 littera:

463 1463 724 1536 fugimus,
765 1465 917 1535 quasi
955 1467 1212 1532 corticem
1249 1467 1665 1525 subtrahimus:
1700 1475 1756 1521 et
1787 1467 1913 1522 dum
1947 1466 2063 1536 ple-

463 1572 692 1627 rumque
712 1557 1046 1620 intellectum
1069 1559 1263 1614 littera:
1290 1560 1588 1632 sequimur,
1617 1560 1771 1630 quasi
1800 1560 2062 1614 corticem

462 1665 825 1706 reservamus.
857 1649 1105 1729 Dumque
1129 1651 1196 1711 ab
1221 1652 1552 1723 ipsiseortex
1578 1653 1771 1711 litterae
1791 1650 2063 1706 subtrahi-

463 1751 581 1809 tur,
621 1743 890 1816 allegoriae
919 1745 1122 1803 candor
1148 1745 1375 1800 interior
1396 1745 1821 1811 demonstratur,
1852 1753 1906 1799 et
1932 1747 2059 1806 dum

2162 544 2360 610 scivia,
2392 549 2451 597 et
2477 557 2671 598 sensus
2705 541 3038 611 voluptatem
3068 541 3376 598 demulcent
3408 561 3429 596 .:
3465 541 3764 611 statimque

2160 645 2221 691 ut
2263 642 2657 707 apparuerunt,
2727 635 2795 689 ad
2841 649 2998 689 usum
3052 635 3135 689 sui
3179 643 3479 703 provocant
3509 631 3531 687 ':
3567 634 3765 703 quibus

2163 726 2282 782 ideo
2333 726 2640 782 luxuriosus
2694 726 3008 782 adolescens
3046 742 3153 780 non
3203 734 3415 796 poterat
3468 725 3762 781 saturar-i:

2161 818 2288 893 quia
2315 832 2528 892 semper
2562 817 2809 886 voluptas
2836 816 3034 872 famem
3067 816 3149 872 sui
3180 818 3372 882 habet,
3403 827 3458 872 et
3483 825 3766 872 transacta

2165 923 2273 962 non
2306 908 2468 967 satiat
2497 925 2509 960 :
2539 916 2595 962 et
2625 906 2859 962 Satanas
2889 924 3013 963 cum
3035 909 3269 978 aliquem
3298 924 3392 963 sua
3417 917 3537 962 arte
3558 907 3766 978 ceperit

2163 1009 2220 1057 et
2251 1001 2530 1071 proprium
2571 1001 2620 1055 ei
2652 1001 2973 1072 imposuerit
2994 1000 3182 1073 jugum
3204 1042 3219 1069 ,
3247 1002 3384 1056 ultra
3410 1002 3479 1056 ad
3507 1001 3768 1079 vitiorum

2164 1093 2555 1149 abundantiam
2601 1109 2900 1164 provocare
2947 1109 3055 1148 non
3101 1105 3378 1165 procurat,
3422 1094 3606 1150 sciens
3648 1108 3771 1148 esse

2157 1182 2271 1254 jam
2300 1193 2574 1240 mortuum
2607 1201 2620 1240 :
2649 1187 2807 1241 sicuti
2838 1186 3036 1241 multos
3060 1187 3316 1243 idolatras
3335 1188 3591 1246 videmus
3612 1186 3774 1256 panis

2163 1276 2386 1331 miseria
2417 1285 2473 1332 et
2502 1286 2744 1348 egestate
2778 1277 3072 1333 confectos.
3113 1279 3246 1333 Item
3273 1280 3581 1333 daemonum
3617 1277 3775 1332 cibus

2163 1376 2250 1423 est
2272 1369 2512 1424 carmina
2540 1381 2843 1440 poetarum,
2888 1370 3164 1433 sacularis
3196 1372 3490 1446 sapientia,
3529 1371 3774 1432 rhetori-

2163 1476 2351 1515 corum
2382 1476 2578 1530 pompa
2620 1461 2928 1518 verborum.
2977 1461 3104 1517 Haec
3139 1478 3234 1520 sua
3266 1477 3458 1517 omnes
3496 1463 3774 1522 suavitate

2164 1555 2466 1619 delectant,
2495 1552 2549 1608 et
2577 1555 2702 1608 dum
2734 1569 2894 1609 aures
2929 1556 3177 1611 versibus
3214 1557 3354 1611 dulci
3384 1556 3771 1620 modulatione

2162 1645 2508 1702 currentibus
2552 1647 2804 1718 capiunt,
2834 1649 3070 1716 animam
3114 1664 3330 1718 quoque
3353 1657 3687 1719 penetrant,
3720 1655 3774 1701 et

2162 1737 2396 1806 pectoris
2436 1739 2646 1793 interna
2681 1739 2994 1793 devincunt.
3030 1739 3230 1793 Verum
3262 1740 3354 1794 ubi
3395 1755 3520 1794 cum
3554 1752 3772 1794 summo

462 1843 650 1889 cortex
683 1834 1008 1906 relinquitur
1050 1834 1337 1889 exterioris
1382 1834 1773 1905 intelligentiae,
1822 1835 2054 1890 virentia
2088 1822 2136 1885 Β
2167 1829 2344 1884 studio
2390 1827 2609 1882 fuerunt
2658 1845 2722 1884 ac
2770 1829 2956 1884 labore
2991 1829 3250 1902 perlecta,
3291 1831 3425 1884 nihil
3474 1831 3627 1884 aliud
3667 1830 3771 1885 nisi

459 1925 707 1996 exempla
735 1932 1105 1980 monstrantur
1131 1944 1142 1978 :
1169 1942 1305 1995 quas
1333 1926 1472 1980 bene
1506 1924 1676 1996 Jacob
1696 1927 1752 1981 in
1781 1942 1935 1996 aqua:
1961 1942 2054 1981 ca-

459 2015 676 2071 nalibus
712 2017 897 2087 posuit
927 2033 942 2070 :
975 2017 1100 2086 quia
1141 2025 1197 2070 et
1250 2016 1578 2089 Redemptor
1609 2026 1794 2072 noster
1821 2018 1873 2072 in
1901 2019 2057 2073 libris

459 2122 554 2163 eas
581 2093 749 2162 sacrae
780 2108 1054 2170 scientiae,
1097 2107 1294 2176 quibus
1322 2124 1422 2162 nos
1449 2108 1778 2164 intrinsecus
1814 2109 2053 2164 infundi-

457 2211 599 2264 mur,
634 2196 772 2252 ﬁxit.
797 2196 1239 2268 Hasaspicentes
1261 2199 1460 2268 arietes
1481 2214 1601 2253 eum
1617 2201 1810 2255 ovibus
1835 2210 2052 2268 coeunt,

457 2293 584 2365 quia
615 2293 962 2348 rationabiles
1001 2294 1175 2360 nostri
1222 2294 1445 2363 spiritus
1487 2295 1795 2352 intellectus
1841 2297 1966 2353 dum
2000 2299 2054 2358 in

455 2398 643 2440 earum
702 2385 1003 2439 intentione
1048 2383 1209 2439 deﬁxi
1264 2395 1421 2452 sunt,
1477 2387 1705 2458 singulis
1752 2369 2055 2460 quibusque

457 2475 764 2559 actionibus
791 2472 1208 2546 permiscentur,
1242 2486 1303 2534 ut
1333 2478 1467 2533 tales
1499 2478 1660 2534 foetus
1684 2495 1908 2550 operum
1927 2495 2056 2559 pro-

457 2575 668 2635 creent,
725 2553 908 2640 qualia
958 2568 1205 2638 exempla
1256 2570 1679 2639 praecedentium
1721 2571 1777 2626 in
1829 2553 2055 2627 vocibus

456 2669 851 2733 praceptorum
887 2658 1088 2715 vident.
1117 2660 1440 2714 Castaneam
1473 2661 1649 2715 Latini
1687 2677 1718 2715 a
1738 2660 1928 2718 Graeco
1960 2678 2055 2731 ap-

457 2750 662 2824 pellant
698 2750 962 2806 vocabulo
992 2769 1004 2804 :
1035 2750 1181 2804 hanc
1209 2751 1355 2812 enim
1405 2751 1582 2805 Graeci
1639 2761 1900 2810 castanon
1955 2768 2053 2808 vo-

459 2853 608 2908 cant,
629 2849 848 2914 propter
879 2841 1022 2911 quod
1050 2839 1262 2904 fructus
1289 2835 1416 2912 ejus
1424 2842 1632 2919 gemini
1655 2842 1709 2894 in
1732 2841 1948 2898 modum
1980 2851 2057 2896 te-

459 2937 776 2994 sticulorum
817 2937 958 2990 intra
994 2935 1294 2990 follieulum
1325 2919 1590 2994 reconditi
1619 2942 1763 3001 sunt,
1792 2935 1885 3006 qui
1924 2935 2053 2995 dum

455 3029 766 3101 ejiciuntur,
816 3029 973 3098 quasi
1025 3036 1354 3094 castrantur.
1404 3027 1529 3084 Haec
1577 3030 1737 3082 arbor
1786 3027 1946 3082 simul
1993 3035 2053 3082 ut

455 3123 638 3180 excis’a
665 3121 846 3186 fuerit,
883 3131 1139 3191 tanquam
1179 3121 1336 3187 silva,
1377 3121 1712 3192 expullulare
1751 3123 2048 3183 consuevit.

2162 1921 2376 1976 inanem
2422 1937 2668 1977 somnum
2721 1922 2962 1996 [sonum]
3015 1933 3068 1978 et
3113 1941 3426 1980 sermonum
3458 1923 3770 1994 strepitum

2162 2013 2274 2067 suis
2313 2011 2608 2067 lectoribus
2631 2013 2908 2068 tribuunt:
2934 2015 3078 2069 nulla
3111 2017 3182 2071 ibi
3211 2016 3473 2071 saturitas
3495 2016 3767 2081 veritatis,

2160 2104 2306 2158 nulla
2341 2104 2568 2172 justitiae
2605 2103 2826 2160 refectio
2862 2108 3134 2176 reperitur
3167 2126 3180 2161 :
3208 2109 3437 2167 studiosi
3471 2124 3671 2165 earum
3716 2108 3770 2162 in

2160 2195 2305 2250 fame
2345 2196 2456 2250 veri
2487 2184 2542 2250 et
2568 2197 2829 2252 virtutum
2855 2200 3087 2270 penuria
3116 2209 3494 2269 perseverant.
3526 2199 3767 2255 Pistacia

2159 2287 2377 2353 dicitur,
2423 2287 2567 2358 quod
2613 2297 2802 2343 cortex
2827 2291 2970 2358 pomi
3001 2288 3120 2360 ejus
3149 2291 3303 2348 nardi
3326 2291 3512 2361 pistici
3542 2291 3770 2347 odorem

2160 2381 2382 2456 referat,
2411 2383 2479 2436 de
2505 2399 2610 2453 quo
2635 2384 2689 2437 in
2723 2383 3078 2453 sequentibus
3099 2385 3363 2441 dicemus.
3407 2383 3580 2462 Pinus
3607 2383 3770 2439 arbor

2159 2477 2312 2546 picea
2343 2477 2412 2532 ab
2441 2479 2691 2533 acumine
2720 2478 2973 2534 foliorum
2998 2490 3192 2545 vocata
3225 2497 3238 2532 :
3271 2476 3459 2548 pinum
3485 2478 3639 2533 enim
3669 2491 3768 2532 an-

2161 2568 2294 2637 tiqui
2315 2577 2538 2636 ,acutum
2559 2570 2933 2626 nominabant.
2963 2569 3159 2628 Pinum
3181 2578 3365 2625 autem
3401 2568 3567 2643 aliam
3598 2568 3763 2640 pitin,

2159 2660 2321 2714 aliam
2356 2659 2530 2743 Graeci
2569 2662 2780 2732 peukcn
2811 2671 3040 2728 vocant,
3071 2677 3234 2732 quam
3264 2677 3364 2720 nos
3394 2661 3611 2732 piceam
3638 2660 3766 2715 dici-

2157 2769 2296 2819 mus,
2343 2769 2407 2808 eo
2445 2755 2588 2824 quod
2631 2751 2857 2812 desudet
2891 2757 3066 2825 picem
3097 2774 3109 2810 :
3136 2772 3262 2815 nam
3291 2764 3353 2810 et
3381 2756 3564 2825 specie
3608 2754 3762 2809 diﬁe

2156 2855 2302 2913 runt.
2327 2846 2385 2900 In
2413 2845 2719 2904 Germania:
2741 2857 2922 2906 autem
2946 2850 3140 2905 insulis
3160 2850 3322 2920 hujus
3347 2849 3560 2914 arboris
3581 2848 3768 2920 lacry-

2157 2955 2243 2992 ma
2271 2939 2534 2997 electrum
2571 2942 2741 3012 gignit
2771 2961 2783 2996 :
2823 2951 2972 3014 gutta
3002 2945 3146 2999 enim
3187 2942 3433 3003 deﬂuens
3463 2944 3644 3013 rigore
3679 2941 3769 3002 vel

2160 3040 2346 3100 tepore
2395 3032 2450 3085 in
2494 3031 2822 3087 soliditatem
2867 3033 3124 3101 durescit,
3185 3043 3240 3089 et
3294 3049 3566 3106 gemmam
3611 3032 3763 3098 facit,

2159 3123 2225 3179 de
2272 3124 2534 3194 qualitate
2577 3140 2673 3179 sua
2717 3133 2774 3180 et
2803 3140 2997 3183 nomen
3029 3125 3330 3196 accipiens,
3363 3125 3418 3184 id
3443 3134 3548 3189 est,
3581 3123 3762 3181 succi-

456 3214 584 3271 Ilzec
624 3215 787 3272 arbor
829 3215 1224 3281 continentium
1265 3222 1467 3274 emtum
1504 3203 1810 3285 signiﬁcare
1849 3223 2051 3288 potest,
2081 3184 2126 3248 Ο
2161 3230 2324 3280 num,
2376 3230 2440 3269 eo
2486 3215 2629 3284 quod
2667 3223 2864 3270 succus
2910 3217 2982 3271 sit
3020 3184 3251 3271 arboris.
3301 3216 3469 3275 Pinus
3518 3215 3767 3270 creditur

453 3307 548 3380 qui
583 3322 680 3378 per
711 3309 1021 3365 castitatem
1047 3308 1297 3378 corporis
1324 3307 1524 3363 multos
1561 3308 1823 3362 virtutum
1843 3307 2053 3362 fructus

431 3397 633 3456 'aﬁ‘ert.
687 3399 800 3454 llex
843 3399 911 3453 ab
955 3399 1130 3456 electo
1174 3407 1362 3455 vocata
1397 3418 1410 3454 :
1441 3399 1600 3468 hujus
1648 3401 1792 3455 enim
1845 3400 2055 3455 arboris

458 3495 693 3550 fructum
727 3494 978 3549 homines
1008 3497 1246 3564 primum
1281 3495 1345 3549 ad
1370 3495 1574 3552 vietum
1601 3494 1705 3554 sibi
1729 3493 2007 3566 elegerunt
2037 3507 2051 3546 :

463 3586 607 3642 unde
636 3593 691 3640 et
720 3578 875 3655 poeta
907 3604 919 3638 :
2033 3571 2038 3575 ’

583 3668 819 3743 Mortales
840 3685 982 3747 primi
1008 3685 1261 3735 ructabant
1283 3690 1483 3746 gutture
1501 3683 1748 3746 glandem.

455 3769 616 3826 Prius
641 3769 785 3823 enim
809 3809 824 3832 ,
855 3784 1016 3837 quam
1050 3767 1307 3824 frumenti
1343 3784 1472 3824 usus
1498 3777 1674 3832 esset,
1706 3768 1913 3837 antiqui
1957 3770 2055 3822 ho-

463 3861 641 3915 mines
685 3859 878 3930 glande
922 3861 1194 3914 vixerunt.
1243 3858 1350 3913 llex
1381 3875 1512 3916 vero
1554 3860 1870 3930 mysterium
1907 3868 2055 3915 tenet

456 3950 636 4006 crucis
662 3949 884 4005 Christi.
922 3950 1077 4004 Unde
1107 3950 1322 4020 legitur,
1359 3950 1502 4026 quod
1523 3948 1798 4003 Abraham
1841 3949 2053 4004 habita-

454 4042 596 4096 verit
625 4042 693 4095 ad
723 4041 900 4095 ilicem
929 4041 1170 4096 ‘Mambre
1205 4059 1217 4093 :
1248 4043 1372 4110 quia
1402 4042 1458 4100 in
1499 4042 1757 4110 mysterio
1798 4040 2051 4111 praeﬁgu-

455 4133 612 4188 rabat
648 4132 956 4203 passionem
1000 4132 1222 4186 Christi.
1268 4130 1444 4201 Fagus
1469 4140 1522 4185 et
1556 4132 1789 4186 msculus
1829 4130 2053 4188 arbores

457 4223 772 4296 glandifera:
814 4224 934 4277 ideo
976 4232 1180 4278 vocata;
1232 4223 1546 4287 creduntur,
1595 4222 1740 4290 quod
1785 4221 2052 4277 fructibus

454 4330 642 4370 earum
671 4316 799 4371 olim
824 4316 1070 4370 homines
1096 4316 1350 4370 vixerunt
1372 4332 1436 4371 ac
1463 4317 1643 4372 cibum
1679 4323 2048 4386 sumpserunt,

454 4421 746 4479 escamque
781 4408 1111 4462 habuerunt.
1152 4406 1288 4465 Nam
1330 4407 1558 4464 zescnlus
1604 4408 1672 4463 ab
1713 4423 1838 4462 esca
1885 4407 2048 4471 dicta,

2159 3305 2417 3376 prodesse
2456 3307 2699 3372 cunctis,
2730 3321 2850 3376 quae
2893 3308 2993 3362 sub
3033 3323 3094 3362 ea
3132 3317 3410 3373 seruntur,
3441 3309 3582 3370 sicut
3624 3308 3768 3363 ﬁcus

2158 3414 2355 3456 nocere
2381 3400 2653 3454 omnibus.
2681 3398 2871 3455 Potest
2890 3409 3071 3455 autem
3090 3401 3257 3463 timor
3280 3401 3542 3470 gehenna:
3562 3416 3666 3473 per
3679 3400 3765 3472 pi-

2157 3508 2286 3548 num
2310 3503 2364 3555 et
2383 3495 2594 3566 piceam
2618 3495 2947 3566 signiﬁcari:
2972 3497 3097 3566 quia
3126 3496 3264 3550 sicut
3286 3495 3449 3566 pinus
3474 3497 3765 3553 arboribus

2157 3586 2400 3642 creditur
2425 3588 2683 3657 prodesse
2727 3587 2938 3642 cunctis
2958 3626 2974 3653 ,
3007 3601 3127 3656 qua:
3157 3588 3257 3642 sub
3296 3602 3360 3641 ca
3411 3587 3758 3644 consistunt:

2157 3680 2237 3734 sic
2271 3681 2434 3735 timor
2471 3681 2731 3751 gehenna:
2776 3681 2881 3736 illis
2906 3682 3179 3752 proderit,
3211 3681 3302 3751 qui
3328 3691 3552 3752 prepter
3593 3683 3761 3738 timo-

2156 3786 2271 3825 rem
2299 3787 2584 3842 poeuarum
2625 3781 2792 3842 agunt
2826 3773 3202 3844 pmnitentiam
3235 3785 3587 3845 peccatorum
3628 3791 3763 3830 suo-

2157 3878 2299 3917 rum.
2336 3863 2377 3916 E
2401 3865 2682 3919 contrario
2717 3880 2846 3921 vero
2874 3865 3030 3932 ﬁcus,
3059 3867 3163 3922 hoc
3193 3877 3297 3935 est,
3334 3869 3576 3927 carnalis
3600 3868 3763 3925 luxus

2155 3963 2315 4008 nocet
2357 3955 2610 4009 omnibus
2660 3957 2751 4028 qui
2799 3965 3122 4026 sequuntur,
3154 3968 3211 4012 et
3258 3961 3557 4014 abutuntur
3597 3961 3761 4020 rebus

2155 4045 2429 4100 concessis
2443 4062 2538 4114 per
2560 4046 2865 4106 illccebram
2889 4048 3248 4122 voluptatum.
3279 4047 3411 4104 Item
3427 4051 3588 4120 pinus
3612 4049 3760 4106 leves

2155 4139 2209 4192 in
2235 4139 2478 4192 Ecclesia
2504 4138 2774 4209 signiﬁcat
2793 4181 2807 4206 ,
2840 4149 2894 4194 et
2927 4142 2993 4195 ad
3018 4157 3180 4196 omne
3201 4157 3338 4212 opus
3364 4143 3566 4198 bonum
3593 4158 3757 4214 para-

2157 4240 2240 4288 tos
2273 4249 2285 4282 :
2320 4231 2462 4291 unde
2493 4231 2548 4282 in
2579 4231 2715 4285 lsaia
2745 4231 2819 4284 ita
2856 4231 3054 4301 legitur
3087 4246 3101 4284 :
3127 4233 3283 4286 Abies
3312 4242 3358 4286 et
3392 4234 3571 4295 buxus
3595 4243 3643 4287 et
3667 4235 3754 4304 pi-

2156 4341 2254 4377 nus
2301 4321 2459 4376 simul
2511 4321 2645 4393 (Isa.
2697 4321 2812 4394 LX).
2861 4323 3096 4384 Rursum
3133 4325 3293 4395 pinus
3333 4326 3534 4382 divites
3577 4327 3758 4382 surculi

2154 4415 2314 4486 hujus
2345 4403 2710 4485 signiﬁeat,ut
2748 4431 2930 4486 supra.
2963 4415 3062 4471 Pix
3093 4417 3568 4487 inquinamentum
3594 4429 3653 4474 .et
3679 4419 3759 4473 ni-

455 4498 614 4570 fagus
640 4511 766 4596 vero
787 4497 1022 4553 aGraeco
1044 4501 1362 4596 vocabulum
1396 4501 1578 4554 traxit.
1604 4500 2048 4574 Fagc[phagein]
2077 4537 2130 4596 D
2159 4510 2324 4580 gretlo
2368 4493 2718 4563 delictorum.
2760 4508 2816 4562 ln
2849 4509 3139 4566 Salomone
3168 4527 3179 4563 :
3218 4509 3323 4575 Qui
3368 4511 3538 4579 tangit
3568 4512 3754 4580 picem,

457 4600 639 4646 autem
666 4589 854 4644 Grmce
885 4589 1168 4644 comedere
1193 4590 1420 4654 dicitur,
1462 4591 1514 4644 in
1545 4607 1649 4660 quo
1693 4592 1836 4646 facto
1865 4595 2051 4649 admo-

457 4697 656 4738 nemur
698 4681 1043 4736 abstinentia:
1082 4695 1303 4750 Operam
1341 4681 1490 4745 dare,
1524 4690 1582 4735 ut
1624 4683 1795 4753 magis
1836 4682 2052 4737 studea-

455 4791 579 4831 mus
626 4791 794 4846 parco
848 4775 995 4830 victu
1045 4771 1301 4832 Contenti.
1335 4791 1476 4841 esse,
1533 4793 1694 4846 quam
1726 4778 2052 4833 carnalibus

454 4869 630 4940 epulis
652 4869 809 4924 avide
831 4868 1164 4923 incumbere.
1201 4867 1513 4940 Xyliglycon
1542 4884 1706 4938 quam
1727 4868 1902 4923 Latini
1930 4885 2052 4932 cor-

458 4971 614 5032 rupte
660 4962 912 5030 siliquam
952 4969 1180 5025 vocant,
1214 4959 1333 5014 ideo
1371 4976 1401 5014 a
1443 4959 1645 5018 Gmcis
1701 4961 1804 5015 tale
1849 4977 2047 5015 nonien

458 5058 692 5127 accepit,
744 5073 809 5113 eo
837 5058 981 5127 quod
1021 5057 1152 5126 ligni
1190 5057 1307 5130 ejus
1350 5057 1555 5113 fructus
1585 5057 1655 5112 sit
1683 5057 1855 5119 dulcis
1889 5074 1900 5110 :
1945 5056 2046 5111 silo

459 5147 670 5220 [xylon]
706 5148 908 5217 quippe
938 5147 1123 5202 dicunt
1143 5146 1347 5218 lignum
1388 5165 1400 5201 :
1443 5147 1584 5206 licon
1615 5146 1820 5220 [glyky]
1864 5149 2042 5212 dulce.

455 5233 628 5312 Hujus
664 5239 879 5308 arboris
913 5239 1089 5309 pomis
1126 5254 1320 5294 succus
1348 5253 1637 5311 expressus
1681 5240 1865 5304 acacia
1905 5239 2042 5304 dici-

455 5342 543 5388 tur
571 5348 602 5386 a
632 5329 858 5390 Grazcis.
889 5329 1112 5401 Mysuce
1144 5338 1323 5393 autem
1360 5329 1557 5403 siliqua
1587 5337 1680 5384 aut
1699 5331 2044 5401 voluptatem

455 5423 664 5489 mundi,
691 5430 809 5483 aut
853 5421 1174 5493 sapientiam
1205 5421 1515 5481 sarcularem
1555 5423 1826 5494 signiﬁcat
1856 5443 1869 5478 :
1902 5426 2044 5491 unde

457 5515 770 5570 luxuriosus
809 5512 951 5567 ﬁlius
997 5514 1052 5567 in
1103 5511 1396 5588 Evangelio
1447 5511 1608 5584 (Luc.
1660 5515 1763 5588 xv)
1811 5516 2039 5587 legitur,

453 5604 582 5658 dum
610 5611 868 5673 pasceret
897 5617 1092 5675 porcos
1120 5611 1175 5658 et
1203 5582 1388 5675 egeret
1414 5582 1576 5672 fame,
1613 5582 1754 5676 quod
1783 5582 2043 5680 concupi-

453 5706 603 5751 ceret
656 5697 884 5766 siliquas
910 5735 925 5760 ,
969 5710 1102 5765 quas
1126 5695 1277 5765 porci
1317 5698 1754 5766 manducabant,
1793 5709 1848 5755 et
1885 5716 2046 5755 nemo

460 5789 536 5846 illi
561 5789 746 5855 dabat.
770 5790 1088 5858 Dunnonum
1106 5788 1250 5844 enim
1269 5791 1422 5847 cibus
1435 5793 1786 5860 estcbrietas,
1810 5794 2042 5860 luxuria,

2155 4603 2517 4673 inquinabitur
2555 4604 2618 4656 ab
2665 4620 2725 4657 ea
2768 4603 2959 4675 (Ecch‘.
3011 4607 3155 4675 xui).
3199 4604 3364 4662 Abies
3395 4607 3569 4671 dicta,
3608 4608 3756 4674 quod

2151 4711 2264 4766 prae
2309 4695 2521 4749 caeteris
2578 4685 2871 4750 arboribus
2914 4695 3072 4766 longe
3124 4705 3209 4756 eat
3267 4707 3322 4752 et
3371 4699 3424 4751 in
3477 4698 3756 4757 excelsum

2149 4786 2456 4855 promineat
2485 4804 2496 4838 :
2533 4784 2690 4854 cujus
2712 4793 2903 4839 natura
2930 4802 3125 4857 expers
3148 4797 3231 4842 est
3251 4790 3455 4848 terreni
3486 4769 3752 4856 humoris,

2152 4894 2215 4934 ac
2237 4879 2460 4948 perinde
2486 4879 2685 4941 habilis
2712 4887 2873 4949 atque
2895 4879 3029 4934 levis
3059 4897 3070 4933 :
3101 4879 3172 4935 de
3203 4897 3308 4949 qua
3341 4882 3640 4952 Virgilius;

2277 4978 2341 5035 Et
2357 4992 2500 5034 casus
2524 4980 2662 5027 abies
2686 4980 2850 5034 visura
2868 4981 3104 5040 marinos,

2148 5064 2275 5139 quia
2326 5079 2393 5124 ex
2427 5079 2490 5128 ea
2529 5079 2700 5123 naves
2739 5063 2891 5124 ﬁunt.
2923 5063 3077 5125 Hanc
3107 5064 3324 5134 quidam
3349 5066 3616 5122 Gallicum
3664 5084 3756 5124 vo-

2152 5165 2282 5214 cant
2315 5164 2535 5225 propter
2560 5156 2852 5218 candorem
2883 5175 2895 5210 :
2929 5163 3013 5215 est
3042 5166 3221 5218 autem
3252 5160 3370 5218 sine
3397 5162 3560 5218 nodo.
3585 5162 3755 5216 Abies

2152 5263 2284 5304 vero
2306 5257 2530 5318 propter
2559 5249 2897 5308 altitudinem
2938 5250 3020 5309 sui
3042 5291 3056 5315 .
3091 5260 3145 5309 et
3173 5252 3343 5312 robur
3365 5255 3455 5315 diu
3475 5256 3749 5321 durabile,

2152 5348 2388 5407 mentem
2429 5341 2724 5398 electorum
2774 5339 2959 5400 inﬁma
3007 5358 3234 5412 quaeque
3283 5345 3553 5399 desideria
3596 5361 3756 5416 sper-

2150 5439 2390 5498 nentem,
2425 5440 2480 5487 et
2508 5419 2811 5486 caelestium
2847 5432 3285 5502 contemplationi
3327 5449 3544 5506 semper
3571 5437 3757 5494 interi.-

2153 5532 2290 5588 tam,
2325 5525 2526 5580 virtute
2555 5538 2770 5592 quoque
2798 5524 3076 5592 patientiae
3101 5526 3451 5595 singulariter
3477 5530 3756 5586 excellen-

2154 5623 2260 5671 tem
2287 5632 2393 5672 non
2420 5617 2715 5686 incongrue
2734 5616 3088 5680 Monstrat.
3116 5617 3268 5674 Unde
3285 5620 3339 5676 in
3367 5621 3507 5676 libro
3538 5623 3756 5694 Regum

2152 5707 2412 5776 scriptum
2444 5714 2528 5762 est
2570 5707 2636 5762 de
2677 5705 2965 5770 Salomone
3000 5723 3064 5762 ae
3111 5709 3294 5779 templi
3332 5708 3700 5769 :ediﬁcatione
3732 5732 3748 5771 :

2153 5798 2221 5860 Et
2253 5800 2401 5868 texit,
2426 5800 2620 5870 inquit,
2647 5800 3001 5869 pavimentum
3033 5799 3226 5862 tabulis
3249 5801 3511 5874 abiegnis,
3545 5807 3754 5862 vestiti:
