3922 6366
429 352 540 415 819

1075 350 1139 406 Β.
1179 347 1433 407 ΒΔΒΑΝΙ
1470 344 1695 405 MAURI
1729 332 2053 403 ARCHIEP.
2083 338 2395 399 MOGUNT.
2437 332 2722 395 OPERUM
2758 333 2939 390 PARS
2975 332 3038 388 ll.

3603 328 3714 381 520

426 469 804 545 aequanimiter
853 466 1035 525 omnia
1077 465 1279 523 ferunt.
1334 465 1439 521 Per
1475 478 1752 534 quercum,
1793 468 1855 518 ut
1882 458 2014 524 dixi,
2044 458 2098 520 A
2121 454 2286 511 nimis
2312 466 2530 507 amarus
2560 457 2663 505 est.
2699 447 2826 503 Haec
2854 446 3016 501 arbor
3041 443 3098 498 in
3125 440 3415 499 solitudine
3435 447 3493 495 et
3514 452 3719 493 saxosa.

427 564 605 621 sancti
646 562 782 627 fide,
811 569 973 630 atque
1001 559 1294 617 virtutibus
1322 556 1527 612 robusti
1553 555 1609 609 in
1624 554 1766 610 Isaia
1786 550 2016 622 mystice

427 657 815 729 designantur,
841 652 934 708 ubi
960 652 1035 707 ita
1062 650 1298 720 legitur:
1332 647 1404 703 Et
1439 650 1536 702 erit
1556 646 1849 702 ostensione
1882 642 2017 697 sicut

425 747 777 824 terebinthus,
829 753 878 799 et
919 745 1055 799 sicut
1099 760 1343 814 quercus,
1392 757 1511 814 quia
1552 740 1801 811 expandit
1842 751 2016 791 ramos

424 858 549 897 suos
581 837 719 911 (Isa.
748 835 848 910 γι).
886 836 1019 892 Item
1055 836 1111 891 in
1135 836 1296 899 aliam
1330 843 1542 906 partem
1576 849 1593 888 :
1624 833 1691 888 Et
1722 848 1877 903 super
1908 846 2018 885 om-

426 951 516 991 nes
542 947 783 1004 quercus,
816 929 1012 999 inquit,
1041 928 1222 984 Basan
1248 928 1385 998 (Isa.
1414 927 1500 1000 ιι).
1524 926 1797 985 Fraxinus
1832 920 2018 977 vocari

376 1100 382 1109 .
424 1027 620 1093 fertur,
661 1025 805 1109 quod
828 1024 1002 1097 magis
1022 1024 1077 1079 in
1106 1039 1297 1094 aspera
1332 1023 1452 1079 loca
1482 1028 1845 1087 montanaque
1868 1015 2019 1087 fraga

424 1102 705 1181 nascatur.
752 1122 893 1178 Hinc
934 1135 1033 1191 per
1082 1115 1474 1173 derivationem
1510 1110 1788 1177 fraxinus,
1820 1108 1963 1165 sicut
1989 1122 2019 1161 a

424 1224 613 1274 monte
641 1222 973 1278 montanus;
1008 1211 1074 1265 de
1093 1224 1201 1279 qua
1227 1207 1452 1263 Ovidius
1484 1220 1498 1259 :

587 1362 600 1376 .
638 1363 653 1376 .
690 1363 703 1376 .
741 1363 754 1376 .
794 1359 808 1376 .
844 1362 857 1375 .
895 1330 950 1375 et
970 1321 1193 1372 fraxinus
1211 1318 1347 1371 utilis
1370 1318 1546 1369 hastis.

427 1429 613 1487 Potest
663 1438 845 1485 autem
904 1425 1215 1499 signiﬁcare
1265 1439 1417 1479 arma
1460 1422 1768 1487 virtutum,
1826 1417 2024 1487 quibus

429 1532 656 1579 utuntur
691 1520 866 1578 sancti
908 1528 1099 1596 contra
1127 1518 1314 1574 hostes
1353 1531 1499 1571 suos.
1539 1513 1730 1568 Taxus'
1757 1516 2023 1565 venenata

428 1616 608 1681 arbor,
654 1616 799 1670 unde
833 1622 890 1669 et
924 1612 1107 1668 toxica
1142 1624 1353 1666 venena
1376 1606 1790 1676 exprimuntur;
1827 1616 1895 1655 ex
1922 1600 2025 1653 hac

429 1726 590 1768 arcus
614 1708 806 1765 Parthi
836 1717 893 1765 et
931 1706 1051 1762 aliae
1076 1714 1269 1777 gentes
1294 1699 1524 1757 faciunt.
1557 1695 1713 1753 Unde
1741 1704 1797 1751 et
1819 1701 1978 1765 poeta
2008 1706 2023 1745 :

587 1858 603 1874 .
643 1860 655 1872 .
692 1857 707 1872 .
744 1858 758 1874 .
798 1857 809 1871 .
848 1856 860 1868 .
901 1821 1091 1881 ltyreos
1118 1826 1264 1868 taxus
1287 1819 1550 1877 torquetur
1576 1812 1624 1860 in
1647 1821 1805 1865 arcus.

428 1928 557 1985 lisse
585 1926 750 1982 arbor
774 1932 953 1997 potest
978 1924 1131 1978 dolos
1169 1929 1223 1977 et
1259 1928 1527 1975 venenata
1555 1915 1810 1985 dogmata
1851 1911 2026 1966 haere-

427 2020 660 2075 ticorum
682 2016 993 2087 exprimere
1029 2028 1149 2083 quae
1186 2012 1408 2082 pariunt
1437 2016 1689 2071 mortem,
1713 2013 1769 2059 et
1796 2002 2030 2058 afferunt

429 2109 710 2166 interitum
731 2109 841 2175 his,
877 2106 969 2176 qui
996 2094 1051 2160 in
1072 2105 1142 2159 iis
1179 2090 1293 2159 laesi
1324 2102 1547 2156 fuerint.
1584 2098 1755 2153 Alnus
1779 2103 2027 2160 vocatur,

429 2201 573 2274 quod
600 2200 776 2255 alatur
802 2214 992 2265 amne;
1015 2197 1265 2267 proxima
1289 2196 1436 2251 enim
1467 2208 1621 2262 aqua:
1641 2191 1904 2253 nascitur,
1929 2202 2031 2241 nec

431 2296 593 2352 facile
636 2304 791 2351 extra
836 2291 1010 2347 undas
1037 2292 1191 2346 vivit.
1224 2289 1362 2345 Hinc
1413 2296 1468 2343 et
1501 2288 1684 2342 tenera
1730 2292 1786 2339 et
1828 2280 2027 2346 mollis,

434 2386 561 2457 quia
591 2386 646 2441 in
678 2385 933 2439 humeeto
960 2383 1081 2438 loco
1119 2382 1380 2436 nutritur.
1415 2379 1607 2435 Ulmus
1644 2390 1841 2431 nomen
1876 2387 2033 2428 acce-

432 2478 513 2550 pit
541 2476 687 2548 quod
726 2474 1012 2546 uliginosis
1042 2473 1177 2528 locis
1202 2482 1258 2529 et
1292 2472 1531 2527 humidis
1562 2467 2027 2537 melius'proiieit.

434 2568 575 2624 Nam
600 2569 656 2623 in
688 2568 970 2648 montanis
990 2574 1044 2619 et
1066 2565 1275 2636 asperis
1300 2564 1480 2618 minus
1509 2561 1633 2617 lucta
1664 2570 1768 2615 est.
1800 2559 2034 2616 Possunt

436 2673 619 2718 autem
650 2661 769 2716 haec
791 2660 910 2715 dua:
939 2659 1165 2713 arbores
1205 2657 1328 2713 illos
1355 2655 1688 2725 signiﬁcare,
1716 2654 1809 2723 qui
1845 2652 2033 2722 irriga-

436 2752 584 2809 tione
614 2765 896 2806 sacrarum
927 2748 1366 2818 Scripturarum,
1397 2753 1451 2799 et
1484 2744 1793 2799 humilitate
1818 2756 2031 2797 morum

436 2842 613 2912 magis
646 2840 972 2912 proﬁciunt,
1007 2854 1172 2909 quam
1211 2837 1311 2904 illi,
1346 2836 1440 2908 qui
1468 2837 1522 2891 in
1542 2836 1783 2906 potentia
1812 2835 2032 2904 propria

438 2933 740 2990 conﬁdunt.
778 2931 1018 3001 Populus
1051 2930 1222 2992 dicta,
1250 2928 1395 2998 quod
1435 2941 1503 2982 ex
1532 2925 1649 2995 ejus
1674 2924 1823 2981 calce
1853 2925 2034 2980 multi-

439 3025 570 3080 tudo
600 3032 884 3088 nascatur;
926 3020 1081 3091 cujus
1115 3036 1284 3092 genus
1313 3018 1511 3089 duplex
1540 3026 1641 3075 est.
1682 3018 1819 3072 Nam
1861 3017 2033 3071 altera

438 3125 524 3174 est
571 3117 710 3181 alba,
756 3114 928 3170 altera
972 3114 1147 3185 nigra.
1194 3111 1331 3167 Alba
1373 3118 1555 3167 autem
1593 3109 1823 3179 populus
1864 3109 2029 3173 dicta,

438 3215 566 3285 quia
598 3212 729 3267 folia
771 3210 889 3281 ejus
925 3226 1033 3265 una
1061 3218 1217 3281 parte
1251 3218 1378 3263 sunt
1418 3207 1561 3271 alba,
1599 3205 1785 3270 altera,
1814 3202 2029 3258 viridia.
2061 3196 2107 3259 C

438 3307 569 3363 Haec
591 3321 722 3378 ergo
750 3306 979 3369 bicolor,
1013 3304 1219 3358 habens
1250 3301 1407 3372 quasi
1436 3300 1615 3356 noctis
1635 3306 1692 3353 et
1716 3296 1824 3352 diei
1850 3304 2029 3359 notas,

438 3414 561 3471 qua:
598 3408 845 3468 tempora
877 3404 999 3451 ortu
1030 3395 1159 3451 solis
1195 3405 1503 3462 occasuque
1536 3396 1810 3446 constant.
1858 3386 2033 3441 Gene-

440 3499 566 3545 rant
614 3488 781 3543 etiam
821 3488 1059 3541 resinam
1098 3486 1244 3540 circa
1276 3483 1570 3538 Eridanum
1612 3479 1854 3543 ﬂuvium,
1888 3475 2033 3531 velut

439 3582 532 3638 alii
554 3589 800 3645 narrant,
834 3581 885 3634 in
911 3577 1109 3633 ﬁnibus
1133 3576 1323 3648 Syriae.
1353 3574 1590 3645 Populus
1610 3571 1841 3643 virgulta
1871 3569 2036 3625 casti-

442 3674 603 3738 tatis,
648 3682 706 3726 ut
733 3672 953 3741 quidam
978 3671 1195 3736 volunt,
1229 3670 1283 3724 in
1314 3668 1559 3724 Levitico
1588 3666 1876 3738 significat,
1900 3672 1956 3719 et
1981 3664 2036 3717 in

443 3766 644 3821 malam
682 3773 890 3833 partem
926 3762 1054 3844 illud
1093 3750 1358 3829 accipitur
1386 3759 1442 3813 in
1471 3757 1632 3821 Osee,
1663 3756 1757 3809 ubi
1788 3754 1987 3808 dicitur
2020 3770 2033 3805 :

443 3856 641 3913 Subtus
668 3854 919 3925 populum
943 3863 989 3906 et
1021 3852 1369 3907 terebinthum
1387 3891 1401 3916 ,
1430 3849 1555 3920 quia
1582 3847 1716 3901 bona
1750 3855 1823 3900 est
1852 3845 2039 3898 umbra

442 3947 558 4017 ejus
584 3944 731 4016 (Ose.
761 3944 855 4016 ιν).
887 3943 1081 3998 Tiliam
1109 3943 1300 3996 dicunt
1318 3947 1567 3995 vocatam
1600 3952 1686 4001 eo,
1714 3935 1857 4007 quod
1891 3934 2039 3989 utilis

446 4039 518 4094 sit
568 4040 636 4093 ad
689 4052 847 4092 usum
885 4036 1139 4099 telorum,
1191 4035 1369 4088 nitore
1406 4040 1461 4086 et
1494 4030 1709 4086 levitate
1740 4026 2035 4097 jaculandi.

446 4130 543 4185 Est
570 4130 716 4184 enim
743 4143 912 4199 genus
937 4127 1180 4181 materia
1207 4123 1513 4187 levissimas,
1539 4136 1659 4189 qua:
1679 4128 1733 4174 et
1755 4119 1945 4188 apibus
1974 4117 2040 4171 ad

448 4222 555 4277 mel
591 4219 990 4276 conficiendum
1019 4216 1311 4271 utilissima
1345 4222 1429 4271 est
1468 4232 1480 4267 :
1518 4212 1597 4267 sic
1620 4220 1674 4266 et
1718 4211 1773 4264 in
1803 4208 2039 4263 doctori-

446 4317 549 4370 bus
580 4309 938 4366 mansuetudo
964 4307 1248 4362 laudabilis
1289 4313 1407 4371 est,
1452 4314 1508 4359 et
1548 4302 1702 4357 valde
1744 4301 1926 4356 suavis
1958 4307 2043 4353 est

448 4403 768 4477 praedicatio
798 4400 968 4455 verbi.
1001 4398 1149 4453 Salix
1179 4398 1353 4461 dicta,
1394 4396 1539 4465 quod
1575 4393 1827 4449 celeriter
1861 4390 2039 4455 saliat,

452 4496 559 4551 hoc
586 4502 699 4557 est,
729 4490 987 4545 velociter
1016 4496 1226 4545 crescat
1258 4505 1273 4551 ;
1318 4490 1479 4541 arbor
1506 4486 1671 4548 lenta,
1704 4484 1905 4537 vitibus
1939 4483 2041 4537 ha-

448 4588 575 4645 bilis
604 4584 909 4640 vinciendis
934 4599 947 4647 ;
982 4580 1136 4649 cujus
1169 4579 1392 4633 seminis
1420 4578 1561 4630 hanc
1592 4575 1778 4629 dicunt
1803 4588 1923 4628 esse
1949 4590 2043 4627 na-

450 4689 669 4743 turam,
703 4686 765 4731 ut
806 4677 850 4730 si
898 4675 1018 4743 quis
1058 4672 1185 4726 illud
1232 4672 1284 4724 in
1324 4669 1516 4738 poculo
1555 4666 1831 4729 hauserit,
1864 4663 2047 4717 liberis

455 4780 643 4830 careat
680 4788 691 4825 :
724 4770 816 4824 sed
863 4777 917 4822 et
968 4766 1199 4819 feminas
1248 4760 1565 4817 infecundas
1608 4757 1788 4811 ellicit.
1841 4754 2048 4809 Salices

449 4867 605 4937 juxta
630 4864 944 4934 mysterium
971 4859 1155 4913 lideles
1177 4864 1302 4911 sunt
1325 4856 1380 4909 in
1401 4851 1643 4907 Ecclesia
1666 4864 1832 4919 prope
1847 4846 2049 4901 ﬂuenta

457 4962 650 5017 divinze
676 4953 1081 5028 prmdieationis
1118 4948 1364 5013 radieati,
1396 4946 1450 5000 in
1480 4944 1638 5009 Isaia,
1673 4942 1764 4996 ubi
1796 4940 1997 4994 dicitur
2034 4955 2046 4990 :

454 5051 523 5106 Et
553 5051 705 5121 quasi
735 5048 919 5102 salices
944 5047 1101 5115 juxta
1126 5044 1343 5111 ﬂuentes
1373 5054 1538 5108 aquas
1566 5034 1681 5107 (Isa
1721 5032 1886 5102 κων).
1918 5030 2051 5084 [tem

459 5144 654 5199 salices
704 5139 955 5192 homines
1002 5132 1320 5187 infructuosi
1351 5138 1507 5192 sunt;
1554 5127 1696 5181 unde
1722 5134 1806 5180 est
1835 5123 1966 5178 illud
1996 5122 2051 5176 in

458 5231 558 5287 Job
604 5250 615 5283 :
659 5226 1071 5282 Circumdabunt
1108 5237 1245 5283 eum,
1290 5220 1391 5273 hoc
1432 5226 1546 5281 est,
1587 5215 1881 5279 diabolum,
1924 5212 2055 5266 sali-

460 5340 541 5377 ces
566 5319 809 5374 torrentis
834 5314 976 5387 (Job.
1008 5312 1096 5384 χι)
1116 5329 1129 5377 ;
1153 5320 1207 5365 et
1238 5309 1493 5364 alibizAd
1528 5316 1809 5359 torrentem
1839 5302 2053 5358 salicem

464 5411 719 5466 deducent
751 5424 837 5462 eos
864 5406 977 5461 Isa.
1008 5404 1124 5474 xv).
1155 5400 1393 5472 Populus
1430 5407 1632 5463 autem,
1665 5406 1719 5451 et
1743 5397 1877 5452 salix
1903 5404 1957 5449 et
1986 5395 2052 5450 ti-

467 5501 538 5557 lia
570 5499 758 5554 molles
789 5497 1027 5551 materiae
1054 5502 1215 5559 sunt,
1248 5502 1303 5547 et
1334 5491 1403 5547 ad
1430 5488 1757 5559 sculpturam
1788 5496 1944 5557 aptae.
1976 5485 2053 5538 De

468 5596 651 5672 populi
689 5602 867 5648 autem
897 5589 1288 5661 significatione
1313 5596 1369 5641 et
1407 5594 1725 5641 eteterarum
1756 5581 1869 5650 jam
1900 5594 2056 5648 supe-

400 5710 404 5714 '
474 5691 588 5746 rius
640 5686 841 5741 dictum
894 5691 997 5737 est.
1042 5681 1277 5751 Myrica,
1327 5692 1489 5748 quam
1545 5674 1724 5729 Latini
1762 5682 2054 5727 tamarcem

474 5784 691 5850 Vocant,
721 5795 785 5834 ex
817 5774 1179 5834 amaritudine
1213 5772 1525 5835 nominata;
1554 5776 1743 5839 gustus
1775 5765 1921 5824 enim
1941 5762 2056 5835 ejus

2120 546 2286 600 humo
2326 542 2604 607 nascitur;
2647 555 2714 596 ex
2756 553 2862 609 qua
2898 536 3062 592 etiam
3088 536 3286 589 arbore
3324 530 3589 588 maleﬁcis
3620 544 3723 582 ar-

2120 638 2265 693 tibus
2278 634 2563 700 misethra,
2585 633 2639 689 id
2665 643 2766 696 est,
2782 630 2905 687 odia
2928 626 3193 683 concitari
3215 626 3489 681 dicuntur.
3514 622 3593 677 De
3616 622 3726 676 hac

2120 729 2314 784 arbore
2337 725 2633 781 similitudo
2654 723 2853 780 dicitur
2870 722 2923 776 in
2944 718 3180 775 Jeremia
3193 718 3479 787 propheta,
3495 715 3589 785 qui
3612 712 3725 767 ait:

2121 821 2251 876 Harc
2278 819 2403 873 dicit
2427 817 2685 872 Dominus
2712 829 2729 867 :
2756 812 3071 870 Maledictus
3095 812 3273 876 homo,
3297 808 3387 873 qui
3415 807 3639 875 conﬁdit
3667 806 3732 859 iss

2120 911 2327 966 homine
2350 918 2397 965 et
2422 910 2566 979 ponit
2593 924 2805 963 carnem
2834 904 3108 960 brachium
3133 918 3286 955 suum
3306 942 3319 966 ,
3345 908 3396 955 et
3426 917 3461 955 a
3490 898 3731 953 Domino

2122 1001 2323 1057 recedet
2353 1017 2443 1055 cor
2474 1000 2607 1070 ejus.
2644 996 2762 1052 Erit
2800 997 2939 1051 enim
2970 996 3124 1065 quasi
3159 994 3375 1064 myricis
3406 993 3463 1045 in
3493 991 3727 1052 deserto,

2120 1104 2169 1147 et
2208 1109 2314 1146 non
2355 1091 2545 1146 videbit
2568 1131 2582 1155 ,
2621 1105 2741 1143 cum
2768 1087 2963 1142 venerit
2992 1086 3205 1149 bonum,
3244 1082 3335 1138 sed
3377 1080 3634 1135 habitabit
3670 1080 3732 1132 in

2121 1184 2354 1240 siccitate
2388 1184 2444 1237 in
2469 1183 2672 1236 deserto
2692 1222 2706 1245 ,
2740 1181 2796 1233 in
2822 1188 2963 1233 terra
2995 1177 3280 1247 salsuginis
3307 1184 3356 1228 et
3390 1170 3732 1227 inhabitabili

2124 1274 2257 1347 (Jer.
2310 1275 2466 1345 xvn).
2523 1272 2637 1327 Hoc
2665 1274 2732 1326 de
2767 1269 2965 1340 populo
3016 1269 3217 1323 dicitur
3256 1267 3591 1329 Judzeorum,
3632 1265 3732 1335 qui

2125 1367 2374 1422 habitant
2398 1366 2454 1420 in
2491 1365 2728 1429 deserto,
2756 1360 3074 1431 fructusque
3102 1375 3210 1416 non
3248 1358 3490 1424 faciunt,
3517 1366 3575 1413 et
3602 1364 3737 1412 sunt

2126 1459 2181 1513 in
2228 1468 2374 1514 terra
2421 1455 2709 1525 salsuginis
2737 1494 2751 1520 ,
2807 1469 2928 1523 quae
2965 1451 3142 1507 nullos
3197 1450 3405 1506 fructus
3451 1449 3586 1504 facit
3607 1489 3641 1512 ,.
3676 1459 3735 1501 et

2128 1547 2503 1614 inhabitabili,
2550 1561 2671 1616 quae
2716 1544 2997 1617 hospitem
3030 1558 3138 1597 non
3176 1542 3343 1596 habet
3384 1540 3580 1604 Deum,
3630 1552 3735 1591 nec

2129 1640 2447 1713 angelorum
2493 1638 2767 1710 praesidia,
2823 1652 2926 1691 nec
2968 1634 3205 1704 Spiritus
3258 1633 3433 1688 sancti
3472 1630 3731 1701 gratiam,

2132 1751 2234 1791 nec
2281 1734 2567 1791 scientiam
2608 1731 3014 1801 magistrorum.
3056 1726 3261 1798 Myrtus
3300 1742 3330 1779 a
3376 1724 3517 1779 mari
3566 1722 3732 1783 dicta,

2050 1816 2100 1877 Β
2128 1844 2192 1884 eo
2215 1828 2360 1898 quod
2386 1826 2561 1897 magis
2588 1825 2802 1878 littorea
2832 1822 2995 1877 arbor
3042 1820 3142 1886 sit;
3174 1820 3318 1874 unde
3342 1827 3401 1874 et
3430 1815 3731 1888 Virgilius:

2504 1938 2686 1990 Littora
2706 1939 2877 2000 myrtis
2899 1934 3187 1998 latissima;

2132 2021 2231 2068 et:

2329 2100 2566 2152 Amantes
2587 2098 2750 2150 littora
2773 2103 2964 2160 myrtus.

2134 2208 2273 2263 Hinc
2305 2213 2389 2262 est
2425 2204 2571 2275 quod
2599 2219 2630 2258 a
2661 2202 2867 2258 Graecis
2904 2199 3116 2271 myrine
3153 2197 3371 2252 dicitur.
3400 2196 3737 2250 Medicorum

2135 2308 2317 2354 autem
2331 2297 2453 2351 libri
2471 2297 2609 2351 hanc
2622 2294 2871 2349 arborem
2886 2300 3067 2361 aptam
3085 2290 3331 2359 scribunt
3344 2287 3641 2342 mulierum
3656 2301 3741 2340 ne-

2134 2389 2483 2447 cessitatibus
2500 2387 2780 2457 plurimis;
2814 2395 3023 2455 myrtus
3039 2382 3183 2438 enim
3209 2381 3468 2451 p0pulum
3493 2380 3739 2451 gentium

2135 2483 2426 2556 significat.
2453 2481 2606 2537 Unde
2640 2479 2800 2550 hujus
2833 2476 3045 2532 arboris
3075 2476 3279 2530 mentio
3304 2473 3441 2528 litin
3470 2471 3739 2527 Zacharia

2135 2577 2419 2647 propheta,
2440 2572 2533 2627 ubi
2556 2573 2629 2627 ita
2654 2572 2851 2641 legitur
2876 2589 2887 2624 :
2922 2570 2988 2624 Et
3029 2585 3144 2623 ecce
3170 2569 3248 2622 vir
3269 2565 3561 2620 ascendens
3588 2578 3743 2632 super

2138 2684 2327 2738 equum
2364 2664 2566 2734 rufum,
2604 2672 2652 2716 et
2678 2664 2785 2732 ipse
2816 2661 2985 2716 stabat
3017 2662 3152 2713 inter
3176 2668 3561 2729 myrteta,qua:
3592 2663 3743 2708 erant

2134 2761 2191 2814 in
2234 2757 2518 2829 profundo,
2547 2762 2651 2809 etc.
2683 2751 2871 2824 (Zach.
2905 2751 2967 2821 ι).
2993 2751 3146 2805 Hunc
3167 2749 3347 2803 virum
3388 2747 3606 2802 Hebraei
3648 2743 3744 2799 bli-

2138 2848 2382 2907 chaelem
2412 2845 2797 2917 arebangelum
2844 2850 3057 2914 putant,
3096 2841 3187 2912 qui
3217 2840 3361 2896 ultor
3390 2838 3741 2909 iniquitatum

2137 2950 2193 2998 et
2219 2947 2569 3011 peccatorum
2604 2937 2675 2992 sit
2723 2937 2779 2990 in
2823 2934 3008 2997 Israel,
3042 2941 3096 2989 et
3150 2932 3294 3003 quod
3339 2930 3556 2985 steterit
3602 2928 3744 2982 inter

2137 3040 2391 3104 myrteta,
2417 3044 2538 3100 quae
2562 3034 2718 3084 erant
2748 3027 2802 3081 in
2822 3024 3109 3098 profundo,
3145 3021 3369 3091 intelligi
3393 3019 3584 3074 volunt
3618 3033 3747 3088 pro-

2136 3127 2328 3197 phetas
2352 3134 2408 3177 et
2440 3129 2679 3186 sanctos,
2701 3118 2792 3188 qui
2831 3119 2885 3172 in
2929 3115 3106 3172 medio
3132 3115 3275 3185 capti
3300 3112 3480 3183 populi
3510 3125 3746 3167 conver-

2140 3217 2402 3271 sabantur
2425 3220 2481 3267 et
2505 3218 2665 3266 erant
2688 3210 2743 3263 in
2790 3206 3075 3279 profundo.
3106 3205 3415 3267 Lentiscus,
3446 3202 3591 3272 quod
3616 3216 3747 3257 cus-

2134 3307 2219 3378 pis
2246 3305 2415 3376 ipsius
2445 3303 2623 3359 lentus
2670 3301 2742 3355 sit
2771 3308 2826 3354 et
2852 3298 3031 3353 mollis
3058 3316 3071 3351 :
3101 3312 3226 3351 nam
3256 3295 3461 3351 lentum
3490 3294 3747 3359 dicimus,

2137 3396 2399 3470 quidquid
2424 3391 2661 3450 ﬂexibile
2685 3398 2789 3446 est.
2825 3389 2979 3446 Unde
3018 3396 3074 3443 et
3118 3388 3323 3441 lentum
3350 3384 3531 3439 vimen
3560 3392 3617 3437 et
3662 3384 3748 3435 vi-

2137 3500 2237 3546 tes.
2276 3486 2572 3558 Virgilius:
2604 3493 2651 3540 et
2695 3482 2849 3537 lentae
2896 3482 3046 3543 vites,
3096 3493 3194 3548 pro
3242 3475 3523 3531 ﬂexibiles.
3570 3472 3749 3542 Hujus

2136 3583 2346 3639 fructus
2365 3579 2545 3635 oleum
2575 3574 2818 3638 desudat,
2849 3582 3037 3627 cortex
3082 3569 3344 3630 resinam,
3389 3582 3509 3635 quze
3539 3563 3749 3619 mastix

2139 3674 2460 3747 appellatur,
2492 3667 2647 3740 cujus
2680 3666 2914 3739 plurima
2950 3673 3004 3719 et
3047 3661 3241 3717 melior
3291 3661 3348 3714 in
3377 3657 3512 3714 Chio
3558 3655 3747 3712 Insula

2144 3746 2403 3837 gignitur.
2431 3758 2673 3816 Lentisci
2718 3756 2867 3812 enim
2890 3754 3094 3816 mentio
3118 3760 3201 3807 est
3231 3750 3285 3804 in
3314 3746 3552 3802 Danielis
3578 3746 3749 3810 libro,

2140 3856 2229 3910 ubi
2254 3854 2516 3910 Susanna:
2546 3848 2774 3904 historia
2803 3847 3006 3917 scripta
3036 3854 3151 3901 est:
3181 3853 3237 3899 et
3268 3843 3361 3897 ubi
3386 3842 3454 3897 de
3474 3841 3669 3895 schino
3696 3849 3750 3892 et

2140 3945 2298 4015 prino
2350 3940 2630 4012 responsio
2688 3939 3129 4012 presbyterorum
3185 3934 3503 3989 ostenditur.
3564 3930 3747 3985 Latini

2142 4037 2290 4092 enim
2318 4034 2566 4090 sehiuum
2596 4039 2651 4087 et
2680 4030 2895 4101 prinum
2938 4029 3119 4083 ilicem
3159 4036 3216 4082 et
3248 4025 3530 4080 lentiscum
3576 4022 3751 4077 inter-

2143 4134 2447 4198 pretantur,
2476 4137 2711 4194 quorum
2732 4135 2927 4176 sensus
2954 4120 3025 4174 ibi
3057 4116 3458 4172 manifestatur.
3484 4113 3749 4169 Terebin-

2146 4218 2270 4272 thus
2302 4217 2496 4280 arbor,
2519 4213 2769 4268 Graecum
2817 4226 3041 4275 nomen,
3079 4223 3347 4279 generans
3372 4206 3609 4262 resinam
3636 4220 3750 4258 om-

2145 4310 2294 4365 nium
2321 4307 2624 4362 resinarum
2668 4303 3123 4373 praestantiorem.
3150 4298 3371 4369 Legitur
3396 4309 3451 4352 et
3477 4298 3530 4349 in
3563 4295 3747 4352 Gene-

2146 4416 2286 4464 seos,
2322 4398 2463 4468 quod
2507 4394 2816 4465 patriarcha
2855 4390 3022 4446 Jacob
3062 4396 3360 4445 convocata
3390 4387 3536 4442 omni
3586 4387 3749 4439 domo

2148 4503 2243 4543 sua
2277 4486 2434 4557 juxta
2458 4491 2789 4555 praeceptum
2833 4480 3047 4535 Domini
3096 4478 3294 4532 dixerit
3333 4478 3397 4531 ad
3427 4492 3562 4531 eos:
3605 4477 3752 4545 Abji-

2150 4578 2248 4629 cite
2284 4575 2420 4628 Deos
2444 4572 2666 4637 alienos,
2688 4571 2777 4641 qui
2824 4570 2881 4623 in
2908 4569 3080 4623 medio
3120 4569 3273 4621 vestri
3303 4575 3424 4620 sunt
3450 4581 3467 4617 :
3516 4575 3563 4618 et
3593 4581 3747 4618 mun-

2153 4668 2353 4723 damini
2405 4682 2466 4719 ac
2501 4674 2699 4717 mutate
2735 4663 3039 4715 vestimenta
3086 4670 3291 4713 vestra:
3320 4660 3547 4728 surgite,
3589 4669 3637 4711 et
3670 4676 3752 4711 as-

2155 4757 2439 4811 cendamus
2487 4756 2541 4808 in
2573 4752 2752 4807 Bethel
2786 4762 2844 4806 ut
2884 4751 3142 4820 faciamus
3172 4749 3245 4802 ibi
3276 4748 3445 4801 altare
3492 4748 3748 4811 Domino,

2154 4849 2242 4918 qui
2270 4847 2537 4901 exaudivit
2566 4856 2646 4898 nte
2686 4844 2741 4901 in
2789 4843 2872 4896 die
2902 4839 3259 4894 tribulationis
3285 4855 3438 4903 metu,
3461 4846 3508 4891 et
3540 4837 3639 4905 fuit
3672 4855 3753 4890 so-

2155 4941 2266 4994 cius
2304 4922 2505 4993 itineris
2538 4936 2658 4989 mei.
2700 4933 2967 4987 Dederunt
3013 4948 3133 5001 ergo
3184 4929 3230 4982 ei
3256 4945 3435 4982 omnes
3466 4928 3601 4981 Deos
3627 4927 3752 4979 alie-

2156 5048 2269 5096 nos,
2302 5047 2431 5100 quos
2462 5027 2741 5090 habebant,
2770 5033 2819 5079 et
2858 5024 3069 5077 inaures
3097 5061 3111 5085 ,
3159 5036 3276 5089 quo:
3307 5029 3456 5072 erant
3508 5019 3562 5071 in
3610 5020 3754 5069 auri—

2156 5122 2250 5176 bus
2275 5137 2475 5175 eorum.
2504 5118 2673 5172 Atille
2701 5115 2889 5185 infodit
2918 5131 3005 5168 eas
3032 5114 3210 5167 subter
3235 5112 3602 5173 terebinthum,
3638 5126 3753 5179 qua:

2154 5222 2231 5268 est
2278 5222 2393 5284 post
2442 5212 2618 5265 urbem
2655 5208 2862 5264 Sic/tem
2898 5202 3049 5278 (Gen.
3082 5204 3283 5274 xxxv);
3312 5203 3457 5274 quod
3485 5200 3754 5272 signiﬁcat

2154 5304 2440 5361 ecclesiam
2468 5302 2653 5359 omnia
2706 5298 2997 5354 simulacra
3034 5295 3316 5368 gentilium
3370 5292 3643 5361 abjieere,
3703 5301 3755 5345 ct

2155 5409 2430 5471 perpetua:
2470 5396 2728 5454 oblivioni
2755 5393 3061 5449 damnando
3097 5391 3189 5446 illa
3213 5388 3449 5451 tradere,
3483 5396 3545 5441 ut
3586 5386 3755 5440 solius

2154 5502 2209 5547 et
2229 5492 2389 5547 unius
2420 5490 2533 5545 veri
2562 5487 2658 5541 Dei
2688 5485 2866 5541 cultus
2900 5484 3097 5551 ubique
3144 5478 3374 5534 celebris
3425 5476 3541 5531 ﬁat.
3591 5475 3756 5530 Tem-

2156 5581 2378 5635 binthus
2407 5576 2603 5641 sancti,
2622 5583 2681 5629 ut
2704 5576 2760 5629 in
2787 5574 2921 5629 Isaia
2950 5591 2961 5626 :
3006 5571 3070 5624 Et
3098 5570 3194 5623 erit
3219 5568 3277 5620 in
3296 5568 3591 5621 ostensione
3616 5566 3756 5619 sicut

2158 5670 2476 5726 terebinthus
2517 5666 2652 5739 (lsa.
2684 5666 2780 5737 vt).
2816 5663 2968 5719 Sicut
3006 5662 3058 5715 in
3104 5659 3266 5713 aliam
3320 5667 3555 5727 partem,
3587 5664 3646 5709 ut
3699 5654 3752 5704 in

2159 5764 2297 5822 Osee
2329 5782 2342 5818 :
2372 5762 2569 5819 Subtus
2622 5758 2869 5831 papulum
2930 5764 2977 5809 et
3025 5752 3396 5815 terebinthum,
3447 5748 3571 5818 quia
3617 5745 3754 5799 bona
