3922 6336
137 379 228 435 Sil

1104 379 1192 435 DE
1232 370 1578 434 UNIVERSO
1619 368 1795 423 LIBRI
1835 366 1995 422 XXII.
2035 397 2107 409 —
2144 366 2271 423 LIB.
2318 364 2454 423 XIX.

3314 362 3423 420 522

142 500 247 543 erat
275 489 468 543 umbra
495 488 611 558 ejus
640 486 784 559 (Ose.
810 487 904 560 tv).
933 487 1117 543 Buxus
1132 487 1381 542 Graecum
1409 498 1606 538 nomen
1630 489 1731 544 est,
1765 486 1804 543 Λ
1836 488 2082 548 pungunt
2107 477 2308 532 illicitis
2335 475 2618 532 desideriis
2667 484 2906 531 mentem
2936 474 3247 539 humanam,
3273 482 3328 528 et
3352 472 3422 528 ad

144 594 207 636 ex
232 589 388 648 parte
411 596 444 633 a
468 580 682 635 Latinis
708 588 1016 649 corruptum
1043 598 1055 633 :
1080 592 1249 650 pyxos
1269 578 1413 631 enim
1439 573 1739 645 appellatur

147 671 285 741 apud
307 686 422 734 eos,
465 672 631 727 arbor
659 686 873 742 semper
892 671 1075 726 virens
1099 710 1114 736 ,
1140 679 1195 726 et
1233 670 1456 726 lenitate
1499 666 1740 722 materiae

148 762 541 819 elementorum
589 765 829 833 apicibus
882 772 1027 833 apta.
1064 764 1217 821 Unde
1254 773 1308 819 et
1344 762 1627 833 Scriptura
1655 762 1739 816 di-

147 853 258 907 cit:
293 852 477 909 Scribe
500 854 673 919 buxo,
726 862 775 908 et
812 852 1090 925 diligenter
1114 855 1167 908 in
1215 854 1347 906 libro
1395 868 1558 906 exara
1606 850 1740 904 illud

148 942 286 1014 (Isa.
320 946 477 1008 xxx).
504 944 688 1000 Buxus
713 952 892 999 autem
918 943 1069 999 lenes
1093 944 1149 999 in
1176 944 1419 999 Ecclesia
1449 940 1739 1011 signiﬁcat,

147 1033 241 1105 qui
270 1032 401 1091 licet
429 1034 637 1091 fructus
662 1035 936 1107 spiritales
982 1036 1204 1090 minime
1240 1036 1507 1101 habeant,
1559 1039 1740 1086 tamen

147 1137 413 1198 perpetua
446 1128 571 1183 ﬁdei
598 1128 935 1183 confessione
972 1128 1186 1185 virent:
1219 1126 1359 1199 unde
1390 1132 1473 1180 est
1516 1121 1645 1177 illud
1688 1121 1743 1175 in

148 1216 291 1273 Isaia
320 1236 332 1271 :
365 1218 518 1271 Abies
546 1227 594 1271 et
625 1217 793 1271 buxus
833 1226 881 1271 et
912 1217 1066 1287 pinus
1104 1215 1237 1285 (Isa.
1274 1214 1385 1287 LX).
1414 1212 1633 1267 Arundo
1664 1210 1745 1266 di-

148 1319 262 1374 cta,
297 1311 441 1380 quod
465 1310 574 1382 cito
598 1319 810 1365 arescat
838 1328 849 1363 :
895 1310 1035 1364 hanc
1070 1317 1283 1363 veteres
1313 1320 1541 1361 cannam
1585 1318 1745 1358 voca-

149 1410 373 1467 verunt,
403 1400 722 1455 arundinem
777 1408 971 1471 postea
1020 1399 1196 1454 Varro
1247 1398 1401 1452 dixit.
1454 1394 1745 1450 Sciendum

148 1506 307 1556 sane,
348 1492 491 1561 quod
511 1490 762 1545 Latinum
786 1505 961 1545 canna
985 1489 1051 1544 de
1086 1488 1266 1559 lingua
1294 1487 1521 1543 Hebraea
1550 1498 1747 1540 nomen

147 1581 427 1650 sumpsit:
467 1581 610 1649 apud
650 1594 743 1634 eos
802 1579 948 1633 enim
1012 1579 1253 1633 calamus
1300 1591 1477 1632 canna
1524 1574 1744 1630 dicitur.

145 1671 381 1728 Arundo
402 1680 582 1727 autem
596 1670 865 1742 signiﬁcat
887 1670 1300 1726 mutabilitatem
1328 1670 1576 1724 humana:
1598 1681 1747 1721 men-

1839 569 2169 639 peccandum
2210 578 2527 637 provocant.
2562 566 2769 622 Tribuli
2804 581 2935 621 vero
2965 564 3135 620 aculei
3170 564 3426 621 vitiorum

1840 662 1924 716 vel
1972 662 2330 717 tentationum
2374 660 2770 732 intelliguntur,
2817 668 2876 713 ut
2923 667 3008 715 cst
3052 658 3182 714 illud
3228 659 3281 712 in
3327 658 3428 713 Ge-

1844 757 1959 812 nesi
1986 775 1998 810 :
2034 755 2229 823 Spinas
2260 764 2309 809 et
2337 754 2555 808 tribulos
2589 753 2901 825 geminabit
2931 753 3021 805 tibi
3052 749 3204 823 (Gen.
3238 751 3342 823 tu).
3367 751 3434 806 Et

1843 850 1897 904 in
1930 849 2236 918 propheta:
2272 845 2554 901 Peccatum
2582 888 2597 913 ,
2645 847 2839 915 inquit,
2863 845 3035 899 Israel
3058 844 3213 913 lappa
3254 854 3301 899 et
3342 844 3435 897 tri-

1846 916 1998 991 bului
2031 916 2175 1007 (Ose.
2210 937 2286 1008 χ).
2318 936 2523 1005 Vepres
2569 936 2770 991 ablatio
2797 944 3145 1005 peccatorum
3176 936 3229 989 in
3256 934 3432 989 Isaia:

1847 1028 2039 1085 Omnes
2074 1040 2269 1085 montes
2299 1070 2315 1096 ,
2350 1032 2436 1101 qui
2468 1031 2525 1083 in
2553 1029 2763 1084 sarculo
2788 1031 3101 1095 sarrientur,
3145 1046 3247 1082 non
3272 1032 3437 1083 veniet

1845 1118 1973 1173 illuc
2008 1130 2176 1173 terror
2218 1120 2450 1189 veprium
2499 1129 2547 1174 et
2598 1105 2868 1189 spinarum
2920 1119 3055 1190 (Isa.
3085 1121 3203 1191 vn).
3239 1121 3438 1177 Urtica:

1845 1204 2068 1278 prurigo
2092 1209 2317 1263 luxuriae
2347 1211 2400 1263 in
2429 1211 2567 1265 Isaia
2591 1230 2603 1265 :
2624 1209 2875 1264 Orientur
2894 1212 2950 1264 in
2972 1210 3212 1265 domibus
3236 1228 3439 1276 eorum,

1847 1301 1952 1356 hoc
1976 1310 2089 1365 est,
2135 1302 2189 1355 in
2226 1302 2480 1356 cordibus
2526 1303 2903 1371 reproborum,
2950 1302 3113 1372 spina:
3161 1312 3209 1356 et
3260 1304 3439 1356 urtica:

1850 1390 1985 1461 (Isa.
2015 1391 2225 1463 xxxiv).
2252 1389 2501 1446 Oleaster
2535 1392 2712 1446 dictus
2741 1432 2755 1457 ,
2809 1393 2951 1461 quod
2996 1393 3067 1447 sit
3118 1392 3262 1448 foliis
3288 1392 3444 1448 olivas

1853 1482 2143 1547 similibus,
2172 1483 2266 1536 sed
2296 1482 2580 1537 latioribus
2610 1500 2621 1536 :
2655 1483 2818 1537 arbor
2845 1482 3131 1547 silvestris,
3156 1499 3339 1537 amara
3368 1494 3442 1537 at-

1850 1590 1956 1645 que
1980 1574 2317 1629 infructuosa
2344 1588 2359 1627 :
2397 1575 2483 1628 cui
2508 1575 2744 1631 insertus
2772 1576 2929 1649 olivae
2973 1592 3156 1632 ramus
3182 1578 3292 1631 vim
3321 1594 3446 1632 mu-

1850 1675 1931 1721 tat
1958 1665 2176 1732 radicis,
2206 1674 2262 1722 et
2308 1665 2469 1720 vertit
2511 1680 2634 1719 eam
2672 1666 2729 1721 in
2778 1667 3053 1736 propriam
3102 1668 3442 1737 qualitatem.

148 1764 241 1819 tis.
278 1762 439 1819 Unde
468 1762 728 1818 Dominus
754 1762 885 1817 dicit
905 1762 972 1818 de
995 1760 1204 1816 Joanne
1230 1761 1297 1817 ad
1321 1757 1573 1815 Iudaeos:
1607 1756 1747 1823 Quid
1852 1762 2119 1833 Laeryma
2150 1759 2373 1815 oleastri
2418 1760 2632 1815 arboris
2668 1759 2886 1829 duplex.
2920 1759 3035 1814 Alia
3064 1761 3209 1814 enim
3243 1762 3445 1830 gummi

145 1856 336 1911 existis
386 1856 444 1909 in
499 1855 761 1911 desertum
810 1852 1024 1908 videre?
1050 1851 1361 1905 arundinea:
1389 1858 1537 1904 vento
1582 1849 1751 1919 agita-
1780 1845 1828 1905 B
1857 1855 2073 1910 simulat
2098 1854 2217 1911 sine
2245 1853 2356 1909 ullo
2384 1853 2664 1923 qualitatis
2716 1868 2902 1908 morsu
2927 1873 2939 1908 :
2974 1855 3078 1910 alia
3120 1854 3448 1909 ammoniaci

146 1948 307 2003 tam?
347 1946 565 2025 (Matth.
598 1945 699 2018 ιι.)
723 1945 831 2001 Sed
852 1943 1089 2001 Joannes
1115 1942 1322 1998 arundo
1344 1949 1507 1997 vento
1549 1939 1751 2011 agitata
1854 1954 2062 2015 guttam
2099 1960 2168 1999 ex
2215 1943 2567 1998 distillatione
2597 1944 2879 1999 collectam
2923 1960 2987 1999 ac
3026 1945 3447 2000 remordentem.

146 2054 263 2096 non
312 2048 471 2095 erat:
511 2039 604 2108 qui
650 2049 929 2107 nunquam
981 2036 1038 2091 in
1072 2035 1301 2090 alteram
1349 2042 1561 2105 partem
1606 2031 1751 2086 ﬂecti

144 2139 392 2203 poterat,
424 2141 479 2187 et
506 2146 607 2186 nec
635 2130 884 2185 laudibus
912 2128 1067 2185 vanis
1107 2127 1339 2193 favebat,
1373 2140 1475 2181 nec
1508 2124 1752 2181 adversi-

149 2222 363 2279 tatibus
384 2223 633 2278 cedebat.
662 2221 883 2276 Arundo
908 2234 1075 2276 aurea
1105 2216 1537 2274 incarnationem
1561 2214 1751 2270 Salva-

148 2314 291 2371 toris
316 2313 609 2386 signiﬁcat,
635 2314 750 2370 sive
777 2313 1013 2369 divinam
1044 2309 1401 2381 Scripturam,
1430 2315 1491 2363 ut
1512 2306 1567 2361 in
1602 2305 1750 2374 Apo-

148 2404 365 2474 calypsi
396 2422 409 2458 :
445 2402 510 2457 Et
537 2403 593 2457 in
614 2419 774 2457 manu
805 2402 919 2472 ejus
945 2400 1151 2457 arundo
1198 2416 1361 2453 aurea
1382 2397 1566 2469 (Apoc.
1610 2398 1748 2467 xxx).

148 2496 288 2551 Item
314 2495 561 2550 calamus
580 2493 892 2564 praedicatio
917 2500 1232 2548 sanctorum
1252 2498 1357 2554 est,
1384 2497 1445 2543 ut
1488 2488 1544 2542 in
1565 2487 1702 2543 Isaia
1734 2503 1749 2541 :

152 2583 381 2640 Orietur
410 2586 549 2639 uiror
568 2584 759 2639 calami
789 2593 837 2638 et
866 2582 1020 2654 junci
1050 2580 1184 2652 (Isa.
1225 2582 1415 2645 xxxv).
1442 2577 1649 2639 Iuncus
1697 2578 1756 2633 Ii-

151 2676 295 2733 deIis
322 2686 409 2733 est
436 2678 489 2731 in
532 2677 777 2733 Ecclesia
802 2676 957 2745 juxta
996 2675 1196 2730 ﬂuenta
1225 2673 1421 2729 divinae
1447 2672 1581 2745 legis
1608 2688 1753 2728 sem-

153 2782 257 2839 per
280 2783 529 2832 norans,
559 2768 693 2823 utin
721 2766 822 2824 Job
846 2786 859 2823 :
893 2766 1147 2837 Nunquid
1173 2766 1341 2820 vivere
1360 2772 1525 2835 potest
1551 2765 1755 2832 scirpus

155 2861 359 2929 absque
403 2860 664 2913 humore?
708 2868 799 2913 aut
857 2860 1039 2913 crescit
1089 2868 1353 2913 carectum
1408 2859 1519 2912 sine
1578 2857 1757 2927 aqua?

154 2948 306 3022 (Job.
336 2949 481 3021 vin.)
511 2949 758 3005 Paliurus
786 2950 955 3005 herba
981 2948 1277 3018 asperrima
1302 2947 1623 3018 etspinosa.
1652 2946 1757 3001 I’a-

154 3040 338 3097 liurus
386 3049 471 3096 est
517 3040 761 3098 defensio
798 3042 1007 3112 peccati
1046 3040 1161 3095 sive
1206 3041 1489 3110 impuritas
1538 3039 1756 3094 mentis.

157 3130 323 3189 Unde
354 3132 409 3187 in
441 3131 616 3186 Isaia:
648 3131 719 3186 Et
743 3132 985 3202 paliurus
1014 3132 1069 3185 in
1094 3132 1473 3186 munitionibus
1494 3132 1628 3201 ejus.
1657 3130 1761 3197 Qui

1854 2034 2004 2099 Oliva
2030 2035 2220 2091 Graece
2248 2036 2419 2092 elaios
2447 2036 2670 2104 dicitur,
2719 2052 2786 2092 ex
2818 2052 2926 2107 quo
2976 2036 3031 2091 in
3060 2036 3313 2092 Latinum
3343 2048 3453 2092 tra.

1853 2136 2001 2183 ctum
2028 2136 2131 2194 est,
2161 2136 2222 2181 ut
2263 2127 2408 2183 oliva
2447 2128 2700 2183 dicatur:
2730 2127 2848 2197 olea
2896 2134 3077 2184 autem
3127 2128 3241 2197 ipsa
3292 2113 3454 2184 arbor

1853 2225 1935 2272 est
1966 2236 1978 2270 :
2016 2215 2398 2298 fructusoliva
2428 2234 2442 2273 :
2474 2234 2667 2275 succus
2715 2219 2896 2275 oleum
2933 2228 3037 2273 est.
3084 2218 3263 2276 Arbor
3300 2219 3455 2290 pacis

1855 2308 2083 2377 insignis
2120 2307 2403 2381 [insigne],
2436 2308 2594 2377 cujus
2633 2309 2842 2365 fructus
2864 2310 3115 2366 diversis
3142 2311 3454 2368 nominibus

1857 2397 2177 2467 appellatur.
2207 2397 2452 2454 Oleaster
2491 2408 2673 2454 autem
2700 2398 3033 2456 infructuosa
3067 2400 3231 2456 arbor
3280 2402 3450 2473 signi-

1856 2489 1983 2544 ﬁcat
2010 2490 2257 2561 gentiles,
2306 2490 2398 2559 qui
2421 2491 2660 2560 quandiu
2689 2493 2807 2547 sine
2850 2490 3067 2549 Christo
3094 2504 3289 2559 erant,
3338 2494 3454 2551 fru-

1858 2588 2005 2633 ctum
2031 2589 2193 2634 recta:
2215 2580 2338 2635 ﬁdei
2362 2589 2417 2635 et
2437 2580 2704 2635 bonorum
2727 2596 2952 2651 operum
2981 2582 3199 2652 gignere
3226 2600 3335 2639 non
3360 2602 3455 2655 po-

1860 2678 2041 2724 terant
2068 2686 2081 2722 :
2117 2678 2405 2740 postquam
2438 2679 2619 2725 autem
2652 2670 2721 2725 ab
2763 2685 2948 2725 errore
2972 2680 3186 2728 vetusto
3237 2673 3455 2743 abscisi,

1861 2761 1929 2815 ad
1952 2760 2153 2817 Christi
2184 2760 2343 2816 ﬁdem
2368 2762 2614 2817 conversi
2634 2770 2778 2828 sunt,
2822 2762 2990 2818 radici
3019 2765 3455 2834 patriarcharum

1860 2861 1913 2907 et
1956 2854 2343 2922 prophetarum
2368 2855 2616 2925 protinus
2662 2854 3045 2931 inserti‘sunt,
3092 2868 3148 2913 et
3175 2858 3302 2915 facti
3332 2872 3460 2917 sunt

1861 2944 1991 3002 socii
2021 2948 2222 3002 radicis
2252 2956 2308 3002 et
2336 2949 2680 3019 pinguedinis
2702 2949 2857 3003 oliva:
2882 2964 2896 3003 :
2934 2951 3000 3005 de
3029 2967 3133 3021 quo
3168 2953 3459 3023 Apostolus

1861 3037 1929 3092 ad
1956 3037 2230 3093 Romanos
2261 3038 2504 3092 scribens
2536 3035 2709 3107 (Rom.
2744 3037 2844 3109 XI),
2872 3038 3147 3111 eleganter
3199 3043 3459 3112 disputat,

1862 3135 1917 3183 et
1944 3126 2213 3197 Propheta
2257 3128 2323 3182 de
2354 3127 2559 3182 Christi
2590 3142 2819 3198 corpore
2838 3168 2851 3193 ,
2905 3130 3048 3199 quod
3076 3139 3160 3186 est
3187 3130 3457 3201 Ecclesia,

158 3234 339 3280 rectus
373 3234 450 3277 est
474 3224 529 3277 in
556 3223 630 3277 eis
653 3224 789 3276 sicut
813 3222 1075 3291 paliurus,
1101 3233 1149 3277 et
1177 3222 1311 3276 sicut
1350 3224 1515 3291 spinte
1538 3221 1601 3274 de
1643 3237 1761 3290 sepe
1787 3192 1834 3253 Ο
1866 3235 2068 3276 canens
2097 3222 2151 3276 in
2182 3221 2445 3275 Psalterio
2474 3221 2578 3274 ait:
2612 3219 2727 3291 Ego
2752 3238 2868 3275 sum
2911 3223 3047 3275 sicut
3098 3224 3233 3278 oliva
3268 3226 3456 3294 fructi-

160 3309 308 3384 (Isa.
341 3326 544 3376 xxxrv;
587 3309 751 3365 Mich.
805 3310 923 3379 vn).
963 3311 1247 3365 Rhamnus
1276 3325 1446 3379 genus
1486 3318 1569 3365 est
1618 3311 1761 3376 rubi,

158 3416 330 3473 quam
376 3402 570 3472 vulgus
616 3400 877 3456 senticem
904 3401 1147 3455 ursinam
1190 3400 1458 3471 appellat,
1508 3416 1763 3469 asperum

158 3492 331 3547 nimis
362 3499 417 3545 et
446 3490 764 3561 spinosum:
798 3490 977 3545 sentix
1023 3490 1168 3545 dicta
1210 3506 1240 3545 a
1287 3491 1393 3545 situ
1422 3530 1437 3555 ,
1485 3490 1631 3560 quod
1681 3499 1766 3545 est

159 3590 313 3637 terra
350 3581 577 3648 inculta,
610 3581 665 3636 in
708 3596 812 3651 qua
846 3582 1079 3637 sentices
1124 3581 1398 3651 spinteque
1442 3590 1759 3637 nascuntur.

161 3672 403 3741 Maiores
467 3680 645 3727 autem
695 3672 867 3727 nOStri
911 3686 1127 3727 omnem
1179 3672 1427 3725 arborem
1489 3672 1763 3740 spinosam

158 3779 390 3835 veprem
415 3765 685 3830 dicebant,
711 3764 853 3833 quod
878 3765 927 3817 vi
953 3765 1219 3834 prendat:
1254 3765 1318 3819 de
1342 3765 1569 3819 rhamno
1600 3764 1767 3834 igitur

161 3857 240 3911 ita
271 3858 326 3911 in
354 3856 574 3913 Psalmo
614 3856 811 3927 legitur
847 3874 861 3909 :
905 3854 1224 3927 Priusquam
1268 3857 1559 3927 producant
1602 3857 1768 3927 spina:

160 3956 352 4001 vestra:
395 3948 666 4011 rhamnos,
690 3946 825 4000 sicut
848 3948 1093 4013 viventes,
1120 3949 1195 4000 sic
1218 3948 1274 3999 in
1302 3948 1382 3999 ira
1413 3947 1653 4000 absorbet
1679 3963 1764 4000 eos

162 4038 343 4109 (Psal.
387 4037 543 4108 Lvtt).
595 4038 736 4109 Ergo
773 4039 1053 4103 rhamnus,
1096 4048 1154 4091 ut
1184 4039 1447 4101 diximus,
1488 4038 1766 4106 spinarum

160 4144 341 4199 genus
371 4135 451 4182 est
484 4128 891 4196 permolestum,
920 4128 1062 4196 quod
1111 4127 1261 4197 prius
1294 4127 1349 4179 in
1380 4126 1604 4181 herbam
1636 4126 1767 4181 mol-

160 4219 439 4274 Iissimam
466 4218 747 4287 pubescit:
780 4218 875 4271 sed
890 4217 976 4271 ubi
996 4216 1174 4271 adulta
1202 4225 1361 4271 aetate
1385 4217 1767 4280 coaluerit,ra-

158 4308 451 4366 musculos
476 4309 725 4378 producit
750 4309 1108 4374 acuminatos,
1138 4318 1434 4377 posteaque
1462 4306 1578 4375 ejus
1607 4306 1768 4362 sudes

158 4400 472 4455 durescunt
497 4398 552 4453 in
576 4400 831 4453 arborum
869 4399 1202 4453 ﬁrmitatem.
1240 4398 1356 4454 Hoc
1376 4412 1521 4480 'ergo
1570 4397 1768 4453 Judaais

156 4504 417 4561 praesens
434 4489 703 4544 sententia
721 4489 1100 4553 connninatur,
1118 4488 1259 4558 quod
1278 4488 1427 4557 prius
1441 4488 1771 4542 absorbean-

158 4590 277 4645 tur,
301 4594 475 4650 quam
524 4578 682 4649 longa
716 4586 875 4632 tctate
904 4592 1092 4631 eorum
1143 4578 1351 4631 malitia
1380 4577 1724 4655 convalescat
1753 4596 1765 4632 :

155 4674 311 4727 sicut
333 4679 395 4726 et
424 4671 480 4724 in
507 4668 613 4724 alio
649 4669 767 4725 loco
798 4670 863 4723 de
890 4668 1084 4723 talibus
1128 4668 1365 4724 dicitur:
1418 4668 1525 4723 Viri
1556 4672 1769 4741 sangui-

1794 4538 1847 4596 D

1868 3311 1982 3381 fera
2018 3313 2073 3366 in
2119 3311 2272 3365 domo
2307 3310 2561 3365 Domini:
2606 3313 2807 3382 speravi
2860 3314 2917 3367 in
2948 3316 3306 3372 misericordia
3362 3318 3462 3375 Dei

1866 3404 1968 3457 mei
2014 3405 2069 3457 iu
2120 3406 2413 3471 azternum,
2460 3414 2507 3459 et
2543 3406 2597 3459 in
2627 3404 2879 3461 steculum
2910 3407 3091 3462 saeculi
3137 3407 3310 3481 (Psal.
3360 3412 3457 3481 LI).

1867 3490 2055 3547 Oleum
2084 3494 2228 3547 enim
2258 3494 2547 3563 aliquando
2577 3495 2808 3565 gratiam
2834 3494 3067 3573 Spiritus
3093 3498 3265 3553 sancti
3293 3500 3461 3569 signi-

1867 3582 2032 3637 ﬁcat:
2070 3582 2359 3650 aliquando
2386 3584 2733 3649 charitatem,
2760 3592 2814 3637 et
2841 3584 3126 3654 aliquando
3149 3587 3460 3643 misericor-

1869 3673 2034 3739 diam,
2060 3681 2115 3728 et
2143 3688 2173 3728 e
2205 3674 2479 3729 contrario
2499 3675 2659 3727 aliam
2684 3674 3134 3745 signiﬁcationem
3156 3677 3340 3742 habet,
3366 3679 3456 3732 ubi

1868 3766 2153 3821 Psalmista
2180 3768 2255 3821 ait
2281 3786 2292 3819 :
2321 3766 2508 3821 Oleum
2532 3776 2707 3821 autem
2728 3769 3016 3837 peccatoris
3050 3785 3153 3823 non
3172 3770 3460 3841 impinguet

1870 3872 2025 3926 caput
2050 3872 2223 3910 meum
2256 3854 2425 3926 (Psal.
2459 3854 2604 3926 exn).
2637 3855 2737 3910 Est
2784 3856 2929 3911 enim
2960 3856 3135 3911 oleum
3178 3858 3231 3913 in
3261 3859 3460 3918 bonam

1868 3953 2080 4013 partem
2136 3959 2299 3999 causa
2350 3945 2670 4013 splendoris,
2712 3945 2965 4013 pabulum
3015 3946 3262 4010 luminis,
3316 3963 3456 4017 pra:-

1870 4044 2023 4090 stans
2051 4036 2278 4091 nitorem
2307 4037 2511 4105 pariter
2532 4046 2586 4091 et
2611 4036 2859 4092 salutem.
2890 4037 2946 4091 In
2977 4038 3173 4092 malam
3196 4055 3323 4095 vero
3342 4056 3461 4110 par-

1870 4136 1981 4183 tem
2010 4128 2174 4193 (sicut
2199 4117 2289 4182 hic
2314 4129 2554 4199 ponitur)
2580 4128 2758 4184 oleum
2800 4131 3101 4199 peccatoris
3137 4138 3219 4186 est
3247 4132 3463 4188 dilectio

1872 4218 2143 4284 simulata,
2176 4221 2573 4290 Verborumque
2597 4221 2997 4276 adulationibus
3026 4231 3078 4276 et
3126 4222 3461 4279 blandimen-

1873 4294 1939 4360 lis
1970 4308 2185 4361 nostras
2214 4316 2444 4375 mentes,
2474 4310 2617 4363 velut
2657 4309 2761 4364 olei
2788 4310 3092 4379 pinguedo,
3138 4300 3332 4368 leniter
3379 4300 3462 4368 in-

1871 4400 2120 4469 gediens
2169 4401 2405 4470 rigorem
2452 4402 2697 4456 veritatis
2721 4386 2947 4466 emollit,
2980 4411 3034 4456 et
3059 4403 3127 4459 ad
3155 4406 3344 4462 noxias
3366 4422 3461 4463 co-

1873 4490 2161 4558 gitationes
2203 4491 2406 4550 amoris
2443 4490 2554 4545 ﬁcti
2591 4493 2769 4561 potius
2795 4494 3158 4549 ostentatione
3194 4497 3458 4565 perducit.

1876 4578 2027 4635 Oliva
2058 4579 2307 4635 Christus
2334 4581 2385 4634 in
2413 4581 2652 4636 Ecclesia
2681 4600 2693 4634 :
2728 4582 2869 4636 unde
2895 4590 2949 4636 et
2976 4583 3029 4636 in
3081 4583 3461 4641 Ecclesiastico

1874 4672 2111 4741 legitur:
2146 4670 2292 4726 Sicut
2333 4673 2519 4725 olivam
2570 4674 2857 4743 speciosam
2898 4673 3227 4744 fructiferam
3261 4679 3461 4730 vocavit

156 4780 293 4818 num
314 4772 367 4817 et
384 4760 554 4815 dolosi
567 4761 1035 4815 nondimidiabunt
1050 4761 1160 4816 dies
1178 4778 1301 4816 suos
1326 4761 1501 4833 (Psal.
1526 4764 1657 4833 LIV).
1679 4762 1773 4817 Se-
1873 4764 2132 4819 Dominus
2160 4781 2345 4819 nomen
2372 4776 2517 4819 tuum
2555 4765 2745 4837 (Eccli.
2774 4768 2943 4838 xxw).
2996 4767 3061 4821 Et
3089 4777 3210 4837 post
3239 4784 3411 4838 pauca
3443 4788 3456 4824 :

154 4856 361 4927 quitur
385 4852 637 4909 celeritas
656 4853 977 4922 perditionis
1000 4869 1187 4908 eorum
1212 4871 1224 4906 :
1258 4853 1408 4909 Sicut
1433 4856 1671 4921 viventes,
1694 4856 1770 4909 sic

152 4946 215 5001 in
237 4946 333 4998 ira
359 4942 599 4997 absorbet
624 4958 709 4997 eos
748 4942 923 5012 (Lvu).
953 4941 1102 4996 Bene
1129 4942 1266 4996 dixit
1294 4983 1309 5007 ,
1351 4944 1483 4996 sicut
1508 4944 1725 4997 viventes
1749 4956 1767 4994 .·

155 5037 297 5108 quia
310 5036 501 5090 vivere
522 5034 791 5099 videntur,
806 5044 861 5089 et
882 5017 1077 5088 mortui
1100 5042 1253 5087 sunt:
1281 5034 1458 5088 omnis
1478 5034 1619 5087 enim
1644 5048 1770 5103 pec-

157 5139 329 5185 cator
374 5126 431 5180 in
472 5125 742 5193 pravitate
780 5126 982 5195 degens
1013 5124 1227 5179 veritati
1278 5125 1525 5178 moritur.
1578 5123 1774 5193 Spinas

159 5223 320 5277 enim
351 5216 572 5274 divitias
605 5225 661 5269 et
688 5216 1075 5272 sollicitudines
1110 5216 1398 5271 saeculares
1432 5218 1547 5286 ipse
1586 5218 1771 5272 Domi-

159 5327 295 5377 nus,
314 5324 446 5365 cum
468 5308 805 5378 exposuisset
817 5309 1131 5376 parabolam
1147 5310 1427 5373 sementis,
1451 5311 1769 5379 interpreta-

162 5414 260 5457 tur
287 5397 677 5469 inEvangelio,
698 5398 918 5453 dicens:
944 5398 1097 5464 Quod
1120 5411 1293 5455 autem
1310 5402 1363 5454 in
1378 5402 1539 5471 spinis
1563 5404 1767 5466 cecidit,

162 5495 221 5547 hi
254 5501 412 5555 sunt,
442 5490 532 5560 qui
566 5489 843 5543 audierunt
876 5488 1176 5555 verbum,et
1204 5508 1237 5543 a
1257 5490 1696 5545 sollicitudinibus
1723 5502 1769 5546 et

162 5582 377 5637 divitiis
403 5590 450 5634 et
482 5579 825 5649 voluptatibus
855 5580 976 5632 vita:
1010 5590 1187 5633 euntes
1228 5581 1553 5649 suﬁ‘ocantur
1587 5592 1633 5635 et
1667 5599 1771 5636 non

165 5674 418 5741 referunt
454 5671 683 5739 fructum
735 5667 886 5740 (Luc.
919 5670 1059 5739 vin).
1092 5669 1355 5725 Similiter
1398 5672 1564 5740 spinae
1614 5671 1771 5741 juxta

168 5761 501 5833 allegoriam
526 5760 780 5815 vitiorum
822 5760 1008 5814 sordes
1042 5762 1349 5833 exprimere
1375 5773 1622 5835 possunt,
1652 5780 1773 5835 qua:

634 5854 905 5913 Ps'rnoL.
946 5854 1106 5916 CXI.

1875 4854 2089 4908 Exarsit
2118 4856 2252 4924 ignis
2278 4856 2334 4908 in
2377 4873 2458 4908 ea.
2491 4856 2677 4910 Oleum
2703 4858 2873 4925 gratia
2914 4856 3148 4925 Spiritus
3185 4860 3357 4913 sancti
3403 4860 3460 4913 in

1877 4944 2296 5000 Deuteronomio
2323 4962 2335 4998 :
2368 4944 2631 4999 Suxerunt
2680 4946 2779 4999 mel
2809 4947 2872 5000 de
2907 4957 3051 5015 petra
3070 4989 3083 5013 ,
3132 4958 3181 5002 et
3204 4948 3373 5004 oleum
3396 4951 3460 5005 de

1881 5036 2184 5104 ﬁrmissima
2216 5047 2362 5107 petra
2400 5036 2586 5107 (Deut.
2637 5037 2860 5107 xxxu);
2911 5047 2963 5092 et
3010 5040 3065 5092 in
3105 5038 3244 5093 Job:
3298 5038 3462 5096 Petra

1882 5129 2005 5180 mihi
2050 5128 2301 5196 fundebat
2350 5130 2481 5183 rivos
2514 5128 2612 5182 olei
2635 5128 2776 5198 (Job.
2804 5129 2987 5199 xxnx);
3021 5139 3077 5185 et
3107 5130 3234 5185 alibi
3262 5149 3273 5184 :
3306 5128 3461 5185 Com-

1878 5230 2131 5288 putrescet
2176 5220 2368 5290 jugum
2403 5238 2433 5272 a
2473 5220 2606 5288 facie
2650 5218 2749 5273 olei
2794 5219 2926 5291 (Isa.
2958 5220 3035 5290 Χ).
3078 5218 3267 5276 Oleum
3296 5236 3458 5290 opera

1878 5310 2280 5375 misericordias,
2312 5320 2371 5363 ut
2418 5310 2470 5363 in
2501 5310 2744 5379 psalmo:
2784 5309 2851 5363 Et
2877 5326 2999 5363 caro
3030 5326 3143 5363 mea
3183 5312 3459 5363 immutata

1880 5411 1953 5453 est
2007 5410 2216 5471 propter
2270 5400 2438 5454 oleum
2500 5399 2670 5471 (Psal.
2700 5400 2870 5471 cvm).
2928 5400 3159 5466 Oleum,
3212 5401 3459 5459 hilaritas

1881 5494 2098 5557 mentis,
2131 5501 2188 5545 ut
2228 5493 2281 5546 in
2331 5491 2623 5562 Evangelia
2652 5510 2663 5544 :
2699 5489 2829 5545 Cum
2864 5492 3103 5561 jejunus,
3137 5508 3271 5561 unge
3302 5504 3457 5563 caput

1880 5592 2025 5637 tuum
2058 5583 2270 5653 (Matth.
2314 5584 2411 5654 γι).
2446 5585 2511 5638 Ει
2538 5585 2590 5638 in
2626 5584 2928 5640 Psalterio:
2970 5583 3038 5639 Ut
3092 5585 3343 5639 exhilaret
3375 5588 3458 5653 fa-

1882 5675 2009 5727 ciem
2038 5662 2150 5741 ejus
2186 5676 2239 5727 in
2266 5675 2377 5729 oleo
2425 5673 2597 5745 (Psal.
2644 5676 2779 5746 CIII).
2826 5676 3046 5741 Oleum,
3092 5678 3457 5732 testimonium

1882 5765 2225 5821 conscientia:
2251 5766 2434 5831 honre,
2484 5775 2541 5821 ut
2584 5768 2635 5822 in
2674 5766 3001 5837 Evangelio:
3047 5764 3333 5822 Prudentes
3364 5785 3460 5823 au-

2955 5861 3027 5920 17
