3922 6346
459 347 567 407 59.3

1098 342 1163 398 Β.
1203 339 1458 398 RABANI
1496 336 1715 397 MAURI
1752 334 2071 392 ARCHIEP.
2122 330 2430 389 MOGUNT.
2471 330 2759 387 OPERUM
2798 329 2978 385 PARS
3014 329 3078 383 ll.

3634 325 3743 381 524

460 471 561 518 tem
600 465 927 532 sumpserunt
976 456 1144 512 oleum
1192 458 1248 509 in
1297 455 1430 509 vasis
1479 453 1585 507 suis
1626 449 1840 522 (Matth.
1890 447 2038 519 xxv).
2070 450 2121 509 Α
2149 453 2331 500 monte
2368 444 2599 508 Arabiae,
2629 442 2718 497 ubi
2756 441 2928 497 Sabaei
2976 450 3121 495 sunt.
3171 440 3305 495 Nam
3353 454 3507 495 mons
3548 454 3741 494 eorum

459 553 649 612 Oleum
672 567 852 609 sermo
873 547 1208 618 deceptoris,
1250 548 1311 602 .in
1357 546 1602 616 psalmo:
1635 542 1819 599 Oleum
1866 551 2041 596 autem

459 645 743 717 peccatoris
792 658 895 696 non
943 640 1229 709 impinguet
1263 648 1418 707 caput
1464 650 1637 691 meum
1673 632 1843 707 (Psal.
1891 632 2038 701 exn).

459 736 667 800 Oleum,
703 731 1077 810 hazreticorum
1130 728 1341 784 subtilis
1394 735 1450 783 et
1508 726 1704 781 blanda
1757 724 2037 794 deceptio:

459 828 601 883 sicut
620 827 674 881 in
698 824 984 901 Salomone
1014 822 1080 876 de
1112 821 1301 875 eadem
1336 834 1502 890 prava
1533 818 1776 874 doctrina
1800 817 2037 872 dicitur:

460 918 678 974 Nitidus
708 916 819 970 oleo
857 924 1037 985 guttur
1069 913 1183 988 ejus
1236 910 1421 984 (Prov.
1454 910 1535 983 ν).Δ
1563 911 1629 965 Ει
1676 912 1729 965 in
1764 910 1900 966 Osee
1930 929 1941 963 :
1972 908 2043 963 Et

457 1010 631 1064 oleum
658 1009 712 1062 in
744 1006 976 1077 Egypto
1018 1004 1249 1076 ferebant
1296 1002 1444 1075 (Ose.
1495 1002 1626 1074 xu),
1664 1002 1768 1057 hoc
1814 1010 1925 1065 est,
1972 1002 2040 1055 ad

456 1100 795 1157 saecularium
843 1106 1051 1154 mentes
1076 1096 1439 1167 decipiendas.
1471 1095 1814 1167 Unguentum
1844 1109 2040 1148 nomen

459 1194 771 1249 Salvatoris.
800 1193 856 1246 ln
883 1191 1169 1246 Salomone
1197 1209 1208 1245 :
1246 1188 1576 1261 Unguentum
1601 1189 1827 1258 e/fusum
1854 1201 2039 1239 nomen

456 1295 605 1339 tuum
633 1283 807 1356 (Cant.
842 1283 902 1350 ι).
938 1282 1296 1353 Unguentum,
1327 1282 1501 1353 gratia
1528 1280 1763 1351 Spiritus
1790 1280 1961 1335 sancti
1986 1280 2041 1333 in

457 1376 776 1433 Salomone:
814 1375 1015 1430 Musca:
1037 1375 1329 1440 moriturae,
1353 1373 1407 1428 id
1428 1382 1531 1437 est,
1557 1372 1847 1437 daemones,
1870 1379 2041 1424 exter-

456 1468 657 1523 minant
702 1476 1021 1537 unguentum
1054 1465 1332 1519 suavitatis
1361 1463 1556 1535 (Eccle.
1590 1463 1667 1534 x).
1694 1463 2038 1534 Unguentum

455 1559 766 1614 chrismatis
794 1558 998 1612 unctio.
1037 1556 1095 1610 ln
1137 1555 1435 1630 Psalterio,
1474 1562 1535 1608 ut
1565 1554 1783 1624 quidam
1808 1552 1994 1607 volunt
2022 1571 2034 1605 :

452 1652 497 1704 Α
530 1651 705 1721 fructu
741 1650 988 1721 frumenti
1011 1659 1058 1702 et
1086 1648 1186 1702 olei
1218 1646 1554 1717 multiplicati
1576 1654 1695 1700 sunt
1721 1642 2035 1717 (Psalqv);

452 1751 507 1799 et
541 1743 594 1796 in
642 1742 826 1799 Exodo
863 1741 1094 1812 plurima
1123 1739 1189 1793 de
1244 1739 1346 1793 hoc
1378 1745 1687 1791 narrantur.
1739 1734 1929 1790 Oleum
1957 1734 2039 1790 fo—

2146 537 2382 591 Libanus
2410 534 2624 597 dicitur,
2651 533 2739 586 ubi
2797 535 2953 588 thura
3003 531 3345 601 colliguntur.
3381 530 3596 602 Myrrha
3645 545 3742 583 ar-

2143 630 2245 684 bor
2268 626 2501 690 Arabiae,
2529 624 2829 679 altitudinis
2869 623 3107 693 quinque
3162 622 3501 687 cubitorum,
3543 622 3744 676 similis

2145 722 2349 795 spinas,
2404 717 2865 788 quam’achanton
2919 716 3121 771 dicunt.
3155 712 3320 781 Cujus
3358 723 3508 785 gutta
3546 713 3747 768 viridis

2145 819 2306 881 atque
2335 823 2561 863 amara:
2592 806 2733 860 unde
2780 814 2836 860 et
2879 820 3077 859 nomen
3123 804 3328 873 accepit
3371 805 3635 874 myrrha:
3689 811 3749 859 et

2144 909 2293 972 gutta
2317 899 2432 968 ejus
2456 904 2644 968 sponte
2672 912 2899 953 manans
2929 896 3213 968 pretiosior
3237 904 3321 950 est
3347 912 3360 949 :
3409 897 3592 953 elicita
3619 912 3749 953 cor-

2144 992 2268 1048 ticis
2296 992 2517 1046 vulnere
2544 988 2702 1044 yilior
2718 990 3014 1060 judicatur.
3045 990 3331 1045 Sarmenta
3375 990 3493 1059 ejus
3528 992 3747 1047 Arabes

2145 1082 2358 1152 ignibus
2384 1083 2605 1137 fovent:
2637 1095 2869 1151 quorum
2910 1080 3059 1135 fumo
3108 1081 3241 1135 satis
3287 1081 3481 1147 noxio,
3530 1082 3634 1136 nisi
3674 1081 3746 1135 ad

2142 1175 2366 1231 odorem
2417 1175 2643 1230 storacis
2690 1181 2999 1238 occurrant,
3048 1172 3362 1242 plerumque
3410 1166 3748 1249 insanabiles

2142 1268 2361 1322 morbos
2415 1267 2757 1338 contrahunt.
2793 1264 3010 1336 Myrrha
3038 1274 3217 1319 autem
3246 1264 3626 1336 'l’roglodytica
3675 1262 3747 1317 ab

2143 1363 2320 1419 insula
2346 1362 2558 1417 Arabia:
2588 1362 2751 1427 dicta,
2779 1361 2868 1415 ubi
2914 1359 3106 1414 melior
3129 1359 3402 1431 colligitur
3444 1369 3501 1415 et
3530 1359 3742 1429 purior.

2144 1453 2365 1509 Diversa
2397 1454 2539 1508 enim
2576 1461 2819 1507 aromata
2873 1452 3116 1506 diversas
3170 1452 3379 1520 species
3433 1452 3746 1522 signiﬁcant

2142 1547 2427 1611 virtutum,
2457 1546 2653 1616 quibus
2682 1554 2869 1600 sancta
2893 1545 3178 1599 decoratur
3204 1544 3467 1600 Ecclesia.
3501 1542 3654 1600 Unde
3688 1544 3745 1596 in

2143 1634 2365 1691 Cantico
2390 1636 2727 1691 canticorum
2761 1636 3023 1705 scriptum
3062 1645 3145 1690 est
3175 1652 3187 1687 :
3222 1633 3355 1699 Qua:
3389 1644 3465 1689 est
3502 1636 3607 1689 ista
3627 1649 3746 1695 ante

2142 1726 2375 1781 ascendit
2403 1742 2494 1796 per
2524 1725 2785 1779 desertum
2810 1725 2943 1778 sicut
2972 1723 3174 1795 virgula
3205 1723 3362 1793 fumi,
3392 1741 3456 1778 ea;
3486 1723 3743 1778 aromati-

453 1843 691 1890 mentum
719 1832 989 1889 blanditia:
1037 1831 1093 1884 in
1122 1828 1504 1900 praedicatione
1536 1827 1736 1891 divina,
1780 1826 1834 1880 in
1861 1826 2038 1879 Evan-
2066 1827 2115 1886 B
2143 1818 2236 1872 bus
2265 1818 2492 1888 myrrha:
2518 1827 2566 1871 et
2614 1818 2802 1896 thuris,
2831 1826 2878 1869 et
2909 1817 3136 1870 universi
3172 1815 3399 1885 pulveris
3445 1818 3743 1887 pigmenta-

450 1926 619 1998 gelio:
646 1926 714 1979 Et
740 1924 1056 1995 appropians
1082 1920 1317 1992 alligavit
1337 1919 1552 1975 vulnera
1577 1918 1691 1988 ejus
1714 1931 1731 1969 :
1757 1916 2039 1986 infundens

449 2018 626 2072 vinum
658 2025 703 2069 et
742 2014 912 2068 oleum
945 2012 1098 2084 (Luc.
1130 2010 1210 2082 Χ).
1264 2009 1498 2064 Amurca
1537 2008 1641 2063 olei
1671 2024 1799 2079 pars
1839 2022 2041 2079 aquosa

452 2106 520 2161 ab
551 2103 873 2173 emergendo
923 2101 1085 2163 dicta,
1118 2100 1169 2153 id
1200 2107 1303 2163 est,
1343 2095 1485 2167 quod
1522 2097 1590 2152 ab
1612 2096 1730 2151 oleo
1758 2111 1816 2151 se
1865 2110 2042 2150 emer-

452 2206 563 2267 gat,
588 2202 643 2248 et
670 2194 772 2247 faex
796 2189 996 2259 sitejus
1025 2204 1039 2242 :
1071 2190 1212 2243 hanc
1239 2188 1411 2243 Graeci
1447 2200 1701 2255 amorgen
1726 2192 1941 2251 vocant,
1972 2199 2039 2239 ex

452 2284 646 2339 Latina
700 2281 883 2352 lingua
930 2278 1223 2333 trahentes.
1283 2276 1491 2331 Gumen
1545 2275 1791 2331 Graecum
1842 2284 2037 2329 nomen

451 2381 567 2429 est:
601 2374 702 2427 hoc
724 2371 864 2426 enim
898 2369 973 2423 illi
998 2370 1195 2424 commi
1236 2368 1441 2423 dicunt.
1467 2366 1724 2439 Resinam
1750 2365 1923 2445 Graeci
1956 2381 2041 2420 re-

452 2464 599 2521 tinen
632 2470 863 2517 vocant:
896 2476 1026 2516 reon
1070 2459 1215 2514 enim
1262 2457 1452 2515 Graece
1503 2458 1730 2524 dicitur,
1782 2457 2041 2527 quidquid

450 2565 655 2614 manat.
684 2555 781 2611 Est
804 2554 948 2610 enim
968 2551 1208 2622 lacryma
1235 2552 1431 2611 sudore
1453 2550 1702 2619 exhalata
1730 2550 1997 2620 lignorum
2024 2568 2035 2602 :

451 2655 514 2703 ut
551 2647 741 2709 cerasi,
770 2644 999 2708 lentisci,
1034 2643 1278 2707 balsami,
1307 2642 1391 2698 vel
1421 2642 1755 2713 reliquarum
1781 2642 2038 2696 arborum

452 2738 567 2795 sive
594 2735 967 2809 virgultorum,
998 2748 1118 2803 qua:
1147 2734 1342 2789 sudare
1394 2734 1697 2803 produntur
1728 2750 1741 2785 :
1801 2733 1941 2787 sicut
1986 2741 2042 2787 et

450 2827 674 2886 odorata
711 2823 947 2882 Orientis
966 2822 1129 2895 ligna,
1171 2823 1311 2878 sicut
1340 2816 1490 2892 gntta
1532 2822 1758 2877 balsami
1787 2837 1852 2877 ac
1896 2822 2041 2876 feru-

449 2920 628 2975 larum
675 2915 762 2971 vel
818 2914 1184 2979 succinorum,
1224 2911 1377 2981 cujus
1425 2912 1664 2984 lacryma
1714 2914 1953 2967 durescit
1982 2913 2038 2967 in

454 3024 743 3082 gemmam.
795 3006 975 3075 Prima
1010 3013 1097 3060 est
1147 3004 1326 3059 resina
1378 3004 1738 3059 terebinthina
1795 3003 2037 3058 omnium

452 3098 812 3172 praestantior.
826 3095 1062 3151 Affertur
1082 3103 1260 3149 autem
1282 3111 1347 3150 ex
1360 3093 1562 3149 Arabia
1581 3096 1757 3164 patria
1781 3094 2036 3168 [Petraea]

2144 1909 2248 1962 rii?
2274 1906 2453 1979 (Cant.
2479 1904 2586 1978 Ill.)
2613 1889 2839 1961 Miratur
2868 1904 3176 1976 Synagoga,
3196 1906 3470 1975 quomodo
3498 1907 3745 1977 gentium

2142 1999 2385 2072 populus.
2412 2000 2559 2055 nullo
2598 1998 3028 2055 circumcisionis
3080 1999 3338 2070 mysterio
3396 2000 3742 2065 emundatus,

2144 2091 2290 2146 nulla
2316 2092 2702 2162 prophetarum
2732 2090 3103 2149 admonitione
3141 2090 3409 2157 eruditus,
3458 2091 3644 2147 subito
3676 2091 3745 2146 ab

2144 2180 2348 2236 inﬁmis
2378 2181 2745 2251 voluptatibus
2765 2197 2862 2252 per
2891 2182 3165 2238 desertum
3205 2182 3531 2254 gentilitatis
3551 2194 3609 2239 et
3635 2182 3748 2238 ido-

2141 2272 2369 2331 lolatria:
2391 2272 2457 2329 ad
2481 2272 2590 2326 alta
2614 2274 2873 2339 virtutum
2898 2271 3135 2326 culmina
3162 2281 3218 2327 et
3246 2273 3431 2342 sponsi
3460 2271 3749 2344 amplexus

2143 2362 2493 2425 ascendisset,
2513 2362 2635 2431 igne
2655 2362 2861 2421 amoris
2884 2377 3134 2426 accensa,
3152 2364 3299 2420 omni
3329 2364 3451 2419 nisu
3481 2365 3750 2419 virtutum

2144 2456 2211 2510 ad
2240 2454 2484 2511 cmlestia
2515 2454 2706 2520 tendit,
2744 2469 2811 2509 ex
2858 2454 3274 2515 mortiﬁcatione
3320 2455 3629 2510 carnalium
3652 2469 3748 2511 vo-

2144 2544 2431 2614 luptatum,
2460 2552 2515 2599 et
2544 2545 2781 2614 puritate
2808 2545 3117 2600 orationum
3138 2585 3152 2610 ,
3202 2553 3258 2599 et
3302 2545 3551 2599 omnium
3577 2545 3748 2599 virtu-

2145 2646 2261 2691 tum
2281 2636 2465 2694 odore.
2495 2634 2632 2695 Hinc
2660 2636 2791 2691 item
2819 2637 3080 2707 scriptum
3108 2645 3190 2691 est
3219 2656 3230 2689 :
3270 2635 3477 2690 Vadam
3498 2636 3570 2691 ad
3595 2652 3749 2691 mon-

2144 2739 2245 2796 tem
2285 2730 2535 2799 myrrhae,
2567 2738 2617 2783 et
2651 2730 2721 2784 ad
2762 2729 2946 2784 collem
2991 2721 3160 2793 thuris
3189 2727 3364 2801 (Cant.
3393 2730 3505 2801 tv);
3536 2730 3665 2800 quia
3698 2729 3753 2783 in

2143 2822 2366 2893 myrrha
2392 2818 2739 2875 mortiﬁcatio
2765 2821 2969 2885 carnis,
3001 2821 3055 2874 in
3101 2821 3258 2876 thure
3288 2822 3504 2876 devotio
3547 2821 3754 2876 oratio-

2142 2912 2228 2965 nis
2251 2910 2593 2980 exprimitur.
2644 2909 2783 2966 Hinc
2841 2926 3058 2965 rursum
3087 2926 3317 2981 sponsus
3344 2912 3476 2967 dicit
3501 2930 3514 2964 :
3548 2910 3754 2966 Μεδειὶ

2142 3005 2412 3075 myrrham
2460 3020 2648 3067 meam,
2675 3020 2793 3057 cum
2822 3003 3148 3059 aromatibus
3187 3004 3315 3059 meis
3343 3004 3522 3075 (Cant.
3547 3002 3628 3076 v).
3651 3003 3756 3060 Per

2144 3096 2424 3166 myrrham
2454 3095 2636 3165 passio
2658 3094 2742 3149 vel
2773 3094 3142 3159 mortilicatio,
3160 3110 3258 3165 per
3282 3104 3529 3151 aromata
3558 3110 3756 3152 omnes

453 3197 619 3259 atque
660 3185 841 3242 Iudaea
900 3194 955 3241 et
984 3185 1171 3257 Syria,
1208 3184 1386 3255 Cypro
1428 3193 1483 3239 et
1526 3184 1727 3250 Africa,
1751 3200 1819 3239 ex
1854 3182 2046 3239 insulis
2074 3190 2120 3253 C
2151 3188 2382 3241 virtutes
2420 3185 2818 3256 exprimuntur.
2858 3185 3008 3241 Metit
3028 3187 3308 3270 myrrham
3334 3202 3454 3241 cum
3492 3186 3757 3242 aromati-

454 3294 669 3353 quoque
713 3278 1036 3349 Cycladibus
1075 3296 1087 3331 :
1128 3279 1362 3332 secunda
1398 3285 1482 3332 est
1539 3275 1824 3331 lentiscina
1852 3316 1876 3341 ,,
1923 3291 2044 3345 qua:

456 3370 657 3426 mastix
706 3376 931 3423 vocatur
971 3386 984 3421 :
1038 3368 1153 3422 haac
1194 3383 1260 3421 ex
1310 3367 1445 3422 Chio
1476 3366 1651 3423 insula
1684 3368 2040 3438 deportatur:

455 3464 616 3522 tertia
642 3462 858 3533 pinalis.

1060 3548 1287 3606 CAPUT
1328 3549 1434 3604 Vll.

879 3641 956 3695 De
987 3642 1288 3695 aromaticis
1320 3640 1611 3694 arboribus.

529 3742 789 3797 Aromata
813 3745 938 3794 sunt
960 3751 1186 3807 quaeque
1209 3730 1501 3807 fragrantis
1524 3734 1729 3799 odoris,
1757 3749 1876 3803 qua:
1896 3733 2049 3788 India

458 3831 540 3889 vel
567 3830 765 3886 Arabia
805 3829 987 3892 mittit,
1025 3828 1139 3881 sive
1174 3826 1292 3880 aliae
1326 3826 1588 3896 regiones.
1630 3823 1841 3878 Nomen
1870 3831 2051 3877 autem

459 3932 705 3981 aromata
754 3921 981 3976 traxisse
1007 3919 1276 3983 videntur,
1311 3918 1423 3973 sive
1451 3918 1591 3987 quod
1636 3916 1746 3971 aris
1775 3916 2049 3987 imposita,

458 4014 657 4071 divinis
715 4010 1145 4067 invocationibus
1200 4017 1326 4079 apta
1376 4008 1704 4062 videantur:
1760 4021 1855 4062 seu
1907 4008 2051 4077 quod

460 4101 580 4164 sese
599 4106 711 4161 aeri
735 4106 978 4160 inserere
999 4119 1061 4157 ac
1084 4103 1313 4157 miscere
1325 4102 1622 4170 probantur
1641 4118 1654 4153 :
1673 4116 1800 4154 nam
1821 4100 1950 4169 quid
1970 4108 2058 4165 est

462 4199 619 4263 odor,
651 4197 753 4252 nisi
781 4211 874 4251 aer
896 4194 1206 4251 contactus?
1246 4194 1504 4247 Aromata
1532 4233 1546 4258 ,
1594 4192 1746 4245 varia
1793 4192 2051 4246 virtutum

463 4296 779 4346 ornamenta
820 4286 1162 4358 signiﬁcant:
1196 4284 1335 4339 sicut
1374 4286 1426 4338 in
1476 4283 1613 4337 libro
1634 4282 1840 4354 Regum
1866 4282 1931 4336 de
1955 4280 2055 4339 Sa-

462 4394 532 4448 ba
564 4385 749 4457 regina
772 4380 967 4451 legitur
996 4397 1008 4433 :
1047 4377 1171 4432 Non
1196 4387 1315 4432 sunt
1362 4375 1525 4429 allata
1552 4375 1912 4444 hujuscemodi
1934 4391 2055 4428 aro-

464 4491 630 4544 mata,
667 4478 799 4530 sicut
830 4470 973 4526 Saba
999 4470 1177 4537 regina
1197 4467 1336 4521 dedit
1368 4465 1639 4521 Salomoni
1670 4463 1789 4536 (III
1814 4464 1943 4535 Reg.
1972 4463 2049 4533 χ),

2146 3276 2271 3343 bus,
2299 3276 2517 3345 quando
2552 3283 2820 3347 martyres
2846 3291 2972 3330 cum
3003 3277 3213 3333 caeteris
3250 3276 3438 3331 electis
3482 3276 3549 3331 ad
3573 3286 3758 3333 matu-

2148 3368 2367 3424 ritatem
2395 3367 2742 3439 praemiorum
2769 3368 3037 3436 perducit.
3074 3367 3215 3423 Hinc
3248 3384 3464 3423 rursum
3487 3383 3586 3439 per
3613 3369 3756 3424 Proo-

2148 3460 2368 3531 phetam
2389 3458 2706 3513 deDomino
2736 3456 3022 3514 Salvatore
3060 3459 3261 3513 dictum
3298 3467 3417 3513 est:
3452 3458 3676 3530 Myrrha
3705 3470 3758 3515 et

2148 3562 2295 3625 gutta
2337 3560 2385 3606 et
2415 3551 2561 3606 casia
2590 3568 2623 3605 a
2652 3551 2967 3606 vestimentis
3008 3551 3152 3605 tuis?
3183 3550 3355 3624 (Psal.
3410 3552 3581 3622 κων.)
3616 3550 3760 3606 San—

2152 3654 2298 3701 ctum
2345 3645 2560 3700 Domini
2606 3657 2803 3714 corpus
2849 3643 3121 3713 quoddam
3176 3644 3405 3699 Deitatis
3451 3643 3623 3698 fuisse
3654 3658 3757 3699 co-

2153 3741 2431 3815 gnoscitur
2450 3738 2854 3794 vestimentum.
2907 3737 3045 3794 Nam
3093 3739 3233 3795 sicut
3258 3739 3500 3795 vestibus
3550 3754 3758 3809 coope—

2154 3831 2370 3887 riuntur
2396 3829 2641 3885 membra
2681 3828 3017 3895 mortalium,
3072 3829 3147 3883 ita
3194 3837 3251 3885 et
3284 3830 3540 3901 majestas
3584 3828 3757 3885 Verbi

2155 3920 2209 3982 in
2231 3920 2468 3975 ﬁdelium
2501 3918 2672 3974 oculis
2694 3918 2878 3973 carnis
2913 3918 3181 3973 velamine
3208 3920 3491 3975 videbatur
3517 3918 3756 3974 abscon-

2155 4011 2229 4066 di.
2268 4010 2350 4065 Ab
2386 4010 2491 4065 hoc
2519 4024 2649 4080 ergo
2676 4009 3003 4066 vestimento
3024 4050 3038 4075 ,
3100 4010 3153 4065 id
3197 4020 3281 4065 est
3303 4050 3318 4075 ,
3360 4012 3758 4067 incarnationis

2156 4118 2354 4159 arcano
2380 4116 2619 4173 congrue
2636 4102 2850 4159 venisse
2885 4103 3084 4157 dicitur
3116 4103 3356 4174 myrrha,
3382 4112 3533 4174 gutta
3576 4112 3637 4157 et
3665 4120 3758 4159 ca-

2156 4194 2258 4249 sia.
2308 4191 2520 4263 Myrrha
2555 4201 2789 4249 mortem
2834 4192 3139 4263 signiﬁcat,
3187 4209 3352 4265 quam
3384 4210 3484 4264 pro
3507 4196 3757 4251 omnium

2158 4284 2331 4341 salute
2353 4284 2590 4353 susCepit
2614 4302 2628 4337 :
2663 4292 2815 4354 gutta
2842 4298 2990 4349 vero,
3021 4298 3140 4353 qua:
3163 4284 3361 4339 dicitur
3387 4284 3753 4351 ammoniaca,

2157 4375 2385 4431 duritias
2432 4382 2587 4429 curat
2630 4374 2810 4444 aliqua
2859 4375 3186 4430 necessitate
3238 4384 3593 4431 contractas:
3629 4392 3755 4445 qua

2158 4464 2381 4534 pulchre
2419 4464 2777 4519 incarnationi
2818 4464 3031 4519 Domini
3062 4474 3449 4535 comparatur:
3484 4467 3609 4536 quia
3653 4468 3754 4521 duc

464 4572 767 4644 Pigmenta,
791 4563 939 4619 varia
968 4562 1226 4615 virtutum
1250 4560 1623 4622 odoramenta,
1651 4558 1741 4612 ubi
1767 4565 1822 4610 et
1851 4571 2012 4626 supra
2038 4574 2049 4609 :
2082 4545 2135 4605 D
2164 4556 2343 4609 ritiam
2369 4554 2549 4609 cordis
2580 4554 2801 4609 humani
2852 4563 3040 4609 sancta
3068 4556 3455 4624 pmdicatione
3482 4556 3749 4615 dissolvit.

463 4676 589 4723 cum
616 4655 882 4714 universis
934 4648 1245 4722 pulveribus
1288 4648 1679 4720 pigmentariis.
1713 4648 1861 4702 Thus
1892 4648 2055 4703 arbor

465 4752 699 4810 Arabica
722 4749 983 4801 immensa
1020 4752 1181 4809 atque
1221 4754 1465 4804 ramosa,
1524 4738 1782 4794 levissimi
1815 4738 2054 4805 corticis,

468 4843 637 4902 ramis
663 4840 731 4894 ad
762 4836 935 4892 aceris
955 4833 1293 4905 qualitatem,
1323 4831 1615 4903 amygdalae
1640 4831 1799 4887 modo
1834 4846 2054 4886 succum

468 4933 825 4993 aromaticum
868 4926 1095 4981 fundens
1146 4925 1356 4991 album,
1412 4934 1468 4980 et
1512 4926 1577 4980 ad
1625 4925 2056 4980 masticationem

468 5027 617 5082 velut
646 5026 700 5078 in
730 5021 950 5091 pulvere
992 5017 1286 5073 resolutum
1316 5031 1330 5070 :
1361 5025 1417 5073 et
1444 5032 1565 5072 cum
1595 5015 1862 5088 frangitur
1888 5019 2053 5083 intus,

470 5117 691 5188 pingue,
719 5121 774 5165 et
795 5109 904 5181 igni
924 5107 1413 5188 appositum’facile
1440 5107 1674 5161 ardescit
1702 5126 1713 5160 :
1747 5117 1800 5163 et
1822 5108 2056 5179 appella-

476 5218 565 5262 tur
588 5204 728 5275 apud
760 5217 858 5257 nos
904 5197 1175 5253 masculus
1213 5213 1278 5252 eo
1322 5199 1463 5269 quod
1500 5199 1569 5253 sit
1619 5206 1809 5253 natura
1863 5208 2054 5255 rotun-

474 5299 623 5362 dum,
655 5296 711 5349 in
738 5291 957 5347 modum
990 5290 1361 5345 testiculowm
1381 5330 1395 5353 ,
1422 5289 1687 5359 reliquum
1726 5291 1969 5360 planum,
2004 5298 2058 5347 et

472 5402 611 5461 pene
638 5386 971 5449 scabrosum,
996 5382 1173 5437 minus
1195 5384 1473 5453 optimum.
1500 5382 1845 5439 Adulteratur
1876 5392 2057 5438 autem

474 5468 637 5532 mista
660 5475 839 5529 resina
856 5474 971 5529 sive
987 5472 1213 5543 gummi,
1227 5473 1318 5527 sed
1343 5474 1675 5543 dignoscitur
1695 5490 1791 5529 sua
1808 5476 2055 5546 proprie-

478 5574 607 5623 tate.
638 5564 773 5620 Nam
805 5566 927 5619 thus
968 5565 1078 5635 igni
1110 5565 1418 5635 impositum
1448 5564 1680 5620 ardescit
1706 5585 1718 5620 :
1748 5568 1929 5621 resina
1968 5566 2055 5621 fu-

476 5657 689 5713 mescit.
718 5654 924 5711 Gumen
947 5668 1075 5711 vero
1116 5657 1364 5726 liquescit
1391 5656 1728 5711 calefactum.
1776 5658 1923 5713 Thus
1964 5675 2057 5713 au-

480 5756 588 5809 tem
612 5764 643 5804 a
665 5748 937 5803 tundendo
971 5749 1167 5804 dictum
1197 5767 1207 5801 :
1247 5752 1346 5805 hoc
1376 5759 1425 5803 et
1458 5748 1716 5804 Libanum
1748 5750 1995 5806 vocatum
2026 5768 2054 5805 a

2160 4645 2336 4709 Casia,
2366 4660 2487 4716 qua:
2513 4662 2543 4699 a
2570 4646 2772 4701 nostris
2800 4645 2979 4701 ﬁstula
3023 4646 3242 4712 dicitur,
3266 4647 3568 4719 redemptio
3592 4665 3756 4721 gene-

2161 4739 2237 4794 ris
2270 4739 2493 4793 humani
2537 4753 2633 4808 per
2662 4752 2858 4807 aquam
2886 4738 3227 4809 baptismatis
3265 4740 3578 4794 indicatur:
3609 4756 3754 4810 quo-

2162 4831 2306 4886 niam
2330 4831 2435 4887 hoc
2461 4832 2646 4887 herbae
2668 4845 2839 4901 genus
2864 4832 3081 4901 aquosis
3108 4831 3243 4889 locis
3268 4832 3470 4887 dicitur
3492 4835 3750 4891 inveniri.

2162 4922 2258 4979 His
2289 4925 2451 4978 rebus
2474 4924 2639 4978 etiam
2678 4923 2813 4978 odor
2843 4933 2926 4979 est
2973 4926 3175 4991 suavis,
3208 4934 3269 4980 ut
3306 4922 3505 4982 merito
3550 4938 3757 4983 sancta:

2165 5017 2539 5088 incarnationi.
2565 5024 2621 5071 et
2657 5018 2829 5073 virtus
2859 5018 3151 5073 herbarum
3196 5026 3251 5073 et
3286 5019 3471 5075 odoris
3512 5022 3756 5077 suavitas

2165 5114 2525 5177 comparetur.
2558 5105 2717 5162 Gutta
2750 5110 2834 5163 vis
2873 5108 3075 5162 amoris
3106 5107 3221 5172 Dei,
3271 5116 3327 5162 et
3365 5109 3529 5165 arbor
3576 5111 3758 5167 chari-

2166 5200 2291 5254 tatis
2321 5200 2668 5271 intelligitur,
2714 5201 2803 5254 ubi
2849 5209 2902 5255 et
2932 5214 3131 5269 supra:
3164 5199 3531 5271 Ligamemum
3588 5215 3757 5273 guttis

2164 5290 2381 5345 dilectus
2409 5307 2555 5345 meus
2606 5292 2733 5345 mihi
2762 5290 2935 5362 (Cant.
2971 5289 3031 5361 ι).
3084 5290 3282 5347 Storax
3321 5291 3486 5347 arbor
3513 5292 3757 5361 Arabiae,
3796 5302 3803 5309 '

2166 5383 2355 5437 similis
2389 5383 2530 5438 malo
2560 5382 2821 5453 Cydonio,
2848 5381 3000 5450 cujus
3026 5382 3246 5453 virgulae
3295 5384 3440 5437 inter
3492 5385 3757 5441 caniculae

2163 5490 2341 5538 ortum
2379 5480 2711 5537 cavernatim
2748 5480 3043 5551 lacrymam
3072 5478 3283 5534 ﬂuunt:
3319 5480 3598 5537 dislillatio
3634 5483 3759 5554 ejus

2162 5573 2214 5627 in
2250 5582 2394 5627 terra
2428 5572 2627 5628 cadens
2672 5572 2871 5627 munda
2908 5589 3013 5627 non
3042 5580 3166 5626 est:
3201 5572 3295 5627 sed
3344 5587 3468 5626 cum
3516 5576 3760 5644 propria:

2160 5663 2377 5718 corticis
2419 5664 2609 5718 scrobe
2641 5671 2926 5717 servatur:
2960 5664 3047 5717 illa
3089 5672 3292 5729 autem,
3330 5679 3449 5732 quae
3486 5666 3656 5735 virgis
3703 5676 3761 5721 et

2160 5754 2384 5812 calamis
2432 5754 2726 5823 inhazserit,
2752 5756 2950 5812 munda
2986 5763 3069 5811 est
3093 5765 3146 5812 et
3168 5756 3377 5812 albida:
3410 5758 3613 5813 dehinc
3647 5759 3755 5813 ful~
