3922 6354
234 362 335 420 25ἳό

1200 365 1289 420 DE
1327 363 1680 421 UNIVERSO
1717 362 1899 420 LIBRI
1934 362 2099 427 XXII.
2138 394 2213 408 —
2243 364 2374 422 LIB.
2411 365 2551 423 XIX.

3420 372 3526 429 526

234 492 301 533 va
341 478 396 533 ﬁt
436 478 569 534 solis
606 493 790 543 causa,
820 484 876 533 et
910 476 1025 549 ipsa
1052 484 1238 533 sturax
1277 476 1555 531 calamites
1583 475 1821 547 pinguis,
1850 477 1904 537 Α
1931 475 2164 531 ticorum
2205 478 2465 545 scriptum
2498 486 2584 533 est
2615 495 2627 531 :
2660 473 2889 532 Fistula:
2918 486 2965 533 et
2990 477 3381 537 cinnamomum
3404 499 3525 539 cum

234 570 503 636 resinosa,
534 570 718 625 odoris
755 571 976 640 jucundi
1002 612 1016 636 ,
1066 570 1336 634 humecta,
1368 576 1423 623 et
1442 569 1605 624 veluti
1638 567 1827 623 mello—

237 677 355 717 sum
387 662 655 731 liquorem
683 663 954 718 emittens.
989 663 1184 717 Storax
1214 670 1393 717 autem
1443 668 1654 727 vocata,
1682 661 1827 731 quod

235 756 311 810 sit
334 762 483 824 gutta
517 754 731 810 arboris
768 754 1041 825 profluens
1078 762 1133 809 et
1160 755 1459 826 congelata.
1493 753 1628 808 Nam
1650 752 1827 809 (ἐντεεί

234 844 446 898 stiriam
488 853 699 915 guttam
728 846 931 899 dicunt.
959 842 1147 899 Graece
1181 852 1361 899 autem
1392 853 1599 914 styrax,
1634 843 1826 909 Latine

236 942 421 988 storax
459 934 677 991 dicitur.
730 934 844 989 Hoc
896 949 1027 1005 ergo
1075 934 1408 1004 pigmentum
1456 948 1578 988 cum
1615 934 1826 990 caeteris

234 1029 572 1083 aromatibus
592 1028 863 1083 duxerunt
892 1027 987 1081 ﬁlii
1011 1026 1176 1082 Israel
1218 1027 1273 1080 in
1302 1025 1619 1098 Egyptum,
1644 1035 1701 1082 et
1727 1027 1827 1081 ob-

234 1117 474 1174 tulerunt
498 1117 697 1189 Ioseph
733 1134 834 1189 pro
878 1134 1120 1183 munere,
1148 1118 1292 1187 quod
1324 1118 1498 1174 sancti
1528 1118 1631 1171 viri
1655 1119 1708 1172 in
1736 1133 1827 1187 pe-

233 1212 604 1281 regrinatione
638 1211 798 1282 hujus
853 1212 1031 1267 seculi
1062 1210 1333 1266 Salvatori
1375 1217 1562 1265 nostro
1593 1208 1829 1264 afferunt

234 1302 375 1359 dona
395 1302 550 1358 bonae
585 1302 881 1359 voluntatis
912 1311 967 1357 et
1005 1318 1286 1358 sacrarum
1314 1302 1600 1367 virtutum,
1629 1302 1824 1372 quibus

234 1393 349 1465 ipse
388 1394 708 1460 delectatur,
735 1402 793 1448 ut
821 1379 1106 1465 placabilis.
1129 1394 1199 1448 sit
1228 1400 1282 1448 et
1313 1407 1559 1449 annuens
1574 1392 1717 1446 votis
1739 1406 1827 1447 eo-

233 1502 376 1541 rum.
408 1485 673 1541 Bdellium
696 1486 859 1541 Indiae
881 1494 936 1540 et
956 1485 1170 1539 Arabiae
1198 1486 1379 1549 arbor,
1406 1484 1559 1555 cujus
1586 1483 1827 1553 lacryma

232 1577 427 1633 melior
468 1577 703 1634 Arabica
742 1592 758 1631 :
789 1585 873 1632 est
899 1578 1047 1631 enim
1086 1577 1286 1641 lucida,
1317 1574 1622 1641 subalbida,
1669 1574 1823 1639 levis,

231 1668 471 1740 pinguis,
496 1666 779 1737 aequaliter
799 1681 975 1731 cerea,
1004 1675 1059 1722 et
1078 1681 1198 1738 qua
1231 1665 1391 1721 facile
1418 1666 1661 1721 mollitur
1678 1706 1692 1731 ,
1725 1679 1825 1720 ne-

233 1774 338 1829 que
368 1759 516 1830 ligno
558 1757 645 1813 vel
683 1757 1174 1823 terras‘cOmmista,
1206 1771 1425 1824 amara,
1450 1756 1632 1813 odoris
1670 1756 1825 1811 boni.

1933 554 2190 623 universis
2216 567 2370 639 lignis
2417 566 2606 623 Libani
2655 566 2830 638 (Cant.
2865 567 2963 640 ιν).
3021 569 3228 626 Fistula
3259 613 3274 640 ,
3324 588 3445 643 quae
3473 586 3529 631 ct

1933 662 2099 729 casia,
2131 648 2294 717 arbor
2317 661 2612 717 aromatica
2640 670 2744 728 est,
2775 661 2869 717 sed
2899 663 3111 718 modica
3138 682 3150 719 :
3182 673 3239 721 et
3277 666 3399 722 ideo
3427 669 3528 723 hu-

1932 751 2089 808 miles
2118 752 2311 822 spiritu
2343 752 2611 823 designat.
2665 751 2889 823 Mystice
2938 752 3086 808 casia
3143 762 3228 810 est
3281 756 3527 812 doctrina

1927 853 2082 918 recta
2109 846 2223 901 sive
2246 845 2431 915 opinio
2460 845 2727 899 bonorum
2758 860 3001 914 operum,
3034 852 3092 898 ut
3125 845 3176 899 in
3222 844 3486 901 Psalterio
3512 862 3526 901 :

1933 937 2005 991 Et
2024 938 2167 992 casia
2193 956 2225 992 a
2248 936 2565 992 vestimentis
2604 936 2721 1020 tuis.
2750 934 2923 1007 (Psal.
2974 936 3140 1009 κων).
3174 937 3307 992 Item
3335 939 3529 993 cinna-

1932 1044 2173 1085 momum
2214 1029 2305 1099 qui
2331 1028 2543 1099 seipsos
2567 1026 2872 1096 despiciunt
2900 1027 3078 1096 signat
3124 1047 3136 1081 :
3170 1029 3297 1098 quia
3325 1037 3380 1083 et
3412 1028 3525 1097 ipsa

1932 1127 2017 1174 est
2039 1119 2219 1174 brevis
2238 1120 2433 1185 arbor,
2469 1118 2565 1173 sed
2601 1114 2874 1173 odorifera
2903 1124 2959 1171 et
2991 1117 3160 1172 dulcis
3191 1136 3202 1172 :
3236 1118 3313 1174 sic
3352 1127 3409 1174 et
3436 1118 3529 1172 hu-

1931 1208 2135 1286 militas
2169 1224 2421 1278 magnam
2451 1208 2613 1263 habet
2642 1206 2858 1262 laudem
2903 1216 2959 1262 et
3006 1207 3345 1264 dulcedinem
3388 1209 3530 1278 apud

1931 1298 2101 1354 Deum
2119 1312 2133 1351 :
2151 1296 2277 1368 quia
2298 1298 2438 1352 sicut
2456 1298 2634 1352 fistula
2651 1306 2706 1353 et
2723 1298 3125 1353 cinnamomum
3153 1299 3382 1354 humiles
3404 1313 3533 1353 san-

1930 1398 2140 1446 ctorum
2172 1380 2572 1459 cogitationes:
2616 1390 2696 1445 sic
2736 1397 2790 1445 et
2836 1383 2985 1460 ligna
3038 1389 3231 1445 Libani
3275 1388 3534 1446 sublimes

1931 1495 2121 1536 eorum
2160 1480 2403 1536 actiones
2450 1480 2842 1536 demonstrant.
2895 1479 3149 1536 Calamus
3200 1482 3534 1538 aromaticus

1933 1572 2339 1628 asimilitudine
2384 1571 2578 1627 calami
2632 1573 2835 1629 usualis
2882 1580 3126 1628 vocatur.
3186 1572 3437 1645 Gignitur
3476 1576 3535 1629 in

1930 1661 2105 1728 India,
2130 1662 2313 1718 multis
2335 1649 2493 1719 nodis
2515 1661 2872 1735 geniculatus,
2909 1664 3105 1731 fulvus,
3138 1665 3387 1736 fragrans
3422 1665 3535 1737 spi-

1932 1755 2073 1811 ritus
2101 1756 2392 1811 suavitate.
2423 1755 2526 1823 Qui
2559 1770 2683 1812 cum
2707 1754 2996 1827 frangitur,
3028 1756 3081 1810 in
3111 1757 3313 1812 multas
3336 1756 3395 1811 fit
3416 1772 3537 1829 par-

232 1849 368 1906 Nam
394 1866 463 1905 ex
494 1850 644 1905 India
692 1849 907 1905 sordida
928 1848 1023 1903 est
1039 1856 1095 1904 et
1144 1848 1299 1919 nigra
1327 1856 1380 1902 et
1406 1846 1612 1917 majore
1652 1843 1826 1918 gleba.
1860 1841 1909 1902 B
1938 1855 2022 1903 tes
2055 1847 2299 1912 scissilis,
2330 1848 2591 1903 simulans
2641 1856 2803 1919 gustu
2831 1849 3037 1903 casiam
3089 1864 3214 1904 cum
3258 1850 3364 1913 levi
3396 1852 3538 1906 acri-

232 1944 586 2001 Adulteratur
630 1942 775 1996 enim
860 1940 1090 1995 admisto
1155 1939 1398 2009 gummi,
1450 1938 1542 2009 qui
1603 1952 1712 1991 non
1754 1936 1829 1990 ita

235 2036 540 2093 amariﬁcat
571 2042 808 2105 gustum.
835 2032 1028 2087 Mastix
1046 2031 1258 2086 arboris
1282 2031 1494 2086 lentisci
1524 2038 1677 2102 gutta
1704 2036 1825 2083 est:

233 2130 348 2187 haec
375 2126 751 2198 granomastix
780 2125 940 2189 dicta,
976 2125 1100 2203 quia
1156 2124 1212 2178 in
1258 2123 1479 2179 modum
1534 2137 1829 2193 granorum

233 2227 333 2276 est.
357 2216 574 2289 Piperis
611 2214 773 2272 arbor
806 2214 1046 2270 nascitur
1074 2214 1127 2268 in
1169 2212 1320 2269 India
1348 2213 1404 2267 in
1429 2211 1599 2267 latere
1624 2213 1829 2268 montis

232 2309 480 2375 Caucasi,
513 2309 657 2379 quod
683 2306 780 2362 soli
807 2307 1094 2361 obversum
1116 2312 1236 2359 est:
1268 2303 1395 2360 folia
1416 2303 1651 2374 juniperi
1676 2304 1827 2359 simi-

234 2400 520 2465 litudinem
545 2397 766 2464 habent,
798 2398 951 2468 cujus
976 2396 1448 2466 silvasserpentes
1471 2396 1823 2451 custodiunt:

236 2490 332 2547 sed
362 2488 556 2545 incolae
581 2487 815 2559 regionis
840 2486 1005 2551 illius,
1045 2500 1169 2540 cum
1220 2493 1450 2539 matura:
1491 2482 1713 2560 fuerint,
1747 2485 1829 2538 in-

234 2580 471 2639 cendunt
498 2600 511 2634 :
543 2589 597 2635 et
627 2580 706 2635 sic
736 2587 1014 2649 serpentes
1041 2578 1166 2646 igne
1189 2576 1476 2649 fugantur,
1520 2585 1578 2631 et
1604 2577 1731 2632 inde
1760 2591 1830 2631 ex

236 2674 454 2730 ﬂamma
486 2672 702 2743 nigrum
751 2672 904 2741 piper
930 2669 1178 2725 edicitur.
1209 2669 1346 2724 Nam
1393 2669 1599 2740 piperis
1632 2677 1830 2724 natura

236 2765 355 2822 alba
382 2774 507 2831 est,
555 2764 708 2835 cujus
740 2762 957 2833 quidem
997 2761 1247 2817 diversus
1281 2769 1367 2816 est
1415 2760 1642 2817 fructus.
1693 2760 1831 2815 Nam

234 2859 378 2930 quod
401 2859 751 2912 immaturum
780 2862 882 2919 est,
910 2854 1064 2923 piper
1104 2853 1327 2924 longum
1373 2861 1595 2908 vocatur
1624 2870 1637 2905 :
1685 2852 1832 2922 quod

234 2946 608 3016 incorruptum
644 2945 713 2999 ab
743 2945 887 3013 igne,
910 2943 1067 3014 piper
1115 2942 1297 2998 album
1325 2960 1337 2996 :
1371 2942 1516 3013 quod
1545 2956 1676 2997 vero
1706 2951 1832 2997 cute

234 3053 436 3109 rugosa
463 3046 517 3093 et
542 3037 757 3110 horrida
802 3034 985 3100 fuerit,
1018 3050 1084 3090 ex
1139 3034 1320 3093 calore
1368 3035 1508 3107 ignis
1559 3035 1729 3090 trahit
1778 3041 1834 3089 et

235 3132 478 3190 colorem
505 3138 562 3186 et
599 3144 815 3185 nomen.
858 3127 1020 3197 Piper
1048 3126 1092 3181 si
1133 3127 1250 3181 leve
1274 3134 1376 3193 est,
1402 3134 1677 3182 vetustum
1702 3135 1787 3182 est
1815 3143 1829 3180 :

1932 1936 2114 1993 monia
2136 1934 2501 1991 remordente.
2534 1935 2787 1990 Calamus
2817 1952 2946 2008 ergo
2966 1937 3139 2003 psimul
3165 1954 3290 1993 cum
3325 1939 3539 2013 steteris

1932 2028 2288 2093 aromatibus,
2307 2029 2409 2084 hoc
2424 2035 2525 2092 est,
2543 2043 2667 2082 cum
2691 2029 2934 2098 myrrha,
2955 2030 3299 2087 cinnamomo
3313 2039 3369 2086 et
3388 2033 3539 2088 casia

1930 2121 2100 2177 verbo
2120 2119 2334 2176 Domini
2359 2134 2531 2175 sacra:
2557 2120 2625 2174 ad
2652 2120 2923 2175 unctionis
2942 2122 3118 2177 oleum
3139 2124 3356 2181 misceri
3387 2124 3542 2195 jube-

1932 2218 2040 2278 tur,
2067 2219 2126 2266 ut
2152 2210 2525 2267 sanctiﬁcetur
2539 2210 2950 2267 tabernaculum
2969 2213 3085 2279 Dei,
3110 2222 3167 2269 et
3186 2216 3371 2270 omnia
3400 2232 3534 2272 vasa

1932 2302 2282 2373 ejus..Porro
2325 2312 2661 2375 unguentum
2702 2319 2809 2373 quo
2850 2307 3172 2376 perungitur
3210 2307 3541 2364 tabernacu-

1930 2394 2065 2461 lum,
2102 2394 2341 2450 chrisma
2386 2403 2475 2451 est
2511 2410 2621 2467 quo
2664 2397 2886 2467 ungitur
2933 2398 3105 2454 fidelis
3157 2401 3391 2471 populus
3417 2443 3432 2469 ,
3484 2402 3541 2457 in

1931 2487 2133 2558 quibus
2158 2486 2440 2555 divinitas,
2475 2496 2735 2559 tanquam
2766 2489 2820 2543 in
2875 2473 3227 2547 tabernaculo
3251 2533 3265 2555 ,
3307 2493 3539 2549 habitat.

1931 2576 2119 2633 Potest
2153 2577 2373 2648 quidem
2416 2577 2644 2650 intelligi
2689 2580 2793 2636 hoc
2826 2591 3162 2653 unguentum
3199 2584 3365 2639 etiam
3422 2586 3540 2640 vir-

1935 2678 2078 2725 tutes
2107 2671 2573 2737 sanctorum,sive
2596 2670 2732 2727 odor
2756 2671 2984 2741 justitiaa
3009 2672 3169 2744 longe
3199 2674 3414 2745 lateque
3440 2674 3545 2730 dif-

1934 2760 2106 2818 fusus.
2136 2761 2216 2826 De
2266 2777 2376 2833 quo
2416 2762 2547 2818 dicit
2572 2762 2902 2834 Apostolus:
2937 2763 3047 2818 Deo
3096 2774 3274 2820 autem
3316 2768 3544 2837 gratias,

1933 2853 2024 2924 qui
2053 2853 2345 2925 triumphat
2378 2870 2471 2908 nos
2508 2854 2564 2907 in
2591 2852 2800 2908 Christo
2831 2851 2986 2921 Iesu,
3018 2863 3067 2909 et
3099 2855 3312 2910 odorem
3343 2854 3545 2911 notitim

1934 2962 2047 3000 sum
2076 2944 2385 3015 manifestat
2413 2962 2506 3017 per
2531 2961 2624 3015 nos
2656 2943 2743 3016 (ΙΙ
2766 2942 2891 2999 Cor.
2926 2944 3009 3016 ιι).
3038 2944 3273 3002 Balsami
3302 2947 3469 3002 arbor
3490 2946 3546 3001 in

1936 3033 2120 3090 Iudaea
2150 3035 2294 3089 intra
2323 3035 2585 3090 terminos
2634 3043 2845 3089 tantum
2872 3034 3067 3104 viginti
3099 3034 3360 3107 jugerum‘
3382 3023 3502 3093 erat
3529 3058 3544 3105 _:

1937 3125 2415 3195 posteaquoniam
2438 3125 2629 3180 eadem
2667 3112 2890 3199 regione
2912 3124 3144 3181 Romani
3194 3128 3351 3197 potiti
3395 3138 3543 3195 sunt,

234 3222 281 3279 si
317 3236 508 3293 grave,
540 3217 827 3275 novellum.
853 3189 1091 3271 Vitanda
1131 3224 1214 3271 est
1241 3189 1422 3271 autem
1468 3224 1835 3272 mercatorum
1862 3189 1913 3267 C.
1937 3189 2107 3273 etiam
2132 3189 2414 3272 latissimis
2435 3216 2665 3272 collibus
2705 3189 3005 3290 propagata
3032 3226 3155 3275 est:
3182 3189 3353 3290 stirpe
3401 3189 3548 3298 simi;

234 3315 424 3372 fraus:
466 3313 645 3369 solent
684 3304 830 3366 enim
850 3309 1230 3372 vetustissimo
1260 3307 1436 3380 piperi
1465 3307 1719 3362 humecto
1746 3323 1835 3362 ar-

234 3407 383 3480 genti
427 3418 673 3476 spumam
702 3409 796 3456 aut
824 3400 1103 3470 plumbum
1138 3414 1445 3469 aspergere,
1476 3406 1537 3453 ut
1573 3399 1835 3476 pondero-

235 3512 355 3553 sum
384 3495 502 3549 fiat.
535 3493 666 3547 Aloe
700 3493 755 3547 in
777 3491 925 3545 ludia
952 3499 1118 3559 atque
1144 3488 1346 3543 Arabia
1391 3489 1646 3560 gignitur,
1671 3489 1835 3543 arbor

235 3590 419 3645 odoris
442 3583 756 3642 suavissimi
784 3599 849 3638 ac
885 3581 1123 3638 summi:
1154 3580 1389 3651 denique
1412 3580 1617 3652 lignum
1662 3581 1833 3655 ipsius

235 3681 352 3736 vice
383 3678 803 3753 thymiamatum
834 3672 1096 3729 altaribus
1123 3670 1371 3727 adoletur
1393 3711 1407 3738 ,
1458 3672 1601 3726 unde
1629 3680 1685 3727 et
1731 3688 1830 3728 no—

235 3789 360 3830 men
388 3771 628 3826 traxisse
659 3758 919 3823 creditur.
950 3766 1028 3821 De
1060 3764 1179 3819 aloe
1226 3773 1405 3820 autem
1442 3765 1499 3820 in
1539 3758 1833 3837 Evangelia

236 3864 302 3921 de
327 3861 605 3933 sepultura
634 3859 846 3915 Domini
872 3859 945 3912 ita
997 3857 1192 3927 legitur
1222 3874 1235 3910 :
1275 3855 1428 3913 Venit
1469 3874 1589 3927 ergo
1614 3857 1831 3928 Ioseph,

232 3964 281 4010 et
306 3952 430 4008 tulit
459 3967 649 4022 corpus
669 3950 818 4004 Iesu.
875 3946 1027 4003 Venit
1056 3957 1239 4009 autem,
1275 3956 1325 4001 et
1368 3946 1707 4013 Nicodemus,
1743 3949 1834 4017 qui

234 4055 443 4100 uenerat
478 4042 548 4096 ad
584 4041 768 4096 Iesum
819 4049 968 4095 nocte
1018 4041 1303 4111 primum,
1333 4039 1504 4109 ferens
1555 4040 1833 4094 misturam

233 4138 467 4205 myrrha:
496 4143 546 4187 et
584 4130 764 4199 aloes,
816 4133 971 4202 quasi
1016 4130 1177 4186 libras
1202 4140 1409 4186 centum
1454 4130 1638 4202 (Ioan.
1691 4128 1830 4201 xu).

235 4224 374 4281 Hinc
397 4234 455 4280 et
478 4226 533 4278 in
561 4223 785 4278 Cantico
819 4222 1167 4277 canticorum-
1195 4221 1461 4291 scriptum
1489 4229 1575 4276 est
1626 4221 1683 4276 in
1724 4220 1834 4275 lau-

234 4321 355 4375 dem
388 4331 645 4388 sponse:
686 4312 907 4383 Myrrha
951 4322 1000 4367 et
1046 4312 1161 4367 aloe
1202 4328 1321 4367 cum
1361 4314 1600 4367 omnibus
1650 4311 1834 4383 primis

235 4409 523 4479 unguentis
556 4406 738 4477 (Cant.
766 4405 863 4477 1v).
894 4404 1114 4477 Myrrha
1148 4405 1295 4459 enim
1343 4412 1399 4459 et
1448 4404 1565 4459 aloe
1611 4403 1836 4459 arbores

234 4509 363 4559 sunt
385 4497 722 4561 aromaticaa,
737 4510 857 4565 quae
877 4494 1266 4550 continentiam
1294 4495 1482 4550 carius
1499 4495 1832 4564 exprimunt,

235 4610 359 4650 cum
385 4591 650 4648 omnibus
670 4588 862 4659 primis
908 4587 1217 4659 unguentis,
1252 4587 1307 4642 id
1344 4599 1459 4654 est,
1483 4587 1832 4643 charismati—

235 4687 333 4740 bus
357 4684 649 4737 virtutum.
691 4678 849 4735 Casia
874 4679 1117 4734 nascitur
1159 4679 1215 4732 in
1243 4678 1468 4745 Arabia,
1495 4678 1650 4750 virga
1674 4680 1834 4734 robu-

233 4777 301 4831 sti
328 4774 578 4839 corticis,
608 4780 663 4827 et
686 4772 974 4843 purpureis
996 4771 1160 4838 loliis,
1182 4780 1243 4826 ut
1267 4772 1469 4842 piperis
1494 4790 1508 4825 :
1537 4780 1621 4828 est
1650 4782 1833 4829 autem

232 4868 443 4922 virtute
464 4867 813 4921 cinnamomo
834 4864 1044 4931 similis,
1073 4864 1169 4920 sed
1187 4865 1431 4935 potentia
1456 4863 1713 4921 inferior:
1734 4881 1835 4919 un-

236 4958 301 5023 de
320 4974 424 5028 pro
446 4955 778 5012 cinnamomi
799 4955 917 5011 vice
937 4954 1133 5025 duplex
1154 4953 1270 5023 ejus
1289 4952 1500 5024 pondus
1514 4955 1569 5009 in
1597 4956 1834 5027 medica-

236 5051 439 5106 mentis
474 5050 822 5105 admiscetur.
845 5048 1263 5104 Cinnamomum
1286 5048 1513 5115 dictum,
1540 5051 1683 5119 quod
1719 5064 1836 5104 cor-

236 5156 325 5200 te:
354 5144 477 5215 ejus
515 5146 568 5200 in
612 5146 833 5201 modum
870 5160 1058 5201 canna:
1088 5144 1164 5199 sit
1204 5145 1468 5204 rutundus
1503 5153 1559 5200 et
1592 5144 1830 5217 gracilis.

238 5237 495 5307 Cignitur
538 5245 718 5292 autem
754 5238 809 5292 in
850 5237 1013 5293 Indiae
1061 5244 1117 5292 et
1155 5234 1448 5307 Ethiopian
1500 5238 1833 5309 regionibus,

238 5328 439 5385 frutice
472 5330 627 5385 brevi
657 5329 887 5385 duorum
912 5338 1123 5385 tantum
1150 5331 1476 5397 cubitorum,
1502 5330 1684 5387 colore
1709 5331 1840 5386 sub-

238 5421 398 5493 nigro
409 5420 500 5477 vel
514 5421 746 5488 cinereo,
766 5422 1205 5477 tenuissimarum
1226 5423 1523 5493 virgarum.
1541 5421 1677 5476 Nam
1694 5422 1839 5493 quod

242 5513 298 5569 in
324 5513 744 5569 crassitudinem
797 5515 1146 5581 extenditur,
1204 5515 1481 5586 despe’ctui
1526 5526 1647 5582 est;
1694 5519 1837 5586 quod

240 5618 373 5661 vero
395 5603 658 5675 gracilius
682 5606 1009 5675 provenerit,
1038 5608 1292 5662 eximium
1320 5627 1332 5660 :
1370 5610 1514 5679 quod
1540 5624 1661 5664 cum
1690 5608 1837 5665 fran-

242 5696 414 5770 gitur,
435 5696 647 5752 visibile
670 5699 1058 5768 Spiramentum
1086 5701 1281 5755 emittit
1325 5702 1391 5757 ad
1419 5702 1709 5774 imaginem
1744 5718 1835 5758 ne-

245 5787 509 5847 bukeseu
535 5790 790 5861 pulveris.
829 5792 906 5850 De
952 5794 1037 5853 his
1060 5794 1343 5852 arboribus
1364 5795 1421 5851 in
1447 5794 1673 5852 Cantico
1699 5811 1833 5853 can-
1855 5809 1869 5824 '

1937 3306 2006 3362 lis
2038 3306 2156 3373 viti,
2181 3304 2325 3361 foliis
2358 3306 2554 3362 similis
2575 3314 2732 3375 rutae,
2761 3307 2858 3364 sed
2900 3309 3256 3366 albidioribus
3302 3325 3545 3381 semper-

1938 3412 2045 3467 que
2065 3396 2431 3452 manentibus.
2454 3396 2632 3453 Arbor
2647 3407 2828 3454 autem
2849 3400 3176 3467 balsamum,
3194 3401 3399 3474 lignum
3425 3401 3472 3473 ej
3482 3420 3547 3469 us

1938 3489 2369 3561 xylobalsamum
2400 3490 2600 3546 dicitur
2631 3510 2644 3546 :
2678 3490 2890 3550 fructus
2920 3494 3033 3548 sive
3060 3509 3243 3550 semen
3268 3496 3551 3567 carpobal-

1938 3592 2151 3632 samum
2183 3596 2196 3631 :
2231 3594 2426 3634 succus
2447 3578 2877 3649 opobalsamum.
2906 3581 3066 3650 Quod
3105 3583 3228 3639 ideo
3251 3600 3374 3639 cum
3402 3583 3543 3654 adje-

1937 3670 2116 3725 ctione
2142 3670 2513 3741 significatur,
2555 3687 2623 3727 eo
2676 3673 2820 3742 quod
2854 3689 3150 3744 percussus
3201 3675 3395 3732 ferreis
3444 3694 3547 3732 un-

1937 3761 2077 3839 gulis
2103 3769 2292 3817 cortex
2327 3762 2460 3833 ligni
2494 3779 2592 3834 per
2625 3779 2889 3819 cavernas
2919 3766 3105 3823 eximii
3143 3768 3327 3823 odoris
3360 3777 3545 3839 guttas

1938 3851 2183 3915 distillat.
2215 3851 2461 3908 Caverna
2485 3855 2631 3908 enim
2657 3854 2849 3911 Graeco
2878 3870 3131 3912 sermone
3158 3874 3273 3929 oper
3301 3859 3502 3914 dicitur
3527 3876 3540 3915 :

1938 3943 2095 4011 cujus
2144 3950 2299 4011 gutta
2348 3943 2710 4011 adulteratur,
2744 3947 2981 4003 admisto
3015 3948 3243 4019 cyprino
3287 3950 3407 4007 oleo
3458 3952 3545 4007 vel

1938 4036 2142 4092 melle:
2177 4036 2270 4093 sed
2300 4038 2515 4093 sincera
2567 4038 2832 4107 probatur
2862 4056 2890 4093 a
2928 4040 3104 4105 melle,
3138 4042 3181 4096 si
3228 4056 3351 4096 cum
3404 4044 3555 4099 lacte

1939 4129 2351 4200 coagulaverit:
2395 4130 2464 4184 ab
2503 4129 2647 4197 oleo,
2679 4131 2724 4185 si
2778 4132 3041 4187 instillata
3082 4148 3279 4203 aquae,~
3311 4120 3406 4188 aut
3454 4136 3546 4190 ad-

1938 4222 2123 4289 mista,
2170 4220 2331 4277 facile
2390 4221 2552 4276 fuerit
2594 4222 2857 4289 resoluta,
2907 4234 3171 4294 praeterea
3215 4225 3319 4280 etsi
3370 4224 3544 4283 laneas

1938 4324 2119 4370 vestes
2146 4329 2214 4369 ex
2240 4314 2358 4385 ipsa
2385 4314 2602 4384 pollutae
2642 4330 2749 4369 non
2772 4315 3146 4382 maculantur;
3178 4318 3543 4375 adulteratum

1939 4407 2154 4476 quidem
2182 4420 2357 4476 neque
2379 4421 2504 4461 cum
2528 4406 2668 4461 lacte
2681 4400 3020 4476 coagulat,et
3042 4408 3289 4464 utoleum
3318 4410 3373 4464 in
3400 4427 3543 4481 aqua

1940 4503 2276 4566 supernatat,
2308 4503 2365 4551 et
2394 4503 2597 4551 vestem
2650 4498 2906 4552 maculat.
2958 4497 3211 4554 Balsama
3262 4510 3443 4557 autem
3493 4503 3543 4559 si

1940 4606 2074 4661 pura
2090 4589 2313 4656 fuerint,
2334 4598 2538 4645 tantam
2551 4592 2663 4646 vim
2688 4592 2909 4658 habent,
2929 4602 2985 4647 ut
3007 4594 3052 4649 si
3067 4594 3147 4649 sol
3162 4597 3539 4665 excanduerit,

1942 4680 2199 4741 sustineri
2230 4682 2284 4736 in
2307 4696 2471 4736 manu
2518 4698 2627 4737 non
2650 4684 2877 4752 possint.
2905 4683 3076 4756 Hujus
3116 4698 3248 4756 ergo
3289 4686 3539 4759 liquoris,

1943 4776 2047 4831 hoc
2067 4782 2151 4831 est
2168 4774 2418 4841 balsami,
2442 4775 2669 4846 mystice
2702 4777 2905 4832 mentio
2930 4775 2993 4832 ﬁt
3026 4778 3081 4832 in
3112 4778 3251 4834 libro
3278 4779 3408 4836 Iesu
3441 4780 3539 4837 ﬁlii

1945 4866 2158 4935 Sirach,
2191 4868 2283 4923 ubi
2310 4868 2386 4922 ita
2416 4868 2676 4937 scriptum
2703 4877 2824 4923 est:
2857 4868 2927 4923 Et
2965 4870 3259 4924 balsamum
3296 4876 3401 4926 nan
3442 4874 3542 4927 mi-

1944 4974 2101 5030 stum,
2136 4963 2267 5019 odor
2294 4979 2439 5018 meus
2473 4962 2666 5034 (Eccli.
2694 4962 2866 5035 xxxv).
2900 4964 2969 5018 Et
3015 4964 3069 5018 in
3105 4962 3333 5020 Cantico
3364 4967 3539 5021 canti-

1937 5073 2148 5127 corum,
2178 5058 2393 5112 dicente
2420 5072 2618 5126 sponsa
2641 5056 2707 5112 de
2742 5072 2961 5127 sponso,
2992 5057 3066 5111 ita
3098 5058 3359 5129 scriptum
3403 5058 3538 5131 legi-

1942 5160 2028 5207 tur
2057 5170 2069 5205 :
2102 5150 2243 5205 Dum
2268 5160 2399 5205 esset
2424 5167 2515 5204 rex
2539 5150 2596 5203 in
2616 5150 2857 5204 accubitu
2886 5168 3003 5215 suo,
3030 5152 3231 5206 nardus
3256 5168 3370 5207 mea
3391 5151 3536 5208 dex'it

1940 5228 2154 5298 odorem
2180 5258 2334 5296 suum
2357 5255 2375 5293 :
2406 5239 2695 5312 fasciculus
2711 5240 3183 5312 myrrhw'dilectus
3208 5258 3363 5297 meus.
3385 5243 3531 5305 mihi,

1940 5337 2077 5390 inter
2109 5333 2267 5389 ubera
2288 5350 2405 5389 mea
2429 5333 2859 5389 commorabitur.
2898 5331 3093 5388 Botrus
3125 5332 3286 5405 (ἔνι)ιὶ
3312 5332 3536 5388 dilectus

1941 5442 2087 5482 meus
2130 5426 2257 5479 mihi
2289 5425 2345 5479 in
2388 5425 2548 5480 vineis
2598 5423 2845 5494 Engaddi
2871 5421 3049 5486 (Cant.
3082 5424 3141 5497 ι).
3169 5425 3366 5480 Botrus
3402 5440 3533 5495 ergo

1942 5520 2103 5593 Cypri
2126 5520 2334 5576 factum
2359 5530 2442 5575 est
2466 5521 2727 5577 Dominus
2760 5520 2814 5572 in
2842 5522 3257 5584 resurrectione,
3287 5521 3375 5589 qui
3424 5521 3534 5576 fue-

1942 5621 2027 5667 rat
2050 5612 2340 5669 fasciculus
2369 5612 2605 5683 myrrha:
2628 5611 2680 5664 in
2694 5610 2965 5680 passione.
3002 5608 3101 5676 Qui
3126 5611 3261 5664 bene
3279 5611 3441 5664 etiam
3474 5610 3531 5664 in

1941 5704 2113 5762 vineis
2144 5704 2384 5774 Engaddi
2424 5719 2541 5759 esse
2566 5712 2942 5759 memoratur:
2982 5718 3217 5774 namque
3257 5704 3311 5757 in
3356 5703 3534 5761 vineis

1940 5793 2180 5867 Engaddi
2190 5837 2204 5864 ,
2218 5804 2276 5852 ut
2291 5796 2499 5867 praefati
2512 5812 2628 5853 sum
2636 5812 2698 5853 us
2708 5837 2721 5864 ,
2740 5794 3041 5853 balsamum
3052 5793 3460 5869 gignitur,un
3474 5792 3536 5851 in
