3922 6354
364 363 470 417 527

1012 361 1074 416 B.
1115 359 1369 416 RABANI
1409 358 1629 415 MAURI
1669 359 1990 439 ARCIIIVEP.
2031 361 2343 420 MOGUNT.
2380 362 2669 421 OPERUM
2708 362 2888 422 PARS
2925 365 2989 422 ll.
3546 366 3657 424 528

365 474 681 530 chrismatis
735 475 1074 531 confectione
1123 475 1322 545 liquori
1364 475 1521 531 olivae
1559 477 1847 531 admisceri
1892 493 1957 532 ac
1985 484 2038 545 Α
2064 479 2299 544 humilis,
2334 479 2488 549 cujus
2533 482 2745 538 radices
2792 499 2984 538 saxum
3024 495 3313 555 penetrant
3348 506 3360 541 :
3393 490 3538 558 quod
3584 489 3659 545 si-

363 564 661 636 pontiﬁcali
705 565 1081 621 benedictione
1129 567 1268 622 solet
1316 569 1666 624 consecrari:
1699 577 1965 640 quatenus

364 657 552 713 ﬁdeles
583 672 775 712 omnes
806 673 929 712 cum
961 658 1305 732 impositione
1347 674 1544 715 manus
1586 650 1961 725 saCerdotalis,

361 762 470 819 qua
494 746 733 806 Spiritus
754 758 978 805 sanctus
1003 748 1292 820 accipitur,
1331 750 1434 805 hac
1472 750 1727 807 unctione
1751 750 1964 822 signen-

362 849 466 897 ιω.
963 929 1194 986 CAPUT
1231 929 1368 985 Vill.

579 1031 652 1087 De
672 1031 848 1087 herbis
874 1031 1178 1086 aromaticis
1221 1032 1326 1086 sive
1354 1030 1738 1086 communibus.

427 1124 662 1180 Exstant
697 1131 751 1189 et
807 1124 1168 1195 quarumdam
1223 1124 1512 1179 herbarum
1546 1125 1790 1190 nomina,
1834 1139 1956 1196 qua:

353 1234 422 1274 ex
447 1218 628 1288 aliqua
658 1216 744 1273 sui
770 1232 937 1273 causa
964 1226 1226 1273 resonant
1261 1217 1524 1272 habentes
1551 1217 1828 1272 nominum
1860 1232 1957 1272 ex-

352 1308 722 1379 planationem
748 1326 761 1362 :
793 1322 902 1362 non
928 1316 1112 1363 tamen
1141 1308 1385 1363 omnium
1424 1308 1717 1363 herbarum
1746 1316 1954 1377 etymo-

351 1400 555 1473 logiam
593 1400 838 1455 invenies
865 1417 878 1453 :
911 1414 1040 1454 nam
1072 1415 1174 1470 pro
1199 1398 1335 1455 locis
1360 1406 1643 1454 mutantur
1667 1398 1829 1453 etiam
1857 1411 1954 1451 no-

351 1492 522 1547 mina.
567 1488 780 1546 Folium
826 1490 1067 1555 dictum,
1109 1489 1253 1560 quod
1301 1490 1421 1545 sine
1457 1489 1563 1544 ulla
1595 1488 1775 1544 radice
1798 1487 1953 1541 inna-

352 1592 477 1640 tans
503 1585 558 1639 in
604 1583 771 1640 ludite
816 1582 1091 1639 littoribus
1147 1583 1453 1654 colligatur,
1483 1582 1627 1653 quod
1662 1581 1774 1638 lino
1823 1596 1950 1651 pera

351 1672 587 1729 foratum
618 1674 827 1729 siccant
850 1673 986 1748 lndi,
1010 1681 1183 1743 atque
1200 1681 1487 1743 reponunt.
1526 1671 1724 1727 Fertur
1766 1682 1951 1726 autem

349 1762 591 1835 paradisi
620 1778 741 1819 esse
777 1760 968 1829 herba,
994 1775 1156 1833 gustu
1187 1760 1415 1817 nardum
1446 1759 1707 1817 referens.
1737 1761 1950 1817 Nardus

2067 572 2288 641 gniﬁcat
2326 571 2685 628 humilitatem
2733 575 3088 643 pmnitentire,
3126 578 3239 633 sive
3293 578 3655 649 Baptismum,

2065 672 2125 717 ut
2154 666 2206 718 in
2230 664 2494 721 Psalterio
2526 685 2539 719 :
2573 669 2825 738 Asperges
2872 685 2952 722 me
2995 669 3217 739 hyssopo
3242 712 3256 737 ,
3284 682 3330 726 et
3360 672 3660 726 mundabor

2065 751 2239 825 (Psal.
2268 754 2342 830 ι).
2369 754 2590 811 Costum
2617 756 2774 811 radix
2810 758 2993 814 herbae
3022 766 3123 822 est,
3154 761 3425 816 nascentis
3466 761 3526 816 iu
3570 758 3661 816 ln-

2062 844 2178 909 dia,
2209 844 2410 901 Arabia
2454 853 2511 900 et
2553 844 2730 916 Syria,
2782 847 2878 909 sed
2926 845 3120 903 melius
3173 847 3465 905 Arabicum
3507 864 3524 905 :
3570 860 3661 910 est

2061 938 2203 992 enim
2227 938 2412 993 album
2444 950 2499 994 et
2525 939 2663 1007 leve,
2688 956 2877 1008 suave,
2900 940 3122 1012 jucundi
3155 944 3338 999 odoris
3367 963 3381 998 :
3410 946 3659 1003 Indicum

2060 1029 2244 1084 colore
2266 1038 2407 1096 atro,
2438 1040 2493 1087 et
2518 1032 2653 1100 leve,
2679 1042 2739 1088 ut
2763 1034 2936 1090 ferula
2964 1053 2980 1091 :
3023 1035 3311 1108 Syriacum
3337 1053 3470 1094 vero
3512 1056 3659 1110 pon-

2056 1120 2188 1175 dere
2216 1137 2409 1192 grave,
2435 1125 2615 1180 colore
2640 1126 2838 1191 buxeo,
2872 1127 3039 1183 odore
3067 1130 3181 1184 acri
3218 1148 3231 1183 τ
3261 1144 3535 1185 summum
3568 1138 3659 1185 ta-

2056 1226 2183 1267 men
2218 1212 2419 1277 album,
2450 1214 2586 1283 leve,
2621 1216 2855 1281 aridum,
2902 1226 3119 1288 gustum
3160 1219 3475 1275 incendens.
3527 1219 3659 1277 Flos

2056 1304 2203 1359 enim
2230 1305 2316 1359 vel
2344 1305 2623 1362 Christum
2661 1307 2952 1378 signiﬁcat,
2991 1310 3085 1380 qui
3133 1309 3200 1367 de
3248 1312 3402 1382 virga
3450 1311 3659 1367 radicis

2054 1395 2208 1452 Jesse
2237 1395 2488 1465 ellloruit,
2523 1400 2607 1453 vel
2639 1399 2911 1469 specimen
2945 1398 3194 1469 justitiae,
3224 1412 3281 1457 ut
3309 1403 3363 1457 in
3390 1401 3606 1472 psalmo
3638 1420 3654 1457 ε

2054 1488 2268 1557 Justus,
2293 1490 2490 1561 inquit,
2523 1501 2576 1544 ut
2610 1490 2787 1561 palma
2816 1491 3021 1561 ﬂorcbit
3052 1492 3229 1564 (Psal.
3271 1494 3404 1566 xei).
3445 1493 3594 1549 Rosa
3623 1510 3657 1550 a

2055 1583 2236 1653 specie
2272 1582 2422 1638 floris
2450 1593 2756 1654 nuncupata
2784 1587 2927 1654 quod
2965 1585 3211 1640 rutilanti
3234 1585 3414 1642 colore
3434 1587 3653 1642 rubeat.

2055 1675 2341 1747 Signiﬁcat
2368 1685 2549 1733 autem
2576 1693 2701 1733 rosa
2732 1688 2998 1749 martyres
3028 1698 3039 1732 :
3071 1687 3130 1734 ut
3169 1689 3253 1735 est
3280 1679 3413 1736 illud
3451 1697 3465 1735 :
3500 1678 3656 1734 Sicut

2053 1783 2176 1822 rosa
2195 1769 2490 1838 germinant
2511 1786 2669 1840 super
2689 1769 2908 1825 humida
2953 1772 3152 1841 ﬂuenta
3194 1771 3386 1842 (Eccli.
3429 1771 3652 1844 xxxrx).

347 1856 522 1911 herba
551 1863 638 1911 est
658 1855 875 1926 spicosa
910 1875 924 1909 :
962 1855 1106 1909 unde
1139 1862 1196 1907 et
1237 1868 1269 1906 a
1297 1852 1505 1909 Graecis
1554 1854 1948 1909 nardostachus
1976 1852 2025 1913 B
2052 1858 2189 1914 Lilia
2218 1859 2378 1915 lactei
2405 1858 2555 1916 floris
2591 1860 2761 1915 herba
2797 1879 2810 1915 :
2842 1861 2987 1917 unde
3031 1870 3087 1918 et
3131 1870 3462 1933 nuncupata,
3490 1862 3655 1935 quasi

347 1945 640 2018 appellata,
680 1960 911 2020 quarum
942 1944 1050 1999 alia
1079 1943 1284 2010 Indica,
1315 1944 1419 1999 alia
1448 1942 1673 2015 Syriaca
1699 1952 1943 2010 vocatur,

344 2054 455 2093 non
485 2038 631 2110 quod
658 2038 714 2093 in
745 2036 905 2110 Syria
934 2043 1217 2101 nascatur,
1242 2036 1337 2091 sed
1366 2036 1513 2106 quod
1544 2052 1721 2102 mons,
1754 2037 1808 2091 in
1838 2050 1946 2106 quo

345 2129 643 2193 invenitur,
671 2127 779 2183 alio
818 2127 991 2183 latere
1020 2125 1226 2180 lndiam
1257 2133 1496 2195 spectat,
1528 2125 1635 2181 alio
1678 2125 1894 2196 Syriam
1928 2144 1941 2180 :

341 2230 428 2275 est
468 2228 651 2275 autem
689 2218 873 2274 Indica
915 2213 1295 2280 multiformis,
1336 2215 1430 2268 sed
1468 2214 1659 2268 melior
1695 2212 1941 2285 Syriaca,

343 2310 514 2377 levis,
579 2309 753 2376 fulva,
806 2322 1057 2372 comosa,
1104 2303 1252 2375 s'piea
1298 2321 1488 2376 parva,
1537 2307 1940 2372 odoratissima,

344 2416 606 2472 eypcrum
632 2401 897 2456 simulans
929 2417 943 2453 :
974 2397 1118 2468 quod
1146 2397 1190 2450 si
1214 2396 1443 2451 multum
1474 2398 1529 2451 in
1558 2413 1653 2452 ore
1692 2398 1943 2453 tardave-

339 2494 432 2558 rit,
476 2493 719 2563 linguam
754 2492 943 2547 siccat.
982 2491 1194 2547 Nardus
1233 2488 1435 2545 Celtica
1482 2507 1511 2544 a
1558 2490 1777 2561 regione
1819 2488 1946 2545 Gal-

342 2583 427 2640 lia:
454 2599 652 2639 nomen
686 2584 854 2638 traxit
887 2602 899 2637 :
935 2585 1179 2639 nascitur
1202 2585 1348 2638 enim
1382 2584 1578 2653 saepius
1619 2582 1672 2636 in
1705 2580 1940 2652 Liguria:

342 2679 555 2749 alpibus
580 2685 636 2733 et
664 2676 720 2732 in
751 2674 932 2749 Syria,
960 2676 1156 2731 frutice
1181 2692 1351 2747 parvo
1371 2716 1386 2740 ,
1416 2674 1693 2730 radicibus
1730 2673 1784 2727 in
1822 2688 1940 2726 ma-

337 2771 590 2843 nipulum
622 2768 866 2825 collectis
895 2769 1225 2840 ligamentis.
1256 2766 1384 2821 Flos
1412 2767 1529 2836 ejus
1559 2771 1771 2819 tantum
1812 2778 1944 2833 pro-

342 2873 467 2935 pter
495 2864 717 2918 odorem
742 2863 967 2926 bonum,
984 2861 1158 2930 thyrsi
1180 2859 1298 2929 ejus
1315 2868 1478 2929 atque
1503 2857 1758 2912 radicula:
1782 2856 1943 2911 utiles

339 2955 642 3026 probantur
670 2953 860 3008 usibus
910 2953 1130 3007 nostris.
1175 2952 1390 3006 Nardus
1445 2957 1622 3004 autem
1673 2946 1944 3019 signiﬁcat

339 3047 845 3119 odoremyirtutum
865 3054 1179 3101 sanctorum
1204 3046 1257 3098 in
1279 3043 1550 3099 Ecclesia:
1577 3041 1719 3095 unde
1742 3055 1941 3110 sponsa

339 3139 471 3194 dicit
503 3140 557 3193 in
576 3137 817 3194 Cantico
844 3138 1183 3193 canticorum
1216 3155 1227 3189 :
1265 3136 1401 3188 Dum
1428 3143 1556 3189 esset
1587 3150 1677 3187 rex
1706 3134 1762 3185 in
1783 3149 1940 3186 accu-

2051 1949 2233 2016 laclia,
2263 1951 2419 2022 cujus
2449 1953 2575 2007 dum
2613 1953 2816 2007 candor
2863 1953 2938 2009 sit
2977 1954 3033 2009 in
3079 1952 3246 2020 foliis,
3293 1956 3410 2011 auri
3461 1965 3653 2013 tamen

2050 2044 2261 2114 species
2287 2044 2433 2099 intus
2463 2043 2698 2115 eﬁulget.
2729 2044 2927 2100 Lilium
2951 2055 3134 2101 autem
3164 2046 3441 2103 Christum
3476 2050 3652 2121 signi-

2049 2132 2194 2197 ﬁcat,
2225 2134 2319 2203 qui
2345 2135 2399 2188 in
2426 2134 2651 2189 Cantico
2691 2137 3025 2193 canticorum
3055 2139 3131 2192 ait
3160 2156 3173 2192 :
3202 2136 3317 2205 Ego
3350 2141 3450 2209 ﬂos
3474 2140 3654 2211 campi

2048 2235 2094 2280 et
2128 2224 2298 2278 lilium
2330 2225 2644 2280 convallium
2674 2225 2853 2298 (Cant.
2882 2227 2970 2298 ll).
2994 2228 3061 2282 Et
3092 2229 3223 2284 item
3253 2243 3268 2283 :
3303 2226 3369 2283 Ut
3395 2238 3655 2300 pascatur

2048 2316 2103 2369 in
2131 2315 2319 2378 hortis,
2367 2324 2415 2369 et
2443 2313 2559 2370 lilia
2599 2315 2810 2387 colligat
2839 2314 3018 2387 (Cant.
3049 2315 3160 2388 vn);
3210 2332 3275 2373 ac
3310 2318 3355 2372 si
3385 2317 3595 2374 diceret
3633 2337 3649 2374 :

2047 2403 2161 2479 Ego
2190 2422 2319 2468 sum
2340 2410 2507 2464 decus
2546 2408 2765 2474 mundi,
2792 2417 2848 2463 et
2874 2408 3044 2479 gloria
3074 2409 3358 2464 humilium
3388 2429 3401 2463 :
3436 2409 3533 2479 qui
3578 2410 3652 2465 de

2047 2513 2247 2567 sponsa
2307 2512 2403 2552 sua
2460 2498 2539 2552 sic
2580 2498 2655 2552 ait
2688 2516 2700 2552 :
2736 2497 2885 2552 Sicut
2936 2496 3106 2551 lilium
3152 2498 3291 2551 inter
3337 2498 3540 2567 spinas,
3570 2499 3655 2553 sic

2047 2590 2218 2642 amica
2254 2606 2370 2642 inea
2400 2589 2537 2642 inter
2559 2588 2699 2657 ﬁlias
2727 2586 2903 2661 (Cant.
2939 2588 3000 2659 ll)
3021 2630 3034 2655 ,
3066 2589 3189 2660 quia
3231 2589 3435 2643 candor
3480 2589 3654 2644 castiv

2048 2681 2175 2734 tatis
2197 2679 2315 2749 ejus
2348 2679 2787 2733 tribulationibus
2811 2678 3095 2749 probatur,
3126 2689 3182 2735 et
3208 2678 3380 2749 major
3403 2687 3486 2734 est
3532 2678 3656 2733 fru-

2046 2782 2166 2827 ctus
2189 2771 2594 2842 praedicationis
2619 2786 2780 2840 quam
2824 2771 3039 2840 quietis.
3087 2769 3275 2825 Potest
3322 2778 3379 2825 et
3430 2770 3484 2825 in
3531 2770 3652 2825 lilio

2049 2864 2331 2934 virginitas
2390 2863 2668 2933 exprimi:
2701 2862 2827 2932 quia
2876 2863 3227 2918 excellentior
3280 2870 3366 2917 est
3416 2862 3651 2918 castitas

2044 2953 2345 3024 virginalis,
2364 2968 2526 3023 quam
2549 2962 2761 3007 etcterae
2790 2952 3037 3017 virtutes,
3063 2952 3203 3007 sicut
3229 2951 3285 3005 in
3317 2951 3651 3023 Apocalypsi

2043 3044 2368 3099 ostenditur.
2400 3044 2552 3099 Viola
2580 3050 2805 3112 propter
2827 3042 2935 3095 vim
2956 3041 3142 3097 odoris
3166 3056 3363 3095 nomen
3395 3040 3605 3109 accepit
3629 3054 3648 3094 :

2044 3135 2203 3205 hujus
2222 3149 2421 3205 genera
2448 3143 2573 3188 sunt
2596 3134 2698 3187 tria
2724 3150 2738 3186 :
2762 3147 3092 3203 purpureum
3106 3172 3118 3195 ,
3138 3131 3339 3196 album,
3357 3130 3646 3187 melinum.

340 3229 450 3283 bitu
472 3245 591 3294 suo,
625 3228 825 3283 nardus
850 3245 966 3282 mea
996 3228 1137 3283 dedit
1183 3226 1398 3280 adorent
1442 3242 1596 3278 suum
1644 3222 1822 3295 (Cant.
1875 3226 1937 3293 ι),
1968 3211 2014 3274 C
2048 3225 2200 3280 Viola
2230 3240 2445 3294 quoque
2473 3225 2744 3295 signiﬁcat
2769 3222 3110 3279 confessores
3136 3222 3207 3278 ob
3232 3222 3647 3278 similitudinem

341 3323 447 3377 hoc
468 3331 573 3385 est,
597 3335 727 3391 rege
755 3319 976 3375 Christo
1015 3320 1067 3372 in
1101 3317 1440 3372 beatitudine
1463 3316 1701 3370 cwlestis
1742 3314 1939 3370 secreti

340 3414 657 3485 quiescente
673 3420 990 3468 sanctorum
1012 3411 1188 3465 virtus
1207 3409 1262 3462 in
1279 3408 1519 3462 Ecclesia
1547 3421 1757 3476 magna:
1783 3403 1940 3459 nobis

338 3506 571 3578 gratiam
608 3504 895 3559 suavitatis
939 3501 1307 3559 administrat.
1353 3498 1484 3552 item
1530 3510 1761 3566 sponsus
1808 3493 1940 3549 dicit

337 3599 403 3652 de
430 3612 645 3667 sponsa:
671 3595 841 3667 gloria
898 3595 952 3648 in
1002 3593 1191 3649 eodem
1243 3591 1382 3647 libro
1417 3604 1430 3642 :
1471 3588 1791 3641 Emissiones
1832 3595 1937 3640 tua:

336 3688 619 3758 paradisus
644 3685 903 3739 malorum
933 3683 1262 3738 Punicorum
1297 3697 1416 3735 cum
1436 3693 1708 3749 pontorum
1745 3676 1936 3745 fructi-

339 3778 627 3847 bus,cypri
653 3793 770 3830 cum
823 3775 992 3829 nardo
1042 3773 1219 3845 (Cant.
1268 3772 1365 3843 tv).
1411 3771 1624 3825 Nardus
1653 3779 1707 3824 et
1744 3784 1939 3824 crocus

333 3884 433 3939 per
460 3868 844 3939 .irrigationem
880 3866 1021 3920 sacri
1050 3864 1398 3933 Baptismatis
1431 3869 1621 3916 sancta
1658 3859 1933 3925 Ecclesia;

332 3958 619 4029 paradisus
693 3957 1015 4012 emissiones
1095 3954 1360 4009 malorum
1431 3952 1797 4016 Punicorum,
1883 3948 1936 4004 id

333 4058 416 4104 cst
457 4057 769 4103 sanctorum
807 4057 1142 4118 martyrum;
1184 4060 1306 4099 cum
1336 4059 1619 4114 pomorum
1649 4042 1932 4103 fructibus,

338 4141 390 4195 id
419 4150 503 4194 est
532 4155 654 4195 cum
679 4149 993 4193 sanctorum
1019 4139 1278 4191 virtutum
1303 4138 1504 4191 fructu.
1538 4136 1749 4205 Cyprus
1774 4137 1939 4190 arbor

341 4229 641 4284 aromatica
696 4238 801 4293 est,
836 4228 1149 4297 signiﬁcans
1198 4226 1440 4280 caelestis
1487 4226 1673 4295 gratiae
1720 4224 1941 4280 benedi-

337 4322 597 4375 ctionem.
630 4319 845 4374 Nardus
869 4318 1168 4373 Dominica:
1194 4318 1462 4386 passionis
1490 4326 1709 4386 typum,
1742 4331 1936 4371 crocus

342 4411 633 4466 charitatis
670 4400 945 4464 fervercm
992 4408 1249 4478 exprimit
1291 4424 1305 4460 :
1349 4408 1695 4478 conjungitur
1736 4422 1937 4477 cyprus

339 4502 537 4568 nardo,
569 4516 693 4556 cum
730 4500 915 4555 divina
946 4501 1122 4571 gratia
1153 4498 1427 4555 confortat
1450 4515 1551 4554 nos
1583 4515 1682 4569 pro
1717 4498 1934 4555 Christo

339 4590 473 4662 pati.
524 4566 664 4645 ltem
725 4591 927 4644 nardus
950 4566 1134 4643 veroco
1174 4589 1439 4659 jungitur,
1493 4566 1614 4643 cum
1668 4566 2013 4645 charitateD

337 4682 542 4737 Christi
572 4689 806 4735 mortem
832 4681 1064 4734 libenter
1093 4679 1435 4747 suscipimus.
1466 4680 1697 4733 Crocmn
1730 4680 1933 4734 dictum

337 4775 404 4827 ab
448 4772 646 4842 oppido
704 4771 927 4835 Ciliciae,
956 4770 1101 4839 quod
1151 4779 1377 4824 vocatur
1428 4770 1719 4835 Coricium,
1763 4786 1933 4840 quan-

339 4878 504 4935 quam
545 4873 600 4917 ct
626 4862 752 4917 alibi
788 4871 1086 4917 nascatur:
1118 4862 1212 4916 sed
1266 4878 1371 4915 non
1424 4870 1629 4916 tantum
1675 4863 1757 4917 vel
1808 4863 1930 4928 tale,

347 4958 504 5028 quale
530 4958 584 5012 in
613 4955 822 5021 Cilicia,
844 4956 987 5011 unde
1014 4964 1067 5009 ct
1095 4973 1124 5009 a
1153 4958 1348 5026 potiori
1378 4966 1527 5025 parte
1557 4973 1751 5012 nomen
1781 4972 1936 5012 acce—

349 5051 429 5118 pit
461 5067 472 5100 :
506 5062 632 5102 nam
657 5048 839 5101 multae
869 5063 955 5100 res
986 5046 1203 5099 nomina
1231 5056 1577 5115 sumpserunt
1602 5062 1632 5101 a
1659 5047 1819 5112 locis,
1843 5047 1935 5102 ubi

348 5141 468 5210 plus
495 5139 742 5208 pervenit
770 5138 1061 5208 [provenit]
1103 5148 1155 5193 et
1187 5140 1381 5194 melius
1407 5140 1625 5208 aliquid.
1660 5140 1935 5210 Optimum

347 5240 654 5297 autemest,
678 5232 820 5300 quod
854 5230 1014 5284 fuerit
1045 5245 1255 5295 recens,
1284 5232 1467 5287 odoris
1500 5231 1624 5285 boni
1644 5273 1657 5298 ,
1685 5232 1934 5287 albedine

338 5342 524 5395 parva,
555 5334 819 5394 porrecta:
848 5323 1224 5394 longitudinis,
1250 5324 1517 5393 integrum
1553 5332 1608 5379 et
1656 5339 1829 5394 neque
1876 5323 1929 5378 in

342 5416 644 5484 fragmenta
671 5414 1084 5479 comminutum,
1118 5412 1471 5483 inspiratione
1513 5414 1675 5482 bona,
1705 5423 1761 5469 et
1805 5428 1931 5468 cum

342 5506 606 5576 carpitur,
636 5521 828 5562 manus
870 5505 1130 5568 inliciens,
1174 5515 1231 5562 et
1266 5504 1458 5562 leviter
1504 5521 1648 5562 acre.
1694 5505 1848 5573 Quod
1884 5505 1931 5561 si

343 5598 610 5667 ejusmodi
650 5614 754 5652 non
812 5600 975 5653 fuerit
1013 5619 1024 5652 :
1060 5609 1153 5653 aut
1209 5609 1502 5664 vetustum,
1542 5609 1635 5653 aut
1694 5599 1929 5653 infusum

346 5688 711 5760 cognoscitur.
744 5688 875 5744 ltcm
904 5706 1103 5760 cyprus
1126 5691 1589 5760 incorruptionem
1621 5690 1889 5759 significat
1915 5708 1927 5742 :

347 5781 551 5839 uardus
564 5781 952 5849 fortitudinem,
969 5798 1162 5838 crocus
1175 5791 1344 5852 murty
1356 5800 1369 5836 ι
1380 5800 1459 5839 es.
1477 5781 1750 5852 llyssopus
1763 5781 1931 5838 herba

2047 3322 2335 3376 lividorum
2374 3335 2684 3389 corporum.
2716 3317 2871 3374 Unde
2914 3318 3179 3389 scriptum
3215 3328 3300 3373 est
3329 3317 3384 3372 in
3414 3316 3648 3372 Cantica

2045 3411 2381 3466 canticorum
2421 3429 2433 3463 :
2463 3408 2648 3462 Floras
2674 3409 2729 3462 in
2754 3418 2895 3462 terra
2916 3407 3010 3462 visi
3040 3416 3161 3462 sunt
3191 3406 3366 3479 (Cant.
3386 3406 3451 3479 ιι)
3477 3424 3491 3472 ;
3526 3407 3651 3476 (ιιιί-

2043 3504 2145 3556 bus
2169 3500 2335 3556 etiam
2364 3513 2593 3568 regnum
2623 3498 2884 3554 cmlorum
2914 3497 3245 3567 promissum
3288 3505 3395 3552 est.
3427 3495 3646 3551 Hedera

2042 3598 2208 3661 dicta,
2239 3595 2384 3666 quod
2419 3593 2707 3649 arboribus
2758 3590 3021 3661 reptando
3067 3590 3381 3646 adhaereat:
3416 3591 3483 3646 de
3530 3604 3644 3660 qua

2047 3688 2303 3760 Virgilius
2334 3706 2346 3740 :

2165 3777 2302 3827 Inter
2320 3776 2555 3827 victrices
2580 3773 2817 3824 hederam
2841 3773 2932 3823 tibi
2954 3784 3162 3835 serpere
3188 3774 3370 3823 lauros.

2041 3861 2145 3915 Alii
2170 3860 2436 3916 Hederam
2455 3858 2607 3912 aiunt
2628 3866 2902 3923 vocatam,
2925 3857 3071 3926 quod
3098 3857 3268 3912 haedis
3293 3871 3458 3928 supra
3480 3856 3646 3915 laetis

2042 3951 2429 4006 abundantiam
2451 3950 2506 4004 in
2529 3963 2655 4003 esca
2677 3962 2707 4001 a
2725 3946 3003 4002 veteribus
3030 3946 3392 4016 praebebatur.
3415 3944 3645 4003 Hedera:

2038 4042 2251 4113 frigidae
2285 4052 2443 4096 terrae
2484 4040 2688 4094 indices
2712 4046 2838 4093 sunt
2873 4036 3169 4092 secundum
3197 4035 3474 4106 physicos,
3510 4052 3643 4093 nam

2040 4134 2488 4203 antipharmacon
2540 4130 2819 4186 ebrietatis
2857 4136 2961 4194 est,
3004 4129 3048 4184 si
3089 4129 3211 4198 quis
3248 4137 3407 4198 potus
3436 4128 3643 4184 hedera

2040 4234 2350 4281 coronetur.
2377 4222 2586 4277 Hedera
2613 4229 2794 4276 autem
2813 4229 2997 4291 typum
3014 4217 3224 4275 Judaici
3243 4218 3425 4289 populi
3449 4218 3637 4289 habet,

2040 4318 2129 4388 qui
2159 4316 2447 4386 aliquando
2473 4316 2729 4369 florebat:
2754 4314 2848 4368 sed
2873 4328 2977 4367 non
3003 4313 3091 4367 diu
3120 4313 3173 4366 in
3199 4313 3377 4366 virore
3401 4312 3641 4383 pristino

2038 4410 2372 4463 remanebat.
2406 4406 2556 4463 Uudc
2582 4407 2633 4460 in
2666 4406 2802 4461 libro
2830 4404 2983 4460 Jonac
3009 4402 3293 4475 Propheta:
3310 4404 3515 4460 hedera
3534 4406 3640 4461 sub

2039 4497 2193 4568 cujus
2224 4498 2541 4555 umbraculo
2570 4496 2737 4553 Jonas
2777 4497 3009 4553 “sedebat
3049 4498 3105 4550 in
3153 4497 3477 4553 ascensione
3509 4513 3639 4554 ver-

2041 4591 2146 4643 mis
2177 4589 2395 4643 diluculi
2434 4589 2489 4644 in
2518 4589 2840 4652 crastinum,
2868 4587 3082 4643 exaruit
3128 4587 3184 4641 in
3229 4590 3640 4646 resurrectione

2041 4679 2185 4734 illius
2213 4681 2434 4745 vermis,
2463 4681 2554 4749 qui
2583 4681 2658 4734 ait
2688 4698 2700 4733 :
2734 4680 2848 4750 Ego
2876 4697 2992 4735 sum
3014 4681 3204 4735 vermis
3222 4720 3238 4745 ,
3266 4691 3317 4735 et
3344 4697 3451 4735 non
3480 4682 3640 4737 homo

2042 4770 2215 4840 (Psal.
2242 4772 2378 4841 xxi).
2411 4771 2634 4826 Judaica
2663 4772 2815 4842 plebs
2839 4786 2938 4843 per
2982 4771 3354 4827 inﬁdelitatem
3394 4774 3638 4843 exaruit,

2042 4884 2161 4937 qute
2182 4870 2452 4937 quondam
2492 4867 2717 4922 florebat
2754 4867 2807 4921 in
2851 4868 3176 4938 patriarchis
3221 4874 3276 4921 et
3324 4869 3633 4938 prophetis.

2041 4958 2343 5012 Galbanum
2366 4973 2562 5014 succus
2584 4968 2667 5013 est
2703 4956 2910 5012 ferulze.
2934 4957 3102 5027 Dycta
3130 4964 3213 5010 est
3241 4971 3399 5012 mons
3435 4957 3635 5026 Cretae,

2040 5067 2106 5105 ex
2155 5067 2261 5120 quo
2299 5053 2644 5121 dyctamnum
2686 5048 2853 5103 herba
2892 5064 3089 5102 nomen
3131 5050 3359 5118 accepit,
3409 5062 3637 5119 promer

2039 5156 2200 5209 quam
2244 5141 2384 5209 apud
2409 5139 2688 5210 Virgilium
2705 5154 2866 5194 cerva
2887 5138 3164 5192 vulnerata
3188 5138 3358 5194 saltus
3375 5151 3639 5211 peragrat

2039 5230 2285 5301 Dyctaeos
2313 5250 2324 5284 ε
2361 5240 2521 5285 tanta":
2547 5231 2690 5285 enim
2718 5230 2974 5301 potentiae
3002 5240 3103 5295 est,
3131 5239 3189 5284 ut
3213 5230 3418 5287 ferrum
3446 5245 3478 5285 a
3504 5247 3635 5288 eor-

2037 5336 2167 5391 pore
2191 5321 2441 5391 expellat,
2475 5321 2703 5390 sagittas
2727 5321 2984 5375 excutiat.
3021 5319 3174 5375 Unde
3200 5332 3254 5375 et
3282 5320 3402 5389 ejus
3429 5323 3636 5393 pabulo

2035 5409 2164 5465 ferte
2188 5425 2460 5481 percussa:
2486 5410 2709 5481 sagittas
2736 5425 2765 5463 a
2792 5412 3359 5481 eorporeinhterentes
3377 5410 3629 5481 ejiciunt.

2038 5501 2188 5557 Hanc
2202 5502 2422 5571 quidam
2434 5501 2749 5557 Latinorum
2761 5502 2996 5571 poleium
3009 5501 3196 5556 Martis
3208 5501 3635 5573 dicuntpropter

2038 5594 2163 5649 belli
2195 5594 2298 5647 tela
2319 5594 2660 5648 excutienda.
2686 5593 3039 5664 Mandragora
3067 5594 3229 5656 dicta,
3255 5593 3397 5661 quod
3431 5594 3635 5649 habeat

2039 5687 2178 5741 mala
2210 5701 2375 5741 suave
2403 5687 2603 5741 olentia
2634 5687 2685 5740 in
2732 5686 3154 5758 magnitudinem
3197 5686 3324 5740 mali
3354 5684 3581 5740 Matiani
3614 5701 3632 5740 :

2041 5780 2179 5836 unde
2206 5787 2260 5835 et
2279 5795 2401 5835 eam
2420 5778 2597 5837 Latini
2625 5779 2825 5835 malum
2855 5789 3011 5835 terra:
3036 5787 3250 5835 vocant.
3275 5777 3427 5835 lianc
3454 5785 3633 5848 poeta:
