3922 6320
242 387 348 447 829

1216 387 1303 442 DE
1345 382 1694 443 UNIV’ERSO
1733 382 1911 438 LIBRI
1950 381 2113 438 XXII.
2155 413 2223 421 —
2257 383 2382 439 LIB.
2426 382 2566 440 XIX.

3424 383 3527 438 550

244 503 783 575 anthropomorphon
825 503 1127 574 appellant,
1169 502 1312 572 quod
1357 501 1554 556 habeat
1598 499 1836 553 radicem
1863 501 1915 561 Α
1943 499 1995 552 in
2051 497 2342 568 Evangelio
2388 500 2584 554 dicitur
2633 499 2849 572 (Matth.
2889 500 3038 572 XIII),
3068 499 3210 569 quod
3259 500 3312 554 in
3341 508 3525 568 segete

240 593 472 650 formam
504 594 744 652 hominis
778 594 1140 656 simulantem,
1175 591 1327 660 cujus
1361 600 1549 646 cortex
1576 592 1702 644 vino
1726 591 1832 644 im-

242 687 404 742 mista
433 685 501 739 ad
523 684 813 740 bibendum
841 685 1001 738 datur
1024 683 1090 738 iis
1117 698 1346 752 quorum
1376 697 1573 752 corpus
1612 690 1836 752 propter

244 790 432 831 curam
459 774 752 830 secandum
792 785 897 839 est,
950 781 1009 828 ut
1041 773 1281 843 50porati
1303 772 1544 827 dolorem
1574 787 1679 826 non
1707 786 1834 826 sen-

242 867 404 921 tiant.
428 865 598 935 Hujus
619 866 832 937 species
1022 863 1247 918 Femina
1276 863 1418 918 foliis
1440 863 1663 918 lactuca:
1686 862 1836 918 simi-

245 957 383 1014 libus
412 958 555 1014 mala
579 964 801 1029 generat
826 955 1310 1011 insimilitudinem
1339 970 1636 1024 prunorum
1665 972 1678 1008 :
1715 969 1836 1008 ma-

241 1050 426 1106 sculus
469 1063 600 1104 vero
641 1047 784 1103 foliis
820 1049 958 1104 betae
1003 1047 1286 1102 similibus.
1348 1047 1423 1101 De
1473 1047 1833 1116 mandragora

239 1157 438 1214 sponsa
460 1142 592 1197 dicit
613 1142 668 1196 in
691 1141 915 1196 Cantico
935 1141 1271 1196 canticorum
1300 1159 1312 1194 :
1340 1140 1715 1210 Mandragora:
1737 1141 1830 1193 de.-

240 1235 429 1290 derunt
445 1235 658 1288 odorem
677 1235 732 1288 in
755 1234 917 1304 portis
934 1235 1120 1288 nostris
1141 1231 1316 1303 (Cant.
1339 1232 1458 1302 vII).
1482 1231 1833 1298 Mandragora

239 1338 460 1398 propter
487 1326 799 1382 multimoda
834 1326 1252 1380 medicaminum
1286 1340 1485 1393 genera
1517 1331 1832 1378 sanctorum

237 1421 534 1476 virtutibus
558 1428 925 1489 comparatur.
957 1418 1133 1472 Porta:
1160 1416 1415 1471 Ecclesia:
1437 1417 1686 1470 doctores
1710 1424 1834 1470 sunt

239 1515 436 1568 sancti.
464 1512 522 1567 In
552 1510 861 1580 lmjusmodi
882 1510 1054 1580 portis
1099 1508 1474 1579 mandragorae
1527 1508 1657 1561 dant
1699 1508 1833 1561 odo-

239 1619 357 1657 rem
388 1622 400 1656 :
431 1618 552 1657 cum
593 1599 864 1672 spiritales
893 1599 1092 1670 quique
1116 1616 1181 1653 ex
1215 1616 1273 1653 se
1296 1601 1554 1653 virtutum
1599 1598 1832 1666 palmam

235 1695 399 1766 longe
425 1695 640 1764 lateque
668 1702 945 1764 spargunt.
976 1693 1200 1763 Legitur
1228 1693 1281 1746 in
1316 1691 1590 1746 Gencseos
1623 1687 1829 1759 (Cenes.

235 1789 395 1860 xxx),
430 1788 570 1858 quod
615 1787 802 1841 Ruben
843 1785 985 1839 ﬁlius
1009 1785 1118 1839 Liac
1150 1800 1400 1855 egressus
1428 1783 1481 1836 in
1528 1797 1713 1852 rgrum
1747 1782 1829 1833 in-

1938 591 2152 646 Domini
2180 591 2432 646 inimicus
2473 592 2992 662 superseminaverit
3031 591 3262 646 zizania.
3316 591 3525 646 Fenum

1938 679 2161 746 dictum,
2179 681 2322 748 quod
2344 694 2408 734 eo
2433 670 2647 735 ﬂamma
2671 681 2974 736 nutriatur:
2993 682 3131 751 phos
3143 681 3287 736 enim
3310 680 3525 736 ﬂamma

1936 778 2040 822 est.
2079 767 2286 824 Fenum
2330 769 2474 823 enim
2521 766 2749 841 [autem]
2771 771 2926 840 juxta
2958 769 3273 841 allegoriam
3322 771 3528 843 signiﬁ-

1937 868 2025 915 cat
2060 859 2401 931 fragilitatem
2450 861 2711 916 humanaz-
2750 871 2997 917 naturae:
3034 864 3177 918 unde
3223 863 3423 934 legitur
3470 865 3526 919 in

1936 951 2143 1021 psalmo
2168 953 2234 1006 de
2260 952 2634 1022 peccatoribus
2659 968 2673 1005 :
2711 951 2973 1018 Quoniam
2993 995 3005 1016 ,
3046 964 3299 1026 tanquam
3324 955 3524 1025 fenum,

1937 1039 2175 1094 velociter
2196 1052 2429 1095 arescent
2455 1053 2472 1091 :
2495 1043 2711 1106 et,sicut
2735 1042 2878 1098 olera
2897 1044 3314 1111 herbarum,cito
3339 1045 3528 1100 cadent

1936 1127 2109 1200 (Psal.
2146 1131 2350 1202 χχχιιι).
2384 1131 2588 1187 Fenum
2641 1134 2866 1202 pulchra
2914 1142 2999 1190 est
3052 1147 3160 1199 res,
3194 1135 3320 1190 dum
3361 1137 3526 1203 viret,

1937 1222 2066 1276 dum
2092 1219 2265 1287 ﬂoret,
2296 1223 2387 1279 sed
2419 1240 2542 1279 cum
2572 1226 2795 1290 arnerit,
2834 1233 3040 1280 mutato
3078 1225 3324 1295 protinus
3349 1227 3531 1281 colore

1938 1313 2226 1366 marcescit
2255 1331 2267 1366 :
2307 1315 2383 1368 sic
2409 1324 2534 1368 sunt
2563 1315 2736 1384 impii,
2764 1315 2855 1385 qui
2895 1317 3048 1385 quasi
3096 1316 3286 1370 ﬂorida
3339 1316 3527 1370 laetitia

1938 1401 2265 1467 relucentes,
2318 1413 2643 1472 prtematuro
2685 1405 2788 1458 ﬁne
2832 1405 3122 1459 siccantur.
3168 1404 3351 1459 Primo
3400 1403 3526 1459 feno

1937 1494 2233 1562 comparati
2268 1502 2412 1558 sunt,
2438 1501 2496 1546 ut
2523 1504 2832 1549 arescerent
2863 1514 2874 1547 :
2909 1510 3052 1548 nunc
3082 1496 3386 1564 agrestibus
3414 1495 3529 1549 ole-

1942 1583 2110 1646 ribus,
2147 1592 2205 1637 ut
2237 1584 2547 1638 deciderent
2593 1605 2603 1638 :
2649 1602 2751 1640 non
2790 1587 2932 1640 enim
2961 1586 3124 1648 dixit,
3161 1585 3309 1638 olera
3352 1585 3528 1644 horto~

1937 1692 2074 1739 rum,
2105 1676 2198 1730 sed
2223 1677 2501 1729 herbarum
2531 1690 2548 1728 :
2580 1685 2638 1729 ut
2669 1677 2997 1747 signiﬁcaret
3023 1677 3202 1744 potius
3245 1676 3332 1730 illa
3382 1676 3528 1730 vilis-

1937 1765 2094 1828 sima,
2119 1780 2238 1833 qua:
2264 1781 2361 1834 per
2393 1782 2552 1836 agros
2580 1776 2769 1836 sponte
2815 1775 3130 1820 nascuntur.
3178 1766 3385 1820 Fenum
3437 1767 3525 1821 hi-

234 1880 450 1936 venerit
476 1879 886 1948 mandragoras,
919 1885 974 1932 et
1003 1876 1213 1931 dederit
1233 1891 1323 1928 cas
1350 1873 1459 1927 Lire
1490 1873 1646 1926 matri
1677 1888 1786 1926 sua:
1815 1889 1826 1922 :

1944 1859 2159 1911 storiam
2191 1858 2323 1930 legis
2347 1868 2439 1911 aut
2467 1859 2779 1927 temporalia
2803 1859 3091 1926 signiﬁcat,
3120 1865 3178 1911 ιιι
3199 1857 3252 1910 in
3279 1857 3486 1926 psalmo
3511 1875 3524 1910 :

233 1970 382 2041 quod
411 1968 680 2039 signiﬁcat
722 1968 922 2022 famam
955 1969 1172 2030 bonam,
1203 1982 1366 2036 quam
1415 1965 1645 2034 quisque
1694 1964 1832 2018 bene

233 2062 515 2118 studiosus
542 2059 861 2130 adipiscitur
882 2075 948 2112 ex
968 2059 1255 2113 mundanis
1280 2057 1606 2121 hominibus,
1629 2056 1833 2110 referre

233 2154 381 2210 hanc
408 2153 604 2208 debere
627 2152 694 2207 ad
727 2161 958 2206 matrem
1000 2150 1318 2205 Ecclesium.
1355 2148 1506 2204 Unde
1537 2147 1829 2215 dicitApo-

234 2243 411 2296 stolus
441 2243 504 2298 de
529 2243 782 2311 episcopo
821 2241 1163 2296 ordinando:
1209 2238 1421 2309 Oportet
1476 2242 1632 2291 etiam
1685 2236 1832 2290 illum

234 2334 589 2388 testimonium
639 2333 827 2386 habere
882 2332 1074 2385 bonum
1128 2331 1190 2384 ab
1248 2331 1321 2383 eis
1389 2329 1479 2399 qui
1531 2329 1663 2396 foris
1711 2335 1832 2381 sunt

237 2424 292 2496 (1
321 2424 455 2478 Tim.
487 2423 604 2497 III);
643 2425 731 2493 qui
762 2424 887 2478 licet
917 2436 1109 2491 parum
1137 2421 1372 2490 sapiant,
1399 2420 1630 2473 reddunt
1654 2428 1832 2472 tamen

235 2515 560 2586 plerumque
587 2515 756 2568 labori
785 2529 994 2576 eorum,
1018 2528 1116 2582 per
1140 2526 1276 2580 quos
1300 2511 1403 2564 sibi
1433 2509 1753 2572 consulitur,
1780 2516 1835 2562 et

238 2607 584 2677 splendorem
642 2605 857 2670 laudis,
906 2613 962 2658 et
1009 2605 1272 2662 honorem
1325 2603 1479 2657 honre
1540 2601 1830 2669 opinionis.

239 2698 437 2753 Herba:
463 2706 665 2752 acterna
702 2695 937 2767 paradisi
973 2694 1220 2748 viriditas
1266 2702 1320 2748 ct
1363 2699 1672 2748 sanctarum
1721 2691 1836 2745 ani-

243 2803 452 2843 marum
508 2803 708 2858 pascua
740 2806 753 2841 :
788 2795 848 2841 ut
890 2786 944 2840 in
995 2785 1284 2855 Evangelio
1317 2802 1329 2837 :
1366 2783 1424 2837 Si
1461 2784 1578 2854 quis
1618 2800 1710 2852 per
1755 2799 1835 2837 me

239 2879 868 2945 introierit,salvabitur;
917 2889 963 2931 et
986 2878 1308 2948 ingredietur
1347 2885 1395 2929 et
1437 2875 1753 2945 egredietur,
1786 2883 1834 2927 et

237 2991 436 3047 pascua
471 2973 693 3028 inueniet
726 2971 909 3043 (Joan.
944 2970 1023 3042 χ).
1067 2970 1134 3024 Ει
1187 2983 1286 3039 per
1333 2968 1673 3032 Ezechielem
1709 2985 1722 3020 :
1768 2965 1836 3021 In

239 3064 502 3120 montibus
531 3064 746 3119 excelsis
771 3063 966 3126 Israel,
994 3063 1082 3116 ubi
1118 3079 1332 3132 pascam
1353 3079 1441 3115 eas
1469 3063 1522 3114 in
1553 3061 1722 3113 herbis
1760 3060 1837 3113 vi-

242 3155 475 3209 rentibus
504 3153 721 3226 (Ezech.
753 3156 962 3223 xxxrv).
1008 3153 1074 3206 Et
1123 3152 1430 3206 ccontrario
1472 3152 1538 3204 de
1582 3149 1834 3204 ariditate

1940 1946 2042 2010 Qui
2063 1948 2305 2016 producit
2327 1948 2380 2001 in
2406 1949 2661 2001 montibus
2695 1950 2871 2016 [unum
2900 1944 3290 2017 (Psttl.c3it.vt).
3322 1946 3525 2000 Fenum

1937 2030 2270 2106 peccatores,
2311 2047 2367 2092 ut
2407 2039 2459 2091 in
2492 2039 2778 2108 Evangelia
2815 2057 2825 2090 :
2865 2038 2923 2090 Si
2969 2041 3105 2092 enim
3153 2038 3361 2105 fenum,
3388 2038 3528 2108 quod

1938 2127 2090 2180 hodie
2112 2129 2164 2180 in
2190 2145 2317 2197 agro
2345 2139 2437 2190 est,
2457 2140 2502 2182 et
2534 2145 2651 2182 cras
2674 2129 2723 2181 in
2749 2128 3023 2181 rlibmtum'
3037 2129 3260 2181 mittitur
3293 2127 3523 2198 (Matth.

1936 2235 1985 2272 vI
2007 2217 2042 2278 ).
2077 2217 2236 2273 Olera
2267 2219 2409 2272 cnim
2433 2219 2500 2272 ab
2526 2218 2627 2272 olla
2658 2219 2798 2272 dicta
2823 2225 2967 2281 sunt,
3003 2219 3090 2270 ubi
3119 2216 3342 2272 collecta
3369 2216 3529 2271 deco-

1937 2320 2180 2378 qunntur
2222 2319 2592 2379 :qnaproptcr
2617 2309 2799 2362 fenum
2830 2309 3010 2361 mundi
3068 2308 3338 2362 nobilibus
3382 2323 3526 2361 com-

1937 2417 2214 2471 paremus,
2233 2402 2322 2472 qui
2349 2411 2402 2455 et
2425 2401 2584 2456 facile
2612 2401 2920 2470 proﬁciunt,
2940 2409 2993 2455 et
3024 2399 3311 2454 viriditatis
3334 2415 3526 2470 magna

1938 2491 2088 2560 quasi
2121 2492 2293 2558 gratia
2321 2491 2641 2545 vestiuntur.
2680 2489 2836 2545 Olera
2883 2490 3195 2554 herbarum,
3226 2490 3530 2545 mediocres

1936 2591 2205 2654 ponantur
2232 2594 2284 2637 et
2331 2583 2580 2647 humiles,
2625 2596 2744 2650 quae
2789 2598 2885 2651 per
2931 2582 3048 2637 loca
3105 2580 3324 2645 inculta,
3373 2579 3528 2648 copia

1938 2675 2257 2746 pullulante,
2284 2683 2648 2745 consurgunt,
2681 2683 2735 2729 et
2768 2682 2979 2728 natura:
3009 2689 3119 2728 sum
3149 2681 3418 2744 agrestem
3447 2679 3530 2725 at—

1939 2781 2046 2835 que
2077 2765 2344 2835 hispidam
2373 2764 2610 2820 retinent
2637 2762 2974 2833 qualitatem.
3008 2762 3116 2818 Sed
3162 2771 3217 2817 et
3264 2761 3394 2817 illud
3438 2774 3534 2818 ve-

1939 2856 2133 2912 lociter
2159 2857 2358 2911 arescit
2385 2875 2397 2910 :
2430 2863 2484 2910 et
2509 2856 2611 2910 ista
2649 2855 2757 2909 cito
2783 2854 3057 2909 decidunt.

2522 2968 2796 3025 CAPUT
2836 2968 2938 3022 IX.

2556 3039 2629 3093 De
2661 3039 2907 3092 oleribus.

2011 3131 2214 3187 Hortus
2244 3131 2550 3186 nominatur
2573 3130 2715 3199 quod
2739 3143 2952 3197 semper
2977 3127 3049 3182 ibi
3073 3125 3274 3197 aliquid
3296 3126 3527 3181 oriatur.

243 3246 446 3301 mentis
466 3219 577 3300 suae
604 3245 668 3299 de
692 3242 893 3298 Iudaeis
917 3219 1016 3312 per
1048 3242 1374 3296 Hieremiam
1408 3242 1606 3295 dicitur
1638 3259 1649 3292 ε
1681 3240 1834 3308 Defe-
1867 3219 1911 3280 C
1945 3222 2079 3276 Nam
2106 3239 2228 3278 cum
2260 3222 2365 3276 alia
2394 3231 2538 3276 terra
2581 3220 2748 3275 semel
2787 3221 2840 3273 in
2893 3235 3035 3312 antro
3086 3219 3286 3312 aliquid
3324 3220 3530 3312 signat.

241 3346 424 3393 terunt
453 3337 592 3391 oculi
619 3348 819 3402 eorum,
851 3335 975 3406 quia
1018 3351 1121 3388 non
1160 3343 1270 3387 erat
1313 3333 1471 3386 herba
1522 3331 1655 3401 (Jer.
1699 3331 1836 3403 χιιι).

244 3428 425 3485 Herba
455 3430 568 3483 vita
587 3427 770 3482 carnis
796 3433 899 3490 est,
929 3433 990 3480 ut
1021 3429 1073 3479 in
1112 3423 1211 3478 Job
1240 3439 1337 3494 pro
1369 3423 1581 3477 diabolo
1636 3440 1647 3475 :
1698 3420 1838 3474 Huic

208 3529 468 3585 -ntontes,
516 3518 622 3573 hoc
677 3525 780 3582 est,
830 3516 1109 3578 luxuriosi
1138 3516 1373 3578 divites,
1415 3514 1616 3567 .herbas
1663 3512 1837 3582 ferunt

245 3610 390 3681 (Job.
441 3609 553 3679 χι).
587 3607 763 3661 IIerba
799 3605 908 3659 vita
967 3603 1302 3667 mortalium,
1350 3611 1408 3655 ut
1472 3602 1523 3654 in
1580 3601 1832 3670 psalmo:

246 3702 405 3758 Mane
425 3703 560 3756 sicut
579 3701 739 3753 herba
763 3706 995 3752 transeat
1019 3694 1192 3768 (Psal.
1212 3695 1456 3763 LXXXIX).
1485 3694 1705 3746 Pratum
1733 3701 1836 3755 est,

245 3795 402 3863 cujus
433 3791 563 3847 freni
595 3791 747 3860 copia
792 3795 1037 3842 armenta
1088 3794 1310 3840 tuetur:
1347 3786 1433 3838 cui
1475 3794 1686 3837 veteres
1734 3783 1841 3836 R0—

248 3885 395 3940 Inani
425 3898 621 3938 nomen
651 3881 959 3935 indiderunt
988 3878 1054 3931 ab
1094 3891 1159 3931 eo
1194 3876 1335 3944 quod
1365 3876 1612 3944 protinus
1639 3875 1710 3927 sit
1737 3888 1836 3941 pa-

249 3988 422 4042 ratus,
480 3991 578 4029 nec
631 3986 885 4044 magnum
934 3969 1174 4024 laborem
1223 3966 1458 4044 culturre
1513 3965 1780 4019 desideret
1823 3982 1833 4016 :

247 4078 406 4140 prata
431 4075 610 4121 autem
643 4079 760 4119 esse
801 4077 922 4132 quae
962 4061 1134 4115 secari
1174 4041 1416 4128 possunt.
1469 4055 1688 4110 Pratum
1720 4070 1836 4124 my-

250 4158 384 4214 stice
414 4153 635 4224 intelligi
684 4160 862 4221 potest
921 4158 1108 4204 saneta
1139 4148 1398 4211 Ecclesia,
1430 4147 1515 4200 vel
1556 4146 1838 4214 Scriptura

250 4262 428 4312 sacra,
467 4246 521 4300 in
551 4244 745 4314 quibus
791 4242 949 4296 ﬂores
982 4241 1332 4318 diversarum
1380 4239 1640 4292 virtutum
1689 4252 1840 4305 repe-

253 4340 488 4402 riuntur,
513 4345 566 4390 et
591 4345 775 4406 pastus
801 4334 1058 4404 spiritalis
1090 4333 1192 4400 piis
1219 4330 1562 4393 animalibus,
1598 4330 1699 4383 hoc
1731 4337 1836 4392 est,

255 4430 501 4485 ﬁdelibus
552 4427 858 4483 hominibus
911 4435 1263 4497 prteparatur.
1326 4422 1476 4477 Unde
1528 4436 1724 4490 sponsa
1782 4420 1837 4472 in

253 4523 480 4579 Cantico
526 4519 860 4573 canticorum
907 4516 1038 4570 dicit
1083 4533 1096 4567 :
1157 4512 1342 4566 Flores
1384 4519 1737 4580 apparuerunt
1782 4511 1838 4563 in

254 4623 399 4666 terra
432 4604 606 4681 (Cant.
642 4607 724 4679 ιι),
747 4606 799 4661 id
824 4615 924 4669 est,
959 4605 1009 4658 in
1036 4604 1148 4656 otio
1177 4603 1296 4655 ﬁdei
1327 4611 1381 4655 et
1403 4600 1613 4668 justitia
1647 4600 1840 4654 ﬂorue-

252 4711 388 4759 runt
429 4702 482 4756 in
520 4701 739 4764 mundo,
789 4703 1069 4753 crescente
1098 4693 1357 4749 Ecclesia.
1391 4691 1527 4745 IIinc
1566 4692 1691 4744 item
1727 4693 1840 4760 ipsa

255 4794 572 4853 doctoribus
598 4793 730 4846 dicit
761 4809 772 4843 :
810 4789 1014 4843 Fulcite
1041 4803 1121 4840 me
1149 4785 1592 4856 ﬂoribus,stipate
1620 4801 1699 4836 me
1731 4800 1843 4835 ma-

256 4891 349 4953 lis,
371 4886 492 4956 quia
523 4901 698 4938 amore
732 4884 953 4954 langueo
981 4879 1202 4951 (Ibid);
1249 4894 1312 4933 ac
1359 4877 1404 4932 si
1436 4877 1640 4931 diceret
1669 4895 1678 4928 :
1712 4891 1842 4929 con-

255 4979 510 5039 solamini
541 4994 626 5033 me
653 4976 910 5047 exemplis
952 4990 1045 5029 seu
1085 4971 1478 5039 incipientium,
1521 4985 1615 5024 seu
1658 4968 1847 5022 termi-

255 5071 506 5129 nantium
528 5071 670 5125 viam
693 5057 904 5134 salutis,
929 5069 1057 5122 dum
1086 5066 1258 5119 adhuc
1302 5063 1355 5116 in
1401 5061 1558 5130 hujus
1607 5061 1846 5132 peregri-

257 5163 498 5221 nationis
538 5164 695 5216 tazdio
735 5175 918 5216 amore
962 5173 1207 5228 superna:
1250 5157 1474 5210 visionis
1533 5155 1844 5223 languesco.

259 5255 421 5310 Prata
447 5251 711 5320 patefacta
731 5259 813 5304 est
839 5248 1118 5318 Scriptura
1146 5248 1342 5310 divina,
1359 5253 1417 5299 ut
1440 5245 1492 5298 in
1523 5244 1845 5298 Salomone:

256 5347 454 5418 Aperta
485 5353 602 5398 sunt
630 5350 806 5411 prata,
830 5349 876 5394 et
915 5348 1168 5409 apparent
1197 5336 1366 5389 herbae
1391 5336 1605 5388 virentes
1662 5333 1846 5404 (Prov.

259 5433 458 5504 xxvn).
477 5432 606 5486 Item
633 5430 684 5484 in
708 5428 901 5484 malam
926 5436 1157 5496 partem,
1183 5434 1241 5479 ut
1265 5426 1318 5479 in
1347 5424 1634 5480 Salomone
1667 5441 1678 5475 :
1712 5423 1850 5476 Nul-

260 5529 372 5582 lum
407 5534 615 5596 pratum
646 5523 733 5588 sit,
763 5520 900 5592 quod
930 5535 1031 5572 non
1065 5525 1389 5586 pertranseat
1429 5515 1638 5567 luxuria
1672 5524 1850 5568 nostra

265 5617 429 5689 (Sap.
470 5614 570 5683 II).
612 5615 862 5666 Arena...
906 5608 1183 5664 Lolium...
1215 5606 1431 5658 Zizania
1471 5619 1629 5673 quam
1678 5611 1851 5671 poetae

264 5722 481 5777 semper
508 5703 691 5758 infelix
722 5701 907 5756 lolium
935 5699 1138 5758 dicunt,
1169 5695 1312 5763 quod
1336 5695 1407 5748 sit
1429 5693 1618 5748 inutile
1643 5700 1696 5746 et
1720 5691 1853 5748 infe-

263 5798 520 5858 eundum.
548 5794 771 5867 Mystice
797 5789 1102 5861 signiﬁcant
1122 5792 1430 5856 peccatores
1451 5792 1504 5837 et
1528 5783 1679 5849 vitia,
1714 5783 1852 5839 unde

1944 3315 2133 3370 hortus
2162 3329 2435 3383 nunquam
2467 3315 2584 3366 sine
2613 3314 2786 3366 l'ructn
2818 3320 2918 3366 est.
2950 3310 3080 3364 Olus
3111 3309 3178 3363 ab
3214 3309 3404 3364 alendo
3448 3310 3532 3363 di-

1944 3415 2108 3472 ctum,
2140 3422 2205 3462 eo
2227 3407 2370 3477 quod
2397 3408 2628 3477 primum
2678 3405 2924 3459 homines
2973 3404 3210 3457 oleribus
3235 3403 3532 3466 alerentur,

1941 3506 2232 3566 antequam
2277 3498 2460 3567 fruges
2497 3506 2550 3550 et
2586 3512 2776 3550 carnes
2819 3497 3060 3549 ederent.
3107 3494 3337 3546 Tantum
3388 3493 3532 3546 enim

1941 3591 2116 3657 pomis
2146 3590 2396 3642 arborum
2426 3597 2479 3641 et
2503 3587 2736 3640 oleribus
2759 3587 3064 3649 alebantur,
3091 3586 3231 3638 sicut
3275 3585 3532 3661 animalia

1944 3678 2147 3731 herbis.
2181 3677 2380 3730 Hortus
2406 3677 2550 3730 enim
2601 3686 2842 3730 sanctam
2890 3675 3156 3744 signiﬁcat
3208 3674 3530 3738 Ecclesiam,

1945 3768 1998 3820 in
2052 3783 2156 3835 qua
2215 3769 2377 3820 varia:
2422 3767 2627 3836 species
2682 3767 2943 3820 virtutum
3009 3767 3317 3835 gignuntur.
3379 3766 3533 3820 Unde

1945 3857 2187 3924 Sponsus
2217 3857 2282 3910 de
2331 3871 2524 3926 sponsa
2577 3856 2707 3910 dicit
2743 3875 2753 3908 :
2793 3855 2992 3908 Hortus
3042 3856 3341 3918 conclusus,
3383 3873 3534 3909 soror

1942 3967 2054 4003 mea
2078 3966 2265 4018 sponsa
2285 3965 2303 4002 :
2324 3951 2505 4002 hortus
2527 3950 2824 4013 conclusus,
2840 3951 2957 4017 fons
2979 3951 3214 4020 signatus
3239 3951 3414 4020 (Cant.
3433 3953 3530 4022 Iv).

1942 4045 2141 4099 IIortns
2165 4043 2468 4108 conclusus,
2497 4043 2737 4097 Ecclesia
2764 4052 2849 4098 est
2873 4063 2884 4096 :
2909 4045 3033 4111 quia
3058 4044 3353 4098 multifaria
3377 4047 3536 4114 spiri-

1942 4137 2132 4190 talium
2160 4149 2382 4202 operum
2423 4134 2666 4203 germina
2713 4135 2895 4205 gignat
2929 4153 2939 4186 :
2977 4134 3096 4189 fons
3145 4145 3244 4199 est,
3274 4137 3400 4205 quia
3445 4139 3539 4191 (lo-

1943 4228 2118 4282 ctrina
2174 4227 2397 4280 salutari
2448 4227 2733 4280 redundat.
2783 4225 3103 4289 Conclusus,
3147 4228 3272 4295 quia
3321 4229 3534 4281 Domini

1941 4319 2276 4389 proiectione
2300 4325 2460 4370 uncta
2485 4316 2743 4384 persistat
2777 4333 2788 4368 :
2825 4315 3069 4385 signatus
3107 4331 3360 4370 sermone
3389 4318 3533 4370 fidei.

1944 4411 2070 4464 Item
2094 4409 2254 4461 aliam
2287 4407 2740 4477 signiﬁcationem
2764 4406 2925 4460 habet
2956 4407 3144 4461 hortus
3172 4405 3226 4459 in
3256 4408 3358 4460 hoc
3389 4407 3537 4460 testi-

1945 4502 2127 4556 monio
2155 4501 2275 4554 libri
2308 4500 2537 4569 Regum,
2565 4499 2655 4552 ubi
2688 4507 2890 4563 narrat,
2925 4502 3067 4568 quod
3100 4498 3283 4554 Achab
3316 4515 3406 4554 rex
3457 4501 3538 4554 di-

1946 4603 2093 4648 ceret
2122 4594 2187 4646 ad
2246 4592 2456 4646 Naboth
2510 4591 2891 4646 Jezrahelitam
2955 4608 2965 4643 :
3015 4591 3092 4643 Da
3145 4591 3274 4644 mihi
3330 4594 3537 4645 vineam

1947 4694 2114 4744 tuam,
2141 4693 2191 4735 ut
2209 4682 2403 4751 faciam
2430 4681 2558 4734 mihi
2580 4682 2790 4734 hortum
2813 4680 3038 4746 olerum,
3055 4681 3179 4749 quia
3203 4681 3370 4734 uicina
3391 4691 3462 4733 est
3489 4692 3536 4734 et

1947 4790 2104 4841 prope
2128 4773 2341 4824 domum
2366 4779 2554 4834 meant,
2574 4779 2680 4824 etc.
2701 4769 2818 4840 (III
2840 4768 2962 4839 Reg.
2989 4770 3126 4838 xxI).
3154 4769 3361 4823 Naboth
3385 4785 3532 4839 ergo,

1951 4867 2040 4934 qui
2097 4867 2480 4934 interpretatur
2530 4863 2871 4930 conspicuus,
2935 4860 3202 4932 signiﬁcat
3250 4861 3535 4914 Dominum

1953 4957 2285 5010 Salvatorem
2313 4954 2402 5023 qui
2432 4962 2514 5006 est
2544 4968 2747 5016 semen,
2777 4951 2916 5021 quod
2947 4952 3332 5018 interpretatur
3353 4948 3537 5003 Jezra-

1951 5049 2055 5110 hcl,
2088 5048 2212 5116 quia
2240 5062 2399 5101 verus
2422 5055 2504 5099 est
2533 5044 2698 5097 Filius
2755 5043 2846 5095 Dei
2885 5061 2894 5094 :
2927 5042 3016 5096 hic
3064 5040 3249 5095 habuit
3300 5041 3535 5100 vineam,

1953 5143 2017 5194 de
2047 5155 2152 5208 qua
2199 5139 2251 5192 in
2282 5138 2418 5192 Isaia
2449 5137 2706 5204 scriptum
2751 5143 2834 5188 est
2871 5153 2882 5187 :
2941 5132 3101 5186 Vinea
3137 5131 3271 5203 enim
3324 5131 3536 5183 Domini

1955 5231 2186 5286 Sabaoth
2215 5228 2402 5283 domus
2428 5226 2594 5279 Israel
2629 5236 2702 5280 est
2747 5223 2972 5297 (Isa.v).
3020 5223 3170 5276 Hanc
3229 5220 3537 5289 concupivit

1954 5323 2162 5387 Achab,
2186 5320 2277 5390 qui
2306 5321 2691 5387 interpretatur
2729 5318 2894 5386 frater
2925 5316 3110 5385 patris,
3139 5314 3365 5383 populus
3389 5312 3537 5366 vide-

1957 5415 2083 5468 licet
2123 5411 2401 5475 Judaicus,
2429 5411 2494 5464 de
2546 5425 2652 5479 quo
2700 5407 2947 5462 Christus
3001 5420 3218 5459 carnem
3261 5419 3540 5459 assumere

1959 5508 2204 5577 dignatus
2229 5510 2333 5566 est,
2352 5510 2410 5555 ut
2430 5499 2647 5555 fecisset
2677 5500 2808 5552 inea
2831 5497 3043 5551 hortum
3061 5494 3291 5557 olerum,
3325 5493 3427 5547 hoc
3455 5501 3538 5546 est

1961 5609 2019 5654 ut
2051 5597 2141 5652 ubi
2166 5596 2347 5649 vinum
2381 5595 2566 5661 gratia:
2598 5589 2851 5661 spiritalis
2883 5588 3188 5659 germinare
3235 5584 3436 5647 debuit,
3464 5582 3538 5637 ibi

1962 5689 2168 5761 fragilia
2205 5701 2428 5756 quaeque
2460 5686 2706 5755 dogmata
2737 5697 2833 5751 per
2871 5680 3233 5733 Pharisaicam
3273 5673 3540 5745 supersti-

1965 5784 2159 5838 tionem
2187 5778 2624 5848 transplantaret.
2658 5774 2762 5830 Sed
2792 5772 3000 5827 Nalioth
3024 5772 3161 5824 hanc
3181 5766 3539 5823 vineamdare
