3922 6332
400 415 496 471 551

1045 415 1106 468 Β.
1151 412 1401 469 RABANI
1438 412 1657 470 MAURI
1696 411 2013 469 ARCIIIEP.
2056 408 2363 469 MOGUNT.
2402 408 2686 465 OPERUM
2726 408 2907 464 PARS
2946 409 3009 463 ll.
3556 404 3664 458 55‘).

399 522 626 591 nolenti,
654 525 706 579 id
738 533 818 579 est
838 565 851 588 ,
876 524 1092 579 Christo
1138 525 1539 580 Pharisaeorum
1588 525 1978 597 superstitioni-
2006 530 2057 587 Α
2086 526 2425 581 comederent
2453 538 2577 578 cum
2610 523 2746 578 assis
2779 521 2902 593 agni
2931 522 3202 576 carnibus.
3244 519 3493 575 Laetucm
3532 534 3669 573 vero

396 616 502 672 bus
521 630 625 669 non
665 613 1023 669 consentienti
1076 615 1239 685 impia
1280 631 1419 670 uxor
1461 616 1702 681 Jezabel,
1751 617 1853 670 hoc
1896 623 1978 669 est

398 717 672 775 synagoga
710 699 1044 766 Judaeorum,
1098 704 1402 777 machinata
1449 714 1533 758 est
1582 713 1811 759 mortem
1840 703 1973 772 ejus.

396 789 599 848 Hortus
625 791 872 846 internas
893 792 1113 848 delicias
1132 795 1370 863 paradisi
1394 793 1665 865 signiﬁcat
1689 812 1701 847 :
1733 794 1874 848 unde
1898 793 1978 847 di-

396 881 539 935 citur
560 896 575 935 :
592 880 743 935 Intra
760 882 966 935 hortum
989 898 1179 947 meum,
1199 900 1351 937 soror
1370 900 1485 937 mea
1502 902 1690 954 sponsa
1707 884 1881 955 (Cant.
1899 884 1974 954 v).

395 968 530 1026 Item
560 970 748 1025 hortus
778 979 862 1025 est
898 970 1127 1040 populus
1149 970 1479 1038 Iudaeorum,
1510 973 1577 1028 de
1605 989 1711 1043 quo
1736 974 1930 1028 dicitur
1961 988 1975 1026 :

396 1059 628 1114 Dilectus
652 1077 794 1115 meus
819 1061 1085 1115 descendit
1108 1065 1164 1116 in
1187 1063 1393 1116 hortum
1425 1080 1577 1117 suum
1623 1065 1691 1117 ad
1745 1064 1977 1118 areolam

396 1159 690 1204 aromatum
718 1150 891 1223 (Cant.
920 1152 1017 1221 vr).
1048 1152 1283 1207 Rursum
1313 1155 1501 1208 hortus
1529 1156 1773 1223 quaedam
1812 1155 1978 1224 hypo-

393 1242 654 1297 critarum
683 1244 971 1309 simulatio,
1003 1254 1061 1299 ut
1090 1246 1142 1299 in
1164 1246 1300 1301 Isaia
1336 1264 1346 1298 :
1381 1248 1468 1316 qui
1497 1248 1717 1300 mundos
1744 1263 1796 1300 se
1828 1258 1979 1315 puta-

396 1330 517 1385 bant
537 1334 593 1386 in
612 1332 775 1385 hortis
804 1332 937 1402 (Isa.
956 1336 1123 1408 van).
1150 1336 1344 1390 Areola
1372 1337 1526 1407 virgo
1560 1336 1726 1390 Maria
1760 1337 1813 1390 in
1844 1336 1981 1390 Can-

392 1421 504 1477 tico
532 1424 869 1505 canticorum
906 1444 918 1479 :
952 1425 1185 1480 Dilectus
1224 1446 1365 1482 meus
1404 1429 1634 1482 ascendit
1666 1428 1733 1479 ad
1773 1428 1981 1480 hortum

391 1530 569 1580 suum,
599 1515 667 1568 ad
698 1516 927 1569 areolam
950 1520 1200 1572 aromatis
1241 1518 1415 1589 (Cant.
1442 1520 1536 1591 v1).
1568 1518 1778 1574 Areola}
1816 1518 1980 1574 corda

393 1612 728 1669 sanctorum,
759 1605 1019 1659 virtutum
1044 1608 1207 1663 odore
1234 1592 1551 1679 fragrantes,
1580 1611 1669 1665 ubi
1695 1618 1750 1663 et
1772 1624 1971 1679 supra:

391 1693 596 1748 Areola:
619 1706 913 1750 aromatum
955 1700 1168 1753 consita’
1217 1720 1249 1755 a
1294 1698 1651 1771 pigmentariis
1699 1700 1874 1774 (Cant.
1901 1700 1977 1773 v).

392 1783 543 1849 Olus,
558 1786 782 1853 simplex
806 1796 889 1842 est
909 1797 965 1842 et
987 1799 1171 1858 aperta
1191 1792 1521 1859 praedicatio,
1540 1800 1599 1845 ut
1624 1792 1675 1844 in
1695 1789 1977 1861 Apostolo:

2080 623 2320 685 agrestes
2346 612 2499 667 valde
2530 628 2730 667 amarae
2762 620 2885 668 sunt
2920 630 2931 665 :
2972 627 3165 667 carnes
3192 626 3320 666 vero
3369 610 3490 681 agni
3537 625 3668 665 cum

2069 706 2306 760 lactucis
2339 704 2643 775 agrestibus
2672 714 2796 758 sunt
2821 704 3058 767 edendae,
3092 710 3150 755 ut
3176 718 3297 756 cum
3326 716 3521 771 corpus
3560 699 3672 755 Re-

2078 796 2371 865 demptoris
2416 794 2746 863 accipimus,
2793 810 2889 849 nos
2936 808 3033 863 pro
3076 792 3315 864 peccatis
3362 792 3565 847 nostris
3609 791 3674 846 in

2078 884 2291 940 ﬂetibus
2313 883 2630 954 aﬁligamus,
2662 892 2927 953 quatenus
2970 884 3084 953 ipsa
3138 881 3443 937 amaritudo
3490 880 3674 951 poeni-

2081 979 2266 1032 lentiae
2292 978 2565 1046 abstergat
2592 992 2622 1029 a
2653 976 2849 1031 mentis
2879 976 3159 1031 stomacho
3208 987 3479 1046 perversae
3526 985 3675 1025 amo-

2079 1085 2194 1124 rem
2223 1071 2362 1123 vitze.
2391 1069 2720 1123 Cncumeres
2746 1068 2888 1137 quod
2916 1068 3025 1122 sint
3048 1067 3319 1121 interdum
3350 1063 3548 1127 amari,
3576 1062 3673 1131 qui

2080 1161 2264 1215 dulces
2327 1160 2474 1213 nasci
2523 1159 2909 1228 perhibentur,
2946 1160 2991 1214 si
3042 1160 3181 1214 lacte
3236 1158 3440 1212 mellito
3478 1148 3675 1211 eorum

2082 1266 2264 1305 semen
2294 1249 2622 1304 infundatur.
2656 1250 2732 1304 De
2770 1248 3152 1303 cucumeribus
3189 1256 3243 1301 et
3284 1248 3583 1317 peponihus
3617 1244 3678 1298 in

2080 1337 2450 1395 Pentateucho
2477 1339 2692 1410 legitur,
2729 1340 2870 1410 quod
2901 1355 2994 1395 eos
3038 1339 3131 1393 ﬁlii
3179 1338 3345 1392 Israel
3391 1336 3682 1405 concupie—

2083 1438 2238 1493 runt,
2270 1440 2588 1500 spernentes
2632 1447 2828 1485 manna
2862 1448 2876 1485 :
2911 1431 3055 1486 sicut
3088 1428 3528 1497 concupiscentia
3555 1442 3681 1481 car-

2083 1520 2221 1574 nalis
2252 1520 2459 1574 fastidit
2483 1520 2662 1574 cibum
2687 1521 3005 1591 spiritalem,
3033 1530 3087 1576 et
3124 1521 3328 1590 spernit
3378 1534 3524 1573 eum.
3570 1518 3681 1572 Cu-

2084 1611 2295 1665 curhita
2328 1612 2492 1665 herba
2540 1620 2622 1666 est
2668 1611 2845 1665 alieno
2893 1627 3056 1683 egens
3103 1611 3521 1666 sustentaculo:
3558 1623 3683 1677 qua:

2086 1698 2353 1769 signiﬁcat
2385 1700 2628 1756 inﬁrmos
2658 1716 2901 1771 quosque
2942 1710 2996 1756 et
3027 1702 3287 1763 indoctos,
3315 1702 3407 1769 qui
3449 1700 3681 1753 aliorum

2086 1789 2332 1858 indigent
2370 1792 2582 1857 solatio,
2631 1807 2738 1860 quo
2783 1790 3099 1855 fulciantur,
3147 1806 3214 1845 ne
3268 1797 3545 1844 corruant.
3606 1787 3685 1842 De

395 1874 499 1940 Qui
526 1877 765 1944 inﬁrmus
805 1888 878 1932 est
899 1919 913 1944 ,
940 1880 1081 1934 olera
1122 1882 1402 1937 manducet
1453 1882 1627 1954 (Rom.
1672 1882 1806 1954 xw).
1850 1882 1982 1939 Olus
2010 1872 2057 1933 B
2086 1881 2377 1937 cucurbitis
2406 1883 2456 1935 in
2480 1881 2612 1937 .lona
2646 1884 2909 1952 propheta
2936 1882 3130 1953 legitur
3163 1879 3309 1952 (Jon.
3345 1880 3444 1949 ιν).
3472 1880 3673 1948 Apium

393 1968 675 2022 minimum
718 1972 960 2039 operatio
1002 1972 1164 2037 bona,
1190 1990 1257 2029 ex
1287 1990 1391 2044 qua
1432 1976 1649 2044 quidam
1685 1976 1981 2046 hypocritte

396 2057 702 2113 hominibus
746 2061 960 2129 placere
1018 2064 1257 2130 student,
1301 2073 1361 2118 ut
1407 2066 1459 2118 in
1510 2066 1847 2136 Evangelio:
1890 2065 1981 2121 Va:

389 2147 551 2211 vobis,
585 2146 847 2205 Pharisaei
874 2154 1156 2222 hypocrita:
1179 2156 1313 2221 :vqui
1351 2156 1622 2209 decimatis
1661 2166 1889 2211 mentum
1933 2166 1981 2211 et

392 2239 664 2307 anethum,
693 2244 955 2312 cyminum
977 2254 1025 2299 et
1060 2263 1208 2301 omne
1235 2247 1348 2301 olus
1380 2247 1593 2319 (Matth.
1621 2250 1799 2321 xxtu).
1838 2249 1983 2320 Cepe

392 2338 449 2387 et
483 2332 609 2388 allia
634 2336 1034 2405 corruptionem
1079 2338 1299 2404 mentis,
1333 2348 1386 2394 et
1423 2340 1728 2394 acredinem
1772 2342 1980 2410 peccati

392 2422 721 2493 signiﬁcant,
757 2442 875 2496 qua:
911 2437 1113 2497 quanto
1136 2429 1364 2498 amplius
1395 2430 1649 2494 eduntur,
1679 2439 1831 2485 tanto
1865 2446 1979 2486 ma-

392 2514 475 2583 gis
505 2512 688 2569 dolore
715 2517 964 2571 cruciant
998 2537 1010 2570 :
1046 2520 1186 2573 unde
1236 2528 1290 2573 et
1333 2520 1385 2573 in
1437 2509 1798 2574 Numerorum
1843 2521 1981 2577 libro

393 2603 489 2657 ﬁlii
517 2603 683 2660 Israel
718 2618 1120 2663 murmurantes
1142 2610 1616 2680 legunturdixisse
1635 2630 1648 2667 :
1669 2611 1734 2665 In
1762 2622 1984 2667 mentem

391 2692 605 2747 veniunt
645 2695 791 2748 nobis
821 2712 1136 2762 cucumeres,
1159 2708 1207 2752 et
1238 2716 1480 2771 pepones,
1498 2704 1742 2772 porrique
1764 2711 1811 2756 et
1840 2720 1981 2769 cepe,

391 2788 438 2833 et
463 2779 610 2834 allia.
639 2781 829 2836 Anima
854 2794 1031 2839 nostra
1062 2787 1214 2840 arida
1236 2798 1309 2841 est
1334 2805 1351 2842 :
1372 2790 1502 2843 nihil
1523 2790 1670 2843 aliud
1702 2793 1980 2861 respiciunt

394 2870 533 2925 oeuli
555 2873 741 2937 nostri,
758 2873 859 2927 nisi
880 2890 1074 2929 manna
1102 2874 1291 2949 (Nam.
1310 2877 1410 2950 χι).
1439 2878 1657 2949 Sinapis
1681 2881 1981 2950 appellatur

393 2964 537 3033 quod
573 2963 716 3020 foliis
750 2965 821 3020 sit
849 2966 1041 3022 similis
1071 2970 1241 3038 napis.
1275 2969 1400 3025 Haec
1432 2972 1599 3025 herba
1632 2972 1860 3043 mystice
1902 2973 1979 3027 si-

392 3052 613 3122 gniﬁcat
670 3053 1021 3126 Evangelium
1068 3058 1305 3126 Christi,
1363 3062 1502 3116 sicut
1556 3063 1670 3130 ipse
1721 3063 1981 3119 Dominus

390 3142 629 3197 ostendit
654 3143 838 3198 dicens
867 3164 878 3197 :
912 3144 1097 3201 Simile
1136 3158 1209 3202 est
1254 3166 1466 3219 regnum
1521 3151 1765 3205 caelorum
1816 3167 1980 3222 grano

2088 1970 2312 2036 dictum,
2334 1974 2475 2041 quod
2501 1988 2565 2026 ex
2598 1987 2661 2026 eo
2692 1987 2847 2041 apex,
2880 1971 2936 2026 id
2983 1980 3086 2035 eSt,
3121 1979 3282 2038 caput
3331 1968 3681 2036 antiquorum

2087 2064 2536 2133 triumphantium
2565 2064 2947 2119 coronabatur.
2997 2061 3259 2116 Hercules
3305 2069 3485 2113 autem
3536 2060 3683 2113 hanc

2087 2154 2309 2209 herbam
2338 2156 2545 2225 primus
2570 2154 2732 2225 capiti
2765 2153 3098 2208 circumtulit
3130 2170 3141 2204 :
3177 2166 3301 2205 nam
3334 2165 3480 2204 nunc
3508 2163 3686 2217 popu-

2087 2250 2197 2305 lum
2227 2250 2402 2320 capite
2434 2248 2935 2319 prtel‘erebat,nunc
2963 2246 3277 2308 oleastrum,
3308 2257 3453 2297 nunc
3474 2241 3683 2310 apium,

2087 2340 2239 2409 cujus
2269 2340 2478 2394 radices
2505 2336 2797 2393 eﬁicaciter
2834 2344 3073 2408 pugnant
3114 2343 3302 2390 contra
3332 2332 3558 2387 insidias
3587 2344 3683 2385 ve-

2085 2444 2349 2485 nenorum
2378 2444 2391 2482 :
2422 2427 2538 2497 ejus
2565 2428 2780 2499 generis
2806 2435 2931 2481 sunt
2963 2425 3353 2497 petroselinon,
3383 2421 3686 2492 bipposeli-

2087 2538 2195 2577 non
2222 2531 2276 2577 et
2299 2520 2648 2576 olcOselinon.
2698 2520 3072 2575 Petroselinon
3121 2527 3396 2583 vocatum,
3424 2516 3569 2584 quod
3612 2514 3687 2568 sit

2088 2615 2263 2669 simile
2309 2615 2430 2683 apio
2457 2623 2511 2668 et
2538 2623 2794 2668 nascatur
2823 2613 2877 2666 in
2910 2612 3078 2682 petris
3131 2610 3512 2678 montibusque
3538 2622 3681 2677 prte-

2089 2705 2264 2775 ruptis
2294 2724 2306 2758 :
2337 2706 2480 2775 quod
2506 2721 2604 2760 nos
2626 2704 2930 2773 petrapium
2959 2700 3151 2756 dicere
3179 2715 3486 2775 possumus.
3536 2698 3678 2753 Seli-

2087 2809 2194 2847 non
2225 2794 2365 2846 enim
2393 2792 2581 2847 Graece
2608 2793 2787 2861 apium
2819 2790 3037 2866 dicitur,
3070 2790 3163 2845 sed
3193 2799 3276 2844 est
3315 2804 3585 2843 summum
3616 2802 3683 2841 ac

2086 2884 2365 2955 probabile
2382 2883 2806 2947 Macedonicum,
2825 2891 2982 2954 gustu
3004 2896 3189 2948 suave,
3205 2891 3258 2936 et
3285 2882 3450 2937 odore
3472 2894 3684 2935 aroma.

2086 2976 2217 3030 tico.
2249 2975 2561 3030 Feniculum
2585 2975 2766 3029 Latini
2794 2982 3008 3037 vocant,
3042 2974 3185 3043 quod
3223 2972 3339 3041 ejus
3379 2971 3551 3041 thyrsi
3585 2984 3683 3025 seu

2087 3068 2285 3123 radicis
2314 3085 2509 3124 succus
2554 3077 2714 3123 acuat
2757 3069 2954 3134 visum,
3006 3068 3159 3138 cujus
3202 3066 3373 3119 virtus
3426 3064 3679 3128 traditur,

2087 3168 2147 3213 ut
2171 3170 2450 3229 serpentes
2479 3176 2711 3215 annuam
2767 3168 3099 3215 senectutem
3149 3157 3265 3225 ejus
3307 3158 3470 3227 gustu
3517 3155 3683 3224 depo-

390 3234 608 3305 sinapis,
630 3245 734 3291 etc.
762 3236 975 3308 (Matth.
1002 3240 1121 3313 xui)
1159 3260 1171 3295 :
1204 3245 1345 3313 quod
1374 3244 1427 3297 in
1448 3245 1611 3298 corde
1637 3244 1972 3299 credentium
2002 3239 2047 3301 C
2079 3250 2363 3305 nant:hoc
2384 3233 2502 3306 olus
2538 3250 2707 3307 Gratei
2732 3249 3046 3303 marathron
3080 3256 3293 3301 vocant.
3324 3244 3462 3312 Quid
3497 3253 3684 3298 autem

392 3327 715 3380 seminatum
746 3330 1033 3398 germinat,
1059 3343 1104 3386 et
1134 3343 1288 3388 recta:
1311 3335 1435 3403 ﬁdei
1466 3354 1527 3389 ac
1570 3337 1821 3390 bonorum
1855 3354 1981 3411 epe-

392 3426 509 3469 ru‘m
531 3416 729 3486 profert
754 3418 1002 3488 fructum:
1037 3421 1357 3493 Raphanum
1390 3425 1583 3493 Graaci,
1618 3444 1716 3483 nos
1742 3428 1981 3485 radicem

387 3518 667 3572 vocamus,
697 3523 762 3564 eo
792 3512 933 3580 quod
975 3520 1118 3568 totus
1157 3517 1409 3571 deorsum
1437 3519 1626 3573 nititur
1652 3538 1663 3573 :
1708 3520 1831 3575 dum
1863 3520 1983 3575 reli-

390 3609 496 3665 qua
523 3596 668 3655 olera
698 3598 747 3652 in
782 3615 992 3656 summa
1024 3604 1196 3674 magis
1225 3606 1508 3675 prosiliant
1533 3622 1546 3661 :
1578 3607 1750 3677 cujus'
1773 3609 1979 3665 semine

391 3698 668 3746 macerato
698 3693 942 3763 quisquis
983 3712 1109 3751 suas
1159 3714 1350 3754 manus
1388 3700 1655 3764 infecerit,
1703 3704 1981 3771 serpentes

394 3777 615 3848 impune
645 3784 905 3863 tractabit
935 3802 949 3838 :
982 3786 1246 3855 siquidem
1280 3803 1346 3841 ex
1371 3788 1542 3858 ipsius
1590 3790 1774 3844 radice
1818 3790 1981 3844 etiam

390 3869 528 3923 ebur
553 3869 797 3937 albescit,
830 3872 884 3927 in
915 3874 1037 3929 cibo
1078 3891 1291 3945 quoque
1320 3878 1546 3932 venenis
1579 3878 1799 3931 resistit.
1844 3876 1981 3930 Nam

389 3972 581 4019 contra
611 3980 817 4019 venena
855 3965 1014 4037 hujus
1041 3967 1273 4034 radices,
1301 3983 1484 4031 nuces,
1516 3968 1706 4037 lupini,
1739 3967 1977 4031 citrium,

392 4055 572 4123 apium
594 4064 821 4123 prosunt
843 4072 860 4121 ;
884 4057 978 4111 sed
992 4065 1183 4111 contra
1204 4056 1461 4121 futurum,
1489 4073 1594 4129 non
1617 4066 1806 4112 contra
1828 4071 1981 4112 acce-

391 4155 542 4217 ptum
560 4160 845 4202 venenum.
868 4146 1019 4203 Unde
1043 4157 1097 4202 et
1119 4149 1256 4219 apud
1276 4157 1489 4205 veteres
1510 4159 1633 4204 ante
1647 4150 1779 4205 alias
1795 4150 1981 4219 epulas

394 4236 511 4289 ha'c
538 4234 783 4291 solebant
832 4238 1033 4292 mensis
1083 4253 1374 4308 apponere.
1421 4239 1546 4295 llaec
1588 4241 1981 4295 continentiam

390 4322 688 4393 ﬁguraliter
708 4334 883 4394 potest
906 4328 1243 4398 exprimere,
1267 4339 1320 4383 et
1366 4330 1651 4397 cautelam,
1685 4345 1805 4400 quae
1851 4329 1982 4385 mul-

392 4422 505 4466 tum
534 4415 676 4468 valet
698 4427 885 4470 contra
915 4429 1211 4474 venenatas
1254 4421 1622 4490 suggestiones
1670 4420 1866 4476 diaboli
1928 4429 1982 4476 et

394 4514 583 4559 contra
612 4506 744 4560 vitia
775 4508 977 4562 carnis.
1014 4507 1252 4563 Lactuca
1290 4509 1435 4563 dicta
1475 4519 1590 4575 est,
1621 4511 1763 4579 quod
1806 4510 1976 4565 abun-

2085 3338 2254 3405 olera,
2288 3355 2407 3408 quae
2438 3348 2625 3395 contra
2658 3353 2921 3394 venenum
2966 3338 3147 3392 valent
3189 3336 3421 3406 mystice
3468 3332 3681 3404 signiﬁ-

2085 3437 2229 3493 cent,
2256 3427 2368 3497 jam
2402 3429 2647 3497 superius
2676 3426 2879 3482 dictum
2909 3434 3010 3480 est.
3042 3425 3374 3495 Ligusticum
3403 3439 3429 3475 a
3458 3424 3683 3491 regione

2084 3535 2277 3575 nomen
2303 3520 2513 3589 accepit
2540 3538 2552 3572 :
2568 3519 2819 3594 pascitur
2850 3517 2991 3571 enim
3022 3514 3313 3586 plurimum
3345 3513 3399 3566 in
3432 3511 3677 3583 Liguria,

2084 3612 2250 3667 odore
2305 3610 2622 3672 aromatico,
2675 3615 2729 3661 et
2786 3616 2944 3677 gustu
2998 3605 3130 3659 acri.
3181 3602 3539 3658 Coriandrum
3610 3616 3680 3656 ex

2084 3704 2271 3760 Graeco
2306 3703 2521 3756 nomine
2562 3708 2852 3768 sumptum,
2900 3699 3045 3769 quod
3087 3696 3160 3751 illi
3202 3695 3389 3750 corion
3438 3702 3677 3756 vocant,

2084 3792 2236 3861 cujus
2261 3808 2443 3848 semen
2476 3778 2537 3845 ιη’
2560 3792 2699 3846 dulci
2729 3792 2853 3845 vino
2890 3791 3071 3844 datum
3103 3788 3389 3857 proniores
3411 3786 3589 3841 reddit
3620 3783 3680 3839 in

2082 3898 2333 3937 venerem
2369 3901 2380 3935 :
2417 3882 2461 3935 si
2490 3896 2651 3950 supra
2698 3880 2915 3934 modum
2965 3878 3200 3941 dederis,
3232 3877 3525 3931 amentiam
3575 3889 3682 3928 nu-

2082 3975 2218 4028 trit:
2261 3988 2423 4027 canos
2447 3972 2611 4025 etiam
2634 3986 2700 4023 ex
2724 3969 3009 4024 coriandro
3068 3968 3214 4022 inﬁci
3260 3967 3515 4020 traditum
3564 3971 3678 4018 est.

2082 4064 2305 4134 Legitur
2334 4064 2387 4117 in
2414 4062 2617 4127 Exodo,
2645 4062 2786 4132 quod
2820 4075 3016 4114 manna
3055 4059 3232 4114 simile
3280 4066 3427 4111 esset
3478 4055 3680 4111 semini

2084 4157 2374 4221 coriandri,
2409 4156 2585 4210 album
2616 4165 2671 4211 et
2699 4155 3035 4211 sublucidum
3071 4173 3081 4183 ·
3120 4154 3200 4208 sic
3228 4162 3281 4208 et
3310 4152 3537 4207 verbum
3573 4150 3679 4206 Dei

2084 4248 2385 4304 alhedinem
2408 4249 2571 4303 habet
2600 4249 2886 4313 castitatis,
2912 4258 2964 4304 et
2998 4248 3177 4303 lumen
3222 4246 3466 4302 scientia:
3513 4244 3681 4314 spiri-

2083 4339 2203 4393 talis
2230 4354 2244 4392 :
2277 4340 2416 4394 unde
2446 4340 2639 4393 animae
2669 4338 2854 4393 ﬁdeles
2882 4339 3121 4409 quotidie
3159 4346 3483 4407 pascuntur.
3528 4336 3674 4390 Buta

2082 4430 2246 4495 dicta,
2279 4429 2422 4499 quod
2451 4430 2521 4484 sit
2554 4429 2982 4493 ferventissima,
3016 4429 3168 4497 cujus
3214 4427 3388 4481 altera
3440 4426 3677 4497 agrestis

2083 4530 2244 4590 atque
2265 4521 2464 4575 virtute
2491 4521 2690 4584 acrior,
2716 4521 2808 4575 sed
2840 4528 3067 4588 utraque
3097 4518 3496 4572 ferventissima
3526 4532 3679 4571 eom-

393 4596 572 4649 dantia
591 4596 755 4683 lactis
775 4598 1068 4664 exuberet,
1088 4613 1180 4653 seu
1224 4601 1367 4669 quod
1399 4599 1537 4655 laete
1565 4600 1869 4655 nutrientes
1894 4600 1971 4655 fe-

2082 4612 2375 4683 probatur:
2410 4612 2548 4667 hanc
2578 4614 2799 4667 venenis
2831 4627 3127 4681 repugnare
3166 4612 3411 4669 mustela:
3452 4611 3675 4675 docent,

391 4689 566 4741 minas
590 4674 774 4757 implet
801 4707 813 4741 :
846 4690 961 4744 haec
988 4699 1042 4745 et
1071 4690 1125 4744 in
1148 4691 1282 4746 viris
1315 4692 1528 4747 veneris
1560 4706 1714 4746 usum
1736 4700 1967 4746 coercet.

390 4774 624 4832 Lactuca
673 4778 932 4847 agrestis,
982 4794 1143 4847 quam
1178 4781 1460 4836 sarraliam
1494 4781 1854 4845 nominamus,
1907 4796 1972 4836 eo

392 4867 535 4934 quod
574 4868 790 4921 dorsum
830 4864 947 4936 ejus
976 4870 1027 4922 in
1059 4870 1274 4927 modum
1303 4887 1465 4927 serrae
1498 4879 1598 4943 est.
1634 4871 1971 4940 Prteceptum

388 4964 617 5026 estergo
646 4956 771 5013 ﬁliis
797 4957 981 5026 Israel,
1012 4969 1071 5013 ut
1101 4960 1340 5017 lactucas
1385 4972 1621 5033 agrestes
1669 4963 1721 5017 in
1769 4962 1971 5033 pascha

2082 4720 2201 4774 qua:
2229 4705 2353 4759 dum
2396 4720 2518 4759 cum
2572 4714 2823 4774 serpente
2851 4705 3246 4769 dimicaverint,
3277 4704 3400 4759 cibo
3432 4702 3549 4772 ejus
3581 4719 3677 4757 ar-

2076 4807 2315 4857 mantur.
2348 4797 2469 4852 Haec
2513 4798 2670 4852 ﬁdem
2717 4798 2917 4853 Christi
2968 4798 3240 4869 signiﬁcat
3269 4813 3283 4850 :
3315 4814 3436 4868 quae
3482 4806 3678 4854 contra

2082 4890 2285 4959 antiqui
2317 4890 2579 4960 serpentis
2602 4905 2805 4945 venena
2836 4889 3127 4959 plurimum
3155 4888 3317 4942 valet.

388 5094 3659 5126 W

1558 5211 1862 5292 LIBER
1915 5214 2513 5293 VIGESIMUS.

905 5532 1133 5592 CAPUT
1166 5533 1454 5593 PRIMUM.

1034 5626 1112 5681 De
1150 5626 1316 5681 bellis.

458 5716 670 5771 Primus
701 5714 841 5771 bella
871 5716 1101 5771 instituit
1134 5716 1302 5771 Ninus
1325 5731 1420 5771 rex
1444 5716 1806 5789 Assyriorum.
1848 5718 1963 5789 Ipse

386 5810 529 5863 enim
576 5808 771 5863 ﬁnibus
819 5810 931 5865 suis
977 5825 1314 5881 nequaquam
1360 5819 1665 5879 contentus,
1716 5813 1960 5869 humana:

2072 5536 2344 5595 societatis
2369 5534 2543 5587 foedus
2570 5531 2896 5602 irrumpens,
2936 5530 3208 5585 exercitus
3229 5529 3449 5595 ducere.
3489 5530 3665 5587 aliena

2070 5641 2306 5694 vastare,
2341 5628 2539 5681 liberos
2573 5626 2796 5695 pepulos
2826 5634 2917 5679 aut
2953 5623 3242 5689 trucidare,
3277 5632 3369 5677 aut
3395 5626 3671 5694 subjicere

2073 5726 2254 5794 coepit,
2305 5721 2717 5789 universumque
2761 5718 2942 5772 Asiam
2990 5731 3160 5786 usque
3208 5716 3272 5770 ad
3312 5714 3499 5786 Libyae,
3531 5716 3669 5770 ﬁnes

2072 5831 2208 5871 nova
2258 5813 2512 5869 servitute
2559 5810 2881 5881 perdomuit.
2931 5808 3065 5864 lIinc
3104 5807 3216 5875 jam
3266 5808 3477 5861 studuit
3516 5806 3665 5861 orbis

3608 6310 3861 6322 ἠήὴ
