3922 6398
208 411 314 465 5'53

1179 407 1265 462 DE
1307 403 1657 462 UNIVERSO
1693 402 1876 458 LIDRI
1915 402 2080 458 XXII.
2121 431 2188 442 -
2228 401 2353 456 LII}.
2397 402 2515 457 XX.

3382 399 3489 463 534

207 529 260 583 in
293 534 482 581 mutuo
530 524 792 594 sanguine
836 523 1044 578 alterna
1091 523 1322 594 grassari
1355 521 1520 577 CICth.
1561 522 1801 588 Quatuor
1827 528 1873 588 Α
1903 520 2044 592 ligna
2091 519 2288 590 quibus
2314 536 2414 573 uva
2457 520 2740 589 premitur.
2773 519 2950 593 Pugna
2995 532 3205 591 vocata,
3241 541 3307 582 eo
3346 529 3493 598 quod

205 627 389 673 autem
421 621 547 670 s‘unt
591 630 788 686 genera
815 614 1120 668 bellorum:
1156 614 1206 668 id
1245 621 1348 676 est,
1390 614 1618 684 justum,
1657 612 1793 682 inju-

204 721 371 773 sturn,
403 707 584 772 civile,
613 717 667 762 et
689 708 975 778 plusquam
1007 707 1183 762 civile.
1217 705 1427 762 Justum
1455 706 1654 760 bellum
1688 714 1791 771 est,

203 805 349 874 quod
374 819 441 856 ex
469 802 724 872 prmdicto
751 803 960 872 geritur
986 802 1051 856 de
1081 802 1244 856 rebus
1264 800 1526 870 repetitis,
1552 808 1643 853 aut
1671 813 1794 869 pro—

199 896 594 967 pulsandorum
640 896 875 950 hostium
925 910 1106 950 causa.
1139 893 1400 962 Injustum
1447 892 1645 946 bellum
1689 901 1791 956 est,

200 987 349 1056 qvod
374 986 442 1043 de
485 986 686 1052 furore,
719 1001 826 1040 non
859 984 926 1039 de
967 984 1204 1055 legitima
1249 983 1460 1037 ratione
1501 983 1688 1048 initur,
1714 982 1795 1037 de

200 1093 312 1148 quo
348 1079 400 1132 in
445 1077 735 1148 Republica
776 1076 966 1132 Cicero
997 1077 1167 1131 dicit:
1215 1094 1232 1125 ‹
1284 1074 1375 1128 Illa
1421 1072 1622 1143 injusta
1656 1073 1795 1129 bella

202 1177 355 1234 sunt,
388 1184 508 1238 quae
536 1176 664 1222 sunt
694 1150 811 1222 sine
840 1183 1000 1223 causa
1025 1174 1304 1236 suscepta:
1337 1186 1353 1217 ι
1382 1182 1507 1220 nam
1532 1173 1686 1220 CXII‘R
1709 1165 1793 1220 Ul-

202 1260 443 1317 ciscendi
487 1268 579 1314 aut
609 1258 1095 1329 propulsandorum
1122 1244 1376 1312 'bostium
1409 1270 1632 1312 causam
1674 1255 1793 1310 bel-

199 1348 316 1405 lum
345 1351 462 1422 geri
483 1350 689 1418 justum
730 1349 934 1405 nullum
973 1357 1173 1418 potest.
1219 1348 1286 1402 Et
1329 1349 1429 1403 hoc
1495 1348 1635 1402 idem
1669 1346 1794 1401 Tul-

199 1441 327 1506 lius,
365 1443 548 1513 parvis
583 1440 904 1510 interiectis,
957 1440 1195 1495 subdidit
1226 1458 1237 1493 :
1279 1459 1296 1490 ‹
1353 1438 1569 1493 Nullum
1597 1437 1796 1492 bellum

184 1531 404 1606 iustum
449 1534 678 1589 habetur
725 1532 827 1587 nisi
883 1531 1282 1595 denuntiatum,
1340 1531 1442 1585 nisi
1512 1529 1792 1597 indictum,

1897 611 1953 665 in
1987 609 2140 664 initio
2176 625 2305 664 usus
2349 609 2535 680 fuisset
2576 611 2630 665 in
2675 612 2817 667 bello
2866 616 3057 684 pugnis
3115 619 3487 674 contendere:

1896 703 1980 759 vel
2031 703 2154 774 quia
2197 703 2372 772 primo
2423 703 2621 758 bellum
2669 706 2861 774 pugnis
2908 706 3238 778 incipiebant
3286 729 3299 765 :
3352 712 3495 768 unde

1896 811 2072 867 pugna
2109 795 2272 849 etiam
2308 796 2535 851 duorum
2577 804 2660 852 est
2687 798 2976 868 aliquando
3019 801 3134 855 sine
3164 801 3495 860 ferro..Haec

1897 885 2039 940 enim
2071 884 2207 940 bella
2239 887 2376 955 apml
2413 885 2658 942 carnales
2683 897 2825 954 sunt,
2856 891 2948 960 qui
2980 891 3044 946 de
3069 893 3311 962 potentia
3340 908 3498 948 ruun-

1899 979 2035 1033 dana
2061 977 2375 1052 conﬂigunt.
2407 980 2677 1035 Czetcrum
2700 983 2840 1052 apud
2865 984 3202 1042 Christianos
3224 996 3280 1043 et
3307 987 3496 1044 ﬁdeles

1899 1071 1994 1126 Dei
2034 1070 2266 1126 famulos
2310 1072 2445 1128 alius
2486 1089 2604 1128 mos
2627 1077 2901 1146 pugnandi
2944 1066 3045 1143 est,
3077 1081 3143 1135 de
3172 1096 3280 1150 quo
3307 1081 3496 1136 scribit

1903 1164 2228 1234 Apostolus:
2265 1163 2387 1220 Non
2422 1176 2497 1220 est
2536 1167 2683 1221 nobis
2727 1166 3028 1223 colluctatio
3079 1172 3328 1227 adversus
3377 1189 3496 1226 car-

1899 1271 2017 1309 nem
2045 1265 2090 1309 et
2130 1257 2457 1325 sanguinem,
2504 1258 2592 1310 sed
2621 1263 2870 1313 (idversus
2901 1238 3159 1331 principes
3188 1271 3236 1316 et
3264 1271 3493 1334 potesta-

1900 1354 1993 1410 tes,
2024 1347 2272 1402 adversus
2301 1347 2485 1401 mundi
2513 1358 2734 1402 rectores
2765 1350 3096 1406 tenebrarum
3125 1355 3334 1418 harum,
3370 1368 3500 1409 con-

1899 1447 1982 1490 ινα
2012 1437 2269 1506 spiritalia
2318 1438 2561 1509 nequitim
2589 1439 2644 1492 in
2685 1439 2977 1494 caelestibus
3019 1442 3234 1512 (Ep/tes.
3288 1443 3383 1514 vt).
3428 1441 3498 1498 Et

1900 1527 2030 1582 item
2059 1548 2070 1581 :
2101 1527 2336 1599 Castigo,
2371 1529 2564 1598 inquit,
2587 1514 2778 1600 corpus
2806 1549 2998 1598 meum,
3023 1544 3069 1586 et
3099 1535 3336 1589 servituti
3372 1534 3497 1590 sub-

197 1635 306 1691 nisi
335 1635 403 1690 de
435 1633 680 1706 repetitis
703 1631 898 1687 rebus.
931 1651 950 1683 »
983 1631 1154 1686 Civile
1197 1629 1396 1685 bellum
1430 1636 1514 1683 est
1549 1627 1690 1682 inter
1715 1625 1793 1680 ci-
1890 1621 2024 1692 jicio
2048 1635 2066 1672 :
2115 1638 2177 1675 ne
2207 1622 2362 1690 forte,
2395 1639 2511 1675 cum
2543 1623 2660 1677 aliis
2703 1626 3116 1694 prwdicaverim,
3167 1631 3275 1695 ipse
3323 1645 3497 1701 repro-

194 1743 296 1783 ves
345 1736 464 1783 orta
510 1727 704 1782 seditio
733 1733 789 1781 et
822 1725 1117 1781 concitatio
1145 1722 1433 1785 tumultus,
1472 1723 1612 1776 sicut
1654 1720 1796 1774 inter

196 1817 408 1890 Syllam
438 1826 493 1874 et
515 1817 766 1883 Marium,
797 1817 888 1887 qui
912 1815 1108 1870 bellum
1147 1814 1303 1869 civile
1348 1813 1577 1868 invicem
1607 1812 1661 1865 in
1687 1824 1793 1864 una

1900 1713 1994 1765 bus
2018 1713 2211 1781 efﬁciar
2239 1711 2292 1781 (Ι
2333 1711 2456 1765 Cor.
2492 1711 2590 1783 Ix).
2623 1712 2754 1768 Item
2790 1714 2927 1769 bella
2968 1717 3054 1771 vel
3094 1734 3284 1789 pugnae
3318 1727 3496 1775 certa-

1900 1817 2022 1855 men
2050 1803 2310 1857 adversus
2332 1803 2603 1872 nequitias
2631 1804 2919 1873 spiritales,
2945 1807 3028 1862 vel
3053 1809 3310 1864 adversus
3338 1810 3499 1866 vitio-

193 1920 360 1982 gente
395 1905 700 1982 gesserunt.
750 1909 1040 1979 Plusquam
1089 1909 1246 1964 civile
1298 1908 1498 1962 bellum
1542 1915 1644 1969 est,
1698 1903 1790 1958 ubi

1899 1907 2018 1946 rum
2049 1891 2438 1958 conﬂictiones,
2467 1902 2528 1947 ut
2569 1894 2622 1948 in
2664 1893 2962 1964 Apostolo:
3009 1895 3096 1951 Sic
3144 1917 3338 1970 pugno,
3393 1917 3499 1957 non

190 2018 306 2057 non
355 2003 526 2057 solum
573 2003 718 2059 cives
770 2010 999 2066 certant,
1056 2001 1148 2056 sed
1199 2009 1254 2053 et
1314 2000 1576 2070 cognati:
1636 1997 1794 2066 quale

193 2101 382 2146 actum
423 2101 507 2147 est
534 2092 677 2147 inter
703 2091 972 2148 Caesarem
997 2099 1050 2145 et
1076 2090 1412 2160 Pompeium,
1459 2089 1675 2160 quando
1709 2103 1795 2158 ge-

188 2198 296 2239 ner
325 2193 384 2239 et
406 2199 563 2240 socer
590 2185 820 2239 invicem
845 2184 1241 2239 dimicaverunt
1266 2200 1278 2236 :
1312 2182 1576 2251 siquidem
1613 2182 1664 2236 in
1688 2183 1792 2236 bac

191 2291 378 2347 pugna
410 2276 580 2332 frater
604 2293 725 2332 cum
754 2278 921 2331 fratre
953 2275 1254 2341 dimicavit,
1280 2288 1335 2330 et
1354 2283 1508 2344 pater
1532 2275 1792 2329 adversus

194 2366 369 2422 tilium
395 2384 542 2423 arma
575 2369 828 2438 portavit.
865 2369 1152 2424 Lucanus:

326 2544 342 2557 .
381 2543 395 2558 .
433 2543 446 2557 .
484 2543 496 2557 .
531 2507 584 2557 In
610 2509 810 2559 fratrem
829 2510 1115 2561 ceciderunt
1142 2510 1337 2572 praemia
1358 2507 1534 2558 fratris.

195 2607 333 2663 Item
363 2627 374 2662 :

421 2759 450 2785 κ
473 2759 485 2772 ,
509 2758 540 2785 ν.
580 2759 592 2771 .
630 2723 713 2773 Cui
739 2725 905 2773 cervix
930 2734 1052 2772 caesa
1078 2722 1298 2785 parentis

417 2783 648 2836 Cederet.
689 2824 701 2835 .
739 2818 754 2833 .
794 2822 805 2834 .
848 2821 859 2834 .

192 2907 343 2961 Bella
385 2908 569 2978 itaque
611 2909 864 2964 dicuntur
895 2908 1124 2970 interna,
1154 2915 1396 2972 externa,
1439 2905 1676 2971 servilia,
1708 2920 1794 2961 so-

194 2999 381 3062 cialia,
431 2999 679 3069 piratica.
725 2999 857 3054 Nam
889 3000 1117 3069 piratica
1146 2999 1284 3053 bella
1317 2984 1442 3053 Sunt
1491 3014 1680 3069 sparsa
1712 2999 1790 3052 la-

192 3097 417 3144 tronum
447 3091 661 3159 agmina
703 3105 800 3159 per
842 3091 1012 3143 maria
1045 3089 1464 3158 myoparonibus
1504 3089 1712 3144 levibus
1741 3098 1796 3145 et

191 3180 499 3251 fugacibus,
530 3198 635 3237 non
676 3183 848 3237 solum
875 3183 1100 3236 navibus
1126 3190 1480 3246 commeatus,
1507 3180 1598 3236 sed
1627 3182 1793 3237 etiam

1897 1982 2050 2053 quasi
2082 1998 2253 2035 aerem
2282 1982 2556 2037 verberans
2582 1983 2794 2057 (Ibid.).
2829 1985 3061 2041 Rursum
3093 1988 3226 2042 bella
3268 1990 3348 2044 vel
3381 2005 3500 2045 cer-

1900 2083 2081 2130 tamen
2124 2073 2324 2129 diaboli
2382 2075 2642 2132 adversus
2703 2087 2939 2144 sanctos,
3004 2090 3062 2134 ut
3114 2081 3166 2135 in
3219 2081 3494 2138 Ieremia:

1898 2160 1966 2214 Et
1995 2161 2256 2216 bellabunt
2283 2163 2560 2218 adversum
2590 2175 2658 2231 te,
2687 2178 2735 2220 et
2763 2185 2866 2222 non
2894 2170 3244 2238 prwvalebuut
3267 2171 3400 2243 (Jer.
3428 2172 3494 2243 ι).

1899 2254 2127 2326 Semper
2161 2259 2304 2312 enim
2348 2261 2524 2314 sancti
2550 2261 2651 2315 viri
2683 2273 2872 2318 contra
2906 2265 3034 2319 vitia
3067 2275 3121 2320 et
3148 2277 3334 2321 contra
3381 2277 3499 2322 ten-

1899 2357 2136 2404 tamenta
2168 2349 2393 2415 diaboli,
2451 2341 3190 2423 contraque'oblectamenta
3235 2357 3416 2413 carnis
3444 2365 3501 2413 et

1897 2440 2182 2522 illecebras
2230 2441 2568 2512 voluptatum
2625 2445 2924 2500 dimicant:
2958 2455 3017 2502 ut
3065 2448 3176 2502 sint
3225 2449 3398 2503 sancti
3444 2457 3506 2504 et

1899 2529 2228 2584 immaculati
2263 2532 2316 2586 in
2347 2543 2636 2604 conspectu
2664 2535 2757 2589 Dei
2801 2535 3148 2605 perficientes
3185 2539 3496 2594 sanctiﬁca-

1901 2622 2100 2676 tionem
2133 2623 2186 2676 in
2212 2624 2406 2679 timore
2437 2626 2626 2695 ipsius,
2659 2627 2854 2695 quibus
2891 2644 2993 2698 pax
3023 2629 3272 2685 Christus
3298 2639 3382 2686 est
3406 2631 3503 2702 qui

1897 2713 2175 2783 discipulis
2224 2717 2337 2771 suis
2384 2717 2460 2771 ait
2500 2737 2512 2771 :
2563 2718 2756 2773 Pacem
2810 2738 2978 2774 meam
3021 2723 3088 2776 do
3117 2723 3282 2789 vobis,
3311 2739 3497 2794 pacem

1896 2820 2065 2858 meam
2093 2804 2329 2874 relinquo
2371 2808 2512 2863 vobis
2559 2808 2740 2878 (Joan.
2793 2813 2926 2880 xiv).
2960 2812 3083 2882 Ipse
3117 2824 3193 2868 est
3219 2816 3356 2869 enim
3392 2833 3500 2886 pax

1898 2905 2098 2960 nostra,
2131 2898 2220 2965 qui
2263 2897 2385 2966 fecit
2425 2908 2648 2969 utraque
2688 2918 2850 2955 unum
2882 2902 3098 2974 (Eplies.
3133 2905 3216 2977 ιι).
3258 2904 3504 2971 Quatuor

1898 2993 2077 3039 autem
2104 2987 2157 3040 in
2189 2987 2328 3042 bello
2355 2998 2618 3060 geruntur
2645 3010 2656 3044 :
2687 3008 2886 3063 pugna,
2915 2994 3063 3064 fuga,
3093 2997 3346 3062 victoria,
3370 3012 3497 3066 pax.

1897 3076 2056 3133 Pacis
2081 3081 2401 3135 vocabulum
2431 3083 2646 3138 videtur
2690 3100 2718 3138 a
2750 3095 2908 3155 pacto
2954 3098 3265 3159 sumptum:
3312 3102 3497 3161 poste-

1899 3173 2013 3228 rius
2059 3183 2239 3230 autem
2291 3193 2396 3247 pax
2452 3163 2737 3249 accipitur.
2797 3180 2974 3237 fmdus
3023 3185 3256 3254 primum
3309 3186 3497 3240 initur.

193 3274 402 3329 insulas
430 3276 844 3345 provinciasque
869 3277 1224 3342 vastantibus,
1257 3292 1394 3347 quos
1424 3277 1657 3346 primum
1691 3277 1788 3332 Cn.

1899 3263 2098 3319 Foedus
2128 3275 2210 3320 est
2235 3281 2365 3334 pax,
2401 3283 2520 3337 quae
2565 3270 2626 3322 tit
2654 3269 2797 3325 inter
2826 3233 3172 3340 dimicantes,
3204 3274 3288 3330 vel
3333 3291 3362 3329 a
3394 3277 3502 3331 lide

190 3362 485 3435 Pompeius
538 3374 661 3435 post
711 3365 935 3420 multam
988 3368 1384 3431 vastationem,
1436 3383 1599 3435 quam
1647 3375 1792 3421 terra

195 3456 450 3523 marique
486 3455 575 3508 diu
607 3460 853 3526 egerant,
889 3457 1027 3510 mira
1057 3457 1335 3512 celeritate
1373 3457 1696 3526 compressit
1726 3473 1790 3513 ac

193 3544 494 3615 superavit.
527 3543 682 3600 Sicut
707 3556 886 3601 autem
912 3547 1107 3601 bellum
1146 3555 1393 3612 vOCatur,
1419 3548 1560 3616 quod
1599 3558 1788 3602 contra

190 3633 382 3688 hostes
407 3633 624 3704 agitur:
681 3635 754 3690 ita
811 3636 1094 3704 tumultus,
1144 3638 1286 3706 quod
1334 3637 1476 3691 civili
1528 3639 1790 3693 seditione

191 3724 523 3798 concitatur.
555 3723 690 3779 Nam
718 3727 910 3783 seditio
933 3737 1015 3782 est
1044 3728 1307 3782 dissensio
1350 3728 1546 3782 civium
1573 3746 1584 3781 :
1625 3729 1788 3795 dicta,

190 3818 337 3885 quod
363 3831 612 3870 seorsum
643 3817 731 3870 alii
761 3818 828 3872 ad
857 3818 990 3871 alios
1016 3827 1160 3872 cant.
1196 3818 1300 3871 Alii
1348 3819 1638 3884 aestimant,
1686 3821 1793 3875 dis-

190 3908 507 3963 sensionem
575 3909 878 3964 animorum
950 3910 1269 3967 seditionem
1343 3911 1547 3974 vocari,
1623 3926 1790 3978 quam

190 3995 370 4053 Graeci
417 3998 679 4052 diastasin
742 4007 975 4054 vocant:
1021 4000 1276 4068 quoniam
1321 4007 1498 4054 alitem
1539 3997 1790 4053 differant

192 4097 490 4159 utrumque
520 4088 710 4144 Cicero
742 4091 935 4146 docet:
972 4111 989 4143 ε
1025 4091 1208 4147 Potest
1242 4092 1407 4155 enim,
1442 4091 1640 4160 inquit,
1669 4105 1792 4146 esse

189 4178 418 4241 bellum,
453 4187 511 4232 ut
547 4179 806 4234 tumultus
851 4195 957 4235 non
995 4181 1096 4246 sit;
1151 4181 1411 4235 tumultus
1453 4191 1634 4235 autem
1673 4195 1793 4235 esse

193 4270 311 4324 sine
337 4268 480 4323 bello
499 4285 605 4323 non
630 4278 827 4339 potest.
850 4290 867 4322 ι
891 4270 1027 4338 Quid
1050 4280 1132 4326 est
1157 4271 1302 4326 enim
1331 4271 1478 4324 aliud
1508 4269 1788 4335 tumultus,

190 4360 299 4414 nisi
337 4361 675 4428 perturbatio
705 4368 855 4415 tanta
886 4370 945 4414 ut
979 4361 1153 4430 major
1181 4363 1343 4417 timor
1368 4361 1606 4416 oriatur?
1639 4361 1792 4416 Unde

189 4453 362 4508 etiam
394 4452 572 4508 dictus
598 4454 882 4520 tumultus,
927 4457 1080 4524 quasi
1110 4455 1272 4509 timor
1296 4456 1499 4510 multus
1526 4474 1537 4508 :
1572 4455 1792 4524 gravior

189 4554 378 4600 autem
425 4555 510 4600 est
558 4546 820 4601 tumultus
885 4563 1045 4617 quam
1090 4548 1344 4602 bellum:
1381 4563 1506 4602 nam
1554 4548 1606 4602 in
1647 4548 1788 4604 bello
1822 4582 1873 4641 D

189 4638 512 4692 vacationes
549 4638 753 4704 valent,
803 4639 858 4693 in
905 4640 1134 4695 tumultu
1189 4656 1293 4694 non
1345 4640 1545 4695 valent.
1600 4640 1788 4695 Differt

146 4746 152 4751 '
191 4740 380 4786 autem
411 4730 630 4795 bellum,
676 4731 854 4802 pugna
882 4741 937 4788 et
962 4733 1202 4801 praeliun':
1233 4751 1243 4784 :
1283 4748 1405 4787 nam
1442 4733 1637 4787 bellum
1672 4733 1789 4788 uni-

190 4837 420 4891 versum
465 4822 660 4876 dicitur
689 4831 748 4876 ut
785 4822 1070 4888 Punicum,
1123 4823 1276 4893 cujus
1321 4832 1503 4894 partes
1534 4832 1660 4879 sunt
1686 4839 1786 4892 pu-

191 4928 337 4984 gnae,
377 4921 435 4966 ut
460 4911 775 4977 Cannensis,
821 4911 1150 4967 Trebiensis.
1198 4913 1434 4968 Rursum
1469 4915 1520 4968 in
1553 4930 1657 4968 una
1690 4930 1787 4984 pu-

190 5016 299 5074 gna
346 5004 517 5059 multa
568 5013 694 5059 sunt
738 5003 967 5075 praelia:
1020 5003 1165 5058 aliud
1211 5005 1355 5058 enim
1403 5005 1457 5058 in
1507 5004 1783 5067 cornibus,

192 5091 342 5148 aliud
373 5094 425 5148 in
468 5103 707 5150 extrema
746 5096 862 5150 acie
897 5095 1117 5166 geritur.
1162 5095 1369 5150 Bellum
1411 5097 1576 5168 igitur
1603 5104 1790 5152 estto-

196 5195 336 5250 tnm,
380 5200 555 5255 pugna
608 5187 770 5241 unius
803 5187 931 5255 diei,
983 5187 1226 5257 przclium
1272 5203 1403 5257 pars
1452 5204 1646 5259 pugnae
1682 5197 1786 5244 est.

192 5273 408 5330 Bellum
449 5284 606 5330 antea
649 5275 882 5330 duellum
915 5286 1186 5343 vocatum,
1219 5293 1283 5333 eo
1329 5279 1472 5346 quod
1524 5281 1642 5334 diue
1684 5279 1794 5335 sint

195 5378 389 5436 partes
415 5368 784 5424 dimicantium
813 5387 824 5422 :
852 5370 935 5423 vel
967 5373 1109 5440 quod
1153 5369 1379 5425 alterum
1425 5371 1589 5426 faciat
1620 5373 1790 5428 victo-

196 5473 340 5523 rem,
381 5459 611 5514 alterum
650 5461 892 5515 victum:
945 5471 1154 5532 postea,
1201 5470 1404 5516 mutata
1449 5471 1502 5517 et
1548 5464 1790 5520 detracta

195 5551 404 5616 littera,
434 5552 638 5608 dictum
677 5553 894 5610 bellum.
941 5551 1047 5607 Alii
1075 5569 1176 5622 per
1221 5553 1568 5624 Antipbrasin
1599 5564 1794 5624 putant

203 5643 432 5707 dictum,
471 5657 536 5697 eo
577 5645 721 5713 quod
771 5645 843 5698 sit
884 5643 1196 5709 horridum,
1244 5645 1385 5698 unde
1431 5644 1556 5699 illud
1603 5665 1616 5698 ;
1666 5646 1792 5698 hor-

200 5735 322 5789 rida
359 5732 492 5787 bella
526 5750 545 5788 :
588 5750 710 5789 cum
745 5734 953 5789 bellum
974 5742 1162 5790 contra
1197 5735 1267 5789 sit
1297 5735 1612 5805 pessimum.
1648 5736 1794 5790 Plve-

200 5823 276 5880 lia
315 5825 568 5882 dicuntur
606 5840 638 5880 a
685 5827 978 5896 premendo
1022 5826 1230 5882 hostem
1278 5845 1290 5880 :
1344 5829 1486 5883 unde
1537 5837 1591 5885 et
1644 5828 1794 5900 prela

1899 3355 2041 3410 vela
2077 3356 2365 3414 lictialibus
2401 3359 2770 3435 [fieeialibusL
2818 3363 2870 3418 id
2917 3373 2999 3420 est
3049 3382 3080 3420 a
3127 3367 3502 3423 sacerdotibus

1898 3447 2140 3503 dictum:
2188 3467 2284 3520 per
2334 3451 2480 3522 ipsos
2515 3453 2661 3510 enim
2716 3453 2917 3510 ﬁebant
2964 3456 3193 3523 foedera,
3235 3459 3375 3514 sicut
3403 3475 3504 3530 per

1897 3541 2184 3596 saaculares
2230 3543 2388 3598 bella.
2443 3545 2548 3599 Alii
2580 3545 2788 3602 fmdera
2840 3550 2984 3604 dicta
3033 3559 3225 3620 putant
3269 3568 3298 3605 a
3332 3566 3499 3621 porca

1895 3631 2037 3688 foede
2077 3640 2134 3688 et
2166 3636 2456 3690 crudeliter
2485 3637 2665 3692 occisa
2711 3657 2723 3691 :
2763 3638 2917 3707 cujus
2949 3655 3095 3698 mors
3133 3643 3424 3703 optabatur
3446 3641 3500 3699 ei

1895 3721 1987 3794 qui
2013 3741 2041 3777 a
2080 3739 2213 3794 pace
2243 3726 2526 3782 resilisset.
2557 3728 2813 3797 Virgilius
2840 3748 2852 3784 :

1898 3885 1900 3887 ῠ
2080 3814 2143 3866 Et
2163 3830 2289 3866 caesa
2310 3818 2586 3879 iungebant
2606 3818 2795 3870 foedera
2819 3835 2984 3884 porca.

1896 3895 2140 3953 Fcederis
2166 3908 2346 3969 partes
2377 3900 2606 3957 induciae
2633 3919 2646 3966 ;
2681 3912 2734 3958 et
2761 3903 2919 3960 dicta:
2947 3906 3198 3974 inducias,
3231 3909 3384 3982 quasi
3441 3910 3496 3965 in

1895 3987 2014 4042 dies
2045 3988 2185 4043 ocia.

2517 4085 2744 4142 CAPUT
2803 4089 2865 4142 ll.

2492 4176 2570 4231 De
2607 4178 2901 4249 triumphis.

1969 4264 2139 4321 Omne
2161 4279 2384 4338 regnum
2418 4267 2599 4322 saeculi
2626 4267 2786 4336 hujus
2812 4271 2966 4325 bellis
3000 4273 3282 4341 quaeritur,
3314 4274 3491 4331 victo-

1895 4355 1992 4411 riis
2024 4366 2366 4428 propagatur.
2405 4358 2639 4414 Victoria
2668 4359 2834 4422 dicta,
2866 4363 3008 4430 quod
3057 4363 3126 4422 vi,
3157 4364 3212 4418 id
3245 4371 3349 4430 est,
3384 4366 3495 4420 vir-

1897 4458 2011 4504 tute
2065 4450 2430 4520 adipiscatur:
2462 4451 2564 4507 hoc
2595 4463 2678 4508 est
2712 4454 2853 4506 enim
2879 4453 2970 4522 jus
3001 4456 3260 4525 gentium,
3289 4457 3396 4511 vim
3441 4458 3494 4512 vi

1897 4541 2167 4612 expellere
2193 4561 2347 4599 :nam
2370 4545 2540 4615 turpis
2569 4555 2651 4600 est
2670 4545 2792 4599 dolo
2813 4547 3037 4615 quresita
3067 4547 3492 4628 victoria.'Ccrta

1897 4643 2076 4690 autem
2106 4636 2332 4691 victoria
2366 4644 2467 4700 est,
2497 4635 2580 4690 vel
2622 4637 2824 4692 occisio
2865 4639 3057 4704 hostis,
3096 4639 3180 4694 vel
3217 4640 3489 4710 exspolia-

1895 4727 1989 4795 tio,
2025 4728 2108 4782 vel
2140 4738 2448 4799 utrmnque.
2477 4727 2592 4784 Non
2635 4737 2721 4784 est
2762 4739 2940 4785 autem
2969 4729 3212 4799 jucunda
3245 4732 3490 4796 victoria,

1896 4834 2015 4888 quae
2035 4835 2131 4889 per
2175 4821 2437 4876 immensa
2468 4821 2792 4876 detrimenta
2825 4823 3106 4893 contingit.
3159 4824 3223 4877 Et
3253 4824 3356 4877 hoc
3386 4831 3487 4884 est,

1896 4912 2039 4981 quod
2065 4911 2250 4966 laudat
2289 4912 2598 4979 Sallustius,
2653 4915 2819 4968 duces
2873 4914 3157 4967 victoriam
3209 4913 3493 4970 incruento

1895 5005 2136 5059 exercitu
2180 5005 2514 5074 deportasse.
2547 5005 2748 5076 Pompa
2792 5005 2933 5060 dicta
2962 5017 3043 5061 est
3067 5004 3256 5061 Graaca
3289 5005 3494 5076 signifi-

1899 5096 2110 5151 catione
2137 5111 2236 5166 apo
2274 5105 2364 5152 tou
2401 5097 2744 5166 pompeuein,
2775 5098 2877 5151 hoc
2918 5107 3021 5162 est,
3065 5097 3277 5167 publice
3311 5107 3492 5152 osten-

1900 5188 2023 5241 tari.
2057 5185 2322 5242 Prmccdit
2375 5197 2556 5242 autem
2609 5189 2835 5243 victoria
2877 5204 3128 5258 pompam
3166 5188 3308 5254 ideo,
3348 5190 3490 5257 quo]

1899 5277 2059 5332 ituris
2097 5278 2165 5331 ad
2208 5279 2310 5333 hoc
2343 5286 2617 5333 certamen
2667 5279 2817 5346 prius
2865 5288 2947 5333 est
2993 5280 3235 5347 victoria:
3281 5287 3486 5334 votum.

1900 5366 2223 5436 Trephmum
2267 5368 2468 5423 dictum
2505 5385 2606 5439 apo
2635 5378 2717 5425 tes
2747 5385 2958 5439 propes,
2988 5370 3039 5424 id
3081 5379 3182 5435 est,
3215 5386 3244 5423 a
3272 5385 3493 5424 conver-

1900 5459 2051 5513 sione
2077 5459 2246 5514 hostis
2276 5467 2331 5513 et
2374 5458 2540 5530 luga:
2575 5476 2699 5515 nam
2745 5461 2812 5514 ab
2850 5477 2914 5514 eo
2943 5461 3084 5530 quod
3128 5460 3339 5516 hostem
3366 5461 3489 5529 quis

1898 5549 2154 5621 fugasset,
2217 5553 2528 5607 merebatur
2600 5552 2897 5618 troplneum
2948 5569 2960 5605 :
3024 5552 3116 5622 qui
3177 5551 3486 5615 occidisset,

1887 5641 2253 5713 .triumpbum,
2293 5644 2384 5712 qui
2427 5643 2602 5697 dictus
2628 5651 2713 5697 est
2745 5658 2847 5713 apo
2878 5652 2959 5697 tes
2991 5643 3267 5707 triambes,
3290 5641 3345 5696 id
3379 5648 3486 5710 est,

1900 5734 1968 5787 ab
1993 5733 2371 5789 exsultatione.
2406 5735 2581 5791 Plenas
2612 5735 2760 5792 enim
2782 5736 3023 5790 victoriae
3062 5735 3364 5804 triumphus
3397 5735 3490 5790 de-

1899 5826 2077 5892 betur,
2109 5826 2417 5899 semiplenae
2453 5828 2789 5900 tropbwum:
2838 5828 2964 5900 quia
3006 5827 3241 5884 nondum
3268 5825 3487 5899 plenam
