3922 6354
454 364 560 423 555

1099 364 1160 420 Β.
1202 365 1462 435 RABANI
1500 364 1719 425 MAURI
1756 362 2077 422 ARCHIEP.
2118 363 2431 426 MOGUNT.
2474 364 2760 425 OPERUM
2798 365 2977 425 PARS
3013 369 3078 424 ll.

3619 371 3729 430 536

445 485 532 534 est
558 476 841 533 victoriam
882 490 1242 533 consecutus:
1279 494 1386 535 non
1437 480 1584 536 enim
1641 479 1893 545 obtinuit,
1942 482 2037 535 sed
2066 484 2115 543 Α
2141 481 2302 552 primi
2348 482 2701 549 invenerunt,
2757 483 2886 537 tuba
2925 482 3105 549 dicta,
3154 485 3306 555 quasi
3357 486 3494 552 tota,
3532 488 3587 543 id
3623 498 3736 555 est,

446 567 657 641 fugavit
694 569 1013 625 exercitum.
1061 568 1191 624 Haec
1248 578 1429 627 tamen
1480 572 1700 627 nomina
1741 572 2036 641 scriptores

444 663 781 721 confundunt
806 679 822 721 :
845 673 964 719 erat
988 672 1168 719 autem
1198 665 1567 722 Romanorum
1594 682 1731 733 mos,
1762 667 2035 722 uttrium-

441 758 674 827 pilantes
717 756 1005 828 quadrigis~
1034 756 1382 821 veherentur,
1438 773 1504 813 ex
1553 758 1667 825 illo,
1708 760 1851 829 quod
1894 757 2034 813 soliti

443 848 554 903 sint
580 848 790 919 priores
822 848 988 903 duces
1011 848 1113 903 hoc
1143 848 1332 902 habitu
1361 847 1498 904 bella
1533 849 1690 904 inire.
1720 849 2037 918 Quicunque

438 947 623 994 autem
646 938 700 993 in
725 935 977 995 conﬂictu
1002 938 1276 1003 vicissent,
1300 938 1482 1010 palma
1506 955 1672 996 aurea
1693 941 2033 995 coronaban-

438 1037 547 1093 tur,
576 1029 703 1099 quia
731 1028 913 1099 palma
954 1029 1202 1084 stimulos
1235 1030 1399 1085 habet
1430 1048 1443 1084 :
1476 1031 1569 1101 qui
1597 1046 1727 1087 vero
1751 1030 1870 1086 sine
1905 1046 2035 1087 con-

436 1121 583 1178 tlictu
613 1121 906 1193 fugientem
931 1122 1334 1193 prostravisset,
1381 1122 1571 1179 laurea
1599 1142 1611 1178 :
1644 1133 1709 1180 eo
1742 1124 1889 1194 quod
1914 1125 2033 1181 hate

435 1213 600 1269 arbor
628 1214 745 1269 sine
770 1214 939 1284 spinis
966 1222 1068 1268 est.
1105 1214 1324 1269 Duobus
1351 1222 1533 1269 autem
1564 1216 1854 1285 generibus
1882 1216 2031 1271 dele-

437 1313 528 1359 tur
580 1305 888 1359 exercitus:
938 1312 1031 1358 aut
1076 1300 1621 1369 internecione,‘aut
1669 1306 2027 1375 dispersione.

437 1392 724 1448 Sallustius
756 1394 967 1464 inquit:
1007 1412 1024 1444 ‹
1069 1392 1266 1447 Hostes
1307 1395 1551 1464 oppressi
1593 1403 1686 1448 aut
1715 1396 1910 1466 dilapsi
1943 1395 2027 1452 fo-

431 1493 571 1539 rent.
609 1504 628 1536 ι
669 1482 761 1538 Sic
789 1492 841 1538 et
866 1491 1161 1553 utrumque
1196 1483 1487 1554 Virgilius;
1541 1485 1953 1541 internecione:

560 1632 576 1648 .
611 1636 622 1647 .
660 1636 675 1653 .
712 1634 727 1649 .
764 1636 776 1648 .
814 1599 1207 1662 Submersasque
1230 1599 1389 1650 obrue
1425 1612 1636 1664 puppes.

434 1680 778 1751 Dispersione
814 1696 828 1736 :

558 1772 656 1823 Aut
678 1784 773 1834 age
793 1772 1033 1835 diversos,
1059 1776 1142 1822 aut
1164 1772 1336 1835 disiice
1359 1783 1561 1833 corpora
1582 1775 1747 1833 ponto.

430 1878 611 1948 Spolia
658 1888 839 1933 autem
882 1879 1142 1945 hostium,
1194 1879 1395 1948 praeda,
1450 1876 1736 1943 manubiie,
1794 1876 2022 1943 exuviae,

423 1980 630 2040 partes.
688 1971 876 2026 Praeda
932 1986 962 2025 a
1016 1971 1305 2040 praedando
1352 1976 1581 2025 vocata:
1642 1969 1911 2024 manubiae
1961 1983 2027 2025 eo

427 2061 573 2131 quod
594 2061 845 2115 manibus
864 2060 1228 2118 detrahuntur
1248 2078 1259 2114 :
1285 2060 1369 2115 ha:
1385 2067 1440 2115 et
1461 2060 1670 2115 exuvia:
1691 2061 1757 2115 ab
1778 2059 2027 2114 exuendo

426 2152 604 2217 dictae,
654 2153 779 2221 quia
827 2160 1136 2208 exuuntur:
1188 2152 1271 2206 ha:
1313 2160 1368 2205 et
1406 2160 1591 2221 partes
1641 2166 1673 2204 a
1720 2151 1839 2219 pari
1891 2151 2028 2205 divi-

424 2244 599 2308 sione,
626 2260 727 2315 pro
756 2259 1115 2316 personarum
1162 2243 1446 2313 qualitate,
1497 2251 1555 2298 et
1598 2242 1847 2299 laborum
1877 2244 2023 2317 justa

426 2334 715 2390 divisione.
756 2334 941 2404 Spolia
987 2342 1171 2389 autem
1211 2349 1242 2389 a
1281 2334 1478 2405 palliis,
1524 2335 1682 2404 quasi
1722 2350 1788 2391 ex
1816 2336 2021 2405 pallia:

423 2425 584 2480 victis
645 2425 788 2479 enim
836 2426 1214 2480 detrahuntur.
1263 2424 1504 2479 Victoria
1546 2434 1731 2479 nostra
1774 2424 2026 2479 Christus

422 2524 508 2571 est
534 2531 547 2569 :
577 2515 733 2586 cujus
761 2515 1018 2584 triumphi
1046 2516 1263 2585 signum
1297 2530 1433 2569 crux
1471 2524 1578 2579 est,
1611 2530 1718 2585 quo
1746 2514 2025 2572 diabolum

421 2608 570 2672 vicit,
591 2615 647 2663 et
670 2614 901 2661 mortem
936 2605 1240 2676 superavit.
1293 2604 1478 2675 Spolia
1520 2614 1702 2660 autem
1729 2605 1868 2675 ejus,
1902 2621 2020 2675 qua:

421 2699 488 2753 de
519 2699 673 2753 hoste
709 2698 966 2766 sumpsit,
995 2696 1244 2752 homines
1274 2705 1401 2751 sunt
1426 2696 1479 2750 in
1508 2696 1681 2751 Deum
1702 2698 2021 2753 credentes:

419 2789 510 2856 qui
549 2789 614 2843 de
645 2796 911 2857 potestate
937 2786 1136 2843 diaboli
1167 2788 1331 2853 eruti,
1376 2787 1488 2855 regi
1531 2802 1629 2842 suo
1662 2787 1905 2859 legitimo
1936 2804 2023 2845 so-

419 2879 653 2934 ciantur.
705 2877 860 2933 Unde
900 2877 1014 2945 ipsa
1047 2877 1263 2932 Veritas
1309 2877 1364 2930 in
1405 2876 1700 2947 Evangelio
1730 2878 1806 2932 ait
1838 2895 1851 2931 :
1880 2878 2023 2932 Dum

417 2968 572 3042 fortis
624 2978 860 3021 armatus
901 2966 1126 3021 custodit
1183 2966 1379 3020 atrium
1411 2983 1589 3032 suum,
1639 2968 1695 3021 in
1732 2984 1859 3036 pace
1899 2977 2022 3022 sunt

417 3062 598 3116 omnia
618 3077 735 3131 quae
754 3061 983 3131 possidet
1008 3076 1026 3114 :
1054 3060 1098 3115 si
1120 3068 1296 3114 autem
1320 3060 1510 3129 fortior
1536 3060 1628 3113 illo
1653 3061 2019 3129 superveniens

413 3152 597 3207 uicerit
624 3167 762 3217 eum,
796 3152 1037 3205 universa
1071 3166 1222 3204 arma
1254 3150 1371 3221 ejus
1395 3150 1590 3220 aufert,
1615 3151 1671 3205 in
1690 3152 2019 3221 quibus-con:

416 3245 635 3315 ﬁdebat,
658 3254 707 3300 et
727 3244 897 3316 spolia
923 3244 1038 3315 ejus
1064 3242 1331 3298 distribuit
1354 3241 1507 3315 (Luc.
1538 3242 1639 3313 x1).
1668 3242 1909 3298 Victoria
1935 3250 2019 3299 est

415 3334 615 3391 diaboli
646 3335 732 3390 vel
760 3335 1059 3391 adversarii
1104 3334 1433 3404 triumphus,
1485 3344 1543 3389 ut
1586 3343 1671 3389 est
1718 3334 1847 3389 illud
1876 3336 2021 3404 Apo-

415 3427 542 3483 stoli
574 3445 588 3481 :
634 3426 744 3481 Deo
774 3436 951 3480 autem
997 3426 1222 3497 gratias,
1250 3428 1339 3495 qui
1385 3426 1531 3480 dedit
1560 3425 1708 3480 nobis
1746 3425 2021 3481 victoriam

415 3519 469 3593 (1
503 3518 629 3575 Cor.
653 3519 764 3591 xv).
798 3519 1052 3574 Bravium
1083 3528 1169 3575 est
1195 3517 1557 3575 constitutum
1589 3520 1856 3575 bonorum
1888 3535 2021 3590 prte-

414 3610 584 3665 mium
628 3609 981 3673 meritorum;
1036 3600 1091 3662 in
1134 3606 1432 3677 Apostolo:
1473 3607 1808 3663 Destinatum
1847 3626 2020 3679 perse-

412 3716 547 3770 quar
588 3700 822 3753 bravium
863 3714 1102 3769 superna:
1134 3699 1421 3753 vocationis
1453 3696 1622 3769 (Phil.
1664 3697 1770 3768 ιιι).
1804 3697 2018 3754 Corona

414 3799 631 3845 aeternm
668 3788 852 3860 glorire
880 3804 977 3859 pro
999 3787 1210 3857 iustitia
1248 3803 1482 3852 merces,
1533 3796 1592 3842 ut
1618 3789 1672 3842 in
1708 3788 1969 3857 Apostolo
1999 3807 2012 3843 :

417 3882 493 3935 De
516 3880 711 3951 reliquo
741 3880 967 3949 reposita
1005 3889 1081 3933 est
1121 3879 1248 3932 mihi
1274 3895 1467 3932 corona
1490 3878 1719 3948 justiliw
1756 3877 1843 3949 (II
1875 3877 2012 3933 Tim.

415 3975 511 4045 Iv).
550 3974 661 4028 Pax
704 3974 952 4028 Christus
991 3982 1097 4039 est,
1126 3974 1253 4042 quia
1298 3974 1407 4043 ipse
1433 3982 1508 4027 est
1535 3974 1625 4043 qui
1650 3972 1773 4043 fecit
1796 3983 2017 4043 utraque

414 4084 580 4122 unum
604 4066 819 4138 (Ephes.
845 4066 929 4137 ιι).
955 4066 1066 4120 Pax
1089 4066 1272 4120 carnis
1300 4064 1559 4121 adversus
1582 4065 1857 4134 spiritum,
1889 4080 2017 4120 con-

417 4160 598 4213 cordia
634 4160 684 4211 in
714 4160 913 4212 bonum
937 4198 951 4221 ,
985 4165 1046 4210 ut
1073 4157 1127 4209 in
1158 4156 1368 4225 psalmo
1398 4174 1409 4208 :
1439 4153 1636 4224 Rogate
1677 4172 1794 4225 qum
1826 4155 1896 4207 ad
1922 4172 2016 4222 pa-

413 4266 524 4303 cem
570 4260 691 4301 sunt
740 4249 794 4301 in
857 4245 1193 4300 Hierusalem
1228 4244 1401 4316 (Psal.
1459 4244 1627 4316 cm).
1665 4243 1732 4299 Et
1763 4245 1817 4298 in
1849 4244 2015 4299 aliam

411 4348 621 4410 partem
668 4354 768 4407 pro
820 4338 1020 4392 Judaeis
1076 4337 1162 4391 vel
1205 4335 1476 4390 hiereticis
1528 4336 1811 4404 accipitur,
1864 4336 2013 4391 utin

414 4430 878 4485 Deuteronomio:
916 4427 1039 4483 Non
1082 4428 1312 4498 loqueris
1340 4428 1387 4481 ei
1433 4426 1654 4497 paciﬁca
1701 4425 1843 4481 omni
1885 4436 2013 4481 tem-

412 4537 537 4591 pore
568 4520 747 4593 (Deut.
782 4522 863 4590 ιι).

1034 4608 1260 4665 CAPUT
1299 4608 1383 4662 Ill.

848 4701 921 4755 De
957 4699 1317 4755 instrumentis
1365 4698 1583 4752 bellicis.

490 4794 653 4863 Signa
684 4793 951 4848 bellorum
977 4792 1250 4855 dicuntur,
1287 4792 1430 4858 quod
1458 4804 1523 4843 ex
1550 4788 1636 4844 his
1664 4790 1937 4845 exercitus
1961 4798 2015 4843 et

415 4888 689 4958 pugnandi
717 4895 772 4941 et
808 4885 1049 4941 victoriae
1077 4892 1132 4938 et
1154 4893 1405 4953 receptus
1435 4883 1632 4952 accipit
1659 4884 1962 4955 symbolum
1996 4901 2008 4937 :

418 4996 541 5033 nam
565 4988 660 5033 aut
691 4994 785 5047 per
810 4992 998 5032 vocem
1034 4977 1195 5041 tubae,
1237 4984 1331 5031 aut
1356 4991 1455 5045 per
1484 4976 1787 5047 symbolum
1821 4974 2009 5030 admo-

420 5077 579 5125 netur
608 5071 899 5125 exercitus.

1031 5159 1258 5217 CAPUT
1296 5160 1385 5215 IV.

900 5252 975 5306 De
1014 5252 1243 5305 buccinis
1280 5261 1329 5306 et
1367 5252 1523 5306 tubis.

495 5348 747 5412 Buccina,
778 5362 881 5416 qua
912 5346 1124 5413 signum
1150 5343 1386 5398 daturin
1416 5345 1593 5409 hoste,
1627 5343 1770 5398 dicta
1801 5359 1829 5398 a
1856 5358 2008 5409 voce,

421 5442 574 5510 quasi
604 5440 795 5493 vocina
827 5457 837 5490 :
887 5453 1016 5491 nam
1061 5435 1257 5505 pagani
1308 5442 1660 5504 agrestesque
1695 5434 1762 5489 ad
1792 5450 2009 5489 omnem

419 5547 579 5587 usum
624 5531 849 5584 buccina
898 5527 965 5582 ad
992 5526 1229 5596 compita
1274 5526 1733 5579 convocabantur.
1786 5524 2011 5594 Proprie

423 5640 551 5691 ergo
585 5623 685 5675 hoc
716 5619 1022 5689 agrestibus
1043 5618 1253 5689 signum
1282 5615 1407 5681 fuit,
1432 5616 1497 5671 de
1525 5632 1632 5685 quo
1655 5615 1969 5685 Propertius
1996 5634 2007 5670 :

550 5731 753 5779 Buccina
778 5731 877 5791 jam
898 5727 1311 5790 priscos'eogebat
1335 5726 1395 5776 ad
1418 5739 1550 5777 arma
1570 5726 1810 5785 Quirites.

424 5835 596 5907 Ilnjus
642 5836 862 5907 clangor
890 5834 1195 5892 buccinlum
1226 5832 1438 5890 dicitur.
1489 5832 1694 5889 Tubam
1746 5833 2013 5904 Tyrrheni

2137 587 2289 627 cava.
2334 572 2469 628 ltem
2501 574 2652 639 tuba,
2683 574 2839 643 quasi
2866 574 3017 631 tibia.
3060 576 3206 633 later
3232 577 3415 633 tubam
3454 588 3637 635 autem
3679 590 3739 636 et

2136 662 2422 718 buccinam
2459 672 2674 720 veteres
2702 665 3101 722 discernebant.
3148 667 3286 724 Nam
3325 672 3560 727 buccina
3588 671 3741 729 inso-

2134 770 2273 812 nans
2294 755 2709 814 sollicitudinem
2733 760 2802 815 ad
2825 758 2967 815 bella
2990 760 3293 819 nuntiabat.
3330 764 3589 836 Virgilius
3618 782 3637 821 :

2322 966 2325 969 ,
2407 953 2480 985 ._A.
2516 954 2531 970 .
2564 953 2582 985 ε
2616 918 2876 985 ..ΑΒιιοοίιιει
2900 932 3095 985 Signum

2407 979 2526 1031 Dira
2548 980 2703 1032 dedit.
2742 1016 2757 1031 .
2795 1019 2808 1031 .
2846 1017 2861 1034 .
2899 1019 2913 1034 .

2134 1058 2285 1117 Tuba
2325 1070 2507 1118 autem
2541 1063 2729 1133 praelia
2771 1064 3088 1121 indicabat:

2411 1154 2477 1204 At
2497 1154 2617 1205 tuba
2638 1155 2910 1206 terribilem
2929 1159 3161 1208 sonitum.
3202 1195 3220 1214 .
3248 1196 3267 1211 .
3303 1194 3320 1211 .

2131 1276 2297 1347 Cujus
2332 1292 2501 1335 sonus
2528 1280 2715 1335 varius
2740 1288 2822 1336 est
2853 1299 2865 1334 :
2915 1296 3041 1336 nam
3086 1282 3358 1339 interdum
3387 1284 3627 1351 canitur,
3669 1289 3737 1339 ut

2130 1370 2271 1425 bella
2313 1371 2759 1425 committantur:
2800 1373 3095 1440 interdum,
3135 1382 3196 1429 ut
3223 1375 3587 1446 insequantur
3614 1388 3732 1441 eos,

2130 1462 2461 1532 quit'ugiunt
2489 1480 2502 1516 :
2544 1463 2816 1519 interdum
2862 1465 3079 1519 canitur
3109 1466 3373 1536 receptui.
3407 1465 3545 1520 Nam
3572 1478 3735 1522 rece-

2128 1560 2255 1623 ptus
2278 1555 2497 1619 dicitur,
2535 1570 2642 1625 quo
2668 1570 2725 1610 se
2754 1557 3026 1611 exercitus
3056 1556 3250 1626 recipit
3275 1574 3288 1610 :
3317 1556 3464 1611 unde
3494 1565 3551 1612 et
3574 1557 3735 1628 signa

2130 1649 2370 1718 receptui
2391 1663 2586 1704 canere
2621 1649 2893 1704 dicuntur.
2940 1648 3094 1703 Tuba
3138 1658 3317 1703 autem
3355 1649 3475 1704 sive
3499 1648 3737 1703 buccina

2129 1749 2442 1797 sanctorum
2487 1741 2905 1811 pratdicatorum
2954 1753 3143 1795 vocem
3188 1738 3479 1810 signiﬁcat,
3522 1754 3645 1809 qua:
3674 1739 3738 1795 in

2052 1852 2101 1913 Β
2132 1844 2245 1891 toto
2266 1836 2467 1890 mundo
2495 1849 2594 1904 per
2613 1834 3053 1905 prmdicationem
3085 1832 3360 1904 Evangelii
3388 1840 3568 1897 sonat,
3595 1839 3651 1887 et
3664 1829 3739 1887 ad

2131 1937 2411 1984 certamen
2466 1927 2740 1998 spiritales
2802 1927 3002 1982 milites
3053 1925 3259 1981 Christi
3308 1932 3580 1995 provocat
3624 1941 3639 1978 :
3692 1923 3736 1981 ii

2132 2016 2394 2085 ducendo,
2444 2019 2786 2074 admonendo
2843 2026 2897 2073 et
2938 2018 3278 2074 exhortando
3326 2017 3589 2088 populum
3636 2015 3738 2071 Dei

2132 2114 2404 2168 instruunt
2430 2131 2442 2166 :
2473 2121 2544 2176 et,
2560 2112 2698 2182 quid
2739 2111 3072 2173 faciendum,
3098 2109 3184 2165 vel
3220 2111 3350 2179 quid
3381 2108 3738 2164 devitandum

2131 2206 2221 2271 sit,
2254 2204 2653 2258 demonstrant.
2685 2202 2942 2271 Quisquis
2968 2209 3149 2255 autem
3181 2200 3336 2269 juxta
3380 2199 3500 2268 ejus
3529 2197 3735 2253 indicia

2129 2314 2189 2355 se
2214 2300 2486 2363 observat,
2532 2307 2585 2352 et
2622 2297 2919 2353 secundum
2963 2296 3079 2364 ejus
3104 2296 3479 2368 magisterium
3508 2294 3734 2361 vixerit,

2128 2394 2295 2448 vitam
2325 2392 2591 2463 percipiet
2638 2390 3049 2460 sempiternam.

2768 2501 2997 2558 CAPUT
3036 2502 3101 2557 V.

2786 2596 2861 2650 De
2920 2596 3104 2649 armis.

2201 2692 2366 2746 Arma
2420 2690 2749 2763 generaliter
2806 2690 3052 2745 omnium
3106 2702 3288 2746 rerum
3358 2689 3732 2745 instrumenta

2127 2791 2253 2838 sunt
2288 2801 2299 2836 :
2329 2782 2472 2837 unde
2518 2791 2574 2836 et
2610 2781 2703 2836 ubi
2748 2788 3105 2851 reponuntur,
3135 2781 3371 2835 armaria
3402 2780 3548 2835 dicta
3581 2788 3729 2835 sunt.

2125 2875 2262 2932 Item
2316 2891 2468 2930 arma
2520 2874 2775 2931 dicuntur
2822 2874 2928 2927 tela
2973 2872 3215 2927 omnium
3267 2887 3586 2942 generum:
3634 2873 3731 2928 sed

2128 2982 2281 3023 arma
2334 2976 2479 3031 sunt,
2535 2965 2732 3035 quibus
2784 2964 2888 3035 ipsi
2934 2972 3193 3019 tuemur:
3255 2962 3360 3017 tela
3408 2970 3558 3027 sunt,
3608 2976 3731 3032 qua:

2126 3060 2444 3116 emittimus.
2497 3058 2637 3114 Nam
2677 3073 2831 3113 arma
2882 3056 3115 3127 duplicia
3173 3064 3322 3121 sunt,
3370 3055 3425 3109 id
3484 3062 3594 3120 est,
3644 3053 3731 3110 vel

2126 3152 2325 3223 quibus
2349 3151 2706 3223 percutimus,
2764 3149 2850 3205 vel
2880 3150 3079 3219 quibus
3125 3148 3379 3217 tegimur.
3434 3145 3607 3201 Arma
3637 3160 3731 3202 an-

2124 3252 2233 3299 tem
2271 3243 2412 3298 dicta
2463 3242 2683 3312 proprie
2719 3249 2844 3295 sunt
2902 3255 2987 3305 eo,
3047 3239 3191 3309 quod
3244 3254 3430 3294 armos
3491 3247 3726 3310 tegant:

2124 3352 2251 3392 nam
2290 3350 2441 3391 arma
2475 3335 2561 3391 vel
2590 3335 2659 3391 ab
2682 3334 2853 3390 armis
2879 3332 3243 3399 dicuntur,-id
3275 3340 3380 3399 est,
3416 3332 3488 3389 ab
3531 3333 3730 3389 hume-

2122 3428 2366 3483 riszut:

2248 3553 2261 3566 .
2300 3550 2316 3567 .
2354 3555 2367 3568 .
2407 3554 2418 3564 .
2460 3553 2471 3563 .
2508 3514 2657 3566 Latos
2675 3514 2791 3566 huic
2815 3515 2954 3564 hasta
2980 3524 3072 3577 per
3094 3525 3255 3564 armos

2341 3579 2461 3628 Acta
2486 3578 2674 3628 tremit.
2715 3612 2728 3626 .
2766 3611 2780 3625 .
2818 3613 2829 3624 .
2869 3611 2882 3624 .

2121 3659 2218 3716 Vel
2253 3677 2352 3731 apo
2381 3671 2472 3713 tou
2499 3676 2670 3723 areas,
2705 3658 2758 3714 id
2784 3666 2887 3723 est,
2941 3672 2972 3713 a
3018 3656 3210 3713 Marte.
3268 3655 3495 3729 Mystice
3542 3665 3728 3713 autem

2118 3770 2217 3826 pro
2258 3754 2544 3809 sententiis
2575 3762 2889 3808 sanctarum
2934 3750 3365 3822 Scripturarum,
3394 3752 3481 3809 vel
3506 3753 3727 3807 exerci-

2120 3857 2206 3903 tus
2239 3845 2560 3920 [exercitiis]
2590 3847 2853 3901 virtutum
2881 3846 3262 3915 accipiuntur;
3313 3845 3459 3899 unde
3493 3846 3728 3915 Aposto-

2120 3943 2201 3997 lus
2232 3941 2344 3996 ait‘:
2381 3940 2525 3994 Nam
2548 3956 2699 3993 arma
2724 3937 2928 3992 militiae
2970 3946 3165 3992 nostrae
3190 3953 3296 3990 non
3324 3937 3587 4001 carnalia,
3632 3938 3727 3991 sed

2117 4034 2381 4106 spiritalia
2404 4044 2544 4095 sunt,
2572 4043 2619 4087 et
2661 4032 2893 4101 potentia
2929 4030 3037 4085 Deo
3068 4030 3137 4084 ad
3182 4030 3592 4084 destructionem
3623 4029 3727 4083 ad-

2117 4144 2385 4181 versarum
2412 4126 2764 4179 munitionum
2788 4122 2874 4196 (II
2899 4122 3021 4177 Cor.
3068 4121 3147 4194 χ),
3179 4122 3284 4176 hoc
3322 4129 3424 4186 est,
3460 4121 3725 4175 vitiorum

2117 4226 2171 4271 et
2225 4233 2491 4282 errorum,
2537 4217 2774 4286 quibus,
2830 4213 3046 4270 diabolo
3098 4213 3415 4284 instigante,
3474 4212 3727 4267 homines

2118 4310 2332 4364 adversi
2373 4317 2562 4363 contra
2615 4309 2815 4362 milites
2843 4307 3044 4363 Christi
3089 4314 3354 4375 pugnant.
3406 4304 3725 4359 Armarium

2115 4413 2245 4454 vero
2277 4398 2557 4468 Scriptura
2593 4406 2676 4452 est
2704 4411 2883 4463 sacra,
2911 4396 2996 4451 vel
3029 4396 3161 4451 fides
3187 4404 3337 4451 recta
3372 4413 3385 4448 :
3420 4395 3566 4449 unde
3588 4410 3725 4465 pro-

2118 4488 2365 4543 feruntur
2392 4502 2546 4542 arma
2577 4486 2844 4558 spiritalia
2874 4496 3064 4541 contra
3090 4486 3277 4540 hostes
3298 4484 3625 4539 Christianae
3650 4485 3726 4539 ti-

2040 4570 2227 4643 Ddei,
2284 4588 2339 4634 et
2389 4587 2792 4650 oppugnatores
2836 4590 2979 4632 verae
3032 4576 3331 4645 religionis.
3380 4575 3517 4631 Item
3566 4591 3725 4631 arma

2120 4666 2509 4736 protectionem
2540 4665 2778 4718 divinam
2804 4662 3128 4733 signiﬁcant,
3159 4670 3214 4717 et
3237 4660 3571 4729 adjutorium
3598 4660 3726 4730 ejus

2121 4756 2173 4809 in
2218 4764 2485 4811 sanctos;
2530 4762 2589 4809 ut
2624 4753 2686 4809 'in
2732 4754 3043 4809 Psalterio:
3095 4753 3438 4823 Apprehende
3474 4769 3626 4806 arma
3673 4764 3725 4808 et

2117 4857 2324 4899 scutum
2352 4844 2526 4917 (Psal.
2568 4845 2779 4915 XXXIV).
2826 4845 3014 4907 Arma,
3048 4858 3215 4911 opera
3246 4841 3474 4910 iustitia:
3524 4845 3723 4899 adver-

2117 4954 2211 4996 sus
2234 4940 2433 4995 diaboli
2475 4940 2628 5004 vitia,
2659 4946 2719 4993 ut
2767 4938 2824 4991 in
2860 4935 3159 5007 Apostolo:
3214 4935 3449 5003 Accipite
3479 4946 3725 4991 armatu»

2118 5050 2232 5085 ram
2293 5032 2413 5097 Dei,
2470 5042 2524 5084 ut
2574 5029 2782 5101 possitis
2816 5028 3052 5084 resistere
3095 5026 3313 5097 (Ephes.
3364 5025 3463 5096 vr).
3522 5026 3722 5094 Arma,

2118 5140 2281 5193 opera
2314 5123 2546 5192 peccati,
2592 5121 2676 5176 vel
2722 5118 2920 5174 diaboli
2967 5117 3199 5181 insidiae,
3248 5124 3311 5170 ut
3359 5117 3416 5172 in
3460 5116 3722 5186 psalmo:

2114 5218 2279 5270 Arma
2299 5225 2347 5269 et
2368 5214 2517 5283 scuta
2544 5212 2806 5266 comburet
2829 5209 2938 5279 igni
2968 5206 3140 5279 (Psal.
3167 5207 3314 5279 XLv).

2737 5344 2964 5402 CAPUT
3006 5346 3093 5400 Vl.

2770 5437 2848 5493 De
2872 5438 3082 5509 gladiis.

2187 5555 2409 5611 Gladius
2458 5549 2781 5623 generaliter
2838 5550 3037 5605 dicitur
3085 5548 3232 5603 ensis
3286 5549 3341 5602 in
3378 5547 3583 5618 przelio,
3616 5549 3720 5605 sed

2118 5649 2263 5703 ensis
2308 5646 2511 5701 ferrum
2544 5651 2755 5697 tantum
2787 5649 2888 5695 est.
2919 5640 3142 5695 Gladius
3192 5654 3322 5693 vero
3372 5649 3516 5694 totus
3546 5658 3558 5692 :
3586 5655 3721 5707 pro-

2120 5742 2234 5811 prie
2263 5748 2441 5792 autem
2477 5733 2775 5805 appellatur
2802 5734 3032 5803 gladius,
3074 5730 3215 5799 quod
3253 5730 3434 5801 gulam
3498 5730 3715 5797 dividit.

2121 5835 2172 5890 id
2198 5843 2297 5894 est,
2350 5830 2614 5887 cervicem
2646 5835 2810 5889 secat.
2846 5825 2922 5880 Ad
2952 5824 3050 5878 hoc
3078 5823 3220 5879 enim
3250 5824 3491 5907 primum
3524 5830 3607 5881 est
3627 5820 3717 5879 ta-
