3922 6342
223 373 335 432 537

1183 371 1268 426 DE
1308 368 1656 427 UNIVERSO
1693 367 1869 424 LIBRI
1905 368 2066 427 XXII.
2103 401 2171 411 —-
2211 371 2338 464 LIB‘.
2377 372 2493 428 XX.

3385 383 3491 440 538

225 499 378 546 ctum
413 506 426 542 :
462 501 590 542 nam
644 485 885 542 membra
943 488 1226 544 securibus
1281 488 1454 558 magis
1504 487 1803 550 caeduntur,
1833 487 1885 546 A
1908 487 2039 541 carii
2072 488 2218 542 dicti.
2249 465 2470 545 Gladius
2509 491 2654 546 enim
2704 491 2884 561 plures
2942 491 3361 566 signiﬁcationes
3386 497 3490 553 ha-

225 579 425 633 collum
448 575 625 647 gladio
649 584 855 630 tantum
879 593 892 631 :
913 577 1057 632 acies
1085 586 1264 631 autem
1291 578 1453 648 gladii
1479 581 1544 633 ab
1560 579 1808 632 acumine

223 667 394 724 dicta.
445 665 680 735 Capulus
727 674 970 734 vocatus,
1004 667 1088 722 vel
1121 668 1246 744 quia
1304 676 1466 737 caput
1491 677 1574 724 est
1622 668 1808 740 gladii,

223 758 311 813 vel
344 757 472 827 quia
521 758 735 827 capitur
787 759 886 824 ibi,
921 766 981 813 ut
1009 767 1276 814 teneatur.
1318 760 1453 814 Nam
1507 760 1640 814 alias
1666 761 1810 816 acies

224 850 361 904 ferri
386 865 493 905 non
533 850 682 905 sinit.
732 850 918 905 Mucro
946 865 1054 905 non
1083 859 1286 906 tantum
1315 850 1475 921 gladii
1505 858 1609 916 est,
1637 851 1731 906 sed
1755 858 1811 906 et

223 941 512 1010 Cujuslibet
544 942 638 997 teli
687 957 914 998 acumen
946 960 959 996 :
995 943 1172 998 dictus
1207 957 1238 996 a
1270 941 1603 1013 longitudine
1633 960 1645 996 :
1680 957 1808 996 nam

222 1030 441 1088 Siacron
499 1018 675 1088 Graeci
725 1032 944 1104 longu‘m
977 1040 1174 1089 vocant
1205 1050 1217 1086 :
1250 1031 1377 1087 hinc
1432 1041 1488 1087 et
1515 1032 1804 1086 machzera.

223 1121 491 1177 Machazra
522 1131 703 1177 autem
743 1132 826 1178 est
875 1123 1082 1195 gladius
1135 1123 1345 1194 longus,
1403 1136 1471 1177 ex
1511 1138 1619 1177 una
1655 1131 1809 1192 parte

220 1224 436 1272 acutus.
486 1216 716 1273 Framea
752 1232 879 1273 vero
927 1217 1137 1288 gladius
1181 1226 1266 1272 est
1295 1231 1360 1272 ex
1392 1225 1622 1288 utraque
1653 1227 1809 1287 parte

220 1319 436 1376 acutus,
461 1325 623 1380 quam
653 1311 842 1382 vulgus
871 1292 1119 1382 spatham
1151 1320 1311 1366 vocat
1337 1328 1348 1364 :
1384 1311 1500 1380 ipsa
1548 1318 1633 1365 est
1661 1325 1808 1364 rom-

216 1401 395 1470 phaea.
427 1401 654 1458 Framea
699 1412 876 1459 autem
911 1404 1073 1469 dicta,
1103 1406 1230 1474 quia
1287 1403 1478 1459 ferrea'
1521 1412 1642 1458 est:
1682 1419 1807 1457 nam

218 1492 366 1547 sicut
389 1490 801 1559 ferramentum,
831 1495 910 1550 sic
961 1493 1168 1550 framea
1202 1494 1403 1549 dicitur
1445 1512 1457 1548 :
1491 1509 1555 1548 ac
1582 1493 1808 1562 proinde

216 1584 402 1638 omnis
441 1584 651 1655 gladius
685 1583 910 1640 framea.
939 1583 1170 1641 Gladius
1219 1585 1364 1640 enim
1400 1584 1454 1638 in
1503 1585 1644 1639 bono
1670 1591 1722 1638 et
1751 1584 1805 1638 in

216 1673 366 1727 malo
418 1675 683 1744 accipitur
713 1693 727 1729 :
762 1675 815 1730 in
865 1676 1027 1741 bono,
1075 1684 1135 1731 ut
1175 1676 1239 1730 in-
1261 1674 1521 1744 Apostolo
1553 1692 1564 1727 :
1596 1673 1662 1726 Et
1689 1673 1805 1743 gla-

214 1763 369 1816 dium
421 1765 654 1832 spiritus,
688 1765 826 1835 quod
856 1774 930 1820 est
987 1765 1196 1830 verbum
1229 1764 1330 1819 Dei
1379 1765 1591 1836 (Ep/tes.
1619 1765 1715 1834 vI).
1748 1763 1805 1817 In

217 1855 387 1919 malo,
418 1865 476 1909 ut
506 1865 591 1912 est
625 1856 755 1911 illud
811 1856 1111 1913 Psalmistae
1151 1877 1163 1912 :
1204 1855 1452 1911 Gladium
1500 1857 1803 1926 evaginave-
1831 1842 1878 1901 Β

217 1956 344 1999 runt
365 1956 659 2017 peccatores
691 1945 863 2019 (Psal.
896 1948 1104 2020 xxxvr).
1136 1947 1358 2003 Gladius
1385 1948 1685 2017 peccatoris
1725 1953 1807 2001 est

214 2037 449 2105 quilibet
475 2037 648 2103 dolus,
689 2038 914 2094 alterius
951 2049 1206 2109 appetens
1257 2039 1554 2094 laesionem.
1587 2037 1722 2091 Nam
1755 2045 1810 2091 et

215 2126 334 2192 ille,
365 2128 457 2197 qui
509 2129 721 2198 inopem
752 2129 985 2201 spoliare
1039 2130 1336 2195 contendit,
1386 2144 1640 2199 perverse
1680 2144 1808 2183 conv

213 2216 328 2272 Silii
367 2219 450 2272 sui
485 2217 721 2288 gladium
751 2219 963 2285 educit;
998 2227 1053 2274 et
1087 2219 1193 2283 ille,
1227 2221 1319 2289 qui
1356 2235 1521 2290 prava
1553 2219 1807 2274 suasione

211 2305 493 2362 desiderat
537 2307 785 2378 decipere
835 2309 1043 2382 animas
1070 2308 1436 2370 innocentum,
1471 2323 1653 2363 ensem
1680 2322 1807 2377 pes-

211 2397 375 2452 simae
395 2397 738 2469 cogitationis
773 2400 1028 2456 ostendit.
1059 2399 1484 2470 Evaginaverunt
1521 2406 1700 2453 autem
1729 2397 1806 2451 si-

212 2488 466 2560 gniﬁcat,
506 2490 832 2544 nudaverant
869 2509 881 2545 :
911 2499 971 2545 ut
1000 2493 1146 2561 quod
1191 2499 1317 2545 ante
1355 2498 1472 2544 erat
1518 2491 1569 2544 in
1599 2491 1807 2561 cogita-

213 2576 389 2642 tione,
422 2585 679 2647 tanquam
705 2579 757 2633 in
786 2581 979 2650 vagina
1006 2580 1368 2646 reconditum,
1399 2588 1522 2649 post
1550 2578 1807 2635 eductum

212 2665 476 2723 revelatis
498 2668 913 2738 cogitationibus
940 2676 1242 2740 appareret.
1282 2669 1514 2724 Framea
1545 2670 1806 2724 ultionem

213 2756 462 2812 divinam
493 2757 759 2828 signiﬁcat
789 2758 844 2812 in
867 2759 1073 2829 'impio,
1121 2759 1260 2813 unde
1303 2766 1388 2814 est
1415 2757 1546 2813 illud
1585 2759 1637 2814 in
1664 2759 1810 2828 psal-

215 2863 358 2904 mo:
408 2847 641 2920 Eﬁ'unde
695 2849 974 2919 frameam,
1020 2859 1068 2905 et
1118 2849 1371 2905 conclude
1419 2851 1668 2906 adversus
1699 2867 1805 2917 eos,

211 2941 310 3011 qui
333 2957 415 2996 me
440 2952 822 3014 persequuntur
847 2940 1022 3015 (Psal.
1054 2942 1266 3014 χχχιιι).
1301 2943 1368 2996 Et
1395 2943 1447 2996 in
1474 2941 1634 2996 aliam
1681 2957 1808 3012 par-

220 3040 335 3087 tem
367 3050 380 3086 :
410 3031 572 3102 Eripe
608 3049 642 3086 a
678 3033 882 3103 framea
939 3033 1170 3087 animam
1217 3049 1389 3087 meam
1435 3029 1609 3103 (Psal.
1646 3031 1758 3102 XXI)
1793 3048 1808 3097 ;

211 3137 348 3177 nam
379 3122 596 3177 liberari
630 3138 689 3178 se
723 3123 1017 3192 postulavit
1045 3139 1075 3178 a
1104 3133 1300 3190 morte,
1339 3138 1501 3194 quam
1529 3123 1809 3177 subiturus

1914 577 2041 630 bet:
2084 578 2220 632 etin
2279 580 2443 645 bono,
2497 590 2552 636 et
2599 583 2652 637 in
2711 583 2852 639 malo
2907 586 3184 654 accipitur,
3239 594 3296 641 ut
3329 602 3494 658 supra

1913 671 2264 727 ostendimus.
2318 672 2450 726 Nam
2501 675 2707 743 gladius
2727 677 2964 745 .verbum
2999 678 3115 742 Dei,
3147 688 3202 734 et
3231 681 3493 736 severita-

1914 773 2022 820 tem
2049 765 2182 836 legis
2232 775 2392 837 atque
2431 768 2816 836 prophetarum
2849 770 3139 841 signiﬁcat,
3173 781 3232 824 ut
3263 772 3315 825 in
3345 772 3491 842 Apo-

1914 857 2115 929 calypsi
2147 876 2159 910 :
2201 857 2270 912 Et
2313 858 2524 928 gladius
2554 862 2915 930 egrediebatur
2943 863 3007 916 de
3037 879 3125 916 ore
3154 863 3269 933 ejus
3306 863 3490 935 (Apoc.

1913 951 1975 1020 ι),
2006 951 2057 1004 id
2086 960 2190 1016 est,
2217 952 2440 1007 verbum
2490 953 2724 1007 Domini.
2778 951 3000 1008 Gladius
3053 955 3134 1007 vis
3163 964 3245 1008 est
3292 956 3495 1011 amoris

1912 1040 2030 1106 Dei,
2059 1049 2117 1096 ut
2145 1041 2197 1096 in
2242 1043 2533 1112 Evangelio
2564 1060 2577 1096 :
2619 1041 2742 1097 Non
2787 1045 2900 1097 veni
2936 1061 3114 1111 parem
3146 1045 3372 1110 mittere,
3402 1045 3494 1099 sed

1911 1129 2146 1200 gladium
2176 1130 2392 1202 (Matth.
2418 1131 2494 1203 x).
2532 1130 2706 1186 Gladii
2762 1140 2892 1186 sunt
2921 1133 2971 1186 in
3002 1135 3252 1188 manibus
3280 1141 3496 1189 sancto-

1913 1237 2032 1276 rum
2072 1223 2377 1276 testimonia
2429 1222 2621 1277 divinae
2677 1221 2975 1292 Scriptura:
3029 1239 3092 1278 ex
3127 1232 3360 1294 utroque
3392 1224 3496 1279 Te-

1912 1324 2179 1372 stamento
2229 1317 2359 1386 legis
2385 1319 2438 1373 in
2469 1318 2719 1372 acumine
2754 1319 3041 1386 perducta,
3070 1326 3129 1369 ut
3158 1317 3209 1370 in
3241 1315 3448 1385 psalmo
3475 1331 3491 1370 :

1913 1409 1980 1461 Et
2003 1408 2165 1478 gladii
2199 1408 2272 1461 bis
2301 1409 2440 1461 acuti
2495 1411 2550 1461 in
2592 1408 3034 1461 manibuseorum
3066 1404 3238 1476 (Psal.
3287 1404 3491 1478 cxux).

1911 1501 1976 1554 Et
2003 1501 2056 1554 in
2086 1499 2384 1568 Apostolo:
2422 1485 2756 1567 Et'gladium
2802 1499 3040 1568 spiritus,
3077 1497 3216 1568 quod
3260 1506 3332 1550 est
3376 1512 3488 1550 ver-

1909 1594 2029 1646 bum
2081 1593 2178 1646 Dei
2211 1591 2424 1663 (Ephes.
2477 1589 2572 1657 vI).
2613 1589 2808 1653 Gladii,
2857 1591 2961 1643 duo
2988 1589 3488 1663 sunt_Tcstamenta

1909 1685 2060 1754 legis,
2121 1693 2180 1737 ut
2235 1683 2285 1735 in
2343 1680 2634 1749 Evangelio
2687 1678 2982 1735 secundum
3035 1658 3236 1732 Lu'cam
3288 1696 3300 1730 :
3350 1676 3486 1730 Ecce

1909 1776 2070 1846 gladii
2098 1778 2201 1828 duo
2228 1775 2310 1827 hic
2344 1773 2494 1843 (Luc.
2529 1771 2688 1842 χχιι).
2739 1769 2961 1825 Gladius
3008 1777 3090 1823 est
3113 1768 3490 1822 haereticorum

1910 1865 2240 1935 praedicatio,
2279 1873 2336 1917 ut
2365 1865 2417 1916 in
2451 1862 2740 1917 Salomone
2774 1880 2785 1916 :
2819 1861 2952 1926 Quae
2985 1876 3080 1929 pro
3107 1859 3347 1913 dentibus
3375 1856 3490 1926 gla—

1911 1958 2024 2010 dios
2053 1957 2203 2009 habet
2233 1952 2415 2026 (Proo.
2469 1951 2618 2023 xxx).
2650 1952 2715 2006 Et
2742 1953 2797 2005 in
2823 1950 3110 2021 Evangelio
3143 1968 3155 2003 :
3193 1947 3376 2002 Omnis
3401 1947 3493 2017 qui

1910 2047 2215 2118 percusserit
2270 2045 2466 2115 gladio,
2520 2043 2698 2114 gladio
2759 2043 3010 2096 morietur
3064 2039 3278 2112 (Matth.
3316 2038 3488 2109 xxVI).

1911 2139 2133 2194 Gladius
2181 2145 2264 2192 est
2297 2135 2545 2192 seductio
2593 2134 2811 2198 diaboli,
2859 2143 2920 2188 ut
2964 2134 3015 2186 in
3046 2132 3351 2187 Psalterio:
3387 2129 3493 2196 Qui

1911 2231 2143 2284 liberasti
2165 2244 2370 2288 servum
2386 2236 2534 2280 tuum
2549 2226 2612 2279 de
2629 2225 2805 2295 gladio
2827 2222 3056 2293 maligno
3083 2219 3254 2292 (Psal.
3281 2219 3493 2290 CXLIII).

1910 2321 2132 2377 Gladius
2154 2327 2238 2374 est
2265 2319 2538 2373 damnatio
2565 2317 2917 2385 sempiterna,
2946 2313 3081 2367 utin
3107 2304 3206 2367 Job
3237 2330 3250 2366 :
3281 2311 3341 2368 Si
3363 2309 3500 2365 mul-

1911 2411 2130 2481 tiplicati
2162 2410 2354 2480 fuerint
2390 2408 2486 2476 filii
2510 2408 2643 2476 ejus,
2683 2407 2735 2460 id
2777 2413 2878 2470 est,
2923 2404 3305 2458 haereticorum
3328 2401 3494 2458 disci-

1910 2501 2042 2573 puli,
2071 2503 2127 2555 in
2156 2500 2334 2571 gladio
2367 2509 2514 2553 erunt
2533 2497 2673 2569 (Job.
2725 2495 2917 2566 xxvn).
2970 2495 3194 2551 Gladius
3228 2503 3312 2549 est
3349 2493 3497 2565 judi-

1913 2593 2058 2648 cium
2099 2591 2215 2655 Dei,
2265 2599 2327 2645 ut
2378 2589 2430 2644 in
2479 2586 2714 2643 Jeremia
2743 2607 2754 2642 :
2785 2587 2829 2639 A
2863 2587 2996 2656 facie
3048 2586 3210 2657 gladii
3246 2585 3500 2641 columba:

1915 2685 2270 2753 unusquisque
2331 2682 2399 2735 ad
2459 2679 2707 2751 populum
2775 2695 2931 2732 suum
2984 2688 3312 2732 convertatur
3363 2675 3500 2748 (Jer.

1914 2775 2084 2845 XLVI).
2117 2775 2340 2831 Gladius
2370 2785 2452 2828 est
2485 2772 2717 2826 vindicta
2768 2769 2852 2824 vel
2881 2784 3060 2824 sermo
3093 2769 3326 2833 Domini,
3354 2777 3415 2822 ut
3443 2768 3501 2823 in

1912 2867 2167 2940 Apostolo
2193 2886 2206 2919 :
2252 2865 2406 2918 Vivus
2433 2875 2506 2918 est
2537 2865 2674 2917 enim
2697 2879 2865 2917 sermo
2890 2861 3008 2925 Dei,
3037 2871 3083 2914 et
3112 2860 3322 2928 efﬁcax,
3347 2868 3394 2913 et
3416 2874 3504 2929 pe-

1914 2958 2221 3014 netrabilior
2243 2956 2384 3010 omni
2408 2954 2585 3024 gladio
2611 2953 2830 3021 ancipiti
2862 2950 3050 3022 (Hebr.
3082 2948 3179 3017 Iv).
3207 2947 3503 3018 Romphtea

1917 3052 2058 3107 idem
2083 3058 2184 3115 est,
2217 3049 2360 3119 quod
2399 3056 2450 3102 et
2476 3060 2658 3116 supra.
2693 3045 2999 3105 "Machaera,
3057 3057 3237 3097 sermo
3286 3041 3507 3097 dolosus

1917 3152 1971 3198 et
2001 3142 2211 3197 insidiis
2238 3140 2450 3209 plenus,
2482 3145 2542 3192 ut
2571 3146 2653 3192 est
2680 3136 2808 3191 illud
2831 3137 2884 3190 in
2906 3134 3153 3205 psalmo:
3189 3132 3318 3187 Filii
3341 3133 3510 3187 homi-

209 3221 358 3276 erat,
392 3211 587 3267 collato
622 3212 831 3267 scilicet
856 3213 1273 3268 resurrectionis
1317 3213 1538 3268 auxilio.
1574 3210 1804 3266 Framea
1835 3217 1880 3281 α
1913 3251 2057 3297 nam,
2089 3233 2268 3286 άεητεε
2292 3247 2472 3285 eorum
2507 3246 2657 3282 arma
2701 3237 2749 3282 et
2775 3227 3002 3297 sagittas,
3033 3235 3081 3280 et
3112 3224 3293 3296 lingua
3322 3239 3503 3278 eorum

211 3301 365 3356 enim
403 3316 763 3372 synonymum
817 3317 1014 3357 nomen
1067 3312 1169 3366 est,
1230 3303 1542 3372 signiﬁcans
1573 3305 1686 3358 sive
1713 3305 1810 3357 ha-

210 3405 387 3461 stam,
420 3397 534 3451 sive
564 3397 823 3468 gladium,
880 3397 994 3452 sive
1033 3397 1287 3467 quaelihet
1336 3411 1505 3461 arma,
1560 3411 1658 3467 per
1688 3411 1809 3466 quze

211 3485 394 3542 voluit
422 3485 664 3542 futurum
692 3488 871 3543 crucis
900 3490 1108 3543 exitum
1160 3496 1528 3560 competenter
1577 3490 1803 3552 adverti,

212 3574 311 3645 qui
339 3590 438 3646 per
461 3577 633 3645 ipsam
658 3576 977 3646 plerumque
1003 3578 1244 3633 succedit
1268 3594 1280 3632 :
1312 3579 1405 3633 sed
1432 3580 1608 3647 primo
1631 3579 1763 3633 dixit
1789 3596 1802 3632 :

210 3670 362 3738 eripe
388 3669 624 3723 animam
651 3686 857 3725 meam:
891 3671 1051 3726 modo
1081 3671 1215 3742 petit
1241 3671 1456 3725 liberari
1486 3671 1804 3737 Ecclesium,

211 3779 342 3834 qua:
371 3771 459 3818 est
484 3762 558 3819 illi
588 3765 770 3831 unica,
802 3765 856 3820 id
884 3772 987 3830 est,
1020 3747 1343 3822 catholicam
1378 3784 1392 3821 :
1426 3776 1486 3821 ut
1537 3767 1806 3837 intelliga-

214 3861 312 3907 tur
331 3853 610 3909 doctrinas
635 3869 804 3910 novas
833 3865 886 3909 et
927 3857 1283 3911 conciliabula
1330 3858 1661 3926 perditorum
1689 3859 1809 3911 uni-

213 3945 352 3999 tatis
374 3946 635 4001 vocabulo
664 3947 954 4014 respuisse.
986 3946 1120 4001 Item
1150 3946 1355 4002 framea
1389 3947 1656 4018 signiﬁcat
1683 3950 1804 4002 vin-

210 4035 423 4091 dictam
455 4036 509 4090 in
538 4036 811 4091 insontem
841 4037 1050 4106 prolata
1076 4055 1090 4091 :
1122 4045 1182 4091 ut
1215 4046 1299 4092 est
1324 4037 1453 4092 illud
1503 4038 1807 4094 Psalmistre

210 4128 287 4185 de
310 4128 691 4198 peccatoribus
715 4146 728 4182 :
755 4129 968 4184 Inimici
992 4131 1292 4199 defecerunt
1326 4132 1540 4200 framea:
1567 4133 1624 4185 in
1648 4135 1808 4201 ﬁnem

211 4219 398 4292 (Psal.
437 4219 537 4290 Ix).
571 4220 800 4286 Inimici,
832 4223 1103 4292 genitivus
1150 4239 1310 4279 casus
1345 4234 1446 4287 est,
1474 4225 1525 4280 id
1558 4232 1660 4291 est,
1693 4226 1808 4280 dia-

209 4313 349 4378 boli,
387 4312 542 4382 cujus
576 4312 779 4368 framea
833 4313 1098 4371 defecisse
1125 4325 1370 4370 testatur.
1401 4317 1632 4372 Framea
1663 4320 1807 4371 enim

210 4402 524 4460 Hebraicus
579 4419 758 4460 sermo
785 4415 889 4470 est,
921 4405 1234 4483 signiﬁcans
1265 4407 1520 4476 gladium,
1574 4422 1681 4475 quo
1705 4408 1804 4461 ho-

211 4495 322 4551 stis
369 4495 458 4548 ille
510 4494 875 4550 bacchabatur
905 4513 916 4547 :
948 4495 1089 4564 quod
1113 4504 1293 4549 autem
1349 4496 1504 4559 dixit,
1537 4497 1593 4549 in
1624 4497 1804 4565 ﬁnem,

1908 3326 2174 3380 macltrcra
2211 3333 2368 3378 acuta
2393 3319 2566 3393 (Psal.
2603 3319 2735 3391 va).
2769 3319 3001 3374 Secures
3031 3319 3184 3389 signa
3206 3325 3333 3372 sunt
3378 3330 3500 3386 quae

1910 3428 2036 3474 ante
2061 3416 2311 3472 consules
2337 3416 2671 3476 ferebantur,
2697 3427 2832 3481 quas
2858 3409 3080 3480 Hispani
3111 3409 3179 3463 ab
3208 3424 3308 3463 usu
3333 3407 3505 3462 Fran-

1908 3523 2094 3564 corum
2111 3521 2208 3577 per
2220 3505 2608 3559 derivationem
2622 3501 2917 3556 franciscas
2932 3508 3143 3553 vocant.
3162 3497 3237 3550 Ea
3259 3495 3504 3552 solebant

1909 3600 2061 3668 signa
2101 3604 2226 3650 ante
2254 3595 2531 3650 consulem
2565 3593 2772 3661 portari
2804 3608 2816 3643 :
2850 3605 2917 3644 ne
2943 3598 3035 3642 aut
3060 3591 3216 3642 usum
3247 3587 3503 3656 perderet

1909 3689 2056 3754 belli,
2083 3696 2175 3742 aut
2206 3701 2405 3742 vacans
2429 3685 2538 3739 otio
2566 3691 2843 3752 aspectum
2880 3681 3154 3735 amitteret
3176 3671 3498 3748 gladiorum.

1911 3781 2116 3835 Dicitur
2159 3787 2338 3832 autem
2375 3776 2582 3831 securis
2620 3774 3029 3837 ferramentum,
3082 3785 3188 3840 quo
3224 3769 3504 3824 caeduntur

1908 3874 2050 3945 ligna
2102 3873 2168 3926 ad
2209 3885 2365 3924 usum
2407 3869 2721 3922 hominum:
2758 3864 2899 3934 quod
2927 3863 3090 3916 etiam
3140 3861 3369 3930 mystice
3409 3866 3503 3912 aut

1909 3964 2274 4034 evangelicam
2294 3959 2736 4030 praedicationem
2763 3963 2853 4009 aut
2873 3953 3061 4022 judicii
3085 3951 3409 4007 sententiam
3430 3950 3504 4004 si-

1909 4057 2167 4128 gniﬁcat;
2204 4055 2346 4107 unde
2371 4060 2453 4106 est
2480 4049 2605 4103 illud
2649 4049 2705 4101 in
2740 4045 3031 4117 Evangelio
3064 4063 3076 4099 :
3105 4044 3228 4097 Jam
3259 4045 3395 4097 enim
3423 4043 3513 4096 εεέ

1911 4148 2051 4202 curis
2077 4147 2145 4200 ad
2171 4145 2371 4198 radices
2395 4141 2642 4196 arborum
2670 4140 2840 4209 posita
2868 4147 2940 4192 est
2964 4135 3179 4207 (Matth.
3200 4135 3304 4206 III).
3327 4134 3505 4188 Arbor

1911 4237 2069 4306 hujus
2093 4235 2275 4290 mundi
2300 4241 2382 4287 est
2404 4233 2717 4285 universum
2743 4243 2911 4299 genus
2942 4228 3268 4288 humanum;
3297 4225 3504 4279 securis

1909 4342 2040 4382 vero
2067 4335 2149 4379 est
2189 4323 2516 4391 Redemptor
2557 4329 2761 4383 noster,
2795 4318 2887 4386 qui
2925 4318 3070 4370 velut
3107 4331 3172 4370 ex
3220 4315 3505 4370 manubrio

1910 4429 1964 4473 et
1984 4417 2127 4472 ferro
2149 4422 2380 4478 constat,
2399 4420 2715 4478 teneturque
2734 4395 2801 4464 ex
2825 4406 3180 4469 humanitate,
3201 4405 3293 4459 sed
3315 4404 3506 4458 incidit

1913 4523 1976 4561 ex
2015 4505 2318 4559 divinitate.
2362 4502 2491 4567 Quin
2516 4500 2767 4554 videlicet
2794 4497 2999 4553 securis
3028 4496 3140 4564 jam
3173 4494 3239 4548 ad
3266 4495 3504 4548 radlccm

210 4584 621 4640 consummatio
673 4583 855 4638 sazculi
905 4585 1064 4637 datur
1093 4584 1334 4654 intelligi,
1378 4586 1593 4654 quando
1638 4587 1808 4641 virtus

1916 4597 2127 4651 arboris
2160 4595 2302 4648 illius
2339 4592 2515 4662 posita
2565 4597 2648 4644 est
2675 4606 2688 4642 :
2720 4587 2847 4657 quia
2891 4585 2994 4640 etsi
3036 4599 3133 4654 per
3185 4585 3501 4654 patientiam

211 4677 426 4734 diaboli
455 4677 811 4746 omnipotenti
858 4677 948 4733 illo
998 4678 1173 4749 gladio
1232 4680 1492 4749 probatur
1523 4681 1758 4735 interimi
1792 4698 1805 4732 :

213 4771 290 4824 de
315 4783 426 4838 quo
451 4757 589 4822 dixit
611 4769 666 4822 in
707 4769 936 4838 septimo
974 4769 1221 4838 psalmo:
1261 4769 1384 4823 Nisi
1431 4770 1806 4835 convertimini,

213 4859 460 4931 gladium
487 4875 641 4912 suum
663 4859 900 4922 vibrabit,
923 4866 1027 4913 etc.
1055 4856 1226 4929 (Psal.
1253 4859 1370 4930 vu).
1404 4857 1607 4928 Spatha
1628 4876 1657 4913 a
1683 4875 1810 4929 pas-

214 4952 382 5007 sione
406 4948 834 5014 dicitur,'Graaco
857 4949 1051 5004 verbo:
1079 4949 1332 5018 quoniam
1357 4950 1507 5018 patin
1539 4949 1806 5022 [pathein]

215 5039 420 5095 Grzece
468 5040 666 5095 dicitur
708 5043 821 5111 pati
850 5056 866 5096 :
894 5043 1036 5095 unde
1066 5051 1122 5095 et
1146 5042 1318 5110 patiar
1343 5047 1397 5095 et
1424 5042 1622 5105 patitur
1673 5042 1810 5096 dici-

217 5144 371 5187 mus.
405 5127 828 5198 Semispathium
864 5129 1075 5202 gladius
1104 5145 1132 5184 a
1160 5131 1331 5185 media
1362 5139 1529 5200 spatae
1579 5131 1814 5201 longitu-

219 5227 356 5282 dine
380 5224 677 5294 appellatus
701 5239 716 5277 :
744 5241 848 5280 non
872 5235 932 5281 ut
957 5228 1270 5297 imprudens
1287 5227 1477 5296 vulgus
1500 5229 1629 5283 dicit
1654 5248 1666 5284 :
1697 5230 1815 5285 sine

221 5317 429 5388 spatio,
472 5317 595 5370 dum
629 5316 824 5387 sagitta
860 5317 1093 5372 velocior
1123 5320 1211 5374 sit.
1252 5318 1417 5389 Pugio
1463 5334 1493 5373 a
1528 5322 1817 5390 pungendo

220 5419 288 5467 et
317 5409 688 5480 transﬁgendo
725 5417 947 5463 vocatus
977 5427 989 5461 :
1025 5418 1108 5464 est
1155 5411 1300 5464 enim
1349 5411 1560 5479 gladius
1617 5427 1816 5481 parvus

224 5508 290 5557 et
309 5501 398 5556 bis
423 5507 635 5564 acutus,
674 5499 828 5553 lateri
871 5500 1170 5554 adhmrens.
1222 5499 1352 5554 [tem
1390 5511 1445 5555 et
1469 5502 1814 5556 clunabulum

226 5592 463 5656 dictum,
498 5592 642 5660 quod
695 5591 950 5660 religetur
979 5593 1045 5644 ad
1100 5591 1308 5646 clunes.
1377 5593 1497 5647 Sica
1529 5611 1556 5646 a
1585 5596 1817 5648 secando

229 5685 380 5740 dicta
408 5702 420 5737 :
478 5692 562 5737 est
587 5682 732 5737 enim
785 5683 993 5753 gladius
1020 5684 1219 5745 brevis,
1262 5699 1370 5752 quo
1399 5687 1630 5738 maxime
1657 5693 1816 5740 utun-

229 5782 350 5844 tur,
380 5774 476 5846 qui
505 5775 645 5846 apud
673 5772 831 5830 Italos
859 5772 1138 5832 latrocinia
1163 5783 1438 5839 exercent,
1472 5790 1500 5830 a
1526 5789 1631 5844 quo
1653 5784 1706 5831 et
1737 5776 1811 5830 si-

1914 4694 2212 4756 exspcctat,
2243 4683 2456 4736 videtur
2496 4691 2624 4734 tunc
2680 4679 2821 4748 quod
2853 4677 3061 4731 factura
3104 4685 3204 4730 est.
3237 4675 3418 4732 Potest
3449 4684 3505 4731 et

1915 4778 2122 4834 securis
2170 4775 2390 4830 nomine
2440 4772 2760 4842 praedicatio
2801 4769 3069 4824 sermonis
3093 4768 3390 4839 evangelici
3419 4769 3502 4821 in-

1915 4869 2100 4940 telligi,
2129 4868 2281 4938 quia,
2311 4865 2609 4920 secundmn
2643 4861 2958 4930 Apostolum
2988 4877 3000 4912 :
3042 4858 3198 4913 Vivus
3227 4867 3302 4911 est
3331 4875 3502 4913 sermo

1922 4963 2040 5024 Dei,
2068 4970 2114 5014 et
2143 4960 2356 5027 efﬁcax,
2382 4965 2428 5009 et
2459 4952 2830 5024 penetrabilior
2869 4950 3010 5005 omni
3057 4949 3232 5020 gladio
3263 4949 3499 5016 ancipiti,

1922 5063 1967 5106 et
2000 5051 2292 5120 pertingens
2326 5033 2488 5115 usque
2521 5044 2588 5097 ad
2629 5043 2934 5096 divisionem
2974 5041 3165 5093 anima:
3191 5049 3236 5092 et
3265 5041 3502 5108 spiritus,

1922 5156 2228 5211 compagum
2280 5154 2480 5208 quoque
2525 5146 2570 5189 et
2603 5132 2975 5197 medullarum,
3007 5140 3053 5185 et
3083 5133 3338 5184 discretor
3363 5132 3505 5200 cogi-

1923 5237 2177 5290 tationum
2206 5232 2392 5304 (Hebr.
2419 5229 2514 5301 tv).
2543 5229 2609 5282 Et
2654 5227 2922 5282 Jercmias
2969 5225 3229 5294 prOpheta
3277 5225 3502 5279 verbum

1925 5329 2133 5384 Domini
2162 5325 2337 5380 securi
2365 5331 2644 5392 comparat
2666 5317 2890 5374 caadenti
2925 5325 3155 5386 petram.
3195 5314 3318 5369 Sive
3348 5330 3504 5369 secu-

1924 5420 1999 5473 ris
2059 5416 2384 5471 sententiain
2425 5412 2613 5479 judicii
2647 5410 2897 5464 altissimi
2958 5408 3246 5476 signiﬁcat,
3283 5422 3404 5476 quae
3435 5405 3502 5461 ad

1923 5489 2136 5565 radices
2166 5509 2439 5566 arborum,
2471 5504 2524 5556 id
2557 5511 2660 5564 est,
2690 5503 2754 5555 ad
2807 5501 2966 5553 ﬁnem
3017 5500 3166 5570 regni
3197 5499 3376 5569 pOpuli
3406 5497 3499 5553 Ju-

1923 5589 2058 5657 daici
2088 5601 2259 5671 posita
2287 5607 2368 5650 est
2396 5615 2406 5649 :
2437 5604 2494 5648 ut
2521 5611 2632 5660 eos,
2651 5595 2754 5662 qui
2807 5593 2858 5645 in
2891 5591 3106 5645 Christo
3150 5591 3371 5644 credere
3397 5603 3498 5643 n0-

1919 5694 2152 5756 luerunt,
2186 5691 2249 5746 de
2276 5698 2420 5742 terra
2455 5688 2745 5742 viventium
2777 5685 3041 5738 abscidat.
