3922 6348
1056 511 1283 570 CAPUT
1334 514 1441 570 VII.

1105 603 1181 660 De
1216 606 1400 660 hastis.

528 699 694 754 Hasta
723 706 809 754 est
860 706 1050 753 contus
1093 711 1216 752 cum
1269 696 1438 763 ferro,
1472 695 1626 765 cujus
1663 695 2042 752 diminutivum

457 792 585 848 facit
633 793 846 847 hastile.
900 791 1106 848 Nomen
1163 801 1344 847 autem
1401 793 1557 848 hasta
1609 793 1677 846 ab
1727 802 1846 846 astu
1896 806 2043 845 sum-

454 885 583 956 psit,
607 884 749 939 unde
771 892 826 940 et
855 884 1072 938 astutia.
1118 884 1324 939 Contus
1353 882 1558 938 ferrum
1594 901 1699 939 non
1729 884 1914 949 habet,
1947 883 2041 938 sed

454 984 665 1032 tantum
690 977 914 1048 cuspide
946 985 1103 1032 acuta
1135 984 1237 1031 est.
1287 975 1539 1045 Virgilius
1565 993 1578 1029 :

580 1077 909 1142 Fel-ratasque
932 1080 1124 1140 trudes,
1150 1084 1203 1127 et
1225 1085 1366 1126 acuta
1392 1075 1592 1138 cuspide
1618 1081 1806 1126 contos.

452 1161 661 1219 Contus
727 1171 908 1217 autem
971 1163 1124 1230 quasi
1186 1161 1401 1216 conitus
1449 1179 1462 1214 ε
1519 1168 1604 1216 est
1670 1161 1815 1215 enim
1870 1174 2038 1215 conus

451 1264 610 1309 acuta
642 1254 966 1308 rotunditas.
995 1253 1051 1308 In
1085 1253 1478 1325 signiﬁcatione
1509 1262 1689 1306 autem
1740 1253 1908 1308 hastae
1955 1251 2037 1306 vel

450 1347 728 1401 hastilium
793 1354 970 1415 potest
1031 1346 1253 1417 tentatio
1316 1344 1578 1399 diabolica
1636 1343 1884 1413 intelligi,
1941 1357 2038 1411 per

449 1451 612 1506 quam
636 1435 797 1490 saluti
828 1435 1042 1508 generis
1067 1424 1290 1489 humani
1319 1435 1432 1503 ipse
1471 1434 1733 1504 antiquus
1754 1433 1926 1488 hostis
1950 1433 2036 1487 in-

448 1528 614 1593 videt,
647 1538 701 1582 et
753 1527 1185 1583 interfectionem
1241 1537 1552 1597 prtcparat:
1584 1528 1725 1581 unde
1763 1535 1847 1580 est
1880 1524 2035 1588 illud,

447 1621 590 1689 quod
621 1621 688 1675 de
718 1619 936 1675 Goliath
985 1621 1203 1691 gigante
1254 1619 1539 1690 Scriptura
1576 1619 1764 1683 refert,
1804 1617 1989 1672 dicens
2020 1635 2032 1670 :

449 1711 855 1766 Hastile‘autem
880 1712 1045 1766 hastte
1088 1711 1202 1780 ejus
1251 1722 1361 1765 erat
1403 1711 1558 1781 quasi
1611 1709 1926 1762 liciatorium
1959 1717 2036 1761 te-

444 1791 704 1869 :rentium,
758 1810 863 1858 etc.
901 1801 953 1874 (Ι
989 1802 1116 1872 Reg.
1152 1802 1308 1875 xvn).
1341 1803 1526 1874 Pugna
1551 1817 1680 1856 vero
1723 1800 2037 1856 Philistino-

1111 402 1171 456 Β.
1212 400 1466 456 RABANl
1506 399 1726 458 MAURI
1763 401 2083 460 ARCHIEP.
2120 401 2429 462 MOGUNT.
2471 406 2755 466 OPERUM
2794 412 2972 470 PARS
3010 413 3072 471 ll.

3630 419 3733 474 5ἱῦ

2077 516 2131 577 A
2156 527 2382 588 cupatae.
2414 520 2640 592 Scorpio
2671 532 2756 579 est
2777 525 2974 597 sagitta
3009 535 3293 594 venenata,
3340 545 3470 585 arcu
3510 532 3594 586 vel
3618 541 3706 586 tor

2152 611 2353 666 mentis
2381 628 2630 679 excussa,
2658 631 2778 684 qua:
2812 616 2941 671 dum
2975 615 3041 671 ad
3088 617 3361 674 hominem
3385 622 3616 685 venerit,
3652 622 3732 674 vi-

2151 715 2265 765 rus,
2289 717 2396 771 quo
2423 702 2557 774 ﬁgit,
2586 704 2824 759 infundit
2855 723 2868 759 :
2898 706 3041 761 unde
3069 714 3124 763 et
3152 710 3370 779 scorpio
3417 725 3618 765 nomen
3645 727 3736 766 ac-

2149 794 2308 862 cepit.
2340 794 2416 850 De
2444 796 2812 869 sagittisergo
2845 798 2900 852 in
2930 797 3032 854 Job
3073 798 3149 852 ita
3178 801 3439 869 scriptum
3471 810 3557 857 est
3576 821 3598 855 -:
3634 801 3736 857 Sa—

2147 884 2290 954 gith
2348 884 2556 940 Domini
2595 888 2650 942 in
2698 906 2779 943 me
2838 899 3230 961 sunt,quarum
3261 892 3555 962 indignatio
3581 893 3735 947 ebibit

2145 975 2384 1046 spiritum
2407 995 2576 1032 meum
2601 978 2742 1052 (Job.
2771 981 2866 1054 v1).
2902 982 3000 1036 Hie
3025 983 3342 1054 sagittarum
3375 986 3596 1040 nomine
3622 987 3738 1040 ani-

2145 1067 2540 1124 madversionis
2569 1072 2841 1127 sententia
2896 1073 3225 1145 designatur.
3272 1074 3368 1129 Vir
3397 1076 3564 1148 igitur
3615 1093 3737 1132 san-

2144 1164 2263 1211 etus
2311 1159 2434 1228 quia
2482 1162 2933 1232 peregrinationis
2979 1180 3089 1220 sua:
3137 1182 3433 1220 aerumnam
3488 1168 3734 1237 respicit,

2144 1250 2287 1315 quod
2313 1251 2411 1304 sub
2441 1253 2911 1320 persecutionibus
2958 1249 3254 1310 Dominicm
3307 1258 3738 1314 animadversio-

2143 1341 2228 1395 nis
2255 1342 2596 1412 ingemiscat,
2621 1345 2753 1400 dicit
2786 1366 2798 1400 :
2834 1345 2988 1401 Unde
3017 1357 3064 1401 et
3095 1349 3246 1402 verba
3271 1365 3386 1402 mea
3409 1350 3592 1415 dolore
3612 1361 3736 1404 sunt

2140 1430 2336 1499 plena:
2375 1436 2498 1503 quia
2522 1437 2730 1505 sagith
2759 1437 2814 1491 in
2853 1455 2933 1492 me
2963 1450 3085 1492 sunt
3131 1438 3384 1493 Domini:
3415 1455 3479 1493 ac
3510 1442 3556 1494 si
3586 1442 3735 1495 dicc—

2141 1532 2262 1580 ret:
2297 1525 2409 1595 Ego
2457 1526 2511 1580 in
2543 1527 2735 1598 ‘exsilii
2791 1528 3141 1583 damnatione
3201 1545 3309 1584 non
3353 1530 3602 1599 gaudeo:
3639 1531 3737 1585 sed

2142 1618 2242 1671 sub
2285 1618 2491 1687 judicio
2545 1622 2752 1690 positus
2784 1607 2966 1687 doleo,’
3015 1623 3141 1691 quia
3194 1623 3302 1677 vim
3339 1624 3736 1693 persecutionis

2141 1723 2395 1776 agnosco.
2422 1710 2652 1781 Sagitta,
2679 1711 2940 1768 Dominus
2965 1711 3124 1769 Jesus
3138 1713 3407 1781 Christus,
3435 1717 3602 1771 corda
3623 1715 3740 1770 ele-

2145 1806 2357 1853 ctorum
2373 1816 2590 1855 suorum
2611 1803 2902 1859 salubriter
2915 1805 3228 1872 vulnerans,
3248 1808 3373 1861 utin
3391 1807 3531 1862 Isaia
3550 1827 3563 1861 :
3582 1807 3736 1875 Sicut

447 1908 566 1946 rum
599 1901 789 1947 contra
819 1891 984 1947 Israel
1032 1909 1137 1947 non
1179 1893 1620 1948 ineonvenienter
1670 1893 2033 1964 malignorum
2063 1881 2112 1941 B
2140 1892 2408 1961 sagittam,
2452 1893 2722 1948 abscondit
2774 1912 2856 1949 me
2885 1897 2938 1949 in
2965 1898 3213 1966 pharetra
3257 1916 3355 1952 sua
3383 1899 3523 1970 (Isa.
3559 1898 3732 1972 χιιι).

449 1983 736 2051 spirituum
790 1984 1037 2054 prtelium
1091 1985 1376 2039 adversum
1408 1985 1707 2041 Ecclesiam
1735 1985 1829 2045 Dei
1851 1977 2035 2055 accipi

443 2082 641 2143 potest.
673 2073 802 2129 Inde
830 2075 1108 2144 egreditur
1131 2077 1196 2131 de
1231 2077 1449 2141 castris,
1493 2077 1697 2131 scilicet
1723 2077 2035 2132 Philistino-

445 2181 588 2229 rum,
616 2166 703 2220 vir
740 2167 981 2236 spurius,
1024 2168 1240 2222 nomine
1271 2167 1505 2232 Goliath,
1542 2168 1720 2222 nimim
1771 2168 2040 2238 magnitu-

445 2256 588 2311 dinis
620 2275 632 2310 :
666 2259 758 2327 qui
815 2259 954 2314 bene
1004 2268 1183 2329 potest
1239 2259 1544 2328 signiﬁcare
1601 2260 1798 2315 diaboli
1844 2276 2034 2329 super-

442 2347 610 2415 biam,
641 2365 803 2420 quam
840 2351 1009 2406 David
1058 2361 1265 2418 noster,
1300 2353 1557 2423 singulari
1585 2353 1880 2407 certamine
1908 2368 2037 2408 con-

443 2455 690 2510 gressus,
715 2442 1033 2511 prostravit,
1093 2458 1157 2496 ac
1188 2442 1460 2512 ‘populum
1493 2438 1588 2506 Dei
1618 2459 1647 2496 a
1676 2443 1870 2498 timore
1917 2444 2036 2513 ejus

443 2532 645 2602 eripuit
671 2549 685 2597 ;
719 2533 810 2601 qui
837 2531 1050 2587 leonem
1079 2541 1132 2586 et
1160 2549 1346 2588 ursum
1376 2534 1611 2600 necavit,
1646 2549 1855 2599 ursum,
1884 2533 2036 2589 vide-

441 2625 571 2682 licet
592 2626 862 2681 diabolum
894 2645 906 2680 :
941 2627 1172 2692 leonem,
1197 2614 1610 2691 Antichristum,
1635 2628 1865 2682 alterum
1889 2642 2032 2682 nunc

441 2715 766 2772 hominibus
788 2708 1022 2771 lateriter
1081 2716 1426 2770 insidiantem
1453 2734 1466 2782 ;
1503 2717 1733 2771 alterum
1763 2717 1818 2771 in
1847 2725 2031 2788 poste-

441 2821 560 2861 rum
611 2805 1056 2879 manifestissime
1110 2804 1442 2861 saevientem.
1500 2806 1708 2861 Lancea
1743 2815 1825 2860 est
1872 2806 2029 2860 hasta

441 2906 718 2952 amentum
772 2898 978 2952 habens
1013 2898 1065 2952 in
1122 2897 1301 2952 medio
1348 2897 1535 2952 :dicta
1589 2906 1766 2952 autem
1819 2897 2027 2970 lancea,

440 2991 584 3060 quod
613 3005 767 3060 aequa
813 2989 987 3053 lance,
1017 2989 1070 3044 id
1095 2997 1199 3054 est,
1240 2990 1435 3060 aequali
1467 3000 1682 3044 amento
1730 2991 2025 3060 ponderata

443 3083 708 3138 vibratur.
767 3081 1057 3135 Amentum
1117 3081 1391 3135 vinculum
1459 3090 1541 3135 est
1579 3081 1882 3151 iaculorum
1933 3082 1999 3135 ha

442 3173 665 3234 stilium,
706 3171 848 3242 quod
904 3172 957 3225 in
1003 3171 1195 3226 mediis
1252 3172 1425 3227 hastis
1485 3179 1739 3240 aptatur;
1787 3181 1842 3226 et
1902 3172 2025 3227 inde

2142 1981 2352 2051 Sagitta
2387 1993 2719 2054 praeceptum
2769 1986 3030 2051 divinum,
3075 1996 3136 2042 ut
3183 1989 3236 2042 in
3274 1989 3542 2044 Psalterio
3574 1989 3730 2045 :Sa-

2139 2075 2284 2144 gittte
2330 2075 2668 2143 parvulorum
2724 2077 2878 2146 facta:
2933 2090 3055 2132 sunt
3104 2079 3273 2148 plaga:
3332 2097 3515 2134 eorum
3557 2079 3730 2152 (Psal.

2138 2165 2317 2236 Lxru),
2345 2167 2449 2230 hoc
2470 2177 2572 2231 est,
2603 2169 2988 2237 apostolorum.
3036 2171 3104 2228 Et
3129 2171 3254 2226 alibi
3282 2189 3295 2224 :
3329 2171 3476 2225 Misit
3504 2172 3728 2241 sagittas

2138 2272 2284 2320 suas,
2311 2256 2587 2326 dissipavit
2618 2273 2704 2310 eos
2733 2250 2904 2327 (Psal.
2946 2258 3100 2330 xvn).
3134 2257 3354 2328 Sagitta:
3384 2261 3601 2314 insidiae
3628 2261 3733 2314 ini-

2141 2349 2288 2414 mici,
2323 2349 2437 2402 sive
2467 2364 2645 2404 sermo
2674 2349 3073 2415 htereticorum,
3131 2352 3268 2406 utin
3311 2350 3546 2407 Jeremia
3577 2367 3591 2405 :
3624 2351 3730 2407 Sa-

2137 2441 2267 2509 gitta
2313 2438 2615 2505 vulnerans,
2655 2439 2836 2511 lingua
2883 2442 3083 2496 inimici
3107 2440 3239 2513 (Jer.
3264 2441 3365 2515 ιχ).
3419 2441 3728 2514 Aliquando

2136 2545 2268 2585 vero
2308 2532 2626 2602 sagittarum
2650 2532 2888 2597 nomine,
2922 2543 2982 2587 ut
3011 2534 3268 2596 diximus,
3325 2535 3612 2589 sententiae
3647 2534 3728 2589 di-

2136 2621 2276 2674 vina:
2299 2619 2431 2691 legis
2465 2621 2886 2692 exprimuntur;
2919 2621 3060 2678 unde
3091 2632 3174 2678 est
3221 2623 3350 2677 illud
3380 2624 3434 2678 in
3471 2624 3683 2695 psalmo
3711 2643 3724 2678 :

2138 2709 2358 2781 Sagitta:
2413 2723 2518 2766 tua:
2552 2722 2754 2781 acutae,
2795 2715 3149 2783 potentissime
3195 2713 3368 2786 (Psal.
3425 2716 3623 2787 xuv);
3671 2725 3727 2772 et

2135 2801 2261 2856 alibi
2307 2803 2516 2871 sagittae
2555 2811 2727 2858 acutae
2772 2811 2899 2858 sunt
2943 2805 3106 2859 verba
3158 2805 3370 2859 Domini
3422 2805 3724 2862 Salvatoris

2135 2894 2436 2960 hominum,
2469 2897 2674 2965 sagitta:
2699 2897 2924 2966 potentis
2953 2906 3122 2951 acutte
3153 2894 3325 2968 (Psal.
3357 2899 3532 2970 exn),
3558 2899 3725 2954 corda

2137 2983 2429 3039 salubriter
2456 2983 2756 3055 inﬁgentia,
2779 2999 2900 3055 quae
2927 2985 3050 3041 ideo
3069 2987 3378 3054 vulnerant,
3407 2998 3468 3042 ut
3499 2997 3722 3044 saltent:

2134 3073 2258 3128 ideo
2303 3066 2636 3143 percutiunt,
2673 3084 2731 3130 ut
2761 3075 2989 3130 liberent
3020 3095 3032 3130 :
3075 3077 3197 3132 ideo
3256 3087 3634 3147 prosternunt,
3661 3089 3726 3134 ut

2136 3166 2366 3235 erigant.
2410 3165 2543 3220 Nam
2583 3175 2638 3222 et
2686 3167 2846 3222 aliam
2885 3168 3339 3245 signiﬁcationem
3383 3171 3598 3242 sagittae
3623 3171 3717 3226 ha-

442 3231 740 3328 amentum;
768 3263 911 3333 quod
964 3263 1137 3318 media
1189 3262 1344 3317 hasta
1373 3261 1630 3332 religetur
1655 3270 1709 3317 et
1735 3262 2024 3333 jaculetur.
2059 3231 2102 3295 (ἶ
2135 3256 2266 3313 bent
2300 3261 2351 3314 in
2390 3259 2478 3314 illa
2510 3261 2706 3330 psalmi
2754 3263 3022 3317 sententia
3065 3281 3076 3315 :
3116 3242 3454 3317 Parauerunt
3504 3266 3724 3334 sagittas

438 3354 601 3411 Clava
618 3364 721 3419 est,
752 3343 925 3423 qualis
952 3353 1049 3408 ftiit
1073 3351 1322 3408 Herculis
1351 3368 1364 3406 :
1398 3354 1564 3420 dicta,
1588 3355 1732 3422 quod
1765 3354 1832 3408 sit
1859 3353 2028 3410 clavis

436 3443 634 3500 ferreis
661 3442 891 3500 invicem
917 3443 1164 3515 religata,
1207 3451 1261 3499 et
1288 3452 1372 3499 est
1397 3445 1581 3500 cubito
1609 3445 1772 3500 semis
1798 3444 1940 3500 facta
1971 3445 2027 3500 in

436 3535 810 3607 longitudine:
843 3536 959 3590 haec
1007 3543 1063 3590 et
1107 3535 1305 3605 cateja,
1341 3552 1504 3606 quam
1556 3537 1793 3593 Lucilius
1850 3539 2026 3593 caiam

436 3627 606 3682 dicit:
639 3635 724 3682 est
749 3627 894 3682 enim
942 3643 1110 3698 genus
1140 3627 1331 3683 Gallici
1365 3629 1452 3684 teli
1493 3646 1558 3686 ex
1588 3631 1813 3685 materia
1862 3646 2026 3700 quam

433 3720 673 3776 maxime
701 3719 866 3785 lenta,
899 3735 1018 3790 quae
1041 3719 1188 3789 jacta
1219 3737 1324 3775 non
1352 3722 1569 3790 quidem
1609 3722 1766 3793 longe
1804 3732 2027 3793 propter

432 3811 758 3882 gravitatem
787 3810 966 3865 evolat
991 3829 1002 3864 :
1032 3811 1128 3865 sed
1157 3826 1265 3880 quo
1313 3813 1578 3881 pervenit,
1613 3814 1664 3866 vi
1701 3814 1870 3868 nimia
1896 3829 2020 3883 per-

432 3901 620 3973 fringit
648 3921 660 3957 :
694 3902 839 3974 quod
887 3903 931 3958 si
962 3905 1029 3959 ab
1057 3905 1267 3958 artiﬁce
1315 3905 1585 3971 mittatur,
1617 3923 1831 3961 rursum
1886 3909 2024 3963 redit

431 3995 500 4050 ad
525 4011 668 4049 eum.
719 3995 933 4052 Lancea
985 3998 1129 4051 enim
1182 4006 1358 4068 potest
1392 3998 1704 4068 signiﬁcare
1753 4003 2023 4072 passionis

430 4084 694 4149 dolorem,
733 4085 819 4140 vel
865 4097 1338 4140 sacramentorum
1383 4089 1721 4157 aper-tionem
1753 4109 1764 4144 :
1796 4093 1937 4146 unde
1966 4092 2020 4146 in

425 4175 698 4246 Propheta
723 4177 983 4247 scriptum
1035 4187 1162 4234 est:
1201 4179 1420 4234 Lanccis
1466 4183 1574 4235 suis
1623 4183 2021 4238 vulneraverunt

426 4286 530 4323 me.
560 4269 628 4323 Et
661 4269 718 4323 in
746 4269 1001 4340 passione
1023 4271 1234 4326 Domini
1261 4290 1397 4326 unus
1425 4273 1650 4327 militum
1674 4275 1854 4332 lancea
1881 4276 2019 4331 latus

424 4360 542 4429 ejus
566 4359 789 4430 aperuit,
819 4370 867 4413 et
890 4363 1137 4414 continuo
1161 4363 1317 4415 exivit
1347 4365 1562 4434 sanguis
1593 4375 1639 4418 et
1666 4384 1803 4434 aqua
1833 4364 2014 4438 (Joan.

424 4453 586 4525 mi).
639 4453 883 4523 Eleganti
933 4469 1062 4523 ergo
1121 4451 1452 4525 evangelista
1504 4457 1667 4513 verbo
1724 4476 1852 4514 usus
1889 4469 2007 4527 est,

2132 3373 2256 3410 suas
2279 3357 2332 3409 in
2359 3357 2626 3427 pharetra,
2653 3366 2707 3410 ut
2741 3357 2986 3428 sagittent
3014 3358 3068 3411 in
3109 3356 3330 3411 obscuro
3362 3370 3530 3412 rectos
3568 3359 3727 3412 corde

2132 3441 2304 3516 (Psal.
2332 3444 2409 3518 ι).
2435 3445 2729 3501 Permanet
2757 3447 2809 3500 in
2839 3447 3247 3516 comparatione
3269 3447 3569 3518 sagittarii:
3596 3463 3724 3501 nam

2131 3537 2272 3591 sicut
2311 3537 2410 3591 iste
2441 3537 2607 3592 habet
2649 3538 2876 3609 sagittas
2916 3537 2970 3591 in
2998 3537 3276 3607 pharetra,
3324 3537 3399 3592 ita
3430 3537 3520 3593 ille
3545 3547 3724 3609 gestat

2128 3629 2184 3682 in
2213 3629 2373 3684 corde
2402 3631 2567 3684 verba
2597 3643 2866 3684 venenosa
2894 3647 2906 3682 ε
2942 3630 2995 3683 in
3018 3630 3252 3684 obscuro
3280 3644 3434 3695 vero,
3455 3629 3570 3685 sive
3593 3645 3720 3685 cum

2127 3703 2594 3789 persecutio-nibus
2650 3721 2998 3791 perturbatur
3049 3721 3313 3786 Ecclesia,
3375 3724 3594 3792 quando
3648 3723 3720 3778 ti-

2126 3824 2280 3865 more
2320 3811 2548 3880 periculi
2584 3810 2828 3866 carnales
2876 3811 3125 3881 homines
3159 3813 3457 3867 crednntur
3505 3813 3720 3869 facilius

2127 3899 2405 3954 immutari
2437 3920 2448 3954 :
2481 3902 2592 3956 sive
2633 3901 2686 3954 in
2737 3902 3054 3956 abscondito
3087 3903 3332 3966 consilio,
3365 3919 3491 3957 cum
3518 3918 3717 3973 oppor-

2129 3991 2308 4046 tunius
2341 3999 2532 4061 putant
2549 3990 2888 4046 Christianos
2916 3991 3189 4062 decipere,
3218 3993 3439 4063 quando
3466 3993 3718 4063 eosjudi-

2125 4090 2249 4138 cant
2279 4098 2374 4138 sua
2404 4082 2624 4138 consilia
2653 4098 2760 4136 non
2799 4083 2982 4151 videre
3011 4100 3023 4136 :
3057 4083 3151 4137 sed
3194 4097 3318 4137 cum
3362 4083 3512 4146 dicit,
3550 4093 3716 4139 rectos

2124 4171 2300 4238 corde,
2334 4173 2556 4228 insidias
2586 4185 2774 4227 eorum
2809 4172 3043 4226 ostendit
3071 4172 3259 4227 inanes
3297 4181 3353 4228 et
3378 4188 3597 4228 vacuas.

2411 4277 2415 4280 ’
2731 4280 2958 4336 CAPUT
2986 4281 3093 4335 IXs

2711 4353 2789 4406 De
2833 4353 3106 4421 pharetris.

2189 4446 2476 4510 Pharetra,
2507 4446 2829 4516 sagittarum
2883 4445 3058 4508 theca,
3091 4459 3121 4498 a
3165 4444 3393 4511 ferendo
3416 4443 3600 4512 jacula
3630 4445 3710 4500 di-

423 4554 486 4598 ut
516 4558 622 4597 non
653 4544 860 4597 diceret
889 4561 902 4596 :
937 4543 1078 4598 latus
1105 4543 1218 4612 ejus
1249 4547 1520 4614 percussit
1548 4557 1642 4600 aut
1672 4549 2011 4605 vulneravit:

2132 4548 2228 4603 :ta,
2255 4540 2465 4594 sicutet
2507 4537 2786 4602 feretrum,
2837 4537 2929 4590 ubi
2962 4536 3124 4591 funus
3152 4536 3397 4591 defertur
3427 4555 3439 4589 :
3475 4551 3598 4605 quae
3624 4538 3708 4592 id-

423 4644 518 4691 aut
541 4636 670 4705 quid
696 4636 840 4691 aliud
864 4655 875 4689 :
895 4637 988 4691 sed
1013 4639 1237 4707 aperuit,
1263 4648 1320 4692 ut
1349 4638 1456 4692 illic
1471 4641 1870 4708 quodammodo
1893 4645 2014 4699 vitce

422 4727 624 4782 ostium
669 4727 1021 4798 panderetur,
1056 4730 1198 4784 unde
1251 4740 1590 4784 sacramenta
1623 4732 1878 4788 Ecclesia:
1904 4751 2016 4790 ma-

422 4829 690 4875 navcrunt
735 4820 853 4875 sine
884 4821 1082 4890 quibus
1105 4822 1172 4875 ad
1224 4822 1412 4887 vitam,
1447 4838 1566 4891 qure
1597 4838 1724 4877 vera
1749 4833 1833 4879 est
1877 4827 2008 4894 vita,

420 4931 527 4969 non
557 4916 810 4968 intratur.
843 4909 936 4969 Ille
977 4915 1195 4984 sanguis
1221 4915 1276 4968 in
1323 4915 1704 4969 remissionem
1754 4915 1905 4972 fusus
1930 4921 2012 4974 est

419 5015 766 5078 peccatorum
796 5023 808 5060 :
841 5022 982 5076 aqua
1020 5005 1108 5060 illa
1139 5006 1376 5062 salutare
1414 5015 1680 5077 temperat
1708 5009 1959 5078 poculum
1991 5027 2005 5077 ;

421 5101 538 5157 hcce
563 5109 619 5156 et
648 5101 924 5155 lavacrum
953 5109 1176 5170 praestat
1198 5110 1251 5154 et
1284 5109 1489 5170 potum.

1009 5209 1235 5266 CAPUT
1262 5210 1394 5266 VIII.

1026 5280 1101 5334 De
1132 5283 1355 5361 sagittis.

494 5375 700 5445 Sagitta
727 5393 758 5432 a
787 5375 968 5447 sagaci
997 5373 1171 5442 jacta,
1202 5376 1255 5429 id
1307 5381 1412 5440 est,
1441 5375 1612 5429 veloci
1634 5365 1761 5432 'ictu
1789 5387 2000 5432 vocata.

418 5464 622 5521 Pennis
650 5466 793 5520 enim
849 5466 1042 5530 fertur,
1075 5467 1230 5535 quasi
1272 5467 1410 5531 avis,
1465 5475 1522 5519 ιιι
1557 5467 1810 5522 celeriter
1860 5484 2006 5524 mors

417 5566 704 5633 percurrat
734 5558 802 5612 ad
831 5559 1129 5613 hominem.
1164 5557 1259 5611 His
1306 5559 1540 5628 primum
1592 5559 1882 5614 Cretenses
1917 5563 1999 5616 usi

418 5659 567 5714 sunt,
592 5649 790 5718 quibus
818 5665 1008 5717 pennae
1033 5650 1114 5720 (ut
1137 5650 1392 5719 diximus)
1428 5650 1546 5703 ideo
1572 5651 2002 5720 agglutinantur,

419 5755 479 5798 ut
526 5744 670 5798 leves
711 5743 818 5797 sint
855 5751 911 5796 et
939 5744 1219 5812 pervolent
1259 5743 1579 5810 Scaptos....
1626 5742 1840 5812 Spicula
1881 5752 2006 5796 sunt

419 5835 629 5903 sagitt-.e
677 5833 760 5892 vel
809 5832 1011 5896 lanceae
1051 5834 1246 5894 breves
1273 5850 1304 5890 a
1337 5833 1612 5904 spicarum
1655 5833 1837 5902 specie
1867 5850 2004 5890 nun-

2121 4631 2268 4684 circo
2299 4628 2681 4699 etymologiam
2740 4642 3080 4682 communem
3119 4625 3321 4680 habent
3350 4643 3362 4678 :
3413 4626 3540 4695 quia
3569 4626 3707 4695 pha-

2120 4728 2265 4774 retra
2319 4728 2572 4782 mortem,
2632 4718 2892 4772 feretrum
2955 4724 3229 4770 mortuum
3283 4724 3484 4785 portat.
3537 4716 3706 4771 Coriti

2119 4816 2337 4885 proprie
2369 4821 2495 4868 sunt
2523 4828 2744 4867 arcuum
2775 4812 2966 4876 thecte,
2994 4811 3135 4865 sicut
3155 4811 3483 4880 sagittarum
3511 4810 3707 4880 phare-

2122 4917 2236 4962 tra}.
2273 4897 2532 4960 Pharetra
2584 4905 2728 4958 enim
2785 4913 2877 4957 aut
2908 4901 3189 4971 Scriptura
3223 4911 3309 4956 est
3349 4917 3527 4968 sacra,
3563 4905 3707 4957 unde

2117 5002 2328 5072 sagitt-.e
2354 4999 2746 5054 sententiarum
2773 4997 3076 5050 divinarum
3097 4993 3472 5064 proferuntur,
3500 5002 3555 5048 et
3582 5009 3707 5064 pro-

2115 5094 2294 5162 phetae
2324 5101 2486 5160 atque
2521 5087 2746 5159 apostoli
2783 5085 3186 5156 prmdiéationis
3223 5083 3404 5152 jacula
3433 5085 3657 5138 mittunt
3685 5101 3699 5137 :

2119 5195 2211 5242 aut
2261 5183 2570 5238 humanitas
2626 5178 2924 5235 Salvatoris
2963 5178 3154 5240 nostri,
3182 5178 3275 5247 qui
3330 5177 3384 5232 in
3433 5177 3571 5232 Isaia
3619 5177 3702 5231 lo-

2117 5277 2323 5348 quitur,
2352 5275 2536 5329 dicens
2568 5291 2580 5324 :
2614 5269 2798 5324 Posuit
2824 5286 2905 5322 me
2940 5271 3071 5323 sicut
3096 5270 3343 5339 sagittam
3369 5269 3608 5334 electam,
3652 5279 3704 5322 et

2116 5371 2172 5425 in
2192 5371 2434 5441 pharetra
2456 5382 2553 5420 sua
2568 5364 2834 5417 abscondit
2850 5379 2928 5416 me
2947 5361 3080 5434 (Isa.
3108 5360 3275 5432 ηις).
3297 5361 3523 5428 Quando
3544 5361 3700 5425 dicit,

2118 5465 2363 5534 sagittam
2404 5461 2618 5515 electam
2664 5470 2680 5508 :
2729 5457 2967 5511 ostendit
3019 5457 3220 5510 habere
3268 5455 3441 5508 Deum
3472 5455 3702 5524 sagittas

2115 5557 2398 5626 plurimas.
2433 5551 2526 5606 sed
2558 5563 2661 5603 non
2709 5548 2911 5603 electas
2945 5561 2958 5600 :
2995 5562 3113 5615 quae
3160 5546 3372 5615 sagittae
3421 5546 3704 5615 propheta:

2114 5654 2315 5702 suntet
2361 5640 2609 5711 apostoli,
2663 5639 2752 5708 qui
2807 5638 2860 5690 in
2909 5646 3019 5690 toto
3067 5637 3200 5689 orbe
3247 5635 3600 5690 discurrunt:
3632 5637 3704 5690 de

2112 5739 2306 5807 quibus
2330 5743 2383 5788 et
2420 5735 2472 5786 in
2529 5730 2636 5784 alio
2667 5730 2785 5784 loco
2815 5727 3029 5781 canitur
3059 5746 3071 5779 ε
3104 5724 3325 5795 Sagitta:
3367 5735 3474 5780 tua:
3504 5736 3697 5788 acum,

2077 5819 2080 5821 ’
2111 5826 2486 5901 potentissime,
2544 5820 2722 5891 populi
2772 5820 2866 5874 sub
2898 5827 2947 5872 te
2988 5816 3174 5872 cadent
3224 5814 3402 5890 (Psal.
3429 5815 3597 5889 xuv).
3629 5815 3704 5872 Et
