3922 6318
151 413 246 471 541
1116 419 1202 472 DE
1241 416 1588 472 UNIVERSO
1629 415 1810 471 LIBRI
1849 416 2010 472 XXII.
2053 449 2121 458 η-
2160 419 2284 474 LIB.
2329 419 2445 475 XX.
3320 419 3428 475 54⁸3

149 533 344 587 iterum
376 546 392 586 :
422 532 646 602 Sagitta:
688 534 910 603 potentis
942 542 1111 585 acuta:
1157 548 1274 585 cum
1305 531 1614 586 carbonibus
1639 530 1734 583 dc-
1766 533 1816 592 Α
1843 540 1947 585 tur.
1987 532 2291 602 Torquetur
2339 535 2480 588 enim
2521 533 2748 588 verbere
2793 548 3107 605 nervorum,
3141 541 3198 587 et
3231 548 3426 604 magna

147 623 412 679 solatoriis
444 623 619 694 (Psal.
651 626 820 698 crux).
853 624 1102 680 Christus
1130 632 1312 679 autem
1337 625 1403 678 de
1433 624 1618 678 multis
1643 639 1733 677 sa-

147 717 300 788 gittis
327 726 383 772 et
426 718 552 773 liliis
599 718 866 789 plurimis,
922 734 1026 770 una
1066 719 1262 787 sagitta
1292 717 1482 781 electa,
1511 723 1564 770 et
1590 715 1731 769 ﬁlius

146 809 455 880 unigenitus
499 818 601 875 est,
629 825 790 880 quam
817 810 869 863 in
910 809 1167 879 pharetra
1224 826 1319 864 sua
1351 808 1650 872 abscondit,
1678 806 1730 861 id

145 911 253 966 est,
280 903 335 956 iu
380 903 616 957 humano
645 915 892 970 corpore,
947 910 1004 955 ut
1054 901 1325 954 habitaret
1354 899 1408 952 in
1438 914 1502 954 eo
1560 897 1732 967 pleni-

145 994 276 1048 tudo
301 995 606 1050 divinitatis
662 992 1016 1062 c0rporaliter
1047 989 1272 1062 (Coloss.
1313 990 1401 1058 ιι),
1441 1005 1733 1059 rerumque

142 1095 289 1140 esset
313 1086 701 1157 speraudarum
729 1083 890 1149 ﬁdes;
921 1085 1006 1139 cui
1034 1094 1088 1138 et
1114 1099 1273 1155 supra
1303 1083 1501 1137 dicitur
1531 1095 1546 1136 :
1577 1080 1654 1136 Tu
1679 1099 1730 1136 es

139 1176 285 1232 Deus
315 1177 646 1232 absconditus
699 1175 835 1248 (Isa.
896 1174 1060 1244 x1.v),|
1088 1183 1143 1228 et
1186 1173 1584 1228 nesciebamus.
1616 1172 1730 1238 Qua

138 1270 339 1340 sagitta
364 1277 418 1322 et
443 1283 641 1338 sponsa
692 1268 886 1321 vulnus
917 1266 1192 1336 accipiens
1245 1265 1486 1333 loquitur
1508 1264 1561 1318 in
1591 1264 1731 1317 Can-

138 1361 248 1416 tico
269 1360 614 1416 canticorum
647 1377 659 1412 :
702 1357 988 1411 Vulnerata
1015 1356 1273 1409 cltaritate
1293 1371 1387 1425 ego
1413 1371 1529 1408 sum
1549 1352 1725 1425 (C‘ant.

134 1457 223 1528 ιι).
263 1458 471 1528 Vagina
498 1455 765 1526 appellata
792 1471 879 1515 eo,
913 1451 1058 1531 quod
1102 1452 1155 1506 in
1193 1467 1254 1506 ea
1291 1465 1478 1504 mucro
1505 1449 1588 1503 vel
1616 1449 1732 1520 gla-

133 1549 262 1602 dius
291 1547 579 1616 bajuletur.
619 1547 800 1600 Theca
835 1545 902 1598 ab
940 1559 1005 1598 eo
1034 1543 1176 1613 quod
1209 1541 1412 1610 aliquid
1451 1548 1728 1608 receptum

134 1646 305 1709 tegat,
355 1655 381 1691 c
426 1637 604 1691 littera
662 1651 763 1705 pro
811 1653 841 1706 g
887 1634 1082 1705 posita.
1142 1632 1246 1687 Alii
1291 1631 1481 1686 Graeco
1511 1631 1730 1684 nomine

131 1729 352 1783 thecam
375 1728 558 1782 vocari
588 1736 856 1789 asserunt,
887 1725 1031 1798 quod
1068 1724 1139 1779 ibi
1164 1731 1457 1792 reponatur
1475 1721 1679 1791 aliquid
1712 1737 1724 1773 :

130 1818 259 1874 inde
301 1826 357 1872 et
382 1816 728 1880 bibliotheca,
761 1816 1025 1871 librorum
1074 1813 1335 1888 repositio
1366 1811 1583 1866 dicitur.
1621 1811 1726 1864 Va-

1838 624 1888 676 vi
1928 623 2063 692 jacit
2107 633 2199 677 aut
2236 624 2421 679 hastas
2475 633 2568 679 aut
2615 631 2744 680 Saxa
2781 644 2791 678 :
2831 625 2956 680 imle
3009 633 3063 679 et
3095 623 3426 691 fundibalus,

1840 717 1993 785 quasi
2032 716 2261 772 fundens
2288 726 2341 772 et
2365 719 2636 782 cmittens,
2669 718 2886 772 dicitur.
2926 717 3126 772 Contra
3155 715 3427 772 ballistam

1840 809 2053 864 testudo
2081 809 2224 863 valet
2255 829 2266 862 :
2298 810 2466 864 series
2495 811 2638 864 enim
2673 811 2730 863 ﬁt
2765 805 3042 864 armorum
3100 807 3427 863 umbonibus

1839 897 1982 952 inter
2019 915 2078 952 se
2099 899 2386 970 colligatis.
2425 898 2611 952 Funda
2642 910 2724 954 est
2751 901 2990 956 Ecclesia
3020 919 3032 954 :
3066 900 3207 954 sicut
3247 899 3300 952 in
3325 896 3426 952 Job

1837 1005 1934 1058 pro
1987 990 2323 1045 Anticliristo
2371 990 2613 1044 dicitur:
2655 991 2720 1043 In
2777 990 3026 1061 stipulam
3059 992 3190 1044 versi
3236 1000 3356 1044 sunt
3380 989 3426 1042 ei

1837 1096 2015 1132 omnes
2064 1079 2264 1148 lapides
2316 1081 2497 1150 fundar
2551 1081 2692 1152 (Job.
2734 1082 2866 1151 xu).
2912 1081 2978 1136 Et
3007 1084 3059 1135 in
3116 1081 3427 1135 Zacharia:

1843 1167 2132 1238 Subjtcicnt
2180 1172 2233 1224 in
2269 1171 2529 1239 lapidibus
2567 1172 2745 1240 fitnda'
2778 1171 2962 1243 (Zaclt.
3011 1174 3104 1244 Ix).
3143 1175 3216 1227 Dc
3264 1174 3428 1227 funda

1840 1271 2017 1314 autem
2052 1261 2102 1314 in
2127 1261 2264 1316 libro
2287 1263 2495 1333 Regum
2535 1266 2605 1318 ita
2647 1265 2907 1334 scriptum
2953 1265 3220 1334 legimus:
3261 1265 3431 1335 Elegit

1835 1350 2007 1405 David
2029 1353 2127 1405 sibi
2149 1356 2376 1426 quinque
2409 1355 2804 1426 limpidissimos
2855 1356 3055 1422 lapides
3086 1358 3150 1410 de
3182 1367 3429 1422 torrente,

1834 1451 1882 1495 et
1909 1444 2046 1496 misit
2071 1461 2156 1498 eos
2189 1447 2241 1498 in
2282 1463 2460 1514 peram
2519 1447 2856 1516 pastoralem,
2901 1465 3057 1514 quam
3104 1449 3323 1500 habebat
3350 1465 3431 1501 :e-

1831 1551 1974 1598 cum,
2007 1545 2052 1587 et
2085 1536 2305 1603 fundam
2335 1555 2490 1590 mrum
2523 1537 2663 1602 tulit,
2688 1549 2733 1591 et
2757 1529 3002 1607 processu
3027 1538 3274 1591 adversus
3305 1537 3434 1590 ΡΙιὶ-

1833 1624 2097 1679 listlucum
2120 1627 2173 1695 (1
2211 1625 2334 1696 Reg.
2364 1631 2498 1699 xvu)
2525 1646 2538 1692 ;
2568 1631 2709 1698 quod
2738 1631 3007 1701 signiﬁcat
3028 1631 3306 1684 Christum
3337 1644 3434 1699 per

1833 1717 2072 1784 quinque
2104 1716 2274 1772 libros
2306 1717 2439 1788 legis
2493 1719 2546 1772 in
2579 1728 2787 1773 unitate
2821 1721 3105 1774 cliaritatis
3156 1719 3432 1773 dialmlum

1833 1809 1997 1864 funda
2019 1811 2419 1879 prmdieationis
2447 1827 2755 1883 superasse,
2789 1820 2952 1880 atque
2979 1813 3199 1883 proprio
3227 1811 3432 1881 gladio,

129 1912 261 1981 gina
307 1917 489 1964 autem
518 1909 936 1963 occultationem
977 1907 1209 1970 consilii,
1265 1904 1349 1958 vel
1403 1903 1723 1974 protelatio-
1755 1898 1803 1958 B
1831 1903 1936 1957 hoc
1983 1909 2092 1966 est,
2145 1902 2385 1972 nequitia
2435 1903 2642 1974 ipsius,
2707 1903 2996 1959 damnasse
3048 1911 3212 1974 atque
3260 1902 3434 1955 inter-

128 2016 259 2056 nem
310 1999 499 2069 judicii
552 1999 823 2069 signiﬁcat
859 2017 872 2052 :
907 2000 1050 2052 unde
1083 1998 1135 2050 in
1183 1994 1424 2073 Psalmo.
1460 1993 1726 2062 scriptum

127 2101 220 2148 est
251 2111 263 2144 :
309 2090 432 2146 Nisi
452 2091 826 2153 convertimini,
865 2088 1102 2160 gladium
1125 2103 1281 2142 suum
1311 2084 1530 2138 vibrabit
1551 2081 1726 2156 (Psal.

126 2184 254 2256 vn).
288 2183 656 2240 Contumaces
706 2190 874 2238 terret
925 2181 1162 2245 Iudaeos,
1217 2179 1307 2249 qui
1364 2178 1577 2232 Domini
1612 2177 1731 2248 lege

130 2285 454 2346 contempta
475 2275 743 2330 idolorum
793 2273 1020 2328 culturis
1074 2270 1481 2326 nefandissimis
1525 2269 1728 2337 servie-

129 2366 270 2423 bant
302 2384 316 2420 :
351 2366 504 2437 ipsis,
535 2366 638 2420 nisi
665 2372 1073 2429 convertantur,
1101 2363 1342 2433 gladium
1370 2377 1524 2416 suum
1553 2361 1730 2414 vibra-

126 2459 232 2525 bit,
261 2459 318 2514 id
347 2467 450 2524 est,
481 2459 702 2514 unicum
758 2457 956 2512 Filium
987 2471 1143 2512 suum
1172 2457 1293 2510 sub.
1321 2453 1540 2509 lucente
1569 2453 1730 2508 clari-

128 2551 298 2606 ritate
349 2550 616 2605 missurus
671 2558 773 2605 est.
825 2549 1053 2603 Vibrare
1108 2548 1252 2626 enim
1291 2546 1422 2600 illud
1477 2546 1727 2612 dicimus,

127 2641 278 2710 quod
309 2640 470 2696 modo
511 2640 714 2706 lumen,
752 2640 913 2693 modo
941 2640 1160 2694 umbras
1184 2637 1446 2693 tremulas
1472 2637 1730 2707 probatur

127 2733 466 2790 ostendere:
510 2733 613 2787 hoc
650 2739 865 2786 constat
900 2732 952 2784 in
986 2731 1362 2786 incarnatione
1391 2729 1596 2785 Christi
1626 2728 1730 2784 Do-

128 2824 269 2878 mini
303 2823 646 2894 provenisse,
682 2823 900 2892 quando
924 2822 1145 2892 perﬁdis
1175 2813 1450 2886 tenebras,
1480 2820 1730 2876 ﬁdelibus

130 2922 323 2970 autem
355 2913 536 2968 lumen
577 2929 687 2968 suae
718 2913 932 2968 deitatis
983 2913 1242 2967 ostendit.
1298 2913 1474 2968 Arcus
1504 2922 1730 2967 vocatus

127 3023 224 3072 eo,
253 3008 401 3077 quod
455 3014 644 3062 arceat
691 3005 1060 3062 adversarium
1096 3025 1109 3060 :
1145 3007 1290 3061 unde
1343 3007 1400 3061 et
1456 3019 1612 3061 arces
1643 3005 1727 3062 di-

127 3108 354 3164 cuntur,
391 3114 423 3153 a
451 3098 648 3169 quibus
705 3106 958 3153 arcentur
1010 3098 1212 3152 hostes.
1247 3097 1382 3152 item
1405 3113 1569 3152 arcus
1595 3097 1729 3152 dici-

128 3201 221 3245 tur
239 3193 313 3245 ob
342 3189 600 3261 speciem,
624 3190 768 3260 quod
787 3190 963 3259 capita
985 3191 1101 3260 ejus
1125 3190 1233 3244 sint
1262 3200 1486 3244 curvata
1509 3191 1726 3246 arcibus

129 3282 270 3356 [Αι.,
291 3282 544 3356 arctius].
564 3284 738 3339 Arcus
752 3293 834 3338 est
846 3283 999 3352 juxta
1023 3285 1311 3354 mysticum
1331 3300 1549 3340 sensum
1568 3300 1727 3341 evan-
1752 3265 1800 3331 (ἶ

125 3377 341 3450 gelicus
361 3392 562 3444 sermo,
589 3388 650 3432 ut
670 3378 723 3432 in
748 3378 943 3434 Genesi
970 3397 981 3431 :
1013 3376 1170 3432 Sedet
1199 3378 1253 3431 in
1281 3378 1408 3447 forti
1434 3395 1589 3434 arcus
1612 3379 1728 3450 ejus

123 3467 287 3544 (Gen.
319 3471 492 3542 χιιι),
524 3471 576 3528 id
601 3480 706 3536 est,
731 3469 976 3534 Domini;
1001 3479 1055 3524 et
1081 3471 1133 3524 in
1161 3470 1483 3541 Apocalypsi
1515 3487 1529 3524 :
1558 3459 1730 3525 Datus

124 3570 206 3616 est
235 3563 471 3619 εἰμι-σω
504 3561 688 3631 (Apoc.
730 3561 826 3626 vn).
856 3561 1050 3626 Arcus,
1084 3562 1466 3616 lueretieorum
1503 3561 1728 3632 dogma,

127 3660 191 3706 ut
215 3649 568 3706 in'Psalterio
598 3669 611 3704 :
647 3649 909 3716 Quoniam
936 3667 1051 3704 ecce
1075 3662 1372 3721 peccatores
1401 3652 1732 3706 tetenderunt

126 3757 318 3796 arcum
363 3757 518 3795 suum
552 3737 724 3811 (Psal.
772 3741 850 3813 ι).
883 3740 1020 3794 Item
1071 3742 1137 3796 de
1167 3757 1298 3796 arcu
1332 3742 1383 3796 in
1419 3741 1628 3811 psalmo
1658 3742 1732 3796 ita

124 3835 397 3904 scriptum
423 3841 508 3888 est
537 3850 549 3885 :
584 3833 780 3886 Arcum
805 3849 959 3886 suum
985 3833 1223 3898 tetendit,
1267 3843 1315 3889 et
1349 3836 1553 3904 paravit
1580 3834 1733 3888 illum

125 3924 310 3995 (Psal.
343 3924 464 3996 vn).
493 3924 694 3979 Areum
722 3925 904 3994 itaque
935 3925 1276 3994 Scripturam
1308 3924 1443 3980 Novi
1473 3935 1528 3979 et
1562 3926 1725 3980 Vete-

126 4019 213 4070 ris
244 4015 576 4072 Testamenti
602 4024 965 4087 congruenter
988 4018 1287 4087 accipimus
1318 4037 1330 4071 :
1363 4020 1490 4089 quia
1517 4020 1728 4074 duobus

123 4109 533 4182 quodammodo
585 4110 846 4165 curvatis
904 4109 1134 4166 ﬂexibus
1205 4112 1526 4166 devotorum
1591 4111 1729 4166 colla

122 4202 512 4272 complectitur
539 4220 550 4254 :
584 4201 672 4256 hic
702 4193 950 4256 ﬁdelibus
981 4216 1145 4256 suave
1162 4200 1352 4272 jugum
1381 4203 1723 4268 ostenditur;

122 4295 543 4351 contumacibus
590 4303 774 4348 autem
808 4309 960 4348 arma
1010 4293 1276 4347 terribilia
1337 4293 1727 4352 declarantur:

121 4385 371 4452 tetendit,
399 4383 670 4454 adjectum
698 4391 800 4449 est,
831 4399 897 4438 ne
933 4381 1050 4452 ejus
1079 4384 1341 4454 patientia
1365 4385 1597 4448 remissa
1624 4399 1729 4453 pu-

121 4487 361 4534 taretur.
414 4477 569 4545 Quod
623 4486 806 4532 autem
854 4477 1100 4554 sequitur
1127 4495 1140 4530 :
1172 4476 1238 4529 Et
1284 4477 1338 4530 in
1367 4478 1479 4545 ipso
1523 4477 1729 4547 paravit

118 4586 266 4624 casa
309 4569 514 4635 mortis,
568 4569 786 4637 sagittas
817 4584 942 4621 suas
972 4565 1280 4620 ardentibus
1313 4567 1482 4635 olfecit
1511 4567 1725 4639 (lbid.),

118 4653 226 4719 hic
267 4660 575 4716 distributio
639 4659 835 4714 divinae
876 4658 1179 4727 majestatis
1228 4661 1568 4714 ostenditur:
1599 4663 1727 4730 quia

116 4773 234 4828 per
257 4770 458 4819 arcum,
515 4754 570 4808 id
600 4762 706 4819 est,
736 4767 833 4822 per
878 4753 1046 4809 Vetus
1083 4763 1138 4808 et
1167 4753 1374 4808 Novum
1406 4754 1728 4810 Testamen-

115 4858 274 4911 tum,
306 4845 445 4901 sicut
463 4843 579 4913 jam
605 4845 811 4899 dictum
841 4853 947 4909 est,
974 4853 1029 4898 et
1057 4843 1282 4899 effectus
1339 4847 1532 4900 mortis
1561 4847 1726 4912 venit,

114 4948 180 4993 et
210 4937 425 5007 sagittis
444 4937 613 5008 ipsius
636 4935 748 4990 vita
767 4944 1076 5006 praestatur.
1109 4928 1355 5005 Egressus
1379 4945 1509 4990 sunt
1537 4945 1725 4992 autem

116 5036 194 5090 de
243 5029 346 5087 isto
379 5045 511 5086 arcu
544 5037 805 5099 tanquam
858 5028 1089 5100 sagittae,
1124 5027 1175 5080 id
1223 5035 1305 5082 est
1361 5028 1610 5096 apostoli,
1635 5028 1726 5097 qui

114 5125 474 5189 ardentibus,
500 5122 605 5176 hoc
645 5129 750 5186 est,
791 5119 1228 5204 desiderantibus
1280 5120 1479 5175 animis
1522 5121 1576 5174 in
1610 5135 1726 5174 mo-

116 5220 271 5277 dum
294 5217 610 5289 sagittarum
648 5222 918 5285 prteeepta
947 5212 1206 5269 salutaria
1263 5215 1684 5270 transmiserunt
1712 5232 1722 5267 :

113 5310 287 5368 unde
319 5318 374 5366 et
401 5308 552 5380 impii
573 5307 971 5372 sauciarentur,
1004 5313 1059 5362 et
1099 5304 1350 5363 ﬁdelibus
1371 5306 1568 5364 efﬁcax
1597 5323 1726 5364 cura

114 5399 469 5478 proveniret.

757 5486 986 5545 CAPUT
1021 5490 1092 5545 Χ.

783 5579 863 5635 De
895 5579 1096 5650 fundis.

207 5672 400 5728 Funda
451 5671 595 5727 dicta
627 5685 712 5737 eo,
743 5671 886 5742 quod
924 5687 993 5726 ex
1032 5688 1095 5727 ea
1153 5671 1450 5728 fundantur
1497 5673 1724 5744 lapides,

123 5771 186 5826 id
213 5775 328 5830 est,
342 5766 677 5822 emittantur.
708 5766 948 5830 Ballista,
972 5781 1141 5838 genus
1167 5770 1444 5832 tormenti,
1477 5771 1545 5824 ab
1573 5771 1730 5825 emit-

126 5859 316 5919 teudo
336 5858 504 5916 iacula
527 5858 670 5914 dicta
698 5877 710 5914 :
741 5859 939 5916 ballein
969 5860 1114 5915 enim
1140 5859 1326 5929 Graece
1357 5864 1570 5920 llllllt‘l'c
1598 5868 1728 5920 «ἰξυῖ-

1835 1991 2052 2045 emisse.

2441 2085 2669 2142 CAPUT
2699 2086 2789 2141 XI.

2492 2178 2569 2233 De
2595 2181 2778 2233 ariete.

1905 2291 2076 2345 Arieti
2102 2306 2296 2346 nomen
2334 2291 2544 2361 species
2585 2292 2731 2346 dedit
2757 2307 2843 2358 eo,
2900 2293 3042 2362 quod
3075 2308 3198 2348 cum
3227 2294 3434 2363 impetu

1835 2385 2085 2456 impingit
2144 2401 2359 2440 murum
2413 2385 2468 2439 in
2524 2387 2740 2440 modum
2775 2387 3004 2440 arietum
3050 2388 3430 2458 pugnantium.

1835 2477 2038 2532 Valida:
2059 2478 2202 2532 enim
2232 2493 2295 2531 ac
2324 2478 2542 2531 nodosa:
2568 2478 2780 2531 arboris
2809 2486 2970 2548 caput
2999 2477 3146 2533 ferro
3175 2479 3432 2544 vcstitur,

1834 2581 2007 2636 eaque
2034 2582 2298 2635 suspensa
2329 2565 2550 2621 funibus
2575 2567 2868 2623 multorum
2901 2583 3064 2622 manu
3100 2569 3167 2622 ad
3217 2584 3432 2624 murum

1834 2658 2133 2728 impellitur
2163 2676 2176 2712 :
2213 2657 2405 2714 deinde
2455 2667 2755 2713 retrorsum
2802 2658 2962 2713 ducta
3000 2659 3192 2728 majori
3225 2661 3428 2730 impetu

1834 2748 2174 2803 destinatur:
2207 2749 2393 2817 sicque
2429 2749 2640 2803 crebris
2669 2748 2866 2802 ictibus
2916 2764 3241 2804 concussum
3285 2749 3428 2804 muri

1834 2843 1975 2898 latus
2003 2844 2168 2908 cedit,
2213 2852 2574 2913 cavatumque
2603 2843 2895 2912 irrupturis
2930 2858 2993 2896 ac
3023 2841 3322 2899 fenestram
3351 2842 3433 2896 fa-

1833 2935 1927 2990 cit.
1962 2933 2163 2988 Contra
2199 2933 2486 3003 impulsum
2534 2935 2720 2990 arietis
2783 2934 3081 2988 remedium
3109 2943 3189 2989 est
3236 2949 3432 2990 saccus

1832 3025 2004 3096 paleis
2034 3025 2246 3094 plenus,
2270 3034 2324 3080 et
2355 3026 2407 3079 in
2430 3041 2555 3080 eum
2583 3026 2761 3080 locum
2785 3027 3073 3092 demissus,
3099 3042 3259 3096 quem
3284 3028 3428 3083 aries
3521 3009 3525 3012 ﬁ

1833 3118 2087 3188 percutit.
2164 3115 2311 3171 Laxo
2367 3116 2511 3171 enim
2563 3131 2846 3171 saccorum
2884 3118 3004 3170 sinu
3056 3117 3195 3170 ictus
3245 3115 3434 3172 arietis

1831 3209 2006 3264 illisus
2032 3209 2304 3264 mollitur:
2330 3209 2547 3262 duriora
2570 3208 2716 3261 enim
2739 3207 3076 3263 mollioribus
3099 3207 3312 3262 facilius
3339 3222 3432 3262 ce-

1833 3300 1985 3356 dunt.
2024 3299 2200 3353 Plutei
2226 3308 2350 3352 sunt
2402 3308 2581 3353 crates
2617 3298 2768 3353 corio
2816 3300 2986 3352 crudo
3031 3299 3269 3365 intectze,
3311 3314 3432 3368 qua:

1835 3391 1889 3445 in
1924 3405 2090 3460 opere
2152 3390 2398 3445 faciendo
2452 3391 2595 3444 hosti
2651 3389 3003 3459 objiciuntur.
3055 3389 3265 3443 Arietes
3306 3399 3435 3444 sunt

1837 3483 2198 3538 tentationum
2263 3481 2488 3547 stimuli,
2522 3481 2605 3535 vel
2638 3481 2873 3551 impetus
2924 3480 3338 3551 persecutiOnis,
3375 3488 3436 3535 ut

1835 3579 2087 3649 estillud
2118 3596 2130 3632 :
2165 3577 2234 3632 Et
2279 3595 2436 3648 pones
2475 3578 2666 3630 arietes
2699 3577 2751 3630 in
2802 3593 2929 3647 gyro
2964 3574 3182 3647 (Ezeclt.
3224 3575 3322 3646 ιν).

2442 3691 2671 3749 CAPUT
2718 3691 2830 3745 ΧΠ.

2474 3802 2551 3855 De
2577 3801 2790 3872 clypcis.

1905 3913 2135 3984 Clypeus
2163 3921 2247 3968 est
2277 3920 2487 3968 scutum
2517 3911 2714 3980 majus,
2743 3913 2916 3968 dictus
2942 3914 3010 3968 ab
3051 3929 3116 3969 eo
3146 3916 3290 3984 quod
3323 3915 3436 3971 cle-

1833 4013 1946 4077 pet,
1978 4007 2154 4068 idest,
2199 4006 2337 4060 celet
2362 4020 2578 4074 corpus,
2610 4005 2975 4075 periculisque
3005 4006 3288 4071 subducat,
3334 4023 3438 4078 apo

1834 4105 1925 4150 tou
1947 4096 2198 4165 cleptein.
2227 4095 2516 4165 Oppositus
2539 4096 2684 4150 enim
2712 4112 2809 4150 sua
2832 4095 3148 4152 defensione
3177 4098 3244 4153 ab
3267 4099 3439 4154 hastis

1833 4197 1889 4244 et
1911 4188 2109 4258 jaeulis
2151 4204 2348 4258 corpus
2379 4189 2572 4242 munit.
2601 4188 2834 4259 Clypeus
2859 4198 3038 4245 autem
3069 4192 3309 4261 peditum
3333 4201 3437 4258 est,

1834 4289 2046 4336 scutum
2077 4281 2340 4349 equitum.
2385 4278 2610 4336 Scutum
2655 4282 2980 4351 appellatum
3018 4299 3083 4337 eo
3122 4285 3264 4353 quod
3310 4301 3339 4338 a
3381 4300 3440 4340 se

1833 4371 2072 4426 excutiat
2103 4371 2329 4425 telorum
2356 4371 2520 4425 ictum
2548 4389 2560 4424 :
2586 4381 2646 4424 ut
2673 4371 2817 4424 enim
2845 4371 2965 4426 telis
2987 4373 3296 4438 resistatur,
3329 4373 3440 4446 ely-

1832 4478 1966 4534 peus
2009 4462 2328 4516 antefertur.
2363 4463 2438 4516 De
2487 4463 2676 4532 clypeo
2721 4463 2772 4516 in
2823 4461 3132 4519 Proverbiis
3176 4465 3440 4535 scriptum

1834 4564 1913 4610 est
1946 4573 1958 4608 ε
1992 4554 2174 4609 Omnis
2206 4570 2376 4608 sermo
2401 4553 2498 4606 Dei
2528 4557 2736 4624 clypeus
2782 4556 2977 4625 ignitus
3007 4564 3079 4608 est
3107 4555 3439 4624 sperantibus

1836 4647 1889 4700 in
1915 4663 1969 4699 se
2000 4643 2183 4716 (Prov.
2211 4646 2362 4716 xxx).
2395 4643 2520 4700 llmc
2550 4653 2661 4700 tota
2693 4644 2893 4700 Christi
2925 4646 3167 4702 Ecclesia
3193 4647 3362 4713 novit,
3384 4654 3442 4702 et

1838 4739 1911 4795 illi
1943 4739 2177 4794 maxime
2210 4740 2468 4804 sentiunt,
2500 4739 2613 4809 qui,
2660 4739 2772 4794 Deo
2801 4755 2983 4795 secum
3020 4749 3288 4804 morante,
3326 4749 3439 4795 ter-

1838 4847 1984 4886 rente
2031 4829 2227 4883 fastum
2278 4830 2554 4900 sapientiae
2583 4839 2956 4884 contemnunt.
2994 4830 3129 4897 Quia
3183 4832 3435 4886 nimirum

1837 4924 2015 4978 omnis
2045 4937 2224 4977 sermo
2261 4921 2455 4976 divinae
2485 4921 2824 4975 auctoritatis
2861 4922 3022 4977 corda
3065 4920 3358 4976 electorum
3383 4931 3438 4976 et

1839 5014 1969 5085 igne’
2008 5014 2288 5069 charitatis
2332 5011 2598 5078 accendit,
2652 5021 2708 5068 et
2751 5014 2978 5068 scicntia
3024 5013 3270 5068 veritatis
3313 5012 3437 5067 illu-

1839 5114 1999 5168 strat,
2037 5111 2093 5158 et
2138 5105 2392 5157 vitiorum
2441 5104 2628 5158 sordes
2661 5104 2728 5175 (si
2769 5118 2906 5172 quos
2934 5103 2987 5156 in
3030 5102 3112 5157 eis
3145 5102 3435 5174 invenerit)

1839 5197 2128 5255 consumit.
2183 5205 2238 5250 et
2280 5197 2347 5250 ab
2397 5197 2635 5250 hostium
2685 5195 2894 5250 insidiis
2944 5201 3223 5264 sperantes
3273 5193 3326 5248 in
3378 5209 3437 5251 se

1839 5291 2158 5360 cunctisque
2193 5288 2430 5344 defendit
2475 5287 2736 5342 adversis.
2783 5286 2914 5341 Item
2953 5287 3006 5340 in
3039 5284 3264 5340 Cantico
3305 5299 3438 5339 can-

1840 5383 2070 5438 ticorum
2111 5379 2370 5449 scriptum
2411 5387 2496 5434 est
2531 5394 2545 5430 :
2593 5375 2739 5431 Mille
2779 5376 2946 5446 clypei
2987 5374 3209 5444 pendent
3249 5389 3313 5426 ea:
3352 5389 3432 5438 eo,

1841 5476 2009 5529 omnis
2055 5481 2328 5525 armatura
2376 5470 2589 5539 fortium
2624 5468 2798 5540 (Cant.
2841 5467 2948 5538 tv);
2992 5466 3134 5537 quod
3165 5464 3436 5536 signiﬁcat

1837 5567 2143 5623 testimonia
2193 5563 2598 5632 Scripturarum
2650 5568 2982 5616 sanctarum.
3046 5557 3241 5623 Umbo,
3293 5533 3451 5614 scuti‘

1836 5677 1962 5732 pars
1986 5658 2160 5713 media
2186 5666 2289 5720 est,
2314 5656 2465 5725 quasi
2500 5653 2804 5708 umbilicus.
2839 5649 3029 5704 Aneile
3051 5657 3278 5704 vocatur
3302 5662 3429 5702 scu-

1836 5764 1948 5811 tum
1977 5755 2140 5808 breve
2161 5762 2214 5806 et
2246 5750 2556 5811 rotundum,
2589 5747 2653 5800 de
2679 5760 2784 5814 quo
2817 5742 3107 5814 Virgilius:

2086 5902 2101 5917 .
2137 5899 2148 5910 .
2190 5903 2202 5917 .
2241 5899 2256 5917 .
2293 5903 2306 5916 .
2344 5863 2583 5925 Laevaque
2608 5859 2762 5912 ancile
2789 5857 3016 5923 gerebat.
