3922 6356
503 373 608 430 545

1144 375 1204 431 Β.
1243 373 1495 431 RABANI
1536 373 1756 432 MAURI
1794 361 2116 432 ARC‘HIEP.
2159 374 2469 437 MOGUNT.
2512 379 2798 439 OPERUM
2833 379 3012 438 PARS
3048 381 3113 438 n.

3681 387 3784 447 δυ,

569 489 635 542 Et
664 486 836 544 ancile
878 489 1082 544 dictum
1106 489 1175 544 ab
1203 490 1501 556 ancisione,
1544 491 1687 559 quod
1731 491 1802 546 sit
1844 491 1912 546 ab
1942 490 2090 545 omni
2117 491 2170 554 Α
2195 492 2337 549 tibus
2375 482 2582 562 percuti
2611 495 2818 564 pariter
2853 503 2908 551 et
2947 497 3154 552 vexari.
3195 495 3327 553 Item
3357 496 3526 554 lorica
3573 498 3628 554 in
3669 517 3782 558 ma-

498 591 654 649 partc
681 581 844 636 veluti
885 581 1150 648 ancisum,
1191 582 1296 635 hoc
1339 589 1441 647 est,
1483 583 1793 636 rotundum.
1828 580 2088 638 Ovidius:

625 691 780 754 quue
806 693 962 741 ancile
987 700 1180 751 vocant,
1207 692 1350 756 quod
1363 693 1427 756 ab
1446 695 1574 743 omni
1595 701 1734 756 parte
1759 699 1994 747 recisum.

687 755 896 816 Quaque
916 762 1058 804 notes
1079 755 1250 819 Oculis,
1272 755 1480 816 angulus
1500 755 1662 806 omnis
1682 759 1842 808 abest.

557 856 737 920 Pelta,
775 863 989 911 scutum
1027 857 1406 914 brevissimum
1443 858 1496 912 in
1523 859 1746 916 modum
1789 859 1929 916 luna:
1982 875 2098 918 me-

497 945 638 1000 diae:
690 945 844 1015 cujus
891 949 1136 1003 meminit
1183 941 1320 1004 liber
1366 950 1615 1022 Regum:
1655 950 1802 1007 Fecit
1853 968 1946 1007 rea:
1992 951 2068 1008 Sa

495 1037 671 1098 lomqn
701 1038 924 1093 ducenta
951 1049 1101 1093 scuta
1129 1039 1194 1095 de
1225 1057 1356 1117 auro
1385 1059 1538 1112 puro,
1567 1052 1617 1098 et
1641 1051 1896 1099 trecentas
1928 1036 2100 1114 peltas-

494 1147 559 1185 ea:
588 1148 720 1186 auro
747 1134 963 1202 probato
995 1131 1114 1204 (111
1165 1133 1428 1218 Κερκη-
1458 1127 1616 1214 Cetra
1647 1145 1857 1193 scutum
1885 1138 2093 1194 loreum

495 1224 614 1280 sine
643 1225 808 1296 ligno,
839 1241 946 1296 quo
974 1234 1202 1280 utuntur
1219 1225 1335 1282 Afri
1361 1235 1424 1284 et‘
1445 1227 1644 1296 Mauri,
1673 1232 1741 1285 de
1762 1244 1869 1300 quo
1895 1239 2052 1301 poeta
2076 1249 2089 1284 :

649 1335 818 1386 Lmvas
838 1345 974 1386 cetra
999 1338 1144 1399 teglt’.
1181 1369 1199 1387 .
1236 1377 1250 1388 .
1289 1375 1303 1388 .
1342 1377 1354 1388 .
1393 1373 1410 1392 .

565 1435 758 1492 Parma
783 1438 920 1494 levia
942 1454 1118 1506 arma,
1143 1442 1298 1511 quasi
1320 1458 1508 1513 parva,
1531 1458 1640 1500 non
1662 1443 1883 1518 clypeos
1911 1464 1925 1500 :
1957 1447 2091 1502 dici-

489 1537 583 1586 tur
603 1539 782 1585 autem
806 1540 861 1586 et
879 1534 1092 1588 testudo
1115 1519 1358 1601 scutum;
1385 1550 1512 1590 nam
1540 1537 1594 1591 in
1617 1538 1834 1592 modum
1871 1539 2094 1593 testudi-

489 1623 576 1677 nis
603 1623 662 1677 fit
680 1623 918 1695 clypeus.
943 1625 1009 1680 Et
1027 1625 1247 1694 testudo
1267 1634 1354 1682 est
1376 1635 1654 1682 scutorum
1677 1628 1943 1684 connexio
1965 1643 2092 1686 cur-

489 1727 616 1774 vata
649 1721 701 1774 in
732 1721 1018 1776 testudinis
1057 1722 1306 1778 .modum.
1338 1722 1581 1792 Namque
1609 1722 1662 1776 in
1694 1737 1972 1778 armorum
2003 1739 2094 1794 ge-

489 1810 710 1865 neribus
739 1809 939 1866 milites
964 1813 1128 1866 etiam
1157 1814 1226 1868 ab
1250 1813 1572 1867 animalibus
1597 1813 1814 1868 nomina
1847 1821 2084 1879 sumunt,

487 1910 549 1953 ut
574 1902 738 1957 aries.
771 1903 838 1956 Et
878 1901 1166 1972 Sallustius
1198 1922 1212 1957 :
1249 1922 1267 1956 ι
1301 1903 1356 1958 In
1393 1903 1631 1969 modum,
1673 1904 1868 1975 inquit.
1897 1907 2090 1962 hericii

491 1993 763 2048 militaris.
798 2013 816 2046 ι
847 1975 1070 2049 scutum
1103 2005 1195 2049 aut
1225 1996 1394 2050 fidem
1417 1998 1707 2066 significat,
1751 2007 1810 2052 ut
1849 2007 1932 2054 est
1960 1998 2092 2054 illud

491 2083 730 2152 Apostoli
759 2102 771 2138 :
807 2085 1082 2138 Sumentes
1112 2094 1320 2140 scutum
1341 2085 1487 2154 ﬁdei,
1519 2089 1572 2140 in
1602 2105 1702 2158 quo
1733 2089 1943 2158 possitis
1975 2105 2088 2142 om-

490 2175 575 2228 nia
605 2175 706 2227 tela
749 2176 1052 2246 nequissimi
1095 2177 1248 2247 ignea
1281 2178 1616 2248 exstinguere
1645 2179 1806 2250 (Eph.
1837 2179 1948 2250 v1);
1997 2190 2091 2235 aut

489 2265 816 2336 adjutorium
847 2267 1106 2332 divinum,
1139 2275 1196 2320 ut
1237 2276 1319 2321 est
1365 2267 1496 2322 illud
1527 2268 1824 2324 Psalmista‘:
1851 2289 1863 2322 :
1892 2271 2090 2339 Appro-

489 2358 655 2410 Iteude
679 2374 828 2410 arma
866 2367 912 2412 et
943 2365 1168 2423 scutum,
1201 2367 1248 2411 et
1271 2374 1490 2428 exsurge
1517 2359 1572 2412 in
1603 2359 1931 2428 adjutorium
1961 2359 2090 2413 mihi

488 2447 661 2516 (Psal.
721 2450 928 2520 xxxiv).
972 2447 1103 2504 Item
1160 2456 1374 2503 scutum
1421 2449 1707 2505 obduratio
1755 2451 1954 2516 cordis,
2003 2450 2088 2506 vel

485 2539 692 2607 peccati
721 2537 986 2604 defensio,
1017 2547 1078 2593 ut
1120 2538 1250 2593 illud
1292 2538 1542 2596 Jeremia:
1567 2558 1588 2592 ε’
1619 2540 1782 2596 Dabis
1817 2543 1922 2606 eis,
1975 2542 2087 2596 Do-

485 2629 646 2694 mine,
675 2640 882 2682 scutum
911 2629 1084 2698 cordis
1111 2629 1342 2684 laborem
1365 2641 1512 2684 tuum
1543 2631 1760 2704 (Thren.
1793 2633 1898 2705 III).
1921 2633 2086 2687 Arma

485 2719 556 2774 ab
581 2720 818 2775 arcendo
845 2721 992 2776 dicta
1021 2729 1168 2785 sunt,
1192 2723 1334 2792 quod
1375 2736 1474 2792 per
1507 2737 1572 2778 ea
1595 2724 1779 2779 hostes
1807 2725 2088 2780 violentis-

486 2811 656 2865 simas
693 2827 1013 2866 arceamus:
1046 2821 1102 2866 et
1143 2812 1262 2868 ideo
1293 2813 1396 2870 hoc
1430 2814 1668 2869 humana
1697 2817 2090 2873 consuetudine

487 2902 707 2967 dicitur,
741 2917 862 2972 quae
889 2912 1069 2957 armat
1106 2918 1349 2970 manum,
1382 2913 1444 2958 ut
1474 2905 1744 2976 opprimat
1783 2907 2082 2962 inimicum.

485 2990 754 3046 Caeterum
776 3007 927 3046 arma
942 3001 996 3047 et
1014 3001 1226 3049 scutum
1239 2993 1352 3051 sola
1370 2994 1622 3050 voluntas
1641 3005 1724 3050 est
1749 2997 1978 3070 Domini,
1996 2997 2087 3066 qui

483 3086 722 3157 protegit
769 3086 1166 3156 periclitantem
1209 3096 1264 3143 et
1300 3099 1572 3160 expugnat
1605 3089 1892 3146 adversum
1923 3110 1936 3156 ;
1967 3107 2088 3146 scu-

485 3190 597 3235 tum
630 3179 776 3236 e'nim
805 3183 1009 3238 dictum
1046 3193 1150 3248 est,
1189 3185 1346 3254 quasi
1391 3184 1682 3254 scalptum,
1707 3187 1848 3254 quod
1881 3187 1934 3240 in
1969 3187 2088 3258 ipso

487 3273 695 3342 antiqui
735 3289 831 3328 sua
875 3273 1016 3328 facta
1049 3275 1364 3346 signabant;
1393 3291 1521 3344 nam
1561 3277 1704 3346 quod
1738 3276 1868 3332 dicit
1898 3294 2086 3348 appre—

489 3365 672 3428 hende,
705 3365 947 3434 nunquid
983 3367 1050 3421 ab
1089 3381 1155 3422 eo
1191 3367 1423 3421 sumitur
1447 3367 1513 3421 ad
1547 3375 1759 3437 tempus
1799 3368 2088 3438 peregrina

487 3454 763 3510 defensio?
795 3471 1007 3525 semper
1049 3456 1136 3511 ille
1177 3467 1399 3528 paratus
1441 3467 1526 3514 est
1565 3458 1632 3512 ad
1672 3460 1850 3514 exitus
1878 3475 2084 3526 rerum,

485 3549 576 3617 qui
615 3549 876 3616 probatur
912 3549 1292 3618 omnipotens:
1321 3564 1422 3605 nec
1471 3551 1624 3620 quasi
1664 3552 1730 3605 de
1774 3551 1955 3620 quiete
1995 3565 2088 3606 ex-

486 3656 708 3709 surgere
749 3641 1006 3706 creditur,
1041 3643 1132 3711 qui
1179 3657 1453 3712 nunquam
1489 3643 1726 3712 jacuisse
1755 3643 2082 3698 declaratur.

484 3735 648 3786 Arma
675 3734 840 3802 igitur
867 3735 1140 3801 pertinent
1163 3735 1230 3788 ad
1257 3736 1572 3790 indumenta
1623 3737 1820 3802 ferrea,
1847 3754 1942 3807 per
1966 3754 2086 3808 qum

486 3827 630 3881 salus
677 3829 911 3881 humana
962 3827 1270 3882 defenditur
1309 3844 1321 3881 :
1367 3839 1578 3884 scutum
1626 3833 1694 3884 ad
1749 3832 2084 3900 repellendos

487 3921 624 3974 ictus
651 3921 874 3986 inimici,
899 3929 956 3973 ut
981 3921 1239 3975 frustrata
1267 3921 1370 3976 tela
1394 3925 1611 3990 cadant,
1633 3937 1752 3993 qua:
1783 3923 1996 3978 fuerant
2018 3925 2083 3978 ad

487 4015 710 4068 exitium
743 4015 978 4069 hominis
1017 4014 1307 4069 destinata.

1091 4145 1318 4201 CAPUT
1359 4147 1492 4200 XIII.

1133 4238 1208 4290 De
1227 4237 1424 4290 loricis.

557 4355 746 4408 lorica
784 4357 972 4406 vocata
1023 4364 1087 4404 eo
1140 4349 1282 4419 quod
1319 4347 1450 4402 loris
1486 4355 1670 4402 careat
1707 4365 1720 4403 :
1771 4347 1900 4402 solis
1939 4349 2084 4404 enim

487 4447 704 4501 circulis
733 4445 924 4496 ferreis
971 4449 1223 4496 contexta
1254 4449 1356 4495 est.
1396 4439 1636 4508 Squama
1665 4449 1747 4494 cst
1777 4439 1942 4494 lorica
1973 4439 2081 4493 fer-

487 4555 580 4594 rea
609 4553 674 4592 cx
705 4537 916 4589 laminis
949 4534 1140 4588 ferreis
1177 4542 1270 4586 aut
1310 4532 1466 4586 aereis
1493 4537 1846 4585 concatenata
1883 4531 1934 4583 in
1967 4545 2083 4586 mo—

2195 582 2302 638 lam
2331 593 2541 656 partem
2570 585 2852 656 accipitur,
2883 595 2942 642 ut
2971 587 3023 642 in
3052 587 3302 644 Ezechiel
3330 608 3342 644 :
3375 589 3644 646 Adversus
3679 589 3786 666 Gog

2194 689 2370 730 omnes
2397 678 2588 730 scutati
2611 687 2656 730 et
2683 676 2892 732 loricati
2927 677 3144 752 (Ezech.
3173 684 3408 752 xxxvm)

2788 792 3016 850 CAPUT
3053 794 3190 850 XIV.

2843 863 2920 918 De
2951 864 3135 934 galeis.

2264 948 2446 1006 Cassis
2470 952 2536 1008 de
2555 951 2756 1008 lamina
2785 964 2872 1010 est
2899 973 2912 1008 :
2947 957 3096 1027 galea
3125 957 3194 1014 de
3216 960 3382 1016 corio.
3417 961 3556 1017 Nam
3584 963 3792 1034 galeros

2192 1043 2402 1100 corium
2429 1044 2646 1111 dicitur,
2665 1048 2934 1103 cassidem
2950 1058 3131 1106 autem
3157 1068 3187 1106 a
3206 1050 3439 1110 Thuscis
3457 1057 3788 1112 nominatam

2193 1133 2398 1189 dicunt.
2434 1134 2508 1189 Illi
2533 1136 2678 1192 enim
2707 1136 2916 1207 galeam
2946 1155 3156 1196 cassem
3197 1144 3503 1210 nominant,
3539 1149 3729 1214 credo,
3763 1165 3790 1202 a

2195 1225 2389 1295 capite.
2417 1226 2566 1296 Apex
2589 1236 2692 1295 est,
2725 1229 2869 1299 quod
2893 1230 2946 1284 in
2983 1247 3196 1288 summo
3231 1234 3400 1304 galeae
3425 1238 3658 1304 eminet,
3689 1255 3792 1309 quo

2195 1314 2378 1385 figitur
2398 1316 2582 1382 crista,
2615 1319 2757 1386 quod
2786 1317 2960 1374 Grazci
2992 1336 3164 1376 conon
3195 1333 3392 1378 vocant
3419 1344 3431 1380 :
3467 1342 3600 1380 nam
3626 1344 3794 1382 conus

2115 1419 2118 1423 ‘
2193 1415 2278 1462 est
2312 1417 2624 1474 curvatura,
2658 1425 2778 1478 quae
2819 1411 2876 1464 in
2908 1411 3058 1482 galea
3085 1413 3379 1481 prominet,
3423 1432 3590 1486 super
3633 1435 3792 1487 quam

2194 1498 2372 1554 crista:
2390 1507 2534 1554 sunt.
2561 1500 2698 1554 Nam
2715 1503 2887 1558 cassis
2910 1504 2996 1558 vel
3013 1504 3182 1576 galea,
3201 1521 3320 1576 qua:
3347 1517 3790 1578 caput-nostrum,

2195 1594 2299 1649 hoc
2325 1603 2408 1649 est
2435 1603 2670 1651 mentem
2700 1604 2942 1652 nostram
2967 1607 3156 1654 centra
3193 1615 3344 1656 arma
3375 1602 3579 1658 inimici
3609 1602 3794 1658 defen-

2194 1684 2294 1748 dit,
2325 1699 2448 1754 spes
2477 1693 2559 1740 est
2589 1685 2643 1738 in
2665 1685 2952 1742 Dominum
2998 1687 3338 1744 Salvatorem
3372 1706 3385 1744 :
3421 1691 3566 1746 unde
3615 1699 3794 1746 monet

2193 1771 2482 1842 Apostolus
2513 1789 2614 1830 nos
2646 1775 2870 1830 induere
2894 1776 3102 1848 galeam
3127 1778 3318 1833 salutis
3343 1795 3356 1832 :
3387 1781 3648 1849 quoniam
3670 1796 3794 1836 con-

2118 1851 2166 1909 Β
2195 1873 2276 1920 tra
2306 1867 2679 1923 atrocissimos
2705 1869 2890 1924 hostes
2921 1872 3065 1924 omni
3096 1873 3547 1943 tergiversatione
3573 1877 3795 1933 callidos

2189 1957 2389 2012 bellum
2421 1960 2678 2030 gerimus.
2705 1962 2912 2018 Idcirco
2932 1963 3078 2018 omni
3111 1967 3322 2021 cautela
3349 1977 3404 2022 et
3428 1969 3792 2026 sollicitudine

2189 2049 2414 2126 vigilare
2438 2051 2714 2114 debemus,
2742 2063 2802 2108 ut
2825 2053 3270 2126 qualitercunque
3293 2063 3644 2126 tentaverint,
3671 2079 3790 2118 mu-

2191 2122 2333 2193 nitos
2363 2154 2460 2192 nos
2486 2147 2540 2194 et
2565 2153 2897 2211 praeparatos
2936 2143 3232 2200 inveniant.
3279 2147 3512 2206 Necesse
3543 2162 3630 2206 est
3649 2155 3792 2208 enim

2191 2235 2248 2280 ut
2273 2227 2416 2282 Deus
2454 2229 2673 2299 adjuvet
2700 2246 2837 2299 quos
2861 2231 3062 2288 viderit
3101 2235 3158 2289 in
3185 2239 3438 2306 precibus
3473 2241 3718 2310 vigilare,
3747 2253 3797 2298 ct

2191 2320 2256 2372 de
2299 2320 2468 2375 armis
2504 2321 2621 2391 ejus
2670 2331 2988 2393 exspectare
3025 2327 3330 2384 victoriam.
3384 2331 3442 2385 In
3488 2333 3796 2403 huiusmodi

2189 2423 2320 2478 ergo
2341 2408 2483 2464 bello
2506 2409 2690 2465 sobria
2711 2421 2894 2468 mente
2924 2429 3059 2484 opus
3082 2425 3164 2471 est
3186 2427 3239 2470 ct
3261 2433 3397 2487 pura
3419 2423 3752 2478 conscientia
3781 2442 3794 2478 :

2189 2501 2316 2568 quia
2371 2516 2479 2556 non
2513 2510 2704 2558 contra
2751 2505 3024 2572 carnalia,
3075 2507 3171 2564 sed
3229 2511 3489 2567 adversus
3531 2515 3796 2583 spiritalia

2189 2589 2446 2657 nequitiae
2482 2591 2791 2648 dimicatur.
2832 2595 3036 2650 Contra
3083 2597 3381 2670 terrigenas
3424 2601 3573 2656 enim
3615 2605 3794 2661 hostes

2190 2687 2386 2749 carpas
2413 2681 2598 2752 sagina
2627 2684 2935 2754 roboratur,
2967 2695 3022 2741 et
3055 2688 3252 2758 pabulo
3285 2705 3438 2748 mens
3465 2694 3794 2761 incenditur,

2189 2780 2249 2826 ut
2291 2776 2842 2844 repugnandi'sumat
2880 2779 3203 2835 audaciam:
3244 2783 3508 2839 adversus
3531 2787 3794 2855 spiritalia

2189 2873 2373 2920 autem
2405 2867 2660 2936 nequitiae
2680 2869 2999 2938 spiritaliter
3017 2873 3387 2942 repugnanda,
3405 2883 3459 2929 et
3481 2876 3794 2932 sobrietatis

2189 2967 2246 3014 et
2272 2959 2610 3016 abstinentiae
2635 2977 2785 3017 arma
2812 2965 3076 3019 sumenda
3107 2974 3234 3020 sunt
3269 2983 3282 3018 :
3313 2975 3372 3020 ut
3411 2967 3572 3022 infusi
3603 2977 3792 3026 sancto

2194 3051 2400 3121 Spiritu
2429 3051 2738 3109 immundos
2764 3062 2820 3110 et
2866 3057 3128 3112 erraticos
3157 3057 3382 3128 spiritus
3411 3059 3794 3128 devincamus;

2192 3144 2273 3198 sic
2305 3144 2486 3215 itaque
2515 3147 2897 3216 succingemus
2943 3147 3153 3204 lumbos
3193 3141 3411 3206 nestros
3451 3152 3506 3204 in
3545 3152 3794 3221 veritate,

2116 3219 2161 3282 C
2195 3235 2238 3288 si
2281 3236 2456 3305 parati
2491 3251 2681 3292 sumus
2721 3239 2896 3293 errori
2951 3239 3228 3294 resistere.
3276 3237 3466 3295 Omnis
3511 3242 3651 3296 enim
3709 3243 3796 3314 qui

2189 3326 2406 3394 operari
2447 3327 2582 3392 vult,
2617 3329 2898 3399 succinget
2937 3342 3014 3394 se,
3045 3336 3124 3394 ut,
3162 3329 3342 3384 ablato
3383 3331 3795 3400 impedimento,

2191 3417 2499 3487 diligentius
2522 3427 2797 3490 operetur.

2791 3511 3022 3569 CAPUT
3075 3513 3189 3571 XV.

2872 3603 2953 3656 De
2981 3603 3118 3670 foro.

2258 3691 2431 3748 Forus
2477 3697 2904 3750 exercendarum
2945 3694 3118 3749 litium
3148 3693 3299 3751 locus
3329 3711 3358 3750 a
3387 3695 3552 3752 fando
3573 3699 3792 3753 dictus:

2185 3788 2278 3854 qui
2299 3786 2450 3840 locus
2470 3794 2523 3840 et
2541 3795 2817 3855 prorostra
2833 3799 3078 3851 vocatur,
3097 3789 3164 3842 ab
3187 3804 3250 3844 eo
3279 3790 3422 3859 quod
3442 3805 3511 3844 ex
3535 3791 3678 3846 bello
3697 3793 3796 3848 Pu-

2185 3878 2308 3932 nico
2340 3878 2512 3947 captis
2550 3879 2778 3933 navibus
2809 3879 3336 3950 Carthaginiensium
3379 3891 3556 3938 rostra
3616 3874 3794 3940 ablata

2187 3977 2330 4030 sunt,
2346 3978 2399 4021 et
2413 3969 2466 4020 in
2485 3967 2601 4022 foro
2621 3967 2862 4024 Romano
2879 3968 3122 4038 praeﬁxa,
3139 3977 3196 4024 ut
3211 3980 3396 4026 essent
3410 3972 3568 4041 hujus
3587 3973 3796 4044 insigne

2185 4059 2446 4114 victoriae.
2500 4059 2680 4113 Prima
2733 4061 2944 4128 species
2991 4060 3116 4124 fori,
3161 4060 3310 4116 locus
3361 4061 3414 4116 in
3465 4065 3688 4119 civitate
3731 4066 3796 4120 ad

2187 4152 2520 4205 exercendas
2565 4151 2832 4205 nundinas
2873 4151 3116 4206 relictus.
3167 4151 3436 4218 Secunda,
3488 4155 3578 4208 ubi
3621 4158 3792 4228 magi-

2187 4247 2390 4294 stratus
2417 4240 2662 4308 judicare
2706 4240 2864 4295 solet.
2905 4240 3113 4304 Tertia,
3139 4256 3302 4310 quam
3335 4257 3502 4310 supra
3533 4243 3790 4318 diximus,

2187 4345 2349 4399 quam
2416 4331 2764 4384 ealcatorium
2831 4332 3250 4386 nominavimus.
3326 4332 3568 4401 Quarta,
3623 4337 3792 4404 spatia

2187 4420 2346 4489 plana
2379 4419 2432 4474 in
2461 4421 2709 4476 navibus.
2747 4421 2822 4474 De
2857 4420 3054 4490 quibus
3081 4421 3376 4488 Virgilius:

2437 4567 2452 4581 .
2490 4567 2502 4580 .
2543 4567 2556 4581 .
2596 4567 2607 4579 .
2644 4528 2901 4592 Laxatque
2925 4527 3072 4578 foros.
3109 4565 3122 4580 .
3160 4561 3172 4578 .
3211 4565 3226 4580 .

485 4632 612 4684 dum
645 4642 881 4696 squama:
909 4625 1094 4694 piscis,
1117 4633 1170 4678 et
1189 4639 1256 4677 ex
1279 4623 1396 4691 ipso
1428 4622 1712 4690 splendore
1733 4635 2083 4690 squamarum
2111 4601 2161 4659 D
2257 4613 2482 4669 Constat
2508 4620 2686 4666 autem
2731 4611 2882 4666 forus
2927 4625 3113 4676 causa,
3146 4610 3260 4680 lege
3288 4621 3345 4665 et
3381 4611 3587 4678 judice.
3617 4613 3792 4668 Causa

486 4732 540 4778 ct
572 4721 922 4776 similitudine
975 4727 1333 4786 nuncupatur.
1364 4716 1438 4770 Dc
1461 4715 1648 4770 ciliciis
1690 4721 1868 4768 autem
1909 4721 1964 4767 et
1993 4729 2086 4782 ρο-

487 4816 690 4869 liuntur
721 4813 920 4874 loricas,
964 4819 1018 4863 et
1062 4817 1334 4878 teguntur.
1381 4805 1663 4877 Significat
1701 4813 1882 4858 autem
1919 4804 2086 4866 lorica

483 4906 705 4974 iustitia:
753 4903 1178 4967 observantiam,
1231 4916 1352 4970 quae
1401 4899 1634 4970 protegit
1675 4898 1984 4963 hominem,
2033 4906 2089 4952 et

489 5001 714 5054 illaesum
743 5004 924 5052 servat
951 4995 1018 5048 ab
1043 4995 1197 5048 hoste
1223 5011 1234 5046 :
1268 4993 1392 5062 quia
1419 4991 1560 5046 sicut
1587 4989 1804 5044 difficile
1831 4989 2084 5042 vulnera-

490 5099 575 5143 tur
613 5093 662 5142 iu
708 5091 792 5142 his
825 5087 910 5142 vel
955 5076 1190 5140 maxime
1223 5083 1375 5148 locis,
1413 5098 1533 5152 qua:
1559 5082 1725 5136 vitam
1755 5089 1962 5145 tenent,
1992 5080 2084 5148 qui

491 5189 864 5234 Conscrvatam
911 5174 1266 5247 [consertam]
1309 5175 1483 5228 hamis
1523 5181 1577 5228 et
1628 5173 1847 5227 circulis
1897 5171 2088 5226 ferreis

493 5275 723 5328 invicem
768 5284 825 5324 se
861 5275 1132 5321 tenentem
1173 5261 1396 5319 loricam
1441 5263 1656 5318 virtutis
1705 5263 1924 5317 indutus
1963 5271 2086 5316 est:

493 5366 565 5416 ita
593 5365 682 5433 qui
719 5371 802 5416 est
823 5359 1190 5414 circumdatus
1227 5356 1506 5436 multiplici
1539 5363 1688 5408 veste
1709 5353 1958 5421 justiti-ae,
1989 5367 2088 5407 nec

491 5455 558 5508 ad
603 5455 1012 5508 similitudinem
1055 5450 1202 5505 cervi
1243 5451 1294 5502 in
1339 5449 1492 5518 jecur
1541 5448 1768 5516 accipiet
1811 5448 2083 5516 sagittam,

491 5561 594 5600 nec
641 5547 692 5597 in
737 5545 1002 5598 desideria
1053 5550 1287 5604 corruet,
1343 5550 1396 5594 et
1442 5541 1650 5594 furores
1691 5539 1842 5592 scdat
1889 5537 2090 5592 mundo

494 5637 677 5696 Corde,
707 5635 908 5688 habens
933 5635 1196 5688 artificem
1227 5630 1386 5698 hujus
1415 5631 1598 5684 lorica:
1631 5631 1818 5691 Deum,
1849 5629 1939 5696 qui
1973 5627 2091 5680 uui-

497 5733 690 5800 t-niqne
731 5739 1042 5783 sanctorum
1081 5728 1260 5782 omnia
1317 5741 1466 5778 arma
1519 5723 1851 5784 fabricatur,
1901 5729 1956 5773 et
1985 5735 2100 5789 non.

497 5821 626 5876 sinit
669 5837 698 5874 a
737 5821 918 5890 jaculo
965 5817 1251 5885 voluptatis
1273 5816 1471 5886 perire,
1505 5823 1560 5867 ct
1595 5829 1624 5866 a
1661 5812 1871 5881 sagittis
1900 5810 2093 5864 arden-

2189 4711 2378 4756 vocata
2423 4718 2452 4754 a
2489 4717 2636 4766 casn,
2667 4716 2774 4768 quo
2802 4701 2983 4755 evenit
3020 4717 3032 4752 :
3073 4711 3156 4755 est
3193 4700 3335 4754 enim
3376 4711 3432 4754 et
3474 4705 3702 4758 materia
3743 4713 3792 4759 et

2190 4795 2343 4864 origo
2383 4793 2604 4862 negotii,
2651 4793 2880 4846 necdum
2925 4791 3276 4846 discussionis
3323 4795 3578 4850 examine
3626 4795 3788 4851 facto.

2193 4884 2322 4952 Quae
2349 4885 2473 4938 dum
2499 4885 2837 4954 proponitur,
2869 4897 3030 4937 causa
3060 4893 3144 4938 est
3175 4901 3188 4937 :
3223 4885 3350 4938 dum
3377 4885 3690 4950 discutitur,
3711 4889 3794 4958 ju-

2193 4977 2390 5031 dicium
2434 4983 2518 5030 est
2555 4992 2567 5026 :
2617 4975 2744 5029 dum
2789 4973 2991 5036 ﬁnitur,
3023 4973 3253 5040 justitia.
3297 4977 3562 5032 Vocatum
3609 4987 3793 5031 autem

2185 5067 2472 5136 judicium,
2503 5063 2818 5134 qnasijuris
2867 5064 3069 5118 dictio:
3105 5071 3160 5118 et
3195 5065 3426 5133 justitia,
3469 5069 3626 5136 quasi
3653 5069 3790 5138 juris

2192 5167 2383 5212 status.
2414 5157 2682 5211 Iudicium
2725 5165 2906 5210 autem
2951 5157 3100 5224 prius
3143 5155 3424 5223 inquisitio
3457 5157 3790 5212 vocabatur:

2191 5253 2331 5306 unde
2379 5259 2432 5305 et
2493 5259 2702 5305 actores
2738 5248 3066 5316 jndiciorum
3107 5247 3444 5316 praepositos,
3491 5259 3796 5318 quaestores

2193 5344 2276 5398 vel
2310 5343 2626 5412 quaesitores
2661 5353 2937 5396 vocamus.
2967 5337 3044 5392 De
3077 5352 3240 5392 causa
3280 5351 3411 5408 ergo
3443 5338 3496 5391 in
3525 5337 3796 5394 Psalterio

2193 5414 2586 5500 scriptum'cst
2625 5447 2640 5484 :
2687 5429 2958 5497 Exsurge,
2993 5425 3234 5492 Domine,
3269 5435 3318 5481 et
3357 5427 3540 5494 iudica
3571 5443 3794 5482 causam

2193 5535 2337 5578 tuam
2381 5521 2554 5592 (Psal.
2599 5519 2812 5592 Lxxm).
2861 5517 2989 5575 Post
3032 5527 3226 5573 cuncta
3265 5535 3387 5588 qua:
3441 5519 3598 5584 dixit,
3649 5535 3798 5576 nunc

2197 5619 2324 5672 facit
2344 5618 2540 5687 judicis
2564 5630 2816 5668 causam:
2851 5622 2910 5666 ut
2939 5627 3060 5666 eum
3099 5611 3369 5666 efﬁcacius
3397 5623 3796 5678 commoveret,

2195 5715 2278 5768 cui
2323 5714 2520 5784 negotii
2559 5712 2638 5766 sui
2675 5712 2906 5781 qualitas
2951 5709 3230 5764 intimatur
3263 5726 3277 5764 :
3321 5725 3466 5762 nunc
3512 5709 3578 5762 ad
3611 5709 3796 5778 ipsum

2195 5806 2482 5861 Dominum
2505 5805 2667 5860 verba
2683 5803 2966 5868 convertit,
2991 5809 3248 5871 expetens
3285 5807 3346 5854 ut
3378 5814 3598 5855 causam
3635 5811 3796 5853 suam
