3922 6320
123 343 229 401 545

1089 349 1176 404 DE
1217 341 1980 407 υΝινΕιϊςῧἯῈῙὶΓΧΧιιζ
2019 379 2089 388 —-
2128 348 2257 405 ut}.
2308 349 2420 405 XX.

3300 357 3404 414 546

126 466 312 515 contra
339 457 461 513 illos
496 458 770 526 dijudicet,
813 461 903 528 qui
950 476 1058 516 non
1100 461 1352 515 desinunt
1376 461 1714 529 pravissimis
1743 471 1792 528 Α
1818 460 1934 528 vn).
1976 459 2106 512 ltem
2137 460 2380 515 homines
2421 460 2630 530 judices
2668 461 2938 517 dicuntur.
2989 463 3138 519 Unde
3181 466 3235 518 in
3263 466 3406 540 Lege

125 550 646 604 murmurationibus
693 551 964 606 insonare.
1029 552 1244 606 Iudicat
1304 553 1447 606 enim
1499 568 1716 607 causam

124 656 302 706 suam,
335 641 465 694 dum
495 652 736 697 errantes
781 641 910 697 facit
945 642 1232 697 manifesta
1276 659 1623 713 cognoscere,
1663 652 1722 698 ut

124 732 374 788 conversi
418 733 710 802 praedicent
747 735 890 802 quod
934 733 1115 786 stultis
1165 734 1581 804 cogitationibus
1620 734 1718 788 ab-

123 823 384 878 nuebant.
414 821 491 876 De
505 824 709 891 judicio
735 839 864 876 vero
895 823 968 876 ita
993 824 1251 893 scriptum
1281 824 1516 894 legitur:
1551 824 1717 891 Deus,

113 913 383 983 judicium
416 923 565 967 tuum
597 915 700 982 regi
742 913 810 966 da
837 910 1009 984 (Psal.
1059 915 1230 985 LXXI).
1263 913 1532 968 Judicium
1573 915 1718 969 enim

122 1006 328 1062 dictum
375 1017 479 1072 est,
519 1007 673 1077 quasi
709 1005 850 1074 juris
891 1006 1115 1073 dicium,
1165 1007 1218 1060 id
1248 1016 1353 1072 est,
1392 1008 1532 1077 quod
1562 1007 1616 1061 in
1653 1021 1720 1061 eo

117 1097 207 1170 jus
237 1099 467 1154 dicatur.
497 1098 567 1154 Et
599 1107 658 1153 ut
689 1098 1039 1153 veracissime
1077 1098 1397 1166 probaretur
1422 1113 1542 1152 esse
1582 1098 1720 1167 peti-

122 1187 222 1253 tio,
245 1174 437 1241 eadem
461 1188 657 1242 iterum
682 1186 930 1255 sequenti
956 1194 1224 1240 commate
1265 1187 1575 1256 geminavit.
1605 1184 1718 1240 Hoc

119 1287 209 1333 est
253 1279 399 1332 enim
438 1277 583 1348 quod
634 1277 802 1332 dicit:
832 1277 902 1330 Et
922 1277 1190 1348 justitiam
1219 1287 1362 1330 tuam
1387 1277 1500 1344 ﬁlio
1537 1279 1668 1348 regis
1695 1295 1715 1332 :

119 1369 267 1438 quod
298 1368 548 1438 superius
583 1369 659 1423 ait
683 1385 695 1421 :
720 1366 756 1421 ,Ι
762 1368 993 1423 udicium
1032 1379 1181 1422 tuum
1222 1369 1328 1439 regi
1358 1368 1462 1422 da:
1494 1368 1634 1439 quod
1663 1369 1716 1426 in

119 1459 425 1530 Scripturis
450 1459 646 1513 divinis
677 1459 744 1513 ad
769 1460 1178 1528 exprimendam
1215 1475 1436 1514 causam
1468 1459 1717 1528 frequen-

117 1557 206 1604 ter
257 1547 465 1602 invenis
514 1548 820 1617 repetitum.
874 1546 1157 1616 Negotium
1202 1549 1370 1602 multa
1409 1548 1711 1618 signiﬁcat:

116 1641 284 1697 modo
307 1651 487 1697 actum
519 1641 598 1696 rei
630 1640 876 1711 alicujus,
909 1641 993 1696 cui
1015 1643 1350 1697 contrarium
1399 1650 1484 1696 est
1509 1641 1712 1709 otium;

114 1733 282 1788 modo
311 1731 580 1787 actionem
610 1747 806 1797 causae,
831 1733 971 1801 quod
1003 1742 1086 1787 est
1105 1731 1345 1803 jurgium
1369 1732 1477 1787 litis
1509 1749 1521 1786 :
1551 1742 1605 1788 et
1636 1733 1716 1787 di-

1819 550 2076 620 scriptum
2101 558 2184 604 est
2213 569 2223 602 :
2249 551 2460 605 Judices
2487 553 2538 606 in
2561 555 2722 622 portis
2748 556 2847 608 tuis
2869 557 3176 622 constituas,
3208 561 3404 629 quiju-

1819 640 1989 694 dicent
2028 641 2278 710 populum
2314 643 2367 694 in
2409 648 2650 713 (equitate
2693 647 2867 715 (Deut.
2922 647 3056 718 xw).
3109 651 3409 707 Accusatur

1819 743 2056 796 vocatur,
2119 735 2272 801 quasi
2333 735 2672 801 adcausator,
2722 739 2813 806 qui
2867 739 2932 791 ad
2982 756 3200 796 causam
3253 751 3410 798 vocat

1819 835 1941 874 eum
1972 836 2132 890 quem
2175 822 2427 891 appellat.
2467 823 2765 900 Accusator
2805 826 3072 896 signiﬁcat
3112 829 3407 896 diabolum,

1819 911 1884 966 de
1917 928 2025 980 quo
2052 913 2105 966 in
2150 914 2468 986 Apocalypsi
2501 917 2759 985 scriptum
2788 929 2870 972 est
2899 938 2910 972 :
2938 919 3238 988 La’tamini,
3272 924 3410 989 cwli,

1817 1011 1866 1056 et
1889 1003 2167 1070 exsultate,
2200 1022 2375 1060 omnes
2399 1008 2488 1076 qui
2517 1008 2765 1062 habitatis
2795 1011 2847 1062 in
2874 1011 2968 1075 eis,
2999 1014 3246 1081 quoniam
3283 1031 3408 1082 pro-

1810 1092 1981 1162 jactus
2013 1105 2087 1149 est
2129 1107 2403 1151 accusator
2441 1099 2670 1168 fratrum
2718 1111 3013 1154 nostrorum
3055 1102 3239 1174 (Apoc.
3286 1103 3407 1172 xu).

1817 1183 1966 1239 Reus
2010 1199 2040 1238 a
2078 1200 2158 1250 re,
2191 1201 2294 1254 qua
2327 1189 2547 1257 petitur,
2577 1199 2917 1260 nuncupatur
2951 1213 2961 1244 ;
3012 1193 3138 1261 quia
3161 1194 3411 1262 quamvis

1819 1275 2044 1330 sceleris
2085 1279 2334 1332 conscius
2358 1295 2464 1334 non
2497 1281 2587 1345 sit,
2627 1296 2752 1335 reus
2781 1290 2958 1335 tamen
2987 1281 3203 1348 dicitur,
3234 1300 3408 1354 quan-

1817 1367 1907 1420 diu
1951 1366 2004 1420 in
2039 1366 2239 1424 iudicio
2284 1385 2381 1439 pro
2420 1386 2480 1426 re
2509 1372 2684 1441 aliqua
2717 1375 2934 1442 petitur.
2988 1374 3130 1428 Reus
3171 1376 3311 1429 enim
3356 1377 3410 1430 in

1819 1458 2117 1529 Scripturis
2144 1477 2242 1533 pro
2285 1472 2437 1516 sonte
2480 1472 2534 1517 et
2563 1473 2850 1533 peccatore
2876 1466 3122 1533 ponitur;
3151 1468 3294 1522 unde
3330 1477 3415 1524 est

1817 1559 1984 1614 illud:
2013 1544 2116 1623 Qui
2154 1556 2412 1609 hominem
2441 1556 2705 1622 occiderit,
2732 1574 2849 1611 reus
2875 1568 2950 1612 est
2981 1562 3167 1614 mortis
3211 1559 3410 1631 (Exod.

1817 1653 1955 1724 xxx).
2012 1649 2200 1705 Testes
2261 1647 2558 1716 antiquitus
2606 1650 2924 1718 superstites
2974 1650 3295 1706 dicebantur
3347 1666 3415 1706 eo

1817 1741 1962 1812 quod
2018 1753 2183 1810 super
2235 1747 2436 1793 statum
2485 1751 2661 1792 causae
2717 1737 3174 1808 proferebantur:
3227 1757 3412 1804 nunc,

113 1833 264 1879 ctum
293 1825 587 1895 negotium,
609 1824 763 1896 quasi
785 1839 888 1879 nec
912 1824 1104 1891 otium,
1121 1825 1175 1880 id
1195 1833 1296 1892 est,
1312 1825 1436 1880 sine
1457 1825 1588 1882 otio.
1612 1824 1716 1879 Ne-
1743 1836 1792 1896 Β
1817 1842 1973 1902 parte
1993 1829 2173 1884 ablata
2199 1828 2455 1893 nominis,
2479 1835 2646 1882 testes
2669 1830 2842 1882 vocati
2866 1847 2878 1882 :
2910 1829 3064 1884 testis
3084 1837 3264 1884 autem
3285 1845 3416 1884 con-

112 1915 326 1992 gotium
376 1926 556 1972 autem
602 1916 656 1970 in
699 1916 906 1982 causis,
947 1917 1240 1988 negotiatio
1282 1918 1338 1972 in
1377 1919 1718 1974 commerciis

112 2007 344 2072 dicitur,
377 2008 464 2062 ubi
509 2007 714 2077 aliquid
739 2008 916 2073 datur,
947 2011 1234 2080 utmajora
1262 2010 1560 2066 lucrentur.
1594 2011 1718 2066 Jur-

112 2099 264 2169 gium
290 2099 685 2168 dictum,quasi
703 2097 845 2166 juris
865 2101 1208 2169 garrium,eo
1236 2103 1380 2172 quod
1403 2103 1456 2156 bi
1479 2103 1571 2172 qui
1592 2118 1720 2158 cau-

109 2204 232 2245 sam
263 2190 452 2245 dicunt
472 2188 597 2258 jure
623 2191 944 2262 disceptent.
972 2191 1064 2246 Lis
1092 2207 1122 2246 a
1159 2193 1509 2249 contentione
1532 2193 1720 2250 limitis

108 2280 269 2352 prlus
299 2295 497 2336 nomen
523 2283 756 2352 sumpsit
780 2299 793 2347 ;
827 2283 894 2337 de
919 2298 1026 2353 quo
1052 2282 1308 2355 Virgllius
1335 2303 1348 2339 :

245 2377 416 2431 Limes
436 2388 544 2431 erat
564 2383 747 2444 positus
771 2381 911 2432 litem
935 2390 989 2432 ut
1009 2370 1318 2434 discerneret
1335 2387 1486 2449 agris.

183 2461 368 2520 Causa
411 2473 590 2519 autem
630 2473 723 2520 aut
749 2476 1088 2536 argumento,
1120 2476 1214 2522 aut
1240 2469 1560 2538 probatione
1590 2485 1720 2526 con-

111 2561 245 2610 stat.
292 2553 687 2624 Argumentum
725 2571 1000 2626 nunquam
1039 2559 1293 2624 testibus,
1341 2576 1618 2631 nunquam
1642 2569 1721 2616 ta-

108 2646 262 2702 bulis
286 2646 378 2700 dat
401 2646 771 2715 probationem
799 2667 810 2700 :
836 2649 930 2702 sed
971 2649 1084 2703 sola
1124 2649 1537 2722 investigatione
1564 2653 1718 2707 inve-

113 2739 204 2795 nit
239 2740 564 2794 veritatem:
597 2739 737 2792 unde
758 2739 960 2794 dictum
989 2750 1072 2796 est
1097 2751 1496 2811 argumentum,
1530 2744 1584 2798 id
1613 2754 1718 2810 est,

114 2839 380 2902 argutum
410 2830 716 2914 inventum.
752 2829 1006 2887 Probatio
1043 2841 1224 2887 autem
1276 2834 1505 2886 testibus
1534 2843 1589 2888 et
1616 2835 1720 2890 ﬁde

112 2924 433 2980 tabularum
464 2932 696 2978 constat.
723 2921 1007 2994 Negotium
1029 2925 1173 2978 enim
1205 2925 1422 2993 aliquod
1451 2925 1720 2982 laudabile

111 3025 230 3081 est,
263 3015 370 3070 hoc
393 3021 499 3078 est,
523 3015 738 3083 quando
764 3014 817 3067 in
846 3015 1038 3069 studiis
1068 3015 1401 3083 spiritalibus
1422 3015 1715 3082 laboratur;

113 3113 178 3159 ut
211 3113 300 3160 est
332 3103 460 3158 illud
489 3103 541 3156 in
568 3102 857 3174 Evangelio
885 3122 897 3156 :
925 3103 1300 3173 Negotiamini,
1331 3105 1493 3160 donec
1518 3109 1720 3160 veniam

114 3196 278 3266 (Luc.
313 3196 453 3265 χιχ).
487 3193 623 3248 Hinc
641 3194 897 3249 dicuntur
918 3195 1283 3263 negotiatores
1311 3194 1604 3263 spiritales,
1630 3197 1721 3265 qui

112 3291 298 3344 bonas
329 3286 652 3355 margaritas
680 3293 948 3354 quaerunt.
994 3285 1060 3338 Et
1091 3301 1121 3339 e
1148 3288 1423 3340 contrario
1462 3287 1606 3342 aliud
1643 3296 1725 3342 est

115 3377 403 3448 negotium
448 3376 822 3445 vituperabile,
859 3377 961 3429 hoc
1005 3385 1110 3441 est,
1158 3377 1301 3444 quod
1339 3375 1390 3429 in
1435 3378 1727 3444 cupiditate

114 3467 400 3522 mundana
433 3475 736 3532 exercetur,
770 3467 836 3520 de
865 3482 972 3535 quo
1018 3466 1148 3520 dicit
1183 3465 1472 3534 Apostolus
1503 3485 1514 3520 :
1558 3465 1724 3521 Nemo

114 3560 363 3613 militans
403 3558 544 3622 Deo,
593 3559 822 3629 implicat
872 3577 926 3625 se
967 3562 1181 3630 negotiis
1227 3559 1565 3614 saecularibus
1602 3602 1615 3624 ,
1670 3572 1724 3615 ut

113 3654 165 3707 ei
189 3644 423 3722 placeat,
457 3653 542 3705 cui
575 3667 630 3705 se
662 3652 897 3720 probavit
934 3651 1018 3720 (ll
1063 3651 1196 3706 Tim.
1230 3653 1313 3723 ιι).
1347 3652 1605 3708 Similiter
1631 3672 1727 3708 au-

115 3755 236 3800 tem
283 3750 342 3798 et
379 3757 555 3798 causae
596 3742 887 3813 aliquando
913 3744 1210 3798 laudabiles
1239 3743 1403 3797 sunt:
1438 3745 1726 3814 aliquando

111 3833 535 3904 vituperabiles.
590 3834 746 3888 Tunc
802 3835 946 3888 enim
997 3834 1292 3890 laudabiles
1340 3844 1464 3890 sunt
1509 3852 1724 3902 causa},

111 3925 345 3997 quando
375 3926 444 3980 ad
481 3926 707 3982 virtutes
742 3933 989 3994 spectant
1023 3941 1036 3978 :
1075 3934 1202 3981 tunc
1251 3911 1426 3982 autem
1460 3927 1726 3995 vitupera-

112 4021 284 4084 lsiles,
318 4007 536 4088 quando
565 4020 634 4076 ad
673 4021 1048 4075 contentiones
1095 4019 1381 4075 saeculares
1429 4021 1721 4089 pertinent.

113 4111 438 4165 Dicitenim
469 4110 749 4166 Psalmista
780 4129 791 4164 :
820 4112 1013 4165 Judica
1048 4129 1146 4175 me,
1196 4113 1358 4177 Deus,
1401 4123 1449 4168 et
1494 4115 1725 4169 discerne

112 4217 347 4255 causam
381 4217 550 4254 meam
582 4201 645 4255 de
689 4212 834 4271 gente
862 4220 965 4257 non
991 4216 1176 4258 sancta
1207 4204 1378 4276 (Psal.
1419 4208 1573 4278 xm).
1611 4207 1723 4262 Non

109 4290 275 4348 enim
323 4292 460 4361 petit
502 4302 724 4362 peccata
764 4308 861 4347 sua
903 4294 1118 4357 discuti,
1170 4298 1261 4351 sed
1304 4298 1370 4351 ab
1419 4299 1724 4367 iniquorum

110 4381 406 4440 consortio
435 4381 672 4438 liberari.
716 4383 873 4438 Esset
911 4386 1052 4438 enim
1086 4387 1444 4455 periculosum
1475 4389 1601 4455 dici,
1628 4389 1723 4458 ju-

109 4475 247 4527 dica
283 4489 386 4538 me,
424 4473 527 4528 nisi
573 4473 886 4538 addidisset,
923 4485 970 4528 et
995 4476 1231 4531 discerne
1269 4495 1484 4532 causam
1534 4496 1722 4545 meam,

112 4564 171 4618 id
223 4573 332 4625 est,
380 4565 555 4618 divide
589 4565 997 4634 permistionem
1024 4581 1222 4630 meam,
1249 4584 1409 4636 quam
1441 4570 1495 4623 in
1533 4571 1728 4626 saeculo

110 4653 232 4708 isto
265 4653 531 4714 sustineo,
565 4661 618 4707 et
639 4652 927 4721 aliquando
958 4668 1299 4724 segregatum
1332 4674 1419 4712 mc
1449 4659 1516 4713 ab
1550 4661 1728 4728 impiis

112 4745 173 4797 in
202 4741 398 4811 populi
428 4743 505 4795 tui
536 4742 798 4798 electione
827 4745 1114 4800 constitue.
1147 4747 1328 4812 Addit,
1363 4750 1426 4802 de
1448 4761 1596 4819 gente
1627 4768 1728 4806 non

108 4844 317 4890 sancta
351 4847 370 4884 .'
401 4835 502 4888 hoc
544 4844 644 4899 cst,
687 4835 754 4890 de
796 4839 1064 4905 perversis
1107 4853 1170 4893 ac
1219 4840 1356 4894 male
1403 4843 1724 4901 viventibus.

111 4923 359 4995 Legitur
385 4935 442 4979 et
483 4925 535 4978 in
567 4925 670 4980 alio
696 4928 957 4995 propheta
984 4928 1242 4983 Dominus
1273 4931 1581 5000 increpasse
1606 4951 1730 5003 pec-

110 5023 346 5079 cantes,
374 5016 450 5069 ita
474 5015 659 5070 dicens
689 5036 698 5070 :
737 5017 870 5072 Ecce
898 5020 965 5072 ad
1000 5019 1111 5074 lites
1145 5031 1190 5074 et
1216 5024 1568 5077 contentiones
1603 5027 1730 5094 vigi-

110 5111 250 5161 latis
275 5117 325 5161 et
345 5109 617 5177 percutitis
641 5126 814 5178 pugno
846 5112 999 5182 impie
1025 5112 1155 5181 (lsa.
1186 5114 1369 5183 Lvut);
1398 5116 1539 5184 quod
1569 5133 1728 5185 quam

110 5202 195 5256 sit
228 5199 610 5268 vituperabile,
637 5201 979 5257 manifestum
1011 5211 1114 5258 est.
1156 5204 1213 5257 ln
1258 5205 1405 5259 omni
1437 5217 1614 5261 autem
1638 5209 1727 5278 ju—

111 5293 274 5346 dicio
326 5306 424 5345 sex
482 5307 725 5361 persona:
772 5303 1086 5360 quaeruntur
1131 5314 1143 5348 :
1191 5294 1379 5363 judex,
1424 5285 1726 5365 accusator,

111 5395 281 5442 rcus,
329 5389 386 5433 et
427 5390 533 5435 tres
575 5391 754 5436 testes.
801 5380 972 5437 Judcx
1005 5385 1198 5449 dictus,
1247 5388 1397 5454 quasi
1427 5387 1516 5454 jus
1545 5392 1727 5446 dicens

113 5469 334 5538 populo
368 5486 379 5521 :
414 5472 528 5524 sive
559 5473 698 5540 quod
735 5471 858 5537 jure
910 5474 1190 5541 disceptet.
1240 5476 1411 5530 index
1451 5488 1629 5532 autem
1676 5482 1729 5534 in

120 5559 440 5628 Scripturis
462 5562 632 5615 sacris
659 5562 940 5630 aliquando
969 5564 1080 5633 ipse
1105 5564 1244 5619 Deus
1267 5576 1467 5632 noster,
1500 5570 1588 5637 qui
1617 5586 1732 5624 om-

118 5651 225 5707 nia
282 5650 582 5704 secundum
627 5654 934 5721 aequitatem
991 5653 1229 5720 judicat;
1281 5657 1420 5711 unde
1465 5657 1734 5727 PrOpltcta

121 5744 210 5798 ait
239 5742 423 5798 εοεαε
460 5741 632 5812 judeJ:
675 5746 873 5814 justus,
917 5747 1068 5815 [ortis
1117 5756 1162 5800 et
1202 5746 1511 5819 (anganimis
1556 5749 1730 5821 (Psal.

1821 1923 2094 1977 sideratur
2119 1918 2449 1981 conditione,
2488 1927 2704 1982 natura,
2744 1926 2797 1971 et
2835 1919 2964 1972 vita.
2998 1918 3339 1984 Conditione,
3368 1919 3414 1975 si

1820 2011 1977 2077 liber,
2005 2026 2113 2065 non
2154 2025 2342 2065 servus
2368 2026 2380 2062 :
2417 2024 2542 2062 nam
2576 2022 2718 2077 saepe
2745 2023 2934 2062 servus
2958 2018 3104 2062 metu
3135 2009 3415 2064 dominan-

1804 2089 1890 2156 'tis
1924 2100 2291 2156 testimonium
2345 2097 2629 2168 supprimit
2673 2098 2936 2154 veritatis.
2990 2097 3213 2166 Natura,
3239 2100 3283 2154 si
3305 2100 3413 2167 vir,

1818 2209 1926 2250 non
1953 2191 2188 2256 femina;
2223 2205 2352 2244 nam
2383 2207 2394 2242 :

2011 2337 2024 2351 .
2065 2340 2075 2351 .
2117 2337 2130 2352 .
2169 2338 2178 2348 .
2217 2300 2418 2351 Varium
2442 2307 2495 2351 et
2513 2299 2752 2351 mutabile
2769 2312 2974 2364 semper

2005 2364 2230 2414 Femina.
2269 2398 2286 2413 .
2323 2396 2338 2412 .
2375 2395 2390 2411 .
2428 2399 2438 2410 .

1821 2467 1967 2536 Vita,
1994 2468 2048 2523 si
2095 2468 2356 2521 innocens
2386 2471 2439 2519 et
2470 2465 2680 2535 integer
2707 2473 2828 2519 actu
2853 2481 2865 2517 :
2897 2479 3021 2518 nam
3062 2465 3107 2519 si
3136 2465 3246 2519 vita
3275 2466 3414 2520 bona

1819 2561 2072 2624 defuerit,
2125 2559 2230 2614 ﬁde
2255 2558 2479 2613 carebit.
2516 2555 2630 2610 Non
2669 2555 2812 2610 enim
2843 2565 3021 2626 potest
3045 2556 3256 2626 justitia
3291 2573 3417 2614 cum

1821 2656 2086 2712 scelerato
2113 2653 2312 2707 habere
2343 2650 2683 2716 societatem.
2727 2649 2843 2704 Duo
2862 2658 3042 2704 autem
3069 2659 3193 2704 sunt
3219 2665 3418 2719 genera

1823 2748 2082 2804 testium:
2123 2751 2215 2799 aut
2263 2741 2491 2798 dicendo
2533 2741 2584 2794 id
2624 2739 2766 2809 quod
2796 2739 3062 2805 viderunt,
3106 2751 3200 2796 aut
3239 2742 3419 2812 profe-

1820 2839 1990 2894 rendo
2017 2837 2070 2892 id
2091 2835 2234 2906 quod
2255 2833 2562 2888 audierunt.
2596 2827 2812 2884 Duobus
2833 2832 3219 2885 autem'mudis
3249 2839 3416 2888 testes

1821 2929 2162 2997 delinquunt,
2193 2939 2317 2980 cum
2355 2931 2446 2977 aut
2466 2921 2601 2976 falsa
2629 2930 2902 2990 promunt,
2929 2933 3022 2976 aut
3047 2938 3176 2977 vera
3199 2923 3418 2978 silentio

1820 3020 2100 3089 obtegunt.
2134 3017 2326 3072 Testes
2365 3021 2552 3067 autem
2585 3010 2639 3064 in
2684 3010 2978 3080 Scripturis
3013 3014 3185 3068 sacris
3230 3014 3304 3068 illi
3336 3017 3418 3069 di-

1823 3119 2037 3172 cuntur,
2073 3109 2162 3177 qui
2195 3124 2257 3162 ea
2292 3124 2420 3176 qua!
2445 3109 2690 3162 viderunt
2725 3116 2778 3162 et
2813 3106 3120 3170 audierunt,
3150 3106 3423 3160 veraciter

1750 3202 1794 3263 Ο
1827 3197 2183 3267 protulerunt.
2219 3195 2370 3251 Unde
2399 3197 2512 3265 ipse
2541 3198 2682 3251 Deus
2717 3196 2784 3250 ad
2813 3194 3084 3265 apostolos
3126 3211 3253 3249 suos
3297 3196 3416 3249 ait:

1828 3287 1896 3340 Et
1920 3289 2062 3341 eritis
2083 3289 2210 3341 mihi
2244 3297 2395 3341 testes
2440 3289 2496 3341 in
2539 3286 2872 3341 Hierusalem
2907 3296 2951 3339 et
2985 3285 3127 3339 omni
3154 3286 3346 3338 Judwa
3372 3295 3420 3338 et

1830 3377 2098 3442 Samaria,
2125 3389 2170 3430 et
2197 3394 2357 3447 usque
2382 3378 2450 3431 ad
2475 3378 2715 3431 ultimum
2744 3388 2898 3431 terra:
2922 3375 3061 3448 (Act.
3090 3377 3150 3446 1).
3187 3375 3342 3431 Unde
3367 3385 3425 3431 et.

1827 3467 2020 3521 Petrus
2049 3480 2101 3520 et
2136 3467 2373 3522 Joannes
2421 3484 2615 3522 cuma
2670 3466 2868 3522 Juda-is
2901 3467 3032 3522 tenti
3098 3466 3327 3521 fuissent
3368 3477 3423 3522 et

1827 3557 2085 3625 prohibiti
2127 3573 2192 3610 ne
2222 3558 2444 3612 omnino
2471 3558 2831 3626 loquerentur,
2868 3572 3043 3626 neque
3079 3557 3337 3610 docerent
3365 3558 3421 3612 in

1827 3651 2044 3705 nomine
2089 3649 2215 3706 Jesu
2247 3651 2337 3705 ulli
2378 3652 2679 3716 hominum,
2736 3651 3123 3721 respondentes
3167 3651 3423 3706 dixerunt

1829 3744 1897 3796 ad
1923 3758 2015 3797 eos
2043 3761 2053 3794 :
2089 3743 2150 3796 Si
2163 3743 2366 3810 justum
2391 3752 2462 3795 est
2492 3743 2548 3796 in
2576 3751 2851 3812 conspectu
2885 3741 2984 3794 Dei
3014 3756 3098 3793 vos
3123 3742 3294 3808 potius
3321 3759 3422 3795 au-

1829 3833 1939 3886 dire
1967 3849 2123 3902 quam
2161 3832 2349 3896 Deum,
2388 3831 2629 3900 judicare
2656 3845 2672 3881 :
2702 3847 2803 3884 non
2847 3831 2983 3883 enim
3009 3846 3282 3896 possumus
3305 3847 3422 3899 qua:

1827 3926 2050 3978 vidimus
2081 3935 2127 3977 et
2157 3925 2452 3977 audivimus
2491 3941 2592 3976 non
2625 3924 2766 3994 loqui
2793 3923 2928 3994 (Act.
2954 3924 3048 3991 tv).
3081 3921 3216 3976 Hinc
3257 3932 3310 3975 et
3348 3922 3423 3978 illi

1827 4017 1918 4085 qui
1956 4017 2008 4068 in
2052 4025 2198 4068 recta
2253 4014 2356 4068 ﬁde
2385 4023 2440 4068 et
2487 4015 2540 4067 in
2573 4014 2912 4068 confessione
2949 4013 3180 4066 nominis
3219 4013 3421 4069 Christi

1827 4121 1999 4175 usque
2035 4105 2100 4158 ad
2142 4113 2371 4158 mortem
2418 4115 2790 4173 perseverant,
2842 4115 3128 4174 martyres,
3177 4104 3280 4157 hoc
3320 4113 3421 4166 cst,

1831 4208 1994 4251 testes
2034 4196 2234 4250 Christi
2281 4205 2662 4264 nuncupantur
2690 4216 2701 4249 :
2734 4195 2825 4266 qui
2869 4206 3017 4251 recte
3063 4196 3331 4265 loquendo
3372 4206 3426 4252 et

1829 4292 1967 4344 bene
1991 4290 2264 4358 operando
2293 4290 2347 4342 in
2379 4289 2488 4342 vita
2519 4304 2615 4343 sua
2651 4305 2749 4342 nec
2779 4303 2886 4343 non
2914 4297 2966 4343 et
2993 4290 3047 4344 in
3070 4301 3245 4343 tnorte
3277 4292 3423 4344 testi—

1829 4379 2069 4433 monium
2090 4377 2244 4432 ﬁdele
2261 4377 2490 4431 Domino
2504 4375 3032 4447 prazbuerunt.Unde
3044 4386 3099 4431 et
3111 4377 3422 4448 Apostolus,

1831 4478 2141 4523 sanctorum
2180 4469 2408 4522 virtutes
2452 4468 2806 4532 mtrncrando,
2849 4469 2916 4523 ad
2957 4476 3257 4524 extremum
3293 4473 3424 4527 sub-

1755 4548 1806 4607 D
1826 4558 2028 4627 junxit,
2059 4560 2244 4612 dicens
2271 4577 2282 4611 :
2321 4558 2391 4610 Ili
2419 4575 2592 4611 omnes
2634 4560 2924 4612 testimonio
2948 4560 3070 4627 ﬁdei
3106 4561 3311 4629 probati
3343 4564 3419 4616 in-

1837 4651 1970 4705 venti.
2004 4660 2122 4705 sunt
2169 4649 2352 4719 (Hebr.
2386 4650 2485 4719 χι).
2511 4650 2577 4702 Ει
2610 4660 2669 4703 ιιι
2701 4651 2941 4705 breviter
2971 4663 3164 4706 cuncta
3192 4654 3422 4723 replice-

1834 4755 1971 4802 mus,
2009 4740 2171 4806 judex
2200 4740 2341 4792 Deus
2384 4747 2485 4801 est,
2535 4740 2674 4793 sicut
2702 4755 2862 4808 supra
2900 4742 3250 4808 ostendimus,
3278 4753 3336 4796 nt
3369 4745 3419 4796 in

1833 4831 2093 4884 I’saltcrio
2124 4849 2134 4882 :
2163 4830 2304 4884 Deus
2327 4831 2494 4900 judca:
2526 4831 2728 4899 justus,
2770 4831 2918 4898 fortis
2944 4843 2989 4884 et
3021 4835 3222 4899 potiens
3249 4833 3420 4903 (Psal.

1837 4925 1952 4992 vn).
1980 4921 2193 4976 Judiccs
2236 4933 2358 4976 sunt
2400 4923 2648 4991 apostoli,
2683 4933 2740 4976 ut
2783 4924 2834 4976 in
2883 4924 3171 4994 Evangelio
3203 4926 3419 4996 (Matth.

1834 5019 1980 5078 lux):
2009 5011 2260 5064 Sedcbrtis
2290 5028 2444 5079 super
2473 5014 2616 5066 sedes
2651 5013 2923 5067 duodecim
2951 5016 3253 5083 judicanles
3285 5018 3421 5069 duo-

1835 5105 1999 5156 decim
2048 5105 2210 5156 tribas
2242 5103 2432 5158 Israel.
2468 5105 2653 5160 Testes
2702 5115 2828 5160 sunt
2875 5108 3098 5176 apostoli
3133 5109 3216 5163 vel
3241 5112 3422 5166 czeteri

1837 5194 2038 5256 ﬁdeles,
2065 5204 2122 5247 ut
2153 5195 2202 5247 in
2234 5195 2488 5264 Apostolo
2516 5215 2527 5247 :
2556 5195 2926 5253 Testimonium
2950 5199 3182 5255 dicemus
3207 5202 3270 5256 de
3290 5202 3420 5268 Deo,

1833 5285 1970 5354 quod
1995 5287 2260 5339 suscitavit
2291 5286 2472 5340 Jesum
2493 5284 2757 5340 Christum
2779 5305 2810 5340 a
2831 5291 3047 5343 mortuis
3078 5293 3214 5360 (Act.
3247 5308 3318 5354 tv,
3343 5293 3420 5362 ν.)

1837 5377 2011 5431 Testis
2050 5379 2291 5431 Christus
2318 5420 2330 5440 ,
2377 5389 2431 5430 ut
2479 5379 2530 5431 in
2573 5380 2928 5448 Apocalypsi:
2970 5381 3123 5433 Jesus
3160 5381 3422 5450 Christus,

1836 5473 1922 5540 qui
1943 5481 2014 5524 est
2045 5473 2184 5524 testis
2208 5471 2378 5538 ﬁdelis
2405 5472 2586 5540 (Apoc.
2614 5472 2686 5541 ι);
2718 5481 2769 5525 ct
2799 5473 2848 5525 in
2881 5473 3016 5526 Isaia
3044 5491 3054 5526 :
3082 5474 3217 5528 Ecce
3245 5486 3422 5530 testem

1838 5561 2038 5630 populis
2068 5563 2185 5614 dedi
2209 5580 2323 5615 cum
2356 5563 2488 5633 (Isa.
2533 5564 2638 5630 LV).
2674 5563 2859 5618 Testes
2899 5565 3018 5618 l‘alsi
3067 5577 3190 5619 sunt
3229 5565 3419 5633 Judaei,

1840 5654 1953 5706 sive
1983 5653 2240 5717 haeretici,
2285 5663 2344 5707 ut
2377 5655 2427 5708 in
2468 5655 2710 5725 psalmo:
2747 5656 3007 5721 Quoniam
3031 5658 3423 5712 insurrexerunt

1840 5746 1893 5800 in
1926 5762 2004 5800 me
2028 5755 2178 5801 testes
2205 5748 2370 5818 iniqui
2396 5746 2565 5816 (Psat.
2601 5747 2770 5817 xxvi).
2791 5747 2857 5802 Et
2884 5747 2936 5803 in
2963 5748 3419 5806 Deuteronomio:
