3922 6348
492 320 603 380 547

1144 312 1209 369 Β.
1251 277 1761 393 RABANIIIIAURI
1793 309 2114 369 ARCHIEP.
2157 312 2467 371 MOGUNT.
2509 313 2794 377 OPERUM
2833 312 3011 368 PARS
3045 312 3109 368 II.

3650 315 3757 373 548

491 435 551 493 Si
569 429 767 508 steterit
794 427 937 487 testis
958 427 1198 502 iniquas;
1224 428 1416 501 falsum
1440 427 1787 483 testimonium
1813 426 2077 497 proferens
2105 430 2158 490 Α
2182 428 2500 498 voluptates,
2542 444 2659 498 quae
2699 442 2803 483 non
2848 442 2947 496 per
2983 427 3267 498 semetipsa
3305 427 3612 497 inquinant,
3668 428 3764 483 sed

492 527 741 583 adversus
766 524 1055 594 proximum
1099 538 1249 575 suum
1293 520 1471 591 (Deut.
1516 516 1655 589 xxx).
1686 517 1952 571 Iudicium
1995 524 2077 570 est

491 618 746 675 discretio
784 615 910 670 boni
939 624 1001 668 a‘c
1036 613 1186 678 mali,
1219 620 1277 666 ut
1307 612 1359 665 in
1398 610 1659 666 Psalterio
1688 627 1701 661 :
1732 608 1791 661 Si
1827 623 1941 661 vere
1972 606 2076 660 uti-

489 729 587 783 que
620 710 870 772 iustitiam
895 706 1185 777 loquimini,
1219 714 1350 758 recte
1384 702 1640 772 judicate,
1681 699 1778 768 ﬁlii
1807 700 2075 752 hominum

493 807 665 881 (Psal.
691 805 841 875 Lvn).
874 802 1143 857 Iudicium
1180 800 1449 869 separatio
1476 799 1736 851 bonorum
1766 811 1795 848 a
1818 793 2076 847 societate

492 898 774 959 malorum,
813 901 870 948 ut
905 893 957 947 in
990 890 1274 961 Evangelio
1302 907 1316 946 :
1347 888 1415 944 Et
1444 887 1703 958 separabit
1732 902 1817 941 eos
1845 885 1908 938 ab
1938 884 2074 937 invi-

492 1004 597 1043 cem
627 986 838 1058 (Matth.
886 984 1042 1050 xxv);
1088 982 1220 1036 etin
1251 982 1490 1051 psalmo:
1539 978 1731 1033 Judica
1778 994 1879 1043 me,
1918 976 2073 1041 Deus,

493 1090 537 1136 et
566 1080 799 1133 discerne
821 1072 1032 1130 causam
1056 1091 1221 1127 meam
1250 1072 1420 1143 (Psal.
1448 1071 1607 1142 xui).
1632 1069 1899 1124 Iudicium
1927 1068 2077 1121 dam-

493 1170 640 1225 natio
668 1169 866 1230 futura,
900 1167 1039 1221 sicut
1066 1166 1118 1218 in
1146 1163 1435 1234 Evangelio
1467 1176 1565 1233 pro
1591 1160 1838 1215 fidelibus
1861 1157 2078 1213 Veritas

516 1262 764 1333 oquitur:
805 1258 907 1324 Qui
942 1256 1100 1310 credit
1138 1257 1190 1309 in
1230 1271 1331 1320 me,
1381 1270 1486 1307 non
1524 1251 1854 1323 judicabitur
1894 1249 2075 1319 (Joan.

495 1351 601 1423 ιιι).
629 1351 695 1405 Et
718 1364 748 1403 e
769 1346 1039 1404 contrario
1067 1345 1134 1400 de
1162 1344 1406 1415 reprohis
1435 1361 1447 1396 :
1490 1342 1593 1411 Qui
1633 1348 1809 1396 autem
1846 1358 1947 1396 non
1972 1358 2081 1395 cre-

496 1447 595 1511 dit,
617 1446 735 1515 jam
762 1442 1036 1513 judicatus
1070 1449 1147 1494 est
1174 1438 1383 1510 (Ibid),
1418 1438 1520 1491 hoc
1561 1443 1641 1489 est
1670 1434 2076 1489 condemnatus.

496 1536 768 1592 Iudicium
810 1534 864 1587 in
900 1531 1081 1600 injuin
1135 1529 1552 1601 reprehensione
1584 1526 1669 1580 vel
1714 1525 2079 1587 damnatione,

496 1625 637 1682 utin
668 1624 993 1695 Evangelia:
1031 1622 1210 1675 Nolite
1238 1619 1506 1690 judicare,
1533 1625 1587 1670 ut
1628 1633 1731 1671 non
1768 1612 2082 1685 judicemini

501 1718 713 1790 (Matth.
739 1718 864 1788 vn);
891 1725 945 1771 et
963 1716 1017 1770 in
1040 1712 1328 1787 Apostolo:
1357 1711 1459 1777 Qui
1484 1726 1585 1763 non
1606 1707 1908 1773 manducat,
1936 1723 2061 1760 man

2181 535 2277 590 per
2302 534 2364 573 ea
2394 535 2511 588 qua:
2550 520 2661 574 illic
2705 527 2981 590 geruntur.
3026 519 3179 571 Dicta
3228 528 3409 573 autem
3456 519 3766 589 spectacula

2179 626 2243 665 eo
2279 610 2419 679 quod
2460 609 2766 665 hominibus
2794 608 3006 680 publica
3039 608 3111 661 ibi
3140 610 3446 677 praebeatur
3472 610 3761 679 inspectio.

2178 700 2303 755 Haec
2333 708 2387 755 et
2415 699 2620 753 ludicra
2651 708 2973 769 nuncupata,
3021 697 3179 771 quod,
3211 698 3267 775 in
3310 699 3452 754 ludis
3507 709 3771 770 gerantur

2179 799 2272 845 aut
2310 789 2364 843 in
2408 789 2602 844 scenis.
2652 789 2726 843 De
2765 788 3068 858 spectaculo
3099 798 3278 842 autem
3317 789 3663 860 inApostoIo
3696 791 3772 844 ita

2179 883 2445 952 legimus:
2479 880 2844 953 Spectaculum
2895 882 3022 950 facti
3063 899 3242 935 sumus
3293 882 3412 936 huic
3451 886 3673 950 mundo,
3716 894 3773 946 et

2179 972 2376 1044 angelis
2413 983 2459 1027 et
2496 973 2795 1027 nominibus
2833 970 2887 1043 (I
2928 971 3049 1026 Cor.
3080 973 3177 1044 tv).
3209 971 3342 1041 Quia
3368 984 3528 1028 erunt
3558 982 3775 1045 specta-

2180 1063 2359 1117 culum
2402 1061 2588 1117 Enocli
2621 1069 2675 1116 et
2715 1060 2859 1116 Elias
2898 1075 3069 1129 usque
3099 1062 3257 1126 adeo,
3294 1070 3353 1115 ut
3406 1077 3636 1133 corpora
3680 1079 3775 1119 eo.

2181 1169 2300 1207 rum
2324 1168 2379 1206 m
2410 1152 2588 1222 platea
2609 1151 2962 1222 projiciantur
2990 1152 3044 1206 in
3080 1161 3370 1223 conSpeetu
3401 1154 3569 1209 totius
3588 1156 3778 1226 populi

2180 1242 2411 1297 infidelis
2438 1262 2448 1296 :
2479 1244 2550 1296 ita
2578 1250 2631 1297 et
2659 1242 2884 1312 apostoli
2908 1244 3275 1313 spectaculum
3298 1245 3425 1300 facti
3452 1255 3577 1301 sunt
3602 1264 3615 1300 :
3650 1247 3778 1315 quia

2178 1336 2391 1405 publice
2421 1335 2787 1390 irridebantur
2816 1335 2975 1405 positi
3021 1335 3088 1389 ad
3136 1335 3389 1406 iniuriam
3428 1345 3482 1391 et
3515 1346 3775 1405 mortem,

2184 1442 2343 1496 quam
2367 1427 2510 1496 passi
2534 1433 2677 1480 sunt.
2711 1425 2967 1480 Mundum
2997 1434 3177 1481 autem
3200 1428 3417 1499 angelos
3447 1438 3503 1484 et
3528 1431 3780 1485 homines

2184 1516 2337 1582 dixit,
2386 1517 2510 1587 quia
2552 1526 2607 1571 et
2634 1516 2808 1587 angeli
2856 1517 2982 1571 mali
3031 1526 3195 1584 sunt,
3244 1520 3455 1575 dicente
3504 1522 3674 1576 David
3727 1524 3782 1577 in

2182 1608 2390 1677 psalmo
2412 1623 2571 1675 Lxxw
2599 1625 2613 1663 :
2652 1606 2919 1661 Vexabant
2957 1607 3075 1662 illos
3114 1625 3206 1679 per
3231 1609 3443 1679 angelos
3474 1610 3668 1665 malos.
3714 1610 3783 1666 Et

2185 1699 2432 1753 homines
2467 1697 2594 1751 mali
2632 1706 2794 1767 atque
2837 1697 3098 1753 increduli
3126 1718 3140 1753 :
3168 1699 3253 1754 bis
3297 1692 3668 1770 apostolorum
3699 1701 3782 1756 in-

500 1788 779 1863 ducantem
800 1824 903 1861 non
918 1803 1318 1876 judicet.(llom.
1349 1801 1483 1872 xw).
1506 1799 1794 1864 Iudicium,
1819 1796 2085 1852 confessio
2113 1789 2340 1860 Bjuritr
2389 1788 2782 1843 oblectamenta
2833 1796 2958 1844 sunt
2997 1807 3009 1841 :
3066 1791 3298 1846 mundus
3346 1800 3529 1847 autem
3577 1790 3784 1847 idcirco

498 1898 837 1968 paenitentis;
873 1898 925 1949 in
950 1910 1014 1949 eo
1041 1894 1183 1949 enim
1212 1892 1355 1961 quod
1384 1906 1442 1946 se
1467 1899 1702 1954 accusat,
1737 1898 1791 1943 et
1825 1888 1918 1942 Dei
1944 1886 2086 1956 judi-

500 1987 644 2043 cium
674 1986 877 2051 laudat,
904 2000 1091 2051 verum
1117 1982 1378 2053 judicium
1400 1990 1500 2035 est.
1532 1982 1607 2035 De
1628 1996 1732 2049 quo
1749 1978 1954 2048 judicio
1984 1978 2089 2031 Do-

502 2080 679 2134 minus
706 2094 803 2149 per
829 2077 1023 2131 Isaiam
1052 2076 1307 2144 loquitur,
1336 2074 1521 2128 dicens
1547 2089 1560 2127 :
1592 2071 1768 2125 Reduc
1800 2086 1879 2123 me
1907 2070 1960 2123 in
1987 2085 2090 2122 me-

501 2171 689 2232 moria,
712 2178 759 2223 et
774 2168 1076 2237 judicemur
1099 2163 1255 2219 simul
1286 2163 1419 2235 (Isa.
1461 2160 1614 2232 mit)
1638 2169 1732 2231 ;.et
1768 2160 1818 2214 in
1856 2158 1955 2213 Job
1979 2172 1992 2210 :
2019 2157 2090 2211 Et

503 2260 717 2330 dignum
746 2257 893 2311 ducis
923 2271 1079 2326 super
1112 2252 1415 2324 Itujusmodi
1447 2252 1650 2321 aperire
1684 2248 1858 2303 oculos
1884 2258 2020 2312 tuos,
2042 2256 2090 2300 et

504 2347 765 2402 adducere
814 2361 932 2398 eum
981 2353 1150 2397 tecum
1199 2343 1254 2395 in
1294 2340 1557 2411 judicium
1596 2339 1737 2411 (Job.
1781 2337 1922 2410 xw);
1957 2346 2009 2391 et
2036 2338 2091 2391 in

506 2436 765 2506 Apostolo
807 2453 823 2489 :
877 2434 1029 2500 Quod
1072 2434 1117 2486 si
1161 2433 1500 2501 nosmetipsos
1537 2431 1935 2499 judicaremus,
1987 2444 2092 2481 non

505 2528 681 2598 utique
715 2525 1084 2595 judicaremur
1125 2522 1181 2595 (Ι
1224 2522 1345 2581 Cor.
1372 2520 1471 2592 χι).
1516 2519 1783 2576 Judicium
1829 2534 2088 2590 querunt-

506 2619 629 2675 dam
688 2616 1034 2686 przesumptio
1098 2622 1153 2670 et
1206 2615 1272 2668 de
1332 2613 1545 2683 propria
1608 2629 1665 2668 se
1720 2611 2091 2666 extollentium

499 2690 708 2781 justitia
738 2747 752 2772 ,
796 2704 1012 2775 quibus
1073 2704 1365 2759 Dominus
1381 2719 1476 2774 per
1527 2702 1814 2758 Jeremiam
1864 2716 2089 2772 respon-

506 2799 584 2854 dit
632 2798 818 2852 dicens
850 2812 864 2849 :
895 2793 1032 2858 Quid
1082 2793 1233 2847 vultis
1272 2809 1472 2847 mecum
1502 2786 1708 2863 judicio
1748 2791 2095 2846 contendere?

503 2903 679 2943 omnes
723 2903 804 2940 me
852 2884 1201 2956 dereliquistis
1244 2884 1377 2956 (Jer.
1422 2884 1505 2955 ιι).
1555 2884 1810 2939 Inimicus
1851 2884 2093 2938 diabolus

499 2976 655 3048 juxta
701 2977 1008 3048 allegoriam
1046 2976 1384 3047 intelligitur,
1424 2974 1484 3029 ut
1530 2976 1583 3029 in
1618 2974 1908 3045 Evangelio
1937 2992 1948 3027 :
1980 2973 2093 3027 Ini-

504 3069 672 3121 micus
722 3068 875 3121 homo
916 3068 1011 3120 hoc
1065 3066 1181 3135 fecit
1222 3065 1435 3138 (Matth.
1479 3065 1621 3138 xm).
1651 3066 1882 3129 Inimici,
1922 3062 2091 3118 Judaei

505 3159 590 3212 vel
620 3158 879 3223 haeretici,
908 3168 968 3211 ut
992 3157 1046 3210 in
1071 3135 1291 3211 Michma
1318 3171 1331 3209 :
1359 3156 1569 3209 Inimici
1583 3135 1832 3218 hominis,
1860 3154 1964 3209 hoc
1987 3162 2087 3218 est,
2118 3135 2164 3198 C

504 3250 725 3314 Christi,
777 3250 1046 3304 domestici
1095 3250 1209 3319 ejus
1262 3248 1465 3320 (Mich.
1518 3248 1646 3319 vn).
1713 3249 2093 3315 Adversarius,

506 3356 687 3400 sermo
727 3343 957 3409 divinus,
988 3358 1051 3397 eo
1090 3342 1233 3412 quod
1274 3342 1578 3397 contrarius
1616 3342 1888 3396 contraria
1920 3340 2097 3395 homia

508 3451 636 3491 num
668 3435 935 3489 voluntati
954 3435 1250 3503 praecipiat,
1280 3443 1338 3488 ut
1374 3435 1426 3487 in
1454 3433 1744 3503 Evangelio
1773 3451 1785 3486 :
1818 3432 1946 3486 Esto
1974 3447 2096 3484 con-

505 3530 729 3583 sentiens
757 3527 1056 3580 adversario
1097 3536 1184 3579 tuo
1228 3527 1349 3590 cito,
1383 3526 1508 3578 dunt
1545 3541 1596 3578 es
1629 3540 1747 3577 cum
1789 3522 1880 3576 illo
1916 3523 1971 3574 in
2013 3522 2096 3575 via

508 3618 724 3690 (Matth.
758 3618 831 3689 v).
884 3618 1240 3671 Adversarius
1281 3616 1546 3681 diabolus,
1582 3626 1639 3669 ut
1680 3615 1732 3668 in
1783 3613 2043 3669 Zacharia
2078 3630 2091 3666 :

508 3709 575 3763 Et
618 3708 785 3764 Satan
828 3707 996 3761 stabat
1020 3725 1053 3759 a
1076 3707 1270 3760 dextris
1299 3706 1431 3775 ejus,
1459 3706 1534 3757 ita
1576 3713 1629 3757 ut
1659 3704 2023 3758 adversaretur
2049 3702 2098 3755 ei

507 3800 694 3873 (Zach.
745 3799 847 3869 ιιι).
887 3798 1130 3855 Crudelis
1162 3798 1426 3878 diabolus,
1469 3805 1529 3850 ut
1568 3797 1619 3849 in
1652 3795 1938 3849 Salomone
1968 3814 1979 3848 :
2016 3794 2097 3848 Ne

510 3895 598 3948 des
646 3892 851 3957 alienis,
893 3893 995 3947 hoc
1036 3902 1117 3945 est
1158 3891 1509 3954 daemonibus,
1554 3890 1802 3942 honorem
1844 3896 2011 3952 tuum,
2050 3896 2098 3940 et

508 4001 671 4039 annos
698 3995 812 4038 tuos
843 3982 1042 4037 crudeli
1070 3982 1250 4054 (Prov.
1278 3983 1354 4051 v).
1388 3982 1587 4044 Alieni,
1613 3980 1901 4046 dmmones,
1927 3977 2096 4034 Judaei

511 4074 622 4129 sive
652 4074 912 4139 lizcretici,
944 4082 1002 4128 ut
1050 4074 1103 4127 in
1152 4073 1359 4143 psalmo
1387 4090 1399 4125 :
1438 4071 1697 4137 Quoniam
1726 4069 1883 4124 alieni
1922 4070 2100 4123 insur-

509 4174 751 4218 rexerunt
783 4164 1055 4217 adversum
1090 4181 1169 4217 me
1203 4163 1375 4233 (Psal.
1408 4162 1546 4233 Lm).
1588 4162 1865 4226 Extranei,
1895 4162 2096 4221 daemo-

509 4270 627 4319 nes,
659 4263 716 4307 ut
747 4256 797 4307 in
838 4252 1160 4308 Salomone:
1203 4253 1283 4307 Ne
1329 4253 1460 4321 forte
1509 4252 1824 4322 impleantur
1859 4245 2099 4305 extranei

508 4346 701 4399 viribus
735 4346 861 4411 tuis,
894 4357 940 4398 et
969 4345 1172 4399 labores
1198 4346 1273 4399 tui
1304 4346 1407 4398 sint
1433 4347 1487 4397 in
1528 4346 1680 4398 domo
1710 4344 1882 4398 aliena
1913 4342 2095 4415 (Prov.

509 4436 584 4506 v).
620 4435 745 4499 Fur,
775 4435 1039 4499 diabolus,
1088 4446 1145 4490 ut
1188 4438 1239 4491 in
1292 4436 1468 4491 Osee:
1506 4436 1571 4489 Et
1612 4438 1699 4506 fur
1741 4437 1987 4507 spolians,
2019 4437 2098 4490 la-

512 4527 784 4581 trunculus
807 4528 935 4597 foris
960 4526 1103 4598 (Ose.
1129 4527 1247 4594 vn).
1275 4528 1556 4603 Latrones,
1574 4530 1862 4594 daemones,
1881 4531 1933 4582 in
1955 4530 2055 4585 Iob
2079 4546 2091 4582 :

514 4622 902 4679 Simulaverunt
958 4618 1135 4695 [simul
1178 4621 1442 4694 venerunt]
1471 4623 1699 4675 latrones
1726 4623 1857 4691 ejus,
1887 4631 1933 4676 et
1962 4624 2096 4692 fece-

513 4722 634 4767 runt
681 4713 779 4766 sibi
811 4714 945 4766 viam
970 4729 1062 4783 per
1098 4729 1178 4765 me
1207 4711 1327 4783 (Job
1358 4710 1493 4783 XIX).
1536 4712 1712 4766 Fures.
1747 4720 1802 4766 et
1840 4711 2093 4779 latrones,

512 4804 763 4860 haeretici-
784 4805 895 4859 sive
918 4803 1225 4858 Judaeorum
1251 4803 1519 4869 doctores,
1546 4802 1912 4873 inEvangelio
1936 4821 1949 4857 :
1978 4802 2097 4858 0m-

516 4912 624 4961 nes,
654 4905 899 4965 quotquot
930 4904 1193 4960 venerunt,
1227 4894 1367 4963 fures
1409 4904 1527 4948 sunt
1571 4904 1619 4954 et
1657 4895 1881 4949 latrones
1914 4894 2094 4967 (Joan.

515 4985 592 5059 χ).
622 4985 749 5049 Fur,
778 5001 923 5039 mors
951 5002 1017 5040 ex
1054 4976 1344 5055 improviso
1374 4986 1687 5050 adveniens,
1723 4994 1782 5038 ut
1822 4986 1877 5039 in
1921 4970 2098 5040 Evan-

517 5078 652 5148 gelio
678 5062 839 5131 {Hoc
868 5086 1065 5141 autent,
1083 5078 1494 5147 inquit,scitote,
1520 5079 1642 5149 quia
1674 5078 1719 5131 si
1747 5080 1898 5131 sciret
1924 5088 2095 5148 pater-

518 5166 747 5237 familias
774 5184 875 5237 qua
901 5168 1030 5221 hora
1059 5166 1146 5235 fur
1176 5168 1384 5233 veniret,
1414 5168 1646 5237 vigilaret
1692 5170 1888 5238 utique,
1914 5180 1959 5222 et
1992 5186 2094 5223 non

518 5262 705 5313 sineret
732 5259 934 5328 perfodi
962 5260 1170 5312 domum
1217 5278 1363 5313 suam
1393 5257 1606 5331 (Matth.
1630 5260 1799 5329 xxn').
1835 5260 1947 5313 Fur
1979 5262 2093 5316 dies

510 5351 717 5420 judicii,
751 5352 806 5404 in
828 5351 1085 5420 Apostolo
1116 5370 1127 5403 ε
1162 5352 1283 5406 Dies
1313 5352 1542 5421 Domini,
1570 5354 1703 5407 sicut
1727 5354 1815 5423 fur
1844 5355 1899 5407 in
1925 5364 2094 5421 nocte,

519 5442 594 5496 ita
620 5443 781 5496 veniet
811 5442 862 5515 (I
891 5441 1068 5498 Thess.
1091 5444 1167 5514 v).

1102 5532 1330 5589 CAPUT
1368 5533 1508 5589 XVI.

1091 5622 1165 5676 De
1193 5622 1537 5691 spcctaculis._
1844 5670 1846 5673 ,

595 5715 952 5789 Spectacula.
1006 5720 1066 5769 ut
1113 5714 1339 5784 opinor,
1388 5713 1710 5785 generaliter
1750 5714 2100 5771 nominantur

2190 1878 2481 1933 inﬁdelitas
2516 1878 2738 1946 dicitur,
2761 1879 2888 1948 quia
2915 1877 3149 1933 visibilia
3172 1879 3434 1949 sequitur.

2763 1990 2993 2046 CAPUT
3041 1990 3205 2045 XVII.

2728 2060 2806 2114 De
2838 2062 2963 2115 ludo
2991 2064 3251 2132 gymnico.

2261 2150 2558 2223 Gymnicus
2595 2150 2753 2205 ludus
2793 2158 2876 2205 est
2918 2151 3221 2207 velocitatis
3254 2166 3319 2206 ac
3358 2151 3555 2206 virium
3587 2151 3782 2223 gloria.

2193 2242 2357 2313 Cujus
2418 2243 2569 2297 locus
2621 2242 2955 2313 gymnasium
3010 2241 3245 2306 dicitur,
3315 2242 3407 2296 ubi
3462 2251 3787 2299 exercentur

2194 2335 2425 2397 athletae,
2479 2343 2533 2388 et
2579 2318 2861 2388 cursorum
2894 2332 3151 2387 velocitas
3193 2334 3603 2403 comprobatur.
3648 2333 3787 2389 Hinc

2192 2426 2387 2481 accidit
2413 2433 2472 2479 ut
2500 2426 2739 2481 omnium
2784 2439 2952 2495 prope
2982 2426 3181 2479 artium
3215 2427 3475 2481 exercitia
3503 2427 3786 2499 gymnasia

2194 2516 2461 2572 dicantur.
2504 2515 2644 2572 Ante
2674 2517 2817 2570 enim
2848 2517 2901 2571 in
2932 2516 3073 2572 ludis
3112 2525 3389 2573 certantes
3416 2519 3580 2573 cincti
3607 2527 3785 2586 erant,

2191 2623 2260 2661 ne
2307 2608 2821 2679 nudarenturzpost
2855 2607 3097 2664 relaxato
3139 2608 3351 2679 cingulo
3396 2621 3623 2681 repente
3654 2627 3785 2681 pro-

2194 2707 2396 2755 stratus
2420 2707 2474 2755 et
2508 2700 2849 2755 exanimatus
2883 2708 2966 2755 est
2992 2701 3210 2770 quidam
3249 2716 3476 2756 cursor:
3509 2717 3686 2771 quare
3722 2718 3786 2757 ex

2196 2790 2405 2845 consilii
2428 2792 2645 2845 decreto
2666 2791 2886 2845 archoni
2902 2791 3279 2861 Hippomenes,
3296 2801 3355 2847 ut
3375 2793 3505 2847 nudi
3530 2795 3787 2865 deinceps

2194 2881 2641 2948 exercitarentur,
2670 2882 2937 2952 permisit.
2962 2882 3041 2936 Ex
3068 2882 3157 2937 illo
3185 2883 3527 2955 gymnasium
3560 2885 3781 2950 dictum,

2194 2978 2336 3047 quod
2382 2976 2609 3046 juvenes
2643 2979 2773 3033 nudi
2807 2988 3131 3034 exercentur
3170 2980 3227 3035 in
3277 2995 3492 3052 campo,
3527 2982 3627 3038 ubi
3674 2985 3787 3041 Βοὴ

2194 3081 2401 3128 tantum
2423 3074 2727 3130 verecunda
2755 3074 3092 3143 operiuntur.

2753 3184 2981 3241 CAPUT
3023 3184 3204 3241 XVIII.

2584 3255 2662 3310 De
2699 3255 2970 3326 generibus
3007 3258 3388 3327 gymnicorum.

2268 3348 2477 3404 Genera
2504 3348 2880 3418 gymnicorum
2903 3348 3142 3417 quinque
3173 3357 3298 3409 sunt
3328 3364 3343 3402 :
3374 3349 3430 3405 id
3456 3358 3559 3415 est,
3595 3351 3789 3419 saltus,

2197 3455 2409 3505 cursus,
2452 3438 2652 3506 jactus,
2703 3439 2898 3503 virtus,
2937 3450 3101 3508 atque
3138 3439 3362 3496 luctatio
3392 3458 3405 3495 :
3438 3442 3581 3496 unde
3611 3442 3789 3499 ferunt

2196 3530 2485 3600 quemdam
2539 3544 2722 3599 regem
2773 3538 2853 3583 tot
2886 3529 3026 3584 tilios
3078 3529 3449 3586 adolescentes
3501 3531 3791 3589 habentem

2198 3623 2420 3679 totidem
2447 3622 2737 3694 generibus
2768 3622 2833 3677 de
2863 3636 3031 3693 regno
3053 3620 3281 3690 iussisse
3311 3623 3662 3680 contendere.

2786 3730 3012 3787 CAPUT
3054 3730 3192 3787 XIX.

2858 3802 2938 3856 De
2963 3801 3123 3856 saltu.

2270 3894 2451 3949 Saltus
2496 3894 2703 3959 dictus,
2756 3894 2910 3963 quasi
2939 3893 3162 3949 exsilire
3192 3894 3245 3948 in
3283 3894 3451 3951 altum
3483 3916 3495 3952 :
3531 3907 3617 3954 est
3648 3900 3790 3955 enim

2197 3986 2367 4043 saltus
2389 3986 2549 4057 altius
2580 3986 2799 4041 exsilire
2823 3987 2907 4041 vel
2927 3986 3156 4056 longius.
3185 3988 3365 4043 Saltus
3391 3992 3535 4046 enim
3564 3994 3791 4064 mystice

2196 4078 2499 4149 profectum
2527 4078 2789 4133 virtutum
2825 4077 3116 4148 signiﬁcat,
3141 4090 3210 4134 .ut
3246 4090 3329 4136 est
3362 4082 3493 4137 illud
3519 4085 3572 4138 in
3604 4084 3743 4140 Isaia
3773 4104 3786 4140 :

2202 4171 2345 4225 Tunc
2381 4170 2532 4246 saliet
2563 4169 2784 4224 claudus
2810 4170 2944 4223 sicut
2973 4187 3152 4225 cervus
3182 4171 3317 4241 (Isa.
3352 4175 3540 4245 xxxv).
3575 4174 3792 4231 Saltare

2200 4263 2329 4316 totis
2356 4258 2560 4315 viribus
2590 4261 2643 4313 in
2696 4261 2921 4315 Domino
2947 4263 3185 4332 gaudere
3220 4282 3232 4316 :
3267 4265 3405 4319 sicut
3436 4266 3489 4320 in
3522 4267 3664 4323 libro
3687 4268 3790 4329 Re-

2200 4367 2324 4422 gum
2365 4351 2429 4405 de
2457 4350 2625 4405 David
2663 4350 2860 4405 dicitur
2892 4370 2903 4403 :
2937 4351 3004 4405 Et
3049 4352 3257 4407 saltavit
3292 4371 3471 4410 coram
3519 4373 3646 4412 arca
3687 4359 3789 4413 Do-

2201 4443 2330 4495 mini
2362 4443 2483 4496 totis
2515 4441 2705 4496 viribus
2737 4442 2821 4514 (II
2852 4442 2980 4513 Reg.
3015 4443 3121 4512 vr);
3153 4454 3209 4499 et
3233 4445 3287 4498 in
3314 4446 3474 4501 aliain
3496 4458 3709 4518 partem
3736 4450 3789 4506 in

2200 4538 2490 4607 Evangelio
2521 4554 2534 4591 :
2569 4537 2907 4593 Cantavimus
2935 4538 3078 4594 vobis
3122 4540 3260 4595 tibiis
3288 4580 3307 4609 ,
3348 4553 3395 4597 et
3426 4560 3532 4599 non
3555 4546 3787 4603 saltastis

2201 4622 2354 4698 (Luc.
2395 4625 2511 4697 vn).

2799 4717 3026 4778 CAPUT
3067 4718 3183 4775 XX.

2835 4810 2917 4865 De
2944 4828 3123 4866 cursu.

2271 4903 2474 4960 Cursus
2506 4920 2536 4958 a
2571 4905 2858 4961 velocitate
2893 4920 3117 4960 crurum
3170 4914 3399 4961 vocatur
3450 4927 3463 4963 :
3512 4917 3595 4966 est
3642 4913 3786 4969 enim

2200 5011 2391 5050 cursus
2420 4996 2669 5051 celeritas
2706 4997 2922 5065 pedum.
2971 4995 3195 5067 Mystice
3244 5007 3423 5054 autem
3473 5014 3667 5058 cursus
3720 5005 3787 5060 ad

2200 5088 2488 5141 transitum
2536 5087 2824 5157 praesentis
2861 5086 2988 5141 vitae
3031 5088 3295 5156 pertinet,
3347 5090 3433 5144 vel
3473 5094 3787 5150 certaminis

2200 5192 2423 5247 agonem
2450 5192 2557 5245 quo
2586 5177 2783 5231 milites
2809 5176 3009 5232 Christi
3059 5178 3112 5231 in
3140 5179 3243 5233 hoc
3263 5181 3464 5236 mundo
3492 5182 3745 5239 laborant
3770 5204 3781 5238 :

2198 5268 2340 5322 unde
2381 5268 2509 5323 dicit
2534 5267 2823 5338 Apostolus
2855 5285 2867 5321 :
2909 5268 3135 5324 Nescitis
3160 5271 3298 5341 quod
3333 5273 3503 5344 lii-qui
3532 5276 3585 5328 in
3606 5278 3785 5332 studio

2200 5369 2439 5426 currunt,
2464 5376 2638 5414 omnes
2668 5344 2883 5431 quidem
2906 5371 3147 5428 currunt,
3176 5356 3426 5419 sed—unus
3447 5366 3643 5433 accipit
3666 5366 3786 5422 bra-

2099 5465 2104 5471 ·
2199 5449 2353 5502 vium.
2406 5446 2506 5503 Vos
2542 5450 2748 5520 quidem
2811 5451 2885 5505 sic
2950 5452 3181 5518 currite,
3223 5462 3282 5510 ut
3335 5455 3785 5524 comprehendatis

2202 5537 2253 5607 (I
2281 5538 2400 5593 Cor.
2432 5537 2530 5611 IX),
2562 5540 2665 5594 hoc
2692 5548 2775 5594 est
2801 5580 2815 5607 ,
2843 5547 2902 5625 ut
2930 5540 3165 5611 palmam
3194 5541 3436 5597 victoria:
3473 5552 3531 5600 et
3565 5543 3787 5615 plerum

2200 5631 2506 5687 mercedem
2542 5630 2741 5687 laboris
2765 5633 2930 5688 vestri
2959 5631 3258 5702 accipiatis.
