3922 6382
218 402 313 463 549

784 510 1011 568 CAPUT
1048 508 1190 565 XXI.

837 602 915 656 De
942 602 1113 671 jactu.

283 699 455 755 lactus
487 696 667 752 dictus
695 709 726 748 a
751 692 1031 761 iaciendo;
1066 690 1206 745 unde
1232 696 1287 744 et
1312 689 1640 759 piscatorum
1675 686 1790 735 rete

217 791 434 863 iaculum
464 786 684 843 dicitur.
717 785 854 840 Huic
883 785 987 838 arti
1016 798 1147 837 usus
1175 790 1260 836 est
1306 786 1555 848 acceptos
1586 773 1792 844 lapides

224 880 393 954 procul
429 876 615 941 ferire,
649 875 833 930 hastas
858 876 1096 944 pondere
1125 871 1318 927 librato
1340 869 1539 939 jacere,
1568 864 1791 935 sagittas

225 988 341 1031 arcu
365 971 635 1026 emittere.

778 1055 1006 1113 CAPUT
1044 1054 1208 1111 XXII.

849 1148 925 1203 De
953 1150 1158 1204 virtute.

288 1248 462 1303 Virtus
488 1252 570 1300 est
599 1244 937 1299 immensitas
976 1242 1195 1305 virium,
1241 1238 1295 1293 in
1347 1235 1535 1292 labore
1569 1241 1625 1289 et
1663 1248 1796 1304 pon-

228 1340 342 1393 dere
371 1336 633 1406 corporis.
663 1335 846 1389 Virtus
894 1333 1131 1404 pertinet
1165 1330 1233 1384 ad
1274 1327 1592 1382 exercitium
1640 1324 1799 1394 spiri-

225 1429 341 1493 tale,
379 1438 437 1495 ut
463 1427 759 1482 virtutibus
792 1426 1094 1486 vincamus,
1128 1420 1257 1474 vitia
1284 1432 1621 1488 superemus.

783 1533 1010 1590 CAPUT
1052 1530 1236 1585 XXIII.

809 1604 886 1659 De
913 1604 1217 1658 luctatione.

289 1698 532 1755 Luctatio
561 1714 591 1752 a
617 1696 849 1751 laterum
874 1693 1157 1763 complexu
1185 1700 1396 1754 vocata,
1417 1690 1612 1759 quibus
1639 1687 1806 1743 comi-

225 1806 319 1845 nus
370 1796 644 1843 certantes
693 1785 998 1840 innituntur
1033 1801 1047 1836 :
1089 1783 1183 1852 qui
1219 1780 1406 1836 Graeca
1450 1779 1805 1849 appellatione

1148 394 1238 451 DE
1273 387 1622 453 UNIVERSO
1656 380 1835 442 LIBRI
1870 377 2035 439 XXII.
2073 406 2146 419 —
2182 376 2311 433 LIB.
2356 374 2470 429 XX.

1814 498 1867 557 Α
1895 493 1967 546 ita
2005 490 2154 547 omni
2184 489 2546 544 sollicitudine
2587 501 2650 541 ac
2675 484 2915 551 tristitia,
2950 485 3286 566 negotiisque
3313 500 3484 541 saecu-

3373 367 3481 426 550

1894 584 2117 648 laribus,
2150 580 2345 635 allectu
2388 582 2549 635 etiam
2586 588 2640 634 et
2694 594 2859 650 opere
2884 576 3151 649 conjugali
3181 578 3487 634 elliciuntur

1893 675 2053 735 alieni
2089 684 2189 730 :ut
2218 682 2418 743 praeter
2445 673 2767 729 exercitium
2813 670 3113 741 disciplinae
3158 670 3292 725 nihil
3339 670 3487 725 aliud

1893 768 2162 833 noverint,
2188 780 2289 820 nec
2310 763 2403 818 ulli
2429 765 2687 819 mundiali
2711 780 2856 818 cura:
2876 764 3093 833 penitus
3122 763 3484 831 implicentur:

1893 858 1961 913 ab
1987 871 2052 912 eo
2093 864 2300 910 tantum
2332 895 2347 921 ,
2394 855 2485 924 qui
2534 854 2819 909 certamini
2864 854 3117 923 prmsidet
3149 895 3162 919 ,
3205 863 3490 922 sperantes

1894 946 2191 1019 quotidiani
2232 946 2408 1000 victus
2457 943 2841 1010 substantiam,
2879 953 2934 999 et
2976 960 3189 1011 corona:
3214 945 3443 1015 gloriam
3475 985 3489 1011 ,

1894 1037 2270 1107 coudiguaque
2298 1036 2520 1106 praemia
2553 1035 2795 1089 victoriae
2825 1034 2982 1089 laude
3010 1035 3350 1103 conquirere.
3386 1034 3493 1088 Ita-

1898 1141 2006 1199 que
2048 1127 2094 1181 Si
2133 1128 2321 1197 agonis
2369 1125 2658 1181 mundialis
2708 1116 3058 1196 intelligimus
3105 1125 3446 1195 disciplinam
3477 1167 3493 1193 ,

1899 1216 2052 1287 cujus
2080 1216 2329 1287 exemplo
2377 1217 2567 1271 beatus
2597 1215 2873 1285 apostolus
2911 1230 3009 1268 nos
3037 1214 3211 1269 voluit
3245 1215 3487 1281 erudire,

1901 1308 2057 1363 docet
2082 1316 2281 1378 quanta
2312 1307 2559 1361 custodia
2602 1306 2733 1375 quid
2776 1310 2885 1358 nos
2936 1305 3225 1359 conveniat
3271 1303 3495 1358 facere:

1899 1414 2006 1469 qua
2036 1400 2269 1469 puritate
2286 1408 2537 1468 oporteat
2566 1397 2841 1453 custodire
2868 1397 3040 1451 nostri
3064 1398 3311 1467 corporis
3334 1406 3500 1467 atque

1902 1490 2097 1543 animae
2123 1490 2464 1553 castitatem,
2495 1504 2630 1557 quos
2662 1502 2883 1542 necesse
2909 1496 2993 1541 est
3026 1486 3268 1555 quotidie
3314 1501 3503 1540 sacro-

1904 1581 2109 1636 sanctis
2136 1581 2259 1650 agni
2294 1582 2549 1634 carnibus
2574 1579 2740 1634 vesci.
2782 1578 2937 1645 Quod
2966 1578 3107 1632 enim
3146 1577 3221 1630 illi
3268 1577 3324 1630 in
3383 1591 3503 1632 cor-

1904 1674 2053 1744 poris
2089 1674 2329 1743 puritate
2359 1673 2581 1742 cupiunt
2621 1674 2860 1742 assequi,
2902 1688 3003 1728 nos
3043 1672 3305 1728 debemus
3338 1673 3503 1727 etiam

1908 1765 1963 1818 in
1993 1764 2175 1819 cordis
2196 1763 2531 1818 conscientia
2568 1764 2867 1833 possidere.
2907 1764 2965 1817 In
2996 1779 3103 1833 qua
3134 1764 3395 1819 Dominus
3420 1778 3505 1817 ar-

226 1868 432 1936 atliletce
454 1888 741 1934 vocantur.
786 1878 921 1931 Nam
961 1884 1015 1930 et
1067 1851 1289 1929 luctatio
1319 1882 1504 1928 nostra
1543 1872 1802 1942 spiritalis

1929 1856 2047 1910 liter
2070 1865 2231 1924 atque
2258 1854 2524 1923 agontlica
2551 1851 2927 1926 [agonotheta]
2971 1855 3236 1919 residens,
3264 1871 3505 1927 pugnam

224 1981 318 2036 est,
351 1987 457 2025 non
509 1969 744 2025 carnalis
772 1988 784 2022 :
820 1969 944 2039 quia
965 2008 999 2035 ,Α
1028 1972 1166 2022 teste
1210 1965 1469 2037 Apostolo
1516 1964 1674 2036 (Eph.
1705 1964 1804 2030 vi),

225 2078 325 2117 non
358 2068 441 2117 est
470 2060 629 2115 nobis
657 2059 967 2114 colluctatio
1007 2059 1269 2111 adversus
1304 2070 1522 2110 carnem
1577 2064 1633 2108 et
1686 2069 1809 2107 san-

222 2155 430 2226 guinem
462 2168 475 2203 :
516 2151 611 2205 sed
649 2133 908 2205 adversus
936 2148 1207 2220 principes
1246 2154 1301 2201 et
1344 2153 1675 2216 potestates,
1711 2143 1809 2197 ad-

226 2260 405 2300 versus
436 2242 625 2298 mundi
662 2250 901 2297 rectores
940 2240 1288 2301 tenebrarum
1331 2240 1522 2294 barum
1553 2278 1568 2303 ,
1622 2247 1812 2293 contra

222 2337 478 2409 spiritalia
516 2335 769 2406 nequitiae
802 2335 859 2390 in
888 2333 1220 2389 ccelestibus.

786 2445 1014 2503 CAPUT
1053 2444 1242 2499 XXIV.

829 2517 905 2570 De
932 2516 1198 2587 palaestra.

292 2611 467 2667 Locus
515 2618 699 2665 autem
737 2608 1047 2664 luctationis
1102 2606 1352 2676 palaestra
1392 2604 1607 2660 dicitur.
1646 2604 1815 2659 Palic-

226 2711 392 2757 stram
438 2711 625 2756 autem
665 2699 751 2754 vel
779 2690 879 2769 apo
926 2708 1004 2775 tes
1051 2696 1218 2768 pales,
1250 2696 1302 2750 id
1330 2697 1472 2750 est'a
1500 2694 1816 2760 luctatione,

227 2794 306 2849 vel
332 2810 432 2863 apo
466 2802 560 2847 tou
582 2790 799 2863 pallein,
826 2791 879 2845 id
900 2799 1001 2854 est,
1028 2804 1058 2843 a
1091 2797 1240 2843 motu
1270 2788 1439 2842 ruinae
1464 2786 1619 2843 fortis
1647 2788 1821 2842 nomi—

226 2893 408 2941 natam
440 2884 633 2939 dicunt
661 2901 674 2936 :
701 2881 911 2938 scilicet
934 2881 1075 2951 quod
1104 2881 1157 2937 in
1186 2880 1440 2935 luctando
1462 2894 1585 2933 cum
1615 2880 1822 2934 medios

225 2976 508 3046 arripiant,
562 2974 676 3029 fere
704 2974 976 3044 quatiunt,
1004 2958 1167 3042 idQue
1196 2970 1335 3041 apud
1362 2968 1581 3025 Graecos
1624 2969 1824 3040 pallein

229 3076 474 3121 vocatur.

803 3153 1031 3212 CAPUT
1071 3152 1237 3207 XXV.

876 3248 956 3303 De
994 3265 1180 3319 agone.

292 3341 424 3410 Quae
474 3341 661 3397 Latini
704 3342 1027 3405 certamina,
1070 3339 1247 3395 Graeci
1296 3354 1498 3410 agonas
1527 3344 1747 3404 vocant,
1797 3350 1830 3390 a

224 3432 535 3504 frequentia
564 3436 670 3503 qna
699 3432 1047 3487 celebrantur
1081 3450 1093 3485 :
1129 3432 1395 3501 siquidem
1453 3447 1673 3486 onmem
1720 3444 1831 3485 ca:-

225 3536 334 3582 tum
383 3536 553 3596 atque
604 3532 926 3579 conventum
979 3539 1147 3595 agona
1202 3522 1328 3577 dici.
1380 3522 1524 3589 Alii,
1580 3522 1724 3591 quod
1776 3521 1831 3575 in

222 3616 440 3671 circulis
480 3624 541 3670 et
570 3615 728 3685 quasi
771 3614 975 3683 agonis,
1013 3614 1067 3668 id
1118 3620 1229 3675 est,
1280 3612 1397 3667 sine
1430 3612 1626 3681 angulo
1674 3610 1847 3678 locis,.

222 3706 543 3771 ederentur,
581 3714 920 3775 nuncupatos
949 3718 1153 3775 agonas
1178 3711 1387 3772 putant.

808 3815 1036 3871 CAPUT
1082 3812 1271 3867 XXVI.

710 3885 789 3940 De
817 3888 1090 3957 generibus
1116 3901 1362 3955 agonum.

298 3981 559 4050 Agonum
597 3993 798 4049 genera
830 3988 961 4033 sunt
1001 3979 1115 4031 inec
1166 3995 1177 4030 :
1213 3979 1552 4034 immensitas
1592 3980 1834 4047 virium,

223 4086 420 4128 cursus
448 4070 733 4135 celeritas,
772 4068 1067 4140 sagittandi
1098 4068 1313 4137 peritia,
1339 4070 1529 4124 standi
1548 4072 1834 4141 patientia,

224 4164 289 4218 ad
320 4163 597 4219 citharam
626 4176 847 4232 quoque
875 4160 1036 4214 tibias
1074 4159 1364 4215 incedendi
1389 4168 1593 4232 gestus,
1623 4164 1689 4217 de
1716 4177 1835 4217 mo-

222 4253 379 4308 ribus
407 4238 656 4324 quoque,
716 4252 785 4305 de
831 4252 1026 4317 forma,
1059 4252 1124 4305 de
1157 4252 1410 4307 cantandi
1446 4252 1835 4321 modulatione,

223 4335 517 4400 terrestris
545 4358 767 4415 quoque
794 4342 942 4406 belli,
986 4351 1042 4396 et
1079 4342 1289 4397 navalis
1311 4344 1503 4412 praelii,
1528 4347 1836 4416 perpetien-

222 4436 548 4506 dorumque
575 4435 960 4503 suppliciorum
989 4434 1313 4488 certamina.
1349 4434 1426 4489 De
1456 4451 1625 4506 agone
1659 4446 1839 4491 autem

219 4527 519 4581 mundano
555 4524 844 4593 Apostolus
896 4524 1123 4592 sumpsit
1172 4524 1477 4593 exemplum
1516 4527 1582 4580 ad
1612 4508 1839 4599 agOncm

220 4615 551 4686 spiritalem
587 4632 599 4667 :
631 4614 865 4669 dicens:
913 4612 1097 4668 Omnis
1146 4625 1324 4668 autem
1361 4655 1375 4681 ,
1424 4617 1513 4687 qui
1571 4618 1625 4670 in
1674 4636 1841 4689 agone

217 4708 535 4771 contendit,
555 4706 619 4759 ab
637 4706 877 4760 omnibus
904 4724 957 4760 se
972 4707 1216 4768 abstinet,
1238 4718 1284 4762 et
1301 4707 1379 4760 illi
1396 4708 1627 4779 quidem,
1654 4720 1708 4763 ut
1725 4727 1842 4764 cor-

228 4798 545 4869 ruptibilem
569 4814 819 4852 coronam
842 4799 1100 4868 accipiant
1117 4814 1135 4850 .'
1154 4816 1246 4853 nos
1263 4810 1439 4853 autem
1454 4801 1837 4871 incorruptam,

227 4901 336 4949 etc.
358 4890 408 4962 (Ι
430 4888 564 4944 Cor.
584 4890 683 4961 ix).
698 4890 953 4958 Aquibus
975 4892 1228 4946 omnibus
1249 4892 1465 4957 dixerit,
1482 4892 1840 4962 inquiramus,

228 4992 291 5038 ut
317 4982 505 5059 possit
545 4980 702 5035 nobis
745 4980 1004 5050 Spiritalis
1034 4982 1221 5051 agonis
1251 4982 1539 5038 instructio
1562 4998 1845 5055 compara-

229 5076 387 5133 tione
434 5073 680 5130 carnalis
710 5072 939 5143 acquiri.
972 5073 1052 5128 llli
1078 5075 1299 5141 etenim,
1332 5075 1424 5146 qui
1454 5076 1509 5130 in
1540 5076 1644 5132 hoc
1671 5088 1843 5146 agone

226 5168 440 5224 visibili
494 5166 718 5221 student
758 5166 997 5237 legitime
1032 5167 1329 5234 decertare,
1362 5168 1547 5224 utendi
1592 5170 1845 5227 omnibus

228 5262 402 5326 escis,
436 5272 583 5329 quas
624 5256 881 5312 desiderii
927 5256 1092 5311 libido
1128 5258 1480 5327 suggesserit,
1513 5275 1620 5314 non
1645 5260 1846 5315 habent

231 5352 568 5409 facultatem
602 5364 616 5403 :
651 5350 746 5406 sed
772 5349 880 5403 illis
916 5350 1308 5415 tantummodo,
1354 5366 1491 5420 quas
1532 5353 1846 5408 eorumdem

233 5445 617 5503 certaminum
647 5443 840 5498 statuit
865 5442 1171 5512 disciplina.
1218 5443 1284 5495 Et
1326 5457 1431 5497 non
1468 5444 1639 5498 solum
1677 5446 1845 5501 inter-

235 5542 406 5597 dictis
435 5539 589 5595 escis
617 5548 673 5593 et
719 5537 1001 5603 ebrietate,
1039 5537 1295 5606 omnique
1345 5538 1563 5606 crapula
1606 5555 1699 5595 eos
1757 5556 1852 5596 nea

239 5649 400 5701 nesse
439 5642 531 5687 est
562 5633 873 5686 abstinere:
899 5645 1084 5683 verum
1126 5632 1290 5683 etiam
1338 5641 1533 5685 cuncta
1580 5634 1775 5687 inertia
1798 5642 1853 5686 et

239 5725 360 5781 otio
390 5732 568 5791 atque
606 5721 837 5786 desidia,
886 5729 942 5774 ut
990 5720 1325 5790 quotidianis
1364 5722 1661 5784 exercitiis,
1709 5723 1850 5792 μεςί-

241 5830 354 5889 que
378 5814 746 5871 meditatione
772 5814 945 5867 virtus
973 5826 1159 5869 eorum
1204 5812 1373 5883 possit
1409 5827 1722 5868 accrescere
1752 5829 1764 5865 :
1798 5820 1852 5867 et

1910 1961 2099 2002 cursus
2123 1955 2286 2015 atque
2306 1944 2620 1999 certaminis
2652 1946 2824 2001 nostri
2842 1944 3046 2017 jugiter
3074 1956 3357 2017 exspectat
3404 1966 3416 2001 :
3450 1956 3511 2003 ut

1910 2052 1995 2102 ea,
2043 2052 2163 2106 quae
2209 2037 2265 2089 in
2301 2035 2587 2106 propatulo
2632 2037 2920 2093 horremus
2956 2038 3245 2093 admittere
3270 2079 3285 2104 ,
3332 2055 3400 2094 ne
3435 2040 3514 2094 in-

1916 2130 2189 2185 trinsecus
2218 2129 2435 2199 quidem
2488 2129 2869 2186 concalescere
2898 2110 2954 2185 in
2980 2139 3137 2186 cauta
3182 2133 3515 2203 cogitatione

1912 2221 2221 2293 patiamur:
2253 2230 2308 2275 et
2345 2220 2397 2273 in
2436 2220 2635 2291 quibus
2665 2222 2905 2276 humana
2933 2224 3261 2293 cogitatione
3287 2223 3515 2280 confun-

1916 2312 2129 2378 dimur,
2186 2328 2255 2366 ne
2290 2310 2505 2366 occulta
2537 2311 2759 2382 quidem
2811 2294 3251 2383 concupiscentia
3306 2314 3518 2383 pollua-

1917 2418 2058 2456 mur.
2089 2402 2219 2470 Quae
2247 2402 2374 2458 licet
2396 2403 2568 2472 possit
2596 2403 2875 2458 hominum
2920 2404 3200 2473 praeterire
3241 2404 3515 2471 notitiam,

1919 2502 2231 2548 sanctorum
2266 2503 2448 2548 tamen
2477 2494 2814 2565 angelorum,
2834 2484 3111 2564 ipsiusque
3132 2496 3519 2565 omnipotentis

1921 2585 2015 2639 Dei
2044 2585 2327 2639 scientiam
2355 2586 2501 2639 nulla
2531 2585 2935 2657 subter-fugiunt
2962 2590 3192 2653 Secreta,
3224 2602 3325 2641 nec
3349 2588 3522 2643 latere

1920 2684 2191 2746 poterunt.
2248 2676 2315 2729 Et
2366 2677 2420 2731 in
2465 2678 2570 2732 hoc
2607 2677 2834 2731 multum
2873 2678 3059 2747 dispar
3092 2678 3291 2733 donum
3316 2685 3424 2746 est,
3457 2692 3525 2735 ac

1922 2781 2019 2837 per
2049 2767 2151 2821 hoc
2180 2766 2548 2836 diligentiores
2576 2784 2676 2823 nos
2717 2783 2837 2823 esse
2866 2768 3147 2834 debemus,
3176 2770 3373 2840 quibus
3414 2783 3526 2827 non

1924 2858 2156 2913 terrenis
2184 2868 2238 2913 et
2262 2848 2728 2915 inareescentibus
2757 2858 2999 2925 floribus,
3030 2861 3124 2916 sed
3151 2862 3369 2918 aeternis
3392 2878 3522 2917 con-

1926 2960 2069 3006 serta
2111 2952 2363 3023 gemmis,
2414 2953 2469 3007 in
2498 2954 2719 3013 modum
2748 2954 2950 3024 regalis
2976 2954 3319 3023 diadematis,
3359 2956 3523 3027 spiri-

1929 3042 2053 3099 talis
2079 3053 2282 3099 comna
2306 3053 2575 3099 servatur.

2488 3136 2719 3193 CAPUT
2760 3135 2992 3219 xxvun

1855 3206 1900 3268 C
2432 3228 2513 3283 De
2544 3229 2684 3283 ludis
2710 3206 3048 3284 circensibus.

2003 3319 2141 3375 Ludi
2190 3320 2461 3375 circenses
2503 3335 2783 3375 sacrorum
2824 3338 2986 3376 causa
3036 3337 3101 3375 ac
3148 3322 3373 3377 deorum
3406 3340 3536 3395 gen-

1933 3414 2111 3471 tilium
2150 3414 2608 3470 celebrationibus
2656 3417 2890 3472 instituti
2944 3427 3115 3473 sunt:
3160 3420 3302 3473 unde
3345 3428 3400 3474 ct
3440 3422 3531 3491 qui

1937 3524 2030 3565 eos
2080 3518 2438 3580 exspectant,
2500 3510 2810 3565 daemonum
2856 3509 3091 3565 cultibus
3142 3512 3411 3568 inservire
3456 3515 3534 3569 vi-

1937 3602 2154 3658 dentur.

2471 3692 2698 3749 CAPUT
2737 3694 2976 3751 XXVIII.

2595 3787 2674 3842 De
2701 3789 2873 3843 circis.

2006 3879 2067 3932 In
2096 3878 2262 3945 circo,
2292 3880 2434 3936 unde
2461 3881 2790 3936 emittuntur
2813 3883 2962 3952 equi,
3006 3897 3256 3940 carceres
3282 3885 3538 3943 dixerunt

1939 3972 2007 4027 ab
2054 3987 2118 4027 ea
2174 3988 2253 4039 re,
2307 3989 2414 4045 qua
2444 3982 2498 4029 et
2534 3973 2623 4029 ille
2654 3988 2863 4038 carcer,
2911 3974 3003 4044 qui
3051 3984 3141 4030 est
3181 3976 3236 4031 in
3273 3977 3534 4035 civitate:

1940 4062 2087 4131 quod
2126 4062 2269 4118 sicut
2296 4064 2371 4119 ibi
2416 4065 2668 4119 homines
2720 4064 2962 4119 damnati
3009 4073 3173 4135 atque
3214 4067 3429 4134 inclusi,
3461 4070 3536 4125 ita

1939 4151 2029 4207 hic
2053 4154 2175 4222 equi
2208 4166 2549 4223 coercentur,
2600 4171 2667 4209 ne
2718 4166 2954 4221 exeant,
2996 4166 3290 4228 antequam
3324 4161 3540 4231 signum

1942 4246 2212 4301 emittant.
2242 4247 2448 4303 Carcer
2477 4256 2658 4302 autem
2681 4248 3001 4319 spiritaliter
3024 4264 3243 4319 poenam
3271 4252 3543 4324 signiﬁcat

1941 4350 2264 4415 praesentem
2320 4340 2406 4395 vel
2453 4340 2689 4394 futuram
2724 4359 2737 4395 :
2785 4350 2843 4395 ut
2877 4351 2961 4396 est
3010 4342 3140 4396 illud
3175 4343 3481 4401 Psalmistae
3523 4365 3536 4400 :

1944 4436 2113 4497 Educ,
2152 4433 2329 4503 inquit
2359 4474 2373 4498 ,
2424 4432 2489 4486 de
2514 4448 2722 4487 carcere
2776 4435 3010 4487 animam
3055 4451 3246 4503 meam,
3279 4437 3348 4491 ad
3376 4440 3541 4510 conﬁ-

1945 4526 2158 4581 tendum
2178 4523 2390 4577 nomini
2426 4532 2516 4576 tuo
2568 4520 2741 4595 (Psal.
2774 4522 2941 4594 CXLI).
2973 4524 3073 4579 llic
3105 4538 3381 4582 carcerem
3441 4530 3543 4585 du-

1947 4620 2073 4692 plici
2098 4620 2258 4673 modo
2287 4608 2523 4688 majores
2560 4616 2862 4689 intelligere
2900 4616 3331 4674 voluerunt:aut
3360 4622 3547 4678 saeculi

1947 4711 2106 4766 istius
2133 4707 2377 4779 poenales
2424 4709 2699 4778 angustias
2722 4748 2735 4771 ,
2770 4724 2905 4777 quas
2939 4709 3179 4779 patimur
3206 4711 3261 4765 in
3293 4711 3398 4766 isto
3426 4728 3549 4768 cor-

1947 4820 2077 4875 pore
2109 4801 2390 4857 constituti
2434 4818 2447 4853 :
2491 4809 2583 4853 aut
2636 4801 2809 4871 magis
2843 4800 3119 4856 custodias
3156 4801 3375 4869 inferni,
3411 4818 3547 4873 quas

1950 4895 2178 4951 evadere
2211 4908 2318 4947 non
2349 4892 2474 4947 licet
2506 4892 2625 4961 lege
2653 4891 3010 4947 humanitatis
3044 4892 3291 4949 inﬁrmae.
3348 4896 3551 4951 Carcer

1951 4988 2097 5043 enim
2126 4987 2301 5041 dictus
2330 4992 2436 5051 est,
2475 4985 2630 5055 quasi
2673 5000 2869 5041 arcer:
2917 5001 2983 5040 eo
3021 4983 3165 5053 quod
3196 5000 3226 5039 a
3264 5000 3323 5040 se
3361 4995 3548 5041 arceat

1954 5081 2106 5135 exire
2135 5077 2443 5134 conclusos.
2476 5077 2581 5132 Sed
2611 5094 2707 5131 cur
2742 5092 2800 5132 se
2826 5076 2892 5132 de
2920 5076 3025 5131 isto
3060 5091 3283 5131 carcere
3316 5076 3552 5133 liberare

1957 5172 2313 5236 desideraret,
2339 5157 2503 5225 causa
2535 5170 2882 5240 subsequitur
2913 5183 2927 5221 :
2959 5168 3040 5221 Ad
3072 5168 3427 5237 conﬁtendum
3460 5188 3553 5225 no-

1956 5264 2083 5317 mini
2111 5273 2221 5317 tuo.
2252 5262 2403 5317 Tune
2432 5263 2578 5317 enim
2624 5278 2653 5317 a
2700 5262 2908 5316 cunctis
2956 5260 3209 5317 ﬁdelibus
3248 5261 3397 5317 Patri
3418 5279 3551 5319 con-

1958 5355 2123 5411 fessio
2169 5356 2345 5411 laudis
2374 5352 2680 5419 exhibetur,
2708 5353 2924 5423 quando
2962 5368 3086 5407 eum
3136 5354 3553 5413 resurrectionis

1961 5449 2226 5504 miraculo
2256 5447 2323 5503 de
2351 5445 2547 5501 inferni
2579 5457 2803 5501 carcere
2832 5452 3044 5498 constat
3079 5446 3356 5500 eductum.

2529 5535 2755 5591 CAPUT
2794 5534 2988 5589 XXIX.

2602 5627 2678 5681 De
2711 5626 2931 5694 aurigis.

2030 5721 2134 5773 Ars
2171 5720 2336 5785 circi,
2384 5719 2567 5788 auriga
2620 5725 2675 5771 et
2708 5731 2923 5781 currus,
2954 5717 3168 5786 equites
3189 5718 3302 5773 sive
3324 5719 3556 5787 peditis.

1958 5814 2158 5883 Auriga
2187 5811 2406 5881 proprie
2438 5811 2645 5877 dictus,
2678 5809 2823 5879 quod
2870 5825 3088 5868 currum
3117 5808 3238 5882 agat
3277 5822 3332 5867 ct
3375 5818 3553 5884 regat,
