3918 6334
210 367 312 427 ΒἙ

1146 374 1233 428 DE
1272 373 1620 431 UNIVERSO
1659 373 1835 427 LIBRI
1882 371 2039 425 XXII.
2082 402 2147 411 -——
2188 370 2314 425 LIB.
2360 369 2476 425 XX.

3369 367 3475 426 553i

212 494 331 540 runt
366 499 380 537 :
414 493 589 541 totum
660 488 804 538 enim
863 482 1011 537 illum
1057 484 1305 539 diabolus
1356 495 1411 541 et
1463 486 1637 557 angeli
1677 486 1793 556 ejus
1821 488 1868 545 A
1899 483 2113 548 theatri,
2162 499 2282 538 cum
2314 484 2696 551 amphitheatri
2738 484 3072 548 crudelitate,
3124 499 3243 538 cum
3274 486 3473 543 atroci-

211 576 571 646 repleverunt.
605 575 857 631 Attamen
898 576 953 629 in
985 574 1309 647 Apocalypsi
1355 578 1603 647 legimus,
1647 580 1793 648 quod

210 667 522 737 apparuerit
562 664 756 723 Joanni
796 682 965 737 equus
989 666 1165 733 albus,
1194 668 1367 736 rufus,
1396 671 1570 740 niger,
1603 678 1657 726 et
1685 670 1793 739 pal-

208 756 348 812 lidus
379 775 392 811 :
428 772 661 827 quorum
691 758 979 813 diversitas
1013 758 1311 829 spiritalem
1359 762 1551 830 quaerit
1600 761 1795 815 intelli-

208 848 465 917 gentiam.
516 848 671 904 Unde
726 862 899 917 equus
953 846 1107 904 albus
1163 848 1433 920 signiﬁcat
1494 850 1792 905 Ecclesiam

208 951 372 1005 super
405 937 585 993 nivem
616 937 787 1006 gratia
815 936 1119 991 dealbatam
1150 955 1163 991 :
1196 938 1370 1009 Super
1394 955 1546 1010 quem
1585 939 1794 995 sedebat

207 1026 315 1092 ille,
342 1028 431 1097 qui
455 1026 676 1081 habebat
724 1043 927 1093 arcum,
972 1027 1055 1079 cui
1100 1038 1148 1080 et
1200 1027 1325 1080 data
1366 1037 1443 1082 est
1490 1038 1795 1083 corona:et

206 1118 363 1172 exivit
402 1120 611 1173 vincens
638 1159 652 1183 ,
696 1128 754 1171 ut
792 1119 1011 1173 vinceret
1043 1119 1226 1191 (Apoc.
1258 1118 1366 1192 v1);
1409 1121 1551 1190 quod
1582 1121 1794 1175 Domini

207 1223 368 1278 supra
416 1206 717 1263 Ecclesiam
770 1206 963 1263 sedens
1012 1208 1272 1277 spiritalis
1322 1210 1582 1264 doctrinm
1608 1219 1794 1265 contra

208 1297 404 1368 impios
428 1312 579 1352 arma
610 1296 791 1353 ferens
824 1297 1107 1353 victoriam
1134 1298 1259 1354 suis
1309 1299 1556 1368 percipit.
1614 1300 1796 1368 Equus

207 1401 388 1444 autem
412 1389 583 1456 rufus,
616 1405 777 1462 super
803 1404 965 1459 quem
983 1389 1207 1445 sedebat
1235 1390 1345 1455 ille,
1372 1391 1464 1460 qui
1496 1399 1799 1460 sumpserat

205 1494 398 1549 pacem
429 1480 494 1535 de
526 1488 669 1536 terra
698 1521 712 1546 ,
745 1478 1015 1550 signiﬁcat
1060 1479 1313 1548 populum
1361 1481 1643 1535 sinistrum
1668 1522 1681 1547 ,
1731 1497 1797 1536 ex

208 1586 424 1627 sessore
472 1587 571 1626 suo
626 1570 837 1627 diabolo
885 1570 1355 1641 sanguinolentum
1386 1612 1401 1637 ,
1448 1571 1534 1625 cui
1586 1586 1800 1642 semper

207 1661 482 1718 discordia
511 1662 709 1734 placet.
742 1663 927 1733 Equus
970 1678 1099 1718 vero
1128 1664 1301 1732 niger,
1336 1678 1500 1733 super
1525 1678 1683 1732 quem
1714 1678 1799 1717 se-

208 1755 391 1821 debat,
418 1755 508 1824 qui
536 1763 797 1810 stateram
834 1755 1067 1810 habebat
1097 1755 1150 1809 in
1182 1770 1342 1809 manu
1374 1770 1471 1809 sua
1494 1796 1507 1820 ,
1538 1755 1794 1810 falsorum

1894 580 2005 628 tale
2040 588 2235 637 areum,
2271 589 2393 626 cum
2422 574 2629 627 luxuria
2662 574 2790 628 ludi.
2826 577 2993 630 Deum
3016 576 3157 629 enim
3184 588 3358 647 negat,
3384 578 3475 647 qui

1895 662 2023 717 talia
2051 664 2357 733 prmsumit,
2414 663 2535 717 ﬁdei
2582 664 2900 719 Christianm
2930 667 3313 735 prmvaricator
3347 665 3477 721 cile»

1894 763 2014 810 ctus
2043 773 2055 807 :
2088 755 2177 824 qui
2204 756 2254 809 id
2283 755 2459 809 denuo
2490 755 2708 824 appetit,
2741 755 2881 824 quod
2912 757 2960 809 in
2993 756 3207 811 lavacro
3228 754 3340 824 jam
3371 758 3480 826 pri-

1895 846 2017 901 dem
2051 846 2400 911 renuntiavit,
2431 845 2482 899 id
2508 853 2612 909 est,
2649 845 2858 901 diabolo
2885 862 3004 902 cum
3033 849 3242 917 pompis
3268 857 3323 903 et
3346 863 3478 918 ope-

1895 934 2046 990 ribus
2070 934 2207 1005 ejus.

2424 1028 2650 1084 CAPUT
2699 1029 2938 1084 XXXIX.

2530 1162 2605 1216 De
2640 1166 2873 1218 navibus.

1968 1292 2179 1346 Artium
2237 1294 2590 1361 quarumdam
2667 1294 2923 1349 vocabula
2956 1337 2969 1361 ,
3032 1297 3225 1366 quibus
3280 1297 3485 1367 aliquixl

1899 1382 2225 1447 fabricatur,
2281 1383 2539 1453 deinceps
2605 1399 2668 1438 ex
2732 1394 2884 1463 parte
2942 1389 3171 1441 notanda
3229 1389 3480 1443 decerno.

1898 1471 2107 1543 Artifex
2147 1472 2395 1543 generale
2438 1490 2631 1531 nomen
2676 1494 2689 1527 :
2737 1486 2977 1542 vocatus,
3015 1478 3156 1547 quod
3198 1488 3366 1535 artem
3404 1482 3483 1533 fa-

1901 1564 2007 1617 ciat
2036 1583 2049 1618 :
2081 1566 2221 1619 sicut
2254 1563 2481 1632 aurifex,
2538 1567 2627 1637 qui
2663 1583 2876 1624 aurum.
2911 1569 3057 1624 Faxo
3098 1572 3238 1626 enim
3274 1588 3372 1641 pro
3408 1572 3488 1625 fa-

1900 1654 1985 1709 eio
2015 1655 2221 1723 antiqui
2251 1656 2519 1710 dicebant.
2564 1656 2859 1713 Nauclerus
2902 1661 3149 1715 dominus
3202 1662 3355 1716 navis
3404 1672 3487 1716 est

1900 1747 2235 1817 appellatus:
2269 1749 2344 1801 ita
2370 1748 2513 1817 quod
2536 1750 2690 1804 navis
2735 1751 2788 1805 in
2826 1759 2971 1806 sorte
2998 1751 3113 1820 ejus
3161 1753 3251 1807 sit.
3299 1752 3486 1808 Cleros

208 1823 536 1898 catenatas:
565 1841 791 1897 fratrum
827 1860 841 1897 ε
871 1843 928 1898 hi
956 1852 1217 1899 stateram
1262 1852 1423 1898 ιιροιω
1448 1843 1800 1914 professionis
1828 1823 1875 1882 Β
1903 1835 2046 1888 enim
2070 1835 2255 1891 Grmce
2277 1853 2396 1891 sors
2422 1838 2636 1892 dicitur.
2665 1839 2853 1895 Cteteri
2884 1849 3061 1897 autem
3084 1843 3137 1896 in
3167 1844 3285 1897 navi
3310 1844 3362 1898 in
3390 1860 3487 1914 gu-

208 1932 415 1988 habent
452 1950 465 1987 :
512 1941 567 1988 et
619 1934 799 1990 socia
838 1933 1039 1988 ltedunt
1089 1950 1187 2004 per
1224 1949 1388 2004 opera
1432 1935 1798 1990 tenebrarum.

207 2021 343 2077 Nam
378 2037 549 2094 equus
574 2024 805 2093 pallidus
832 2064 847 2095 ,
879 2024 933 2077 in
962 2038 1068 2093 quo
1091 2024 1311 2078 sedebat
1338 2024 1452 2090 ille,
1491 2024 1574 2078 cui
1606 2038 1801 2079 nomen

207 2124 326 2171 erat
358 2124 528 2180 mors,
562 2124 616 2170 et
650 2130 814 2185 quem
862 2114 1107 2169 infernus
1156 2116 1507 2184 sequebatur,
1564 2116 1801 2170 haeretici

206 2217 332 2263 sunt
363 2226 377 2261 :
408 2209 499 2279 qui
522 2223 587 2277 se
616 2207 709 2279 [si]
741 2208 1042 2263 catholicos
1075 2207 1267 2261 fallunt
1313 2216 1484 2263 morte
1535 2208 1803 2263 inhabita-

206 2301 345 2356 triee
378 2300 547 2369 digni,
587 2300 923 2369 perditorum
952 2306 1074 2369 post
1113 2315 1172 2354 se
1214 2300 1431 2370 rapiunt
1478 2300 1796 2354 exercitum.

206 2390 468 2445 Diabolus
490 2389 635 2444 enim
666 2398 720 2445 et
745 2389 981 2445 ministri
1004 2390 1121 2460 ejus
1150 2390 1542 2460 metonymicos
1571 2405 1721 2453 mors
1748 2399 1803 2444 et

207 2479 457 2535 infernus
501 2480 628 2535 dicti
656 2488 782 2533 sunt
812 2497 824 2532 :
855 2492 921 2534 eo
950 2479 1095 2549 quod
1124 2480 1309 2535 multis
1337 2492 1501 2535 causa
1528 2480 1721 2536 mortis
1748 2488 1803 2534 et

207 2568 552 2626 infernomm
578 2578 722 2624 sunt.

747 2658 983 2714 CAPUT
1022 2657 1261 2714 XXXVI.

828 2749 909 2803 De
941 2750 1147 2804 theatro

275 2838 577 2895 Theatrum
610 2848 714 2907 est,
764 2855 873 2910 quo
900 2855 1063 2895 scena
1101 2840 1395 2895 includitur
1418 2881 1431 2905 ,
1474 2839 1803 2896 semicirculi

207 2928 438 3001 ﬁguram
492 2929 699 2984 habens
727 2971 741 2995 ,
794 2930 848 2984 in
886 2924 994 2999 quo
1023 2937 1230 2984 stantes
1269 2944 1457 2985 omnes
1487 2931 1799 3001 inSpiciunt.

207 3017 577 3089 Cujus'l'orma
602 3019 839 3087 primum
867 3018 1099 3072 rotunda
1127 3027 1245 3073 erat
1285 3019 1425 3075 sicut
1464 3020 1805 3089 amphithea-

210 3117 353 3164 trum
412 3125 426 3161 :
482 3117 670 3178 postea
725 3124 790 3164 ex
854 3108 1034 3164 medio
1091 3110 1490 3179 amphitheatro
1530 3111 1801 3166 theatrum

208 3198 437 3256 factum.
472 3171 771 3254 'I‘heatrum
819 3209 998 3255 autem
1033 3214 1062 3253 a
1112 3171 1419 3271 spectaculo
1462 3201 1799 3257 nominatum
1829 3171 1873 3233 Ο

208 3307 308 3360 apo
327 3302 406 3345 tes
434 3291 682 3354 theorias,
712 3291 853 3361 quod
872 3292 926 3345 in
944 3306 1009 3346 eo
1030 3292 1259 3360 populus
1280 3301 1433 3348 stans
1458 3308 1620 3363 super
1638 3302 1801 3364 atque

207 3390 462 3452 spectans
511 3379 666 3436 ludos
723 3382 1201 3452 contemplaretur.
1251 3382 1399 3437 Idem
1460 3399 1591 3439 vero
1646 3386 1802 3441 thea-

212 3478 378 3536 trum,
424 3470 569 3525 idem
620 3480 669 3525 et
726 3472 1123 3541 prostibulum,
1182 3487 1247 3528 eo
1297 3474 1440 3542 quod
1490 3482 1612 3544 post
1647 3475 1801 3530 ludos

210 3571 434 3616 exactos
498 3563 818 3617 meretrices
878 3571 1203 3632 prostarent.
1257 3563 1400 3618 Idem
1464 3572 1517 3619 et
1576 3565 1803 3635 lupanar

210 3665 464 3709 vocatum
495 3655 565 3708 ab
591 3655 795 3709 eisdem
839 3656 1216 3711 meretricibus
1237 3696 1251 3720 ,
1288 3672 1406 3725 qua:
1438 3666 1660 3727 propter
1687 3656 1802 3711 vul-

209 3747 317 3819 gati
347 3748 598 3817 corporis
625 3747 881 3802 vilitatem
909 3748 1047 3817 lupa:
1070 3757 1467 3817 nuncupantur.
1506 3748 1638 3801 Nam
1666 3748 1803 3816 lupa:

210 3838 532 3893 meretrices
564 3848 688 3892 sunt
736 3855 764 3893 a
797 3841 1091 3909 rapacitate
1132 3849 1355 3904 vocatze,
1387 3853 1451 3893 eo
1478 3839 1618 3908 quod
1647 3839 1713 3892 ad
1745 3853 1804 3894 se

210 3930 431 3999 rapiant
460 3930 714 3994 miseros,
765 3939 819 3985 et
872 3931 1299 3999 apprehendant.
1328 3929 1629 3999 Lupanaria
1657 3929 1802 3982 enim

210 4033 241 4074 a
265 4019 499 4091 paganis
522 4020 816 4073 constituta
844 4029 986 4080 sunt,
1022 4027 1080 4071 ut
1109 4018 1282 4087 pudor
1311 4017 1597 4071 mulierum
1624 4014 1801 4083 ipfeli-

209 4110 353 4163 cium
394 4108 471 4162 ibi
496 4108 889 4175 publicaretur,
922 4116 977 4161 et
1001 4106 1234 4161 ludibrio
1259 4107 1593 4161 haberentur
1614 4114 1722 4159 tam
1749 4107 1802 4159 hi

210 4200 299 4270 qui
332 4198 585 4253 facerent
613 4239 627 4263 ,
660 4214 822 4266 quam
856 4198 945 4266 qui
978 4206 1313 4266 paterentur.
1355 4197 1581 4267 Mystice
1622 4206 1802 4252 autem

210 4294 491 4347 theatrum
544 4300 864 4360 prmsentem
912 4292 1169 4345 mundum
1226 4291 1534 4361 signiﬁcare
1575 4300 1798 4360 potest:

209 4382 263 4435 in
287 4398 399 4452 quo
422 4382 505 4446 hi,
535 4384 623 4451 qui
664 4382 846 4435 luxum
888 4380 1047 4449 hujus
1078 4382 1259 4437 saeculi
1296 4391 1617 4451 sequuntur,
1664 4382 1803 4437 ludi-

208 4472 329 4528 brio
360 4473 569 4527 habent
597 4488 783 4528 servos
812 4472 904 4526 Dei
929 4512 943 4536 ,
978 4481 1033 4525 et
1061 4490 1247 4527 eorum
1281 4488 1469 4542 pmnas
1507 4476 1801 4544 spectando

209 4563 491 4618 laetantur.
522 4562 676 4618 Unde
699 4562 985 4631 Apostolus
1011 4563 1142 4617 dicit
1172 4582 1184 4617 :
1219 4564 1588 4633 Spectaculum
1616 4582 1797 4619 sumus

211 4652 337 4722 facti
360 4654 415 4704 in
442 4653 541 4704 hoc
565 4652 760 4705 mundo
786 4652 982 4721 angelis
1002 4663 1047 4705 et
1072 4654 1367 4707 hominibus
1395 4666 1603 4724 propter
1630 4656 1799 4710 Deum

212 4744 264 4815 (I
290 4742 419 4799 Cor.
453 4742 552 4812 Iv).

748 4832 974 4888 CAPUT
1012 4832 1267 4886 XXXVEI.

711 4926 787 4980 De
815 4925 966 4995 ferali
1006 4926 1304 4977 certamine.

284 5018 551 5074 Ferarum
581 5033 759 5088 pugna
787 5025 925 5081 erat,
966 5015 1193 5070 emissas
1232 5015 1433 5070 bestias
1468 5014 1694 5084 juvenes
1717 5033 1810 5071 ex-

213 5110 432 5179 cipere:
471 5110 732 5163 adversus
782 5122 876 5163 eas
905 5106 1150 5161 ullroneo
1191 5102 1380 5159 funere
1422 5116 1652 5171 certare,
1704 5122 1808 5161 non

215 5201 463 5264 crimine,
500 5201 595 5254 sed
626 5198 827 5253 furore.

738 5288 962 5343 CAPUT
1004 5288 1284 5343 XXXVIII.

541 5380 614 5433 De
639 5381 824 5432 horum
854 5382 1207 5433 exsecratione
1235 5378 1494 5434 ludorum.

286 5476 413 5531 Haec
450 5473 652 5543 quippe
690 5471 991 5541 spectacula
1025 5472 1355 5526 crudelitatis
1379 5512 1393 5536 ,
1446 5480 1499 5525 et
1546 5472 1806 5540 inspectio

216 5568 541 5627 vanitatum,
576 5578 682 5617 non
710 5562 880 5617 solum
909 5561 1185 5614 hominum
1209 5562 1374 5626 vitiis,
1403 5562 1491 5617 sel
1520 5572 1573 5617 et
1612 5562 1806 5617 daemo-

218 5672 343 5715 num
380 5653 553 5723 jussis
608 5651 848 5705 instituta
878 5658 1019 5703 sunt.
1060 5648 1289 5701 Proinde
1340 5650 1470 5702 nihil
1504 5650 1808 5703 essedebet

217 5746 532 5808 Christiano
580 5759 700 5797 cum
750 5740 973 5796 circensi
1028 5738 1258 5793 insania.
1307 5756 1426 5792 cum
1477 5739 1805 5799 inpudicitia

588 5838 853 5898 Parum.
909 5830 1069 5893 CXI.

1902 1923 2218 1980 bernatione
2244 1926 2360 1995 ejus
2385 1937 2529 1982 sunt.
2581 1927 2873 1997 Gubernio,
2924 1933 3017 2002 qui
3057 1941 3112 1987 et
3133 1935 3485 2004 gubernator,

1902 2015 2055 2083 quasi
2082 2016 2487 2083 cobibernator,
2518 2021 2662 2088 quod
2700 2021 2951 2077 cohibeat
2974 2025 3259 2092 prudentia
3287 2041 3383 2080 sua
3404 2026 3489 2081 bi-

1902 2109 2092 2176 bcrna,
2136 2110 2187 2164 id
2238 2119 2341 2176 est,
2377 2119 2727 2182 tempestates
2751 2114 2938 2169 maris.
2976 2113 3146 2171 Nauta
3172 2132 3201 2169 a
3240 2132 3378 2172 nave
3408 2117 3491 2174 di-

1903 2208 2023 2255 ctus
2083 2215 2181 2269 per
2240 2201 2669 2255 derivationem:
2724 2204 2903 2257 navita
2954 2214 3133 2261 autem
3182 2222 3280 2277 pro
3322 2217 3492 2265 nauta

1901 2291 2109 2360 poetice
2132 2290 2329 2345 dicitur
2357 2306 2370 2343 :
2403 2291 2543 2346 sicut
2564 2292 2777 2348 Mavors
2800 2308 2899 2363 pro
2918 2294 3063 2350 Mars
3088 2314 3099 2349 :
3128 2312 3253 2349 nam
3283 2306 3487 2352 rectum

1901 2388 1983 2435 est
2012 2389 2198 2435 nauta.
2232 2380 2434 2436 Remex
2469 2389 2711 2449 vocatur,
2745 2384 2897 2454 quod.
2932 2399 3138 2440 remum
3186 2386 3323 2457 gerit
3356 2406 3368 2441 :
3412 2388 3490 2443 sic

1903 2482 2084 2527 autem
2134 2488 2337 2539 remex,
2382 2474 2652 2544 quomodo
2692 2475 2887 2541 tubos,
2934 2476 3131 2531 dicitur
3160 2479 3491 2533 nominativo

1904 2574 2053 2616 casu.
2086 2562 2312 2632 Epibata
2341 2564 2530 2619 Gimco
2562 2566 2782 2621 nomine
2813 2566 3133 2636 appellatur,
3174 2570 3263 2637 qui
3299 2570 3491 2625 Latine

1905 2652 2103 2707 dicitur
2132 2655 2559 2723 superveniens:
2608 2656 2696 2712 hic
2744 2658 2878 2712 nihil
2932 2658 3094 2714 habet
3124 2662 3343 2732 negotii,
3376 2665 3494 2719 sed

1904 2742 2064 2798 naulo
2107 2743 2235 2798 dato
2265 2744 2316 2797 in
2356 2745 2491 2799 alias
2520 2756 2693 2801 terras
2732 2748 2965 2803 transire
2994 2749 3245 2820 disponit.
3304 2752 3493 2807 Navim

1904 2836 2125 2905 quidam
2154 2837 2443 2906 perhibent
2491 2839 2710 2905 dictam,
2760 2855 2826 2895 eo
2876 2841 3019 2911 quod
3048 2856 3279 2912 gnavum
3312 2854 3489 2899 recto-

1906 2941 2020 2981 rem
2060 2935 2289 2996 qumrat,
2317 2928 2369 2982 id
2417 2937 2518 2991 est,
2551 2930 2803 2999 peritum,
2836 2932 3153 3001 sapientem,
3188 2944 3493 3001 strenuum,

1906 3017 1995 3086 qui
2026 3018 2302 3072 continere
2347 3026 2403 3071 et
2447 3020 2749 3087 gubernare
2778 3021 2927 3075 novit
2955 3032 3175 3093 pr0pter
3222 3026 3495 3081 maritima

1905 3106 2144 3176 pericula
2173 3116 2227 3161 et
2250 3122 2439 3187 casus:
2474 3110 2614 3163 unde
2658 3118 2713 3163 et
2744 3110 2873 3165 illud
2906 3110 3246 3168 Salomonis:
3285 3116 3493 3171 Inteh’i-

1904 3215 2027 3269 gens
2069 3200 2424 3269 gubernacula
2470 3203 2753 3271 possidebit
2806 3202 2987 3276 (Prov.
3029 3206 3090 3277 ι).
3139 3205 3304 3264 Navis
3348 3211 3494 3264 enim

1904 3294 2131 3363 mystice
2185 3301 2277 3347 aut
2324 3293 2623 3349 Ecclesiam
2674 3296 2981 3366 signiﬁcat,
3039 3306 3097 3351 ut
3130 3307 3213 3354 est
3265 3300 3393 3355 illud
3440 3302 3495 3355 in

1904 3381 2195 3452 Evangelio
2228 3401 2239 3436 :
2292 3383 2459 3438 Navis
2488 3394 2662 3439 autem
2676 3386 2987 3455 jactabatur
3023 3389 3077 3443 in
3106 3390 3288 3445 mediis
3316 3393 3494 3461 [lacti-

1905 3472 1999 3526 bus
2029 3471 2240 3542 (Matth.
2271 3474 2383 3545 xiv)
2410 3491 2423 3539 ;
2471 3483 2526 3529 et
2561 3475 2615 3529 in
2640 3475 2890 3550 psalmo:
2926 3476 3039 3532 Hoc
3074 3497 3216 3534 mare
3246 3500 3493 3553 magnum

1904 3573 1949 3615 et
1973 3562 2289 3631 spatiosum,
2338 3574 2442 3619 etc.
2462 3604 2477 3629 ,
2528 3582 2697 3636 usque
2720 3608 2735 3633 ,
2768 3568 2877 3622 illic
2924 3586 3077 3626 naves
3106 3577 3494 3643 pertransibunt

1906 3650 2079 3723 (Psal.
2111 3656 2249 3725 cm).
2299 3654 2356 3709 In
2387 3658 2615 3712 navibus
2664 3667 2843 3714 autem
2887 3663 3081 3717 merito
3122 3664 3496 3735 signiﬁcantur
3570 3684 3589 3705 νί

1904 3743 2181 3810 Ecclesia,
2211 3762 2329 3816 quae
2352 3750 2687 3817 periculosos
2712 3750 2908 3808 ﬂuctus
2946 3756 3133 3810 mundi
3176 3770 3274 3825 per
3293 3757 3496 3828 lignum

1906 3836 2152 3906 gloriosae
2174 3840 2352 3894 crucis
2372 3842 2621 3907 evadunt,
2647 3852 2922 3912 portantes
2946 3848 3193 3915 populos,
3226 3850 3317 3917 qui
3340 3850 3496 3921 signo

1905 3926 2030 3981 lidei
2065 3928 2431 3983 crediderunt.
2490 3931 2547 3984 In
2579 3932 2663 3987 bis
2694 3935 2920 3989 navibus
2947 3936 3157 3991 habitat
3199 3937 3449 3995 Christus
3477 3959 3490 3993 :

1904 4016 1996 4085 qui
2042 4018 2088 4070 si
2136 4032 2166 4070 a
2216 4019 2561 4076 credentibus
2599 4024 2891 4091 excitetur,
2928 4025 3062 4081 dicit
3092 4027 3498 4087 immanissima:

1906 4108 2212 4175 tempestati
2244 4117 2302 4161 ut
2329 4110 2595 4177 quiescat,
2654 4120 2707 4167 et
2737 4114 2988 4182 quiescit.
3038 4115 3171 4172 Item
3199 4117 3327 4173 alibi
3351 4120 3495 4176 idem

1904 4196 2167 4265 propheta
2209 4197 2325 4249 ait:
2388 4196 2456 4252 In
2500 4201 2688 4269 spiritu
2734 4203 3013 4257 vehementi
3050 4216 3279 4261 conteres
3337 4224 3496 4263 nares

1909 4285 2123 4340 Tharsis
2151 4284 2321 4358 (Psal.
2368 4292 2573 4362 van);
2616 4292 2741 4361 quia
2786 4309 2882 4362 per
2910 4294 3143 4365 Spiritus
3172 4300 3345 4353 sancti
3369 4316 3494 4369 gra-

1907 4379 2034 4432 tiam
2058 4379 2500 4449 philosophorum
2525 4383 2735 4453 dogma,
2764 4386 2855 4454 qui
2877 4386 2929 4439 in
2958 4402 3109 4443 mare
3135 4389 3290 4463 istius
3309 4391 3493 4445 saeculi

1907 4469 2227 4539 disputando
2262 4474 2609 4535 transierunt,
2640 4490 2736 4543 per
2762 4476 3142 4545 praedicatores
3169 4491 3491 4535 evacuatum

1907 4568 2010 4614 est.
2045 4560 2304 4615 Dominus
2335 4578 2464 4632 ergo
2506 4565 2657 4618 navis
2681 4565 2940 4631 ecclesiae,
2969 4568 3081 4636 ipse
3115 4568 3361 4625 Salvator
3388 4581 3491 4635 est,

1911 4652 2000 4720 qui
2038 4658 2092 4705 et
2138 4654 2504 4720 gubernator:
2564 4657 2689 4725 quia
2737 4672 2833 4724 per
2888 4657 3149 4727 Spiritum
3187 4677 3343 4717 suum
3378 4664 3495 4734 ipse

1910 4758 2028 4797 eam
2056 4744 2192 4812 regit
2217 4752 2379 4813 atque
2416 4745 2701 4814 gubernat,
2728 4748 2898 4802 donec
2926 4763 3044 4803 eam
3068 4750 3135 4804 ad
3161 4760 3375 4820 portum
3404 4769 3495 4808 sa-

1911 4833 2037 4887 lutis
2070 4842 2284 4887 aeterna:
2328 4835 2605 4903 perducat.
2657 4834 2789 4890 Item
2837 4837 2889 4889 in
2920 4837 3081 4891 aliam
3107 4848 3314 4907 partem
3341 4843 3499 4897 navis

1913 4923 2194 4992 accipitur,
2229 4931 2287 4976 ut
2331 4922 2383 4975 in
2421 4922 2595 4976 Isaia:
2646 4921 2853 4977 Ululate
2880 4964 2893 4989 ,
2947 4942 3098 4979 naves
3143 4928 3304 4980 maris
3355 4927 3493 4997 (lsa.

1914 5012 2071 5083 xxm)
2098 5030 2111 5077 ;
2145 5026 2251 5081 quo
2282 5013 2498 5067 nomine
2524 5012 2871 5081 designantur
2906 5015 3228 5085 philosophi,
3272 5018 3349 5070 vel
3380 5019 3494 5072 ha:~

1914 5101 2065 5156 retiei
2099 5100 2347 5154 inanibus
2368 5101 2752 5169 quarstionibus
2781 5103 3115 5161 oberrantes.
3164 5105 3349 5170 Rates,
3380 5109 3493 5175 pri-

1914 5207 2059 5244 mum
2114 5198 2170 5243 et
2218 5192 2649 5260 antiquissimum
2705 5192 2899 5261 navigii
2947 5209 3153 5260 genus,
3197 5210 3228 5249 e
3264 5196 3489 5251 rudibus

1914 5281 2075 5350 tignis
2119 5282 2498 5350 asseribusque
2543 5291 2893 5336 consertum:
2944 5284 3008 5337 ad
3038 5283 3191 5352 cujus
3239 5285 3490 5339 similitu-

1914 5372 2091 5425 dinem
2121 5371 2394 5427 l'abricata:
2438 5386 2601 5426 naves
2638 5372 2851 5425 ratarite
2877 5373 3047 5427 dictae.
3098 5373 3249 5427 Nunc
3266 5372 3376 5441 jam
3406 5388 3493 5428 ra-

1914 5475 1997 5519 tes
2020 5465 2243 5519 abusive
2282 5478 2479 5518 naves:
2518 5478 2639 5516 nam
2664 5463 2875 5532 proprie
2900 5470 3044 5517 rates
3084 5470 3210 5516 sunt
3233 5477 3492 5517 connexa:

1914 5558 2140 5611 invicem
2168 5557 2365 5611 trabes.
2411 5554 2612 5609 Trieris
2644 5555 2797 5609 navis
2840 5569 3051 5623 magna,
3103 5568 3261 5621 quam
3304 5551 3489 5608 Graece

1914 5650 2207 5701 durconem
2236 5653 2448 5709 vocant,
2478 5644 2542 5697 de
2564 5659 2668 5711 qua
2698 5643 2749 5696 in
2780 5642 2913 5695 Isaia
2943 5659 2953 5692 ε
2994 5640 3114 5693 Non
3137 5640 3372 5693 transibit
3400 5655 3482 5708 pe-

1914 5754 2024 5792 cum
2070 5736 2240 5790 tricris
2286 5752 2470 5805 magna
2528 5732 2659 5803 (lsi.
2717 5731 2927 5799 sum).
2980 5730 3226 5783 Liburntc
3274 5730 3415 5782 dicta.
3462 5744 3490 5785 α

2987 5821 3159 5897 18,
