3918 6352
348 392 351 395 ,
393 342 496 393 5'55

384 538 639 596 lioratius
663 556 676 593 :

650 650 727 701 bis
747 648 977 701 Liburnis
1001 651 1135 701 inter
1164 647 1263 701 alta
1290 650 1506 701 navium.

448 753 720 809 Rostrata:
748 767 913 807 naves
946 760 1149 808 vocata!
1196 753 1265 808 ab
1296 768 1362 808 eo
1390 752 1533 824 quod
1563 753 1619 807 in
1665 752 1846 809 fronte
1874 767 1968 807 ro-

376 852 489 899 stra
514 857 655 898 aerea
680 842 916 898 habeant
942 850 1165 914 propter
1187 843 1457 914 scopulos,
1508 856 1576 898 ne
1606 842 1889 898 feriantur
1913 850 1968 897 et

374 936 717 992 collidantur.
750 936 963 1008 Longa:
995 950 1163 991 naves
1193 944 1339 999 sunt,
1386 951 1523 1006 quas
1549 936 1839 990 dromones
1872 951 1968 989 vo-

373 1042 562 1083 camus
589 1045 605 1082 :
646 1026 803 1083 dictae
825 1042 889 1082 eo
922 1026 1065 1096 quod
1094 1026 1364 1096 longiores
1394 1028 1503 1081 sint
1527 1027 1738 1082 caeteris
1768 1044 1779 1079 :
1814 1027 1966 1096 cujus

372 1120 677 1177 contrarius
703 1119 1000 1185 musculus,
1032 1128 1247 1173 curtum
1288 1119 1581 1189 navigium.
1642 1120 1840 1173 Dromo
1863 1134 1961 1172 au-

366 1222 477 1266 tom
507 1226 535 1265 a
572 1210 909 1266 decurrendo
939 1210 1116 1265 dictus
1145 1227 1158 1265 :
1208 1225 1424 1265 cursum
1453 1210 1599 1263 enim
1620 1208 1807 1264 Gmee
1839 1210 1964 1263 dro-

368 1316 493 1356 mon
518 1310 736 1355 vocant.
786 1299 989 1357 Classis
1026 1301 1172 1357 dicta
1217 1310 1300 1355 est
1331 1299 1521 1355 Graeco
1550 1299 1814 1355 vocabulo
1860 1315 1962 1369 apo

367 1399 459 1443 ton
498 1390 673 1453 calon,
722 1390 776 1445 id
802 1400 907 1457 est,
940 1391 1100 1469 lignis
1128 1406 1143 1443 :
1173 1390 1315 1445 unde
1344 1399 1399 1445 et
1426 1389 1646 1445 calones
1672 1390 1957 1456 naviculze,

368 1494 484 1548 quae
510 1479 651 1549 ligna
682 1479 943 1534 militibus
972 1487 1211 1550 portant.
1245 1478 1415 1534 Barca
1459 1486 1563 1544 est,
1612 1494 1732 1549 quae
1764 1486 1959 1533 cuncta

363 1571 517 1625 navis
548 1570 873 1625 commercia
906 1571 975 1626 ad
999 1570 1149 1624 littus
1176 1578 1398 1639 portat:
1424 1568 1566 1623 hanc
1595 1568 1747 1624 navis
1778 1568 1833 1623 in
1865 1584 1959 1639 pe-

359 1660 482 1731 lago
508 1670 729 1730 propter
772 1661 969 1715 nimias
1006 1661 1179 1716 undas
1208 1675 1309 1716 suo
1336 1659 1561 1729 suscipit
1586 1660 1796 1730 gremio
1821 1678 1832 1713 :
1865 1661 1956 1715 ubi

359 1762 544 1809 autem
574 1753 1088 1824 apprepinquaverit
1124 1761 1374 1821 portum,
1407 1751 1585 1806 reddit
1614 1752 1786 1807 vicem
1825 1752 1954 1806 bar-

360 1860 421 1897 ca
446 1844 591 1909 navi,
617 1860 779 1913 quam
804 1844 1011 1913 accepit
1038 1843 1325 1914 iupelago.
1345 1842 1487 1897 Paro
1512 1843 1785 1913 navigium
1810 1842 1955 1912 pira-

356 1945 535 1990 tarum
579 1945 784 2006 aptum,
816 1944 873 1991 et
908 1950 975 1991 ex
1007 1936 1092 1991 his
1119 1936 1193 1989 ita
1216 1944 1490 1990 vocatum.
1519 1935 1772 2007 Myoparo
1797 1936 1951 2005 quasi

357 2029 614 2083 minimus
644 2044 775 2098 paro
802 2046 814 2081 :
839 2035 925 2083 est
942 2028 1083 2081 enim
1113 2029 1312 2098 scapha
1338 2043 1407 2082 ex
1427 2027 1627 2082 vimine
1644 2025 1811 2091 facta,
1833 2042 1953 2097 quae

354 2126 602 2174 contecta
627 2118 793 2173 crudo
822 2118 971 2173 corio
997 2132 1165 2185 genus
1204 2117 1402 2186 navigii
1429 2118 1631 2186 praebet
1659 2106 1684 2171 τ’
1703 2117 1951 2187 qualibus

354 2214 579 2262 utuntur
611 2204 1002 2262 Germanorum
1032 2204 1223 2274 pirata:
1252 2204 1305 2259 in
1335 2205 1525 2259 oceani
1557 2204 1828 2260 littoribus
1863 2206 1947 2260 vel

353 2298 635 2366 paludibus
660 2297 730 2351 ob
755 2296 1077 2367 agilitatem,
1109 2296 1175 2351 de
1203 2295 1400 2365 quibus
1422 2294 1648 2351 historia
1680 2315 1692 2349 :
1729 2314 1746 2347 ι
1780 2294 1940 2362 Gens,

351 2387 547 2457 inquit,
581 2386 857 2458 Saxonum
897 2386 1337 2458 myoparonibus,
1385 2403 1491 2442 non
1512 2376 1729 2443 viribus
1764 2388 1942 2443 nitun-

349 2454 459 2541 tur,
492 2476 629 2547 fugae
656 2454 1040 2547 potius'qua-m—
1070 2477 1209 2532 bello
1259 2478 1457 2548 parati.
1514 2476 1755 2544 Celoces,
1807 2495 1943 2548 quas

348 2567 521 2623 Graeci
564 2567 767 2623 celetas
815 2577 1035 2634 vocant,
1076 2567 1129 2622 id
1171 2577 1256 2623 est
1304 2570 1515 2624 veloces
1556 2570 1811 2635 biremes,
1856 2570 1941 2625 vel

347 2660 599 2715 triremes
624 2659 814 2731 agiles,
841 2668 896 2714 et
927 2659 992 2713 ad
1020 2659 1380 2715 ministerium
1416 2660 1606 2715 classis
1648 2669 1806 2732 aptaa.
1836 2661 1942 2716 En-

345 2748 467 2803 nius
498 2766 509 2799 :

475 2838 675 2888 Labitur
697 2844 841 2889 uncta
867 2840 1031 2888 carina
1059 2849 1147 2899 per
1167 2849 1363 2900 aequora
1392 2848 1509 2887 cana
1543 2836 1737 2887 celocis.

344 2918 579 2973 Leuibus
613 2918 863 2973 navicula
916 2918 1119 2983 brevis,
1167 2932 1287 2987 qua:
1316 2918 1420 2972 alia
1466 2918 1823 2988 appellatione
1858 2918 1938 2973 di-

340 3012 483 3065 citur
504 3019 558 3065 et
588 3011 779 3081 cymba
803 3020 856 3064 et
880 3010 1160 3081 caupolus,
1193 3011 1336 3065 sicut
1372 3020 1426 3064 et
1456 3010 1636 3076 linter,
1661 3011 1713 3064 id
1736 3018 1819 3064 est
1846 3026 1938 3064 ca-

343 3104 525 3166 rabus,
558 3116 665 3170 quo
713 3102 765 3155 in
795 3101 941 3155 Pado
985 3101 1381 3171 paludibusque
1417 3109 1663 3155 utuntur.
1695 3099 1937 3155 Carabus

338 3202 423 3247 est
442 3208 608 3263 parva
632 3194 835 3263 scapha
859 3207 927 3245 ex
943 3192 1142 3246 vimine
1158 3190 1323 3257 facta,
1347 3208 1467 3262 qua:
1489 3199 1737 3247 contecta
1760 3193 1931 3246 crudo

339 3286 490 3339 corio
516 3300 686 3355 genus
722 3284 921 3353 navigii
964 3284 1187 3353 praebet.
1229 3282 1391 3338 Varia
1420 3284 1567 3338 enim
1597 3283 1816 3339 navium
1848 3299 1939 3354 ge-

339 3390 468 3429 nera
499 3376 712 3429 diversa
759 3373 1133 3429 conventicula
1162 3381 1392 3444 possunt
1418 3373 1723 3443 exprimere
1772 3376 1941 3428 bono—

339 3482 458 3519 rum
492 3475 547 3519 et
590 3464 875 3519 malorum.
905 3463 963 3517 In
990 3464 1187 3534 quibus
1234 3463 1364 3519 boni
1412 3465 1573 3530 bona,
1603 3464 1727 3519 mali
1757 3472 1938 3518 autem

340 3555 479 3609 mala
518 3555 912 3608 machinantur.
962 3554 1228 3610 Similiter
1250 3563 1303 3611 et
1331 3555 1697 3609 instrumenta
1719 3554 1939 3609 navium

340 3647 488 3700 varia
522 3647 765 3702 diversas
795 3654 940 3701 artes
971 3634 1303 3717 signiﬁcant,
1335 3648 1388 3703 in
1423 3648 1620 3717 quibus
1655 3648 1781 3702 boni
1808 3661 1937 3717 pro-

340 3739 498 3792 desse
529 3737 767 3801 student,
800 3736 929 3791 mali
955 3744 1135 3790 autem
1157 3751 1373 3791 nocere.

945 3844 1174 3901 CAPUT
1216 3846 1328 3900 XL.

615 3916 691 3969 De
722 3916 959 3986 partibus
986 3918 1197 3971 navium
1232 3926 1281 3971 et
1315 3918 1674 3971 armamentis.

412 4005 611 4074 Puppis
640 4004 907 4073 posterior
934 4021 1060 4073 pars
1090 4006 1242 4059 navis
1271 4015 1372 4069 est,
1401 4007 1554 4075 quasi
1585 4016 1706 4075 post
1735 4025 1746 4060 :
1779 4020 1939 4076 prora

341 4104 524 4151 autem
558 4094 820 4159 anterior,
852 4095 1006 4163 quasi
1038 4096 1238 4163 priora.
1266 4094 1470 4149 Cumba
1498 4096 1648 4150 locus
1678 4097 1941 4150 imus‘na—

344 4186 445 4250 vis,
477 4184 619 4254 quod
647 4183 802 4252 aquis
831 4184 1126 4237 incumbat.
1179 4183 1375 4237 Carina
1416 4201 1446 4239 a
1475 4186 1742 4239 currendo
1772 4186 1937 4252 dicta,

341 4276 497 4345 quasi
537 4273 775 4327 eurrina.
835 4272 959 4327 Feri
997 4274 1247 4338 navium,
1309 4273 1477 4327 latera
1520 4289 1755 4329 concava
1786 4291 1816 4328 a
1857 4274 1938 4331 fe-

344 4367 513 4419 rendo
544 4378 710 4417 onere
746 4363 913 4424 dicta,
947 4364 1060 4417 sive
1092 4364 1329 4417 tabulata
1363 4365 1599 4430 navium,
1650 4382 1767 4434 qum
1797 4374 1938 4421 ster-

344 4462 546 4507 mmtur
584 4466 597 4504 :
645 4452 787 4506 dicta
818 4452 885 4504 ab
916 4467 981 4506 eo
1011 4453 1153 4520 quod
1199 4453 1443 4507 incessus
1480 4452 1658 4508 ferant
1688 4454 1767 4508 vel
1806 4455 1939 4510 foris

1066 347 1122 397 tl.
1168 344 1417 398 RABANI
1462 345 1677 398 MAUIH
1716 345 2033 399 ARCHIEP.
2074 346 2381 403 MOGUNT.
2424 348 2707 408 OPERUM
2747 351 2927 406 PARS
2967 351 3030 406 ll.

384 455 569 523 Libyis
603 471 614 504 :
657 468 822 508 naves
863 454 1009 507 enim
1048 462 1171 508 sunt
1214 453 1630 525 negotiatorum,
1682 454 1749 509 de
1782 456 1979 525 quibus
2006 458 2057 517 Α

3542 355 3675 413 556

2210 458 2272 508 Ut
2292 459 2478 509 clavum
2504 466 2694 512 rectum
2716 471 2931 525 teneam,
2959 475 3229 527 navemque
3248 466 3547 528 gubernem.

2144 539 2446 596 Porticulus
2493 543 2718 600 malleus
2766 546 2822 599 in
2851 561 3012 600 manu
3043 554 3302 615 portatus,
3338 566 3447 620 quo
3474 551 3675 609 modus

2072 631 2390 703 signumque
2420 634 2580 689 datur
2602 636 3013 707 remigantibus,
3046 638 3111 693 de
3134 654 3242 708 quo
3270 639 3495 697 Plautus
3526 662 3540 697 :

2131 720 2207 770 Ad
2226 721 2526 783 loquendum
2545 730 2693 786 atque
2718 726 2974 775 tacendum
3014 730 3123 775 tute
3151 728 3332 779 habeas
3354 730 3667 791 porticulum.

2071 802 2336 867 Tonsilla,
2373 806 2603 861 uncinus
2652 805 2863 863 ferreus
2888 809 2972 863 vel
3024 811 3255 881 ligneus,
3302 814 3371 869 ad
3397 830 3562 884 quem
3607 817 3671 872 in

2069 891 2248 947 littore
2278 891 2515 948 deﬁxum
2545 894 2703 951 funes
2728 897 2949 953 navium
2975 899 3270 972 illigantur,
3321 902 3388 959 de
3415 919 3524 975 quo
3556 905 3671 962 En-

2066 997 2227 1037 mus:

2187 1072 2425 1123 Tonsillas
2447 1076 2660 1139 rapiunt,
2687 1076 2939 1140 conﬁgunt
2962 1078 3098 1129 littus
3120 1080 3349 1132 sduncas.

2131 1152 2384 1208 Anchora
2412 1154 2545 1210 deus
2574 1156 2783 1211 ferreus
2808 1172 2876 1212 ex
2896 1156 3085 1214 Grzcea
3105 1160 3433 1234 etymologia
3464 1177 3666 1220 nomen

2063 1242 2252 1297 ducit:
2306 1244 2450 1313 quod
2477 1246 2634 1314 quasi
2685 1247 2921 1304 hominis
2967 1265 3181 1316 manus,
3237 1254 3670 1323 comprehendat

2059 1333 2143 1388 vel
2169 1335 2418 1405 scopulos
2446 1337 2532 1391 vel
2568 1352 2761 1394 arenas
2787 1353 2804 1394 :
2828 1355 2956 1395 nam
2981 1356 3176 1398 manus
3197 1341 3387 1399 Graece
3414 1344 3560 1399 cheir
3586 1345 3669 1399 dib

2057 1424 2219 1479 citur.
2269 1426 2426 1496 Apud
2474 1426 2696 1485 Graecos
2745 1440 2925 1485 autem
2974 1432 3363 1502 aspirationem
3410 1450 3519 1489 non
3557 1435 3662 1489 ha-

2058 1515 2151 1570 bet
2183 1531 2197 1569 :
2237 1532 2363 1572 nam
2399 1535 2593 1589 ancyra
2629 1520 2845 1576 dicitur.
2894 1521 3046 1578 Unde
3090 1524 3231 1593 apud
3263 1524 3499 1595 majores
3543 1525 3666 1580 sine

2058 1606 2386 1675 aspiratione
2414 1608 2812 1679 proferebatur.
2868 1610 3149 1683 Signiﬁcat
3194 1622 3378 1670 autem
3417 1615 3661 1670 anchora

2056 1694 2410 1751 inzentionem
2451 1714 2659 1764 sanam,
2691 1710 2745 1755 et
2787 1701 3039 1757 allectum
3087 1705 3253 1757 animi
3287 1705 3512 1771 bonum,
3550 1720 3665 1774 quo

2058 1787 2218 1843 homo
2245 1790 2415 1844 tendit
2442 1791 2510 1846 ad
2562 1792 2731 1846 Deum
2761 1804 2817 1848 et
2839 1794 2907 1848 ad
2954 1794 3122 1849 vitam
3165 1803 3448 1851 aeternam.
3502 1795 3661 1852 Unde

2062 1879 2349 1949 Apostolus
2369 1883 2617 1938 hortatur
2638 1900 2738 1939 nos
2758 1886 2942 1941 dicens
2967 1904 2979 1940 :
3008 1885 3381 1943 Fortissimum
3405 1889 3657 1944 solatium

2057 1970 2365 2038 habeamus,
2408 1975 2498 2044 qui
2544 1976 2875 2045 confugimus
2916 1976 2985 2029 ad
3020 1977 3295 2031 tenendam
3331 1979 3656 2048 propositam

2050 2078 2221 2132 spem,
2241 2079 2399 2133 quam
2422 2065 2555 2117 sicut
2577 2065 2859 2119 audieram
2888 2064 3137 2119 habemus
3167 2067 3362 2121 animm
3384 2076 3554 2121 tutam
3590 2084 3655 2121 ac

2052 2154 2262 2221 ﬁrmam
2288 2194 2303 2219 ,
2345 2164 2392 2207 et
2442 2155 2763 2209 incedentem
2797 2172 2956 2225 usque
2981 2156 3050 2210 ad
3080 2157 3331 2211 interiora
3355 2156 3653 2221 voluminis,

2052 2242 2140 2295 ubi
2176 2259 2473 2311 prtecursor
2517 2245 2749 2298 introivit
2792 2262 2888 2315 pro
2929 2245 3077 2301 nobis
3110 2244 3295 2314 Iesus,
3346 2250 3454 2304 etc.
3488 2245 3649 2320 (Heb.

2048 2331 2144 2397 vi).
2698 2380 2715 2398 ,

2649 2424 2877 2482 CAPUT
2916 2427 3053 2481 XLI.

2713 2514 2791 2569 De
2832 2514 2973 2570 velis.

2114 2604 2244 2659 Vela
2267 2604 2440 2661 Grtcci
2467 2622 2684 2661 armena
2713 2608 2917 2673 dicunt,
2940 2608 3167 2676 proinde
3198 2608 3340 2677 quod
3367 2623 3495 2665 aere
3527 2624 3647 2667 mo-

2040 2702 2253 2748 ventur.
2285 2696 2439 2764 Apud
2462 2696 2680 2751 Latinos
2705 2706 2886 2751 autem
2913 2698 3028 2752 vela
3064 2713 3095 2751 a
3129 2698 3309 2753 volatu
3335 2699 3498 2756 dicta.
3534 2700 3650 2757 Un-

2039 2785 2107 2840 de
2127 2794 2209 2841 est
2230 2786 2360 2842 illud
2386 2802 2401 2841 :

2590 2878 2824 2931 Veiorum
2848 2882 3104 2946 pandimus
3139 2881 3253 2933 alas.

2038 2962 2171 3017 Vela
2222 2977 2352 3033 ergo
2412 2964 2627 3019 navium
2692 2967 2871 3037 typice
2920 2967 3226 3036 exprimere
3273 2974 3502 3037 possunt
3553 2983 3645 3025 vo-

2038 3053 2273 3109 luntates
2301 3054 2604 3119 hominum,
2635 3070 2755 3125 qua:
2783 3065 2963 3120 vento,
2997 3058 3100 3112 hoc
3128 3069 3233 3123 est,
3259 3058 3493 3128 spiritali
3537 3058 3675 3113 im-'

1966 3169 2009 3231 ρ
2041 3144 2198 3213 pulsu
2226 3145 2292 3199 ad
2314 3161 2533 3200 cursum
2554 3147 2681 3201 vita:
2708 3147 2885 3213 bonae,
2917 3147 3032 3203 sive
3052 3138 3219 3202 make
3246 3149 3313 3202 ad
3361 3149 3644 3202 interitum

2044 3233 2405 3304 impelluntur.
2435 3235 2671 3306 Spiritus
2696 3238 2838 3291 enim
2868 3238 2960 3291 Dei
2986 3238 3162 3293 bonus
3181 3238 3397 3292 deducit
3417 3238 3473 3293 in
3498 3237 3645 3293 viam

2043 3332 2245 3380 rectam
2273 3342 2285 3377 :
2326 3333 2383 3379 et
2412 3340 2643 3395 nequam
2672 3326 2895 3395 spiritus
2922 3327 2975 3381 in
3004 3327 3147 3382 viam
3178 3343 3425 3399 pravam.

2620 3437 2849 3494 CAPUT
2890 3440 3047 3494 XLII.

2664 3527 2741 3580 De
2779 3527 3015 3596 funibus.

2108 3618 2287 3674 Funes
2330 3618 2457 3674 dicti
2510 3617 2653 3687 quod
2694 3628 2855 3672 antea
2887 3618 2940 3672 in
2982 3635 3136 3673 usum
3174 3619 3393 3677 luminis
3419 3620 3645 3680 fuerunt

2040 3710 2357 3763 circumdati
2389 3725 2513 3764 cera
2547 3728 2559 3761 :
2594 3708 2736 3763 unde
2763 3718 2817 3763 et
2850 3709 3069 3763 funalia.
3106 3711 3300 3766 Restcs
3340 3722 3491 3780 sunt,
3524 3715 3642 3770 sive

2040 3802 2182 3869 quod
2213 3810 2358 3855 rates
2379 3801 2715 3865 contineant,
2743 3817 2837 3856 seu
2865 3803 3007 3870 quod
3038 3803 3119 3857 his
3144 3814 3287 3858 retes
3321 3807 3638 3862 tendantur.

2040 3891 2315 3945 Rudentes
2354 3900 2477 3947 sunt
2528 3890 2685 3945 funes
2715 3894 2930 3945 navium
2972 3908 3035 3945 ex
3068 3893 3235 3947 nimio
3282 3895 3517 3954 stridore
3558 3896 3640 3951 ita

2040 3980 2189 4035 dicti.
2223 3982 2399 4035 Funcs
2420 3997 2547 4035 vero
2577 3981 2688 4035 sive
2717 3982 2970 4036 rudentes
3002 3983 3298 4038 retinacula
3329 3986 3641 4054 exprimere

2038 4080 2264 4139 possunt
2294 4071 2645 4140 voluptatum,
2674 4089 2793 4141 qua:
2815 4082 2867 4125 et
2892 4074 3099 4127 animas
3132 4075 3434 4140 hominum,
3488 4092 3554 4133 ne
3581 4078 3640 4133 in

2040 4161 2395 4230 praecipitium
2422 4171 2601 4225 ruant,
2643 4163 2893 4216 retinent.
2943 4163 3129 4228 Funis,
3170 4164 3302 4219 ﬁdes
3326 4166 3637 4234 Trinitatis,

2039 4261 2098 4306 ut
2124 4253 2176 4305 in
2197 4252 2481 4307 Salomone
2502 4266 2517 4304 :
2535 4250 2702 4306 Funis
2724 4253 2913 4323 triplex
2930 4255 3136 4324 di/ﬁcile
3153 4257 3414 4320 rumpi.‘ttt‘
3430 4256 3634 4325 (lfccle.

2040 4344 2136 4415 tv).
2192 4344 2368 4399 Funes
2396 4343 2575 4413 populi
2610 4343 2797 4397 ﬁdeles
2828 4345 2879 4396 in
2929 4344 3211 4398 Trinitatis
3238 4344 3340 4398 ﬁde
3366 4350 3634 4413 contexti,

2040 4434 2182 4488 utin
2231 4434 2475 4502 psalmo:
2530 4432 2709 4487 Funes
2739 4434 3031 4487 ceciderunt
3082 4436 3209 4488 nti/ti
3258 4437 3311 4489 in
3358 4438 3638 4505 pnrclnris

343 4544 636 4597 eiiiineant.
679 4540 939 4593 Transtra
961 4514 1085 4595 sunt
1113 4540 1323 4604 tabuhe,
1351 4541 1441 4594 ubi
1472 4542 1659 4595 sedent
1686 4544 1937 4613 remiges,

2058 4524 2220 4597 Ll’sal.
2257 4526 2367 4594 xv).
2435 4525 2613 4579 Funes
2670 4526 3005 4596 prolongatio
3062 4537 3426 4595 peccatorum,
3482 4538 3542 4582 nt
3577 4531 3634 4583 iu

345 4635 487 4703 quod
529 4635 579 4687 in
609 4643 918 4687 transverso
938 4633 1047 4687 sint
1076 4633 1240 4697 dicta,
1269 4648 1387 4701 qua:
1410 4634 1815 4705 Virgiliusjnga
1840 4650 1938 4705 ap-

340 4726 523 4794 pcilat.
552 4723 740 4781 Tonsos
768 4726 899 4778 remi
923 4740 952 4778 a
980 4725 1317 4780 removendis
1338 4734 1389 4779 et
1410 4726 1744 4781 decutiendis
1765 4726 1940 4781 ﬁucti-

347 4819 469 4880 bus,
494 4817 633 4869 sicut
658 4824 907 4870 tonsores
921 4832 948 4870 a
973 4817 1260 4871 tondendis
1278 4826 1330 4873 et
1350 4817 1686 4873 decutiendis
1706 4818 1933 4888 capillis.

348 4907 582 4960 i’ulmuia
606 4919 687 4962 est
704 4918 945 4963 extrema
968 4908 1196 4963 latitudo
1219 4911 1374 4973 remi,
1398 4925 1428 4962 a
1448 4909 1622 4978 palma
1646 4909 1806 4971 dicta,
1827 4925 1935 4979 qua

349 5014 497 5051 mare
549 4998 859 5065 impellitur.
913 4999 1173 5053 Antennzn
1202 5008 1381 5053 autem
1416 4999 1590 5065 dictae,
1632 5000 1776 5068 quod
1812 5007 1939 5053 ante

349 5101 563 5139 munem
618 5086 726 5139 sint
779 5088 1005 5154 posith
1056 5088 1370 5157 prmterﬁuit
1412 5089 1555 5144 enim
1595 5104 1686 5144 eas
1738 5089 1933 5143 amnis.

347 5177 581 5239 Cornua,
610 5185 868 5230 extrema:
898 5184 1077 5245 partes
1106 5189 1462 5233 antennarum
1494 5187 1638 5244 sunt,
1670 5178 1812 5232 dicta
1838 5192 1937 5246 per

349 5278 583 5335 tropum.
633 5267 805 5322 Malus
833 5276 915 5323 est
959 5269 1121 5324 arbor
1147 5270 1300 5323 navis
1320 5311 1335 5335 ,
1379 5285 1485 5339 qua
1516 5269 1633 5323 vela
1664 5270 1934 5325 sustinen—

349 5369 456 5412 tur.
508 5359 675 5414 Malus
702 5371 880 5415 autem
904 5360 1096 5423 dictus,
1140 5362 1265 5430 quia
1316 5362 1477 5415 habet
1501 5363 1673 5416 instar
1716 5363 1841 5417 mali
1876 5365 1930 5418 in

351 5451 707 5506 summitate:
774 5453 854 5506 vcl
911 5454 1036 5523 quia
1090 5455 1243 5521 quasi
1303 5455 1624 5523 quibusdam
1672 5456 1933 5512 malleolis

354 5540 543 5608 ligneis
596 5541 850 5609 cingitur,
906 5558 1132 5611 quorum
1178 5544 1506 5597 volubilitate
1552 5545 1668 5598 vela
1722 5545 1931 5600 facilius

355 5631 651 5682 elevantur.
700 5630 891 5686 Clavus
923 5642 1022 5697 est,
1081 5650 1187 5703 quo
1242 5636 1441 5704 regitur
1490 5636 1927 5704 gubernaculum,

357 5720 426 5777 ἀεὶ
453 5736 559 5793 quo
592 5722 791 5775 Ennius
822 5744 831 5774 :

2045 4615 2209 4668 Isaia:
2238 4614 2433 4685 Vter/ui
2460 4616 2664 4669 trahitis
2696 4617 2994 4685 iniquitates
3021 4617 3074 4670 in
3106 4618 3354 4682 funiculis
3386 4621 3635 4673 vanitatis

2046 4704 2181 4774 (lsa.
2211 4704 2285 4774 v).

2621 4793 2847 4848 CAPUT
2902 4795 3080 4848 XLEil.

2676 4885 2754 4939 De
2777 4887 2987 4939 retibus.

2114 5000 2275 5054 Rctes
2297 5008 2499 5054 vocate
2518 4999 2631 5053 sive
2652 5016 2680 5053 a
2704 5001 2996 5055 retinendis
3010 5000 3267 5068 piscibus,
3287 5004 3401 5057 sive
3422 5018 3452 5057 a
3479 5008 3635 5061 resti-

2038 5091 2158 5155 bus,
2185 5090 2379 5160 quibus
2404 5091 2712 5144 tenduntur.
2738 5090 2911 5144 Minus
2938 5099 3115 5144 autem
3144 5103 3260 5146 rete
3284 5094 3631 5165 simplagium

2038 5179 2234 5233 dicitur
2273 5196 2301 5231 a
2335 5180 2505 5249 plagis
2542 5198 2553 5232 :
2598 5194 2719 5232 nam
2750 5179 2964 5247 proprie
2991 5180 3173 5249 plagas
3201 5183 3431 5237 dicimus
3471 5184 3633 5240 ﬁlues

2035 5268 2155 5323 illos
2196 5269 2389 5337 quibus
2419 5270 2553 5323 retia
2582 5268 2872 5322 tenduntur
2900 5271 3045 5325 circa
3076 5271 3239 5327 imam
3268 5282 3324 5328 et
3356 5289 3631 5331 summam

2037 5368 2264 5431 partem.
2295 5359 2479 5414 Funda
2505 5374 2673 5430 genus
2697 5369 2781 5415 est
2800 5361 3103 5429 piscatoriae
3128 5366 3282 5428 retis,
3306 5365 3448 5419 dicta
3472 5366 3540 5421 ab
3560 5380 3630 5422 eo

2039 5448 2182 5518 quod
2213 5450 2266 5502 in
2300 5448 2523 5503 fundum
2547 5449 2793 5503 mittatur
2833 5469 2844 5503 :
2886 5451 3075 5505 eadem
3111 5453 3273 5506 etiam
3304 5468 3333 5506 a
3364 5453 3629 5522 jactaudo

2034 5543 2269 5611 jaculum
2299 5543 2511 5596 dicitur.
2544 5541 2762 5596 Plautus
2787 5561 2799 5595 :
2826 5540 3032 5596 Probus
3066 5545 3274 5613 quidem
3296 5555 3449 5598 antea
3466 5546 3629 5614 jacu-

2040 5636 2175 5687 Iutor
2204 5652 2339 5687 eras.
2368 5634 2601 5702 Tragum
2630 5650 2794 5704 genus
2825 5636 2971 5697 retis,
3005 5635 3071 5688 ab
3092 5650 3159 5689 co
3190 5637 3333 5705 quod
3371 5638 3623 5700 trahitur,

2044 5731 2423 5795 nuncupatum.
2477 5727 2589 5795 ipsa
2620 5737 2697 5780 est
2742 5737 2793 5780 et
2821 5727 3141 5781 verriculum
3176 5746 3187 5781 :
3219 5744 3435 5782 verrere
3476 5728 3623 5784 enim
