3918 6328
160 407 254 461 ὖὲιἻ

158 609 289 662 Stiee
311 608 595 678 designant
616 608 909 679 Evangelii.
944 608 1098 663 Unde
1123 616 1178 661 ct
1200 608 1459 675 Apostoli,
1486 607 1645 678 typiei
1665 606 1740 676 pi-

159 706 423 762 scatores,
453 715 484 753 a
512 698 738 755 Domino
778 699 1067 752 mittuntur
1094 698 1145 752 in
1174 713 1327 751 mare
1358 698 1513 752 istius
1536 696 1740 762 smculi,

158 795 217 841 ut
259 786 602 858 dogmatibus
650 789 761 843 suis
805 795 999 840 eruant
1047 788 1295 842 homines
1349 788 1418 839 ab
1467 786 1742 841 erroribus

159 880 465 946 mundanis,
494 889 551 935 et
578 881 875 949 perducant
902 879 967 932 ad
990 887 1192 933 rectam
1225 878 1381 933 ﬁdem
1412 878 1522 931 Dei.
1553 878 1628 931 De
1657 892 1742 931 sa-

157 986 289 1041 gena
318 987 450 1026 vero
478 972 551 1026 ita
581 972 635 1024 in
652 970 940 1041 Evangelio
962 969 1156 1041 legitur
1185 988 1197 1022 :
1228 967 1408 1024 Simile
1432 977 1506 1022 est
1530 984 1740 1037 regnum

158 1061 400 1116 caelorum
421 1078 629 1132 sugente
658 1062 830 1115 missa:
861 1062 914 1114 in
938 1078 1100 1126 mare,
1133 1069 1180 1113 et
1204 1075 1267 1113 ea:
1292 1059 1431 1113 omni
1459 1075 1641 1129 genere
1666 1059 1745 1129 pi-

157 1155 321 1207 scium
340 1154 694 1223 congreganti.
730 1153 921 1219 Quam,
944 1170 1061 1207 cum
1083 1151 1293 1223 impleta
1326 1160 1477 1217 esset,
1518 1151 1743 1205 educen-

160 1252 231 1296 tes
257 1252 304 1296 et
326 1260 473 1297 secus
504 1242 649 1296 littus
673 1243 905 1296 sedentes
928 1242 1186 1313 elegerunt
1208 1242 1366 1295 bonos
1389 1243 1440 1295 in
1464 1258 1610 1306 vasa,
1640 1258 1748 1294 ma-

158 1333 233 1386 los
259 1344 433 1387 autem
460 1334 605 1402 foras
636 1335 887 1389 miserunt
915 1332 1129 1404 (Matth.
1161 1331 1304 1403 ιιιι).
1358 1331 1472 1386 Sub
1495 1332 1597 1385 hac
1618 1345 1746 1401 ergo

156 1422 409 1492 parabola
457 1432 644 1477 sancta
688 1423 928 1478 Ecclesia
968 1437 1180 1491 sagcnzn
1207 1429 1554 1489 comparatur
1580 1438 1592 1451 ·
1622 1421 1746 1488 quia

153 1524 211 1568 et
237 1514 600 1584 piscatoribus
649 1521 733 1567 est
764 1514 1081 1575 commissa,
1133 1520 1184 1566 et
1233 1527 1331 1580 per
1354 1527 1473 1565 eam
1502 1512 1568 1565 ad
1595 1521 1750 1566 teter-

156 1620 282 1659 num
306 1600 531 1675 regnum
559 1620 588 1656 a
618 1604 899 1673 prmsentis
920 1603 1099 1657 szeculi
1129 1602 1379 1657 fluctibus
1406 1602 1658 1667 trahitur,
1683 1617 1750 1656 ne

157 1694 209 1748 in
238 1702 457 1748 aeternae
487 1694 677 1747 mortis
705 1691 970 1762 profunda
1010 1702 1287 1764 mergatur
1310 1733 1325 1755 ,
1357 1706 1477 1762 quae
1504 1707 1569 1745 ex
1603 1688 1751 1745 omni

156 1799 354 1855 genere
390 1784 623 1855 piscium
649 1793 976 1855 congregat:
1028 1784 1155 1854 quia
1188 1784 1253 1838 ad
1288 1794 1633 1853 peccatorum
1661 1796 1752 1837 ve-

1136 409 1223 462 DE
1262 406 1610 463 UNIVERSO
1648 405 1823 461 LIBRI
1862 406 2021 461 XXII.
2062 438 2130 446 -
2166 405 2293 461 LIB.
2331 406 2450 461 XX.

158 517 369 573 trahere
398 524 501 570 est.
535 515 688 570 Retia
717 515 829 571 sive
880 530 1093 587 sagenac
1139 516 1581 587 prmdicationem
1626 530 1739 585 my-
1766 520 1814 577 Α

3310 410 3411 463 538

2406 517 2631 574 CAPUT
2668 517 2847 573 XLIV.

2323 609 2395 662 De
2427 610 2692 677 fabrorum
2720 594 2952 679 fornace.

1911 698 2087 753 Faber
2128 713 2157 751 a
2196 697 2439 752 faciendo
2461 698 2602 753 ferro
2630 686 2941 770 impositum
2983 713 3176 754 nomen
3208 699 3370 754 habet
3402 720 3414 752 :

1842 787 1969 841 hinc
1994 788 2295 841 derivatum
2328 798 2408 842 cst
2439 804 2632 843 nomen
2669 791 2735 843 ad
2757 789 2891 844 alias
2937 790 3135 844 artium
3169 791 3423 845 materias

1844 877 2025 931 fabros
2051 877 2135 931 vel
2173 877 2405 933 fabricas
2450 878 2667 933 dicere:
2721 881 2815 935 sed
2855 895 2977 934 cum
3008 879 3324 949 adjectione,
3364 890 3425 933 ut

1844 966 1997 1022 faber
2034 967 2315 1038 Iignarius,
2367 976 2423 1023 et
2466 968 2670 1039 reliqua
2697 1009 2709 1033 ,
2746 979 2964 1039 propter
2994 969 3174 1039 operis
3219 970 3427 1024 scilicet

1845 1057 2187 1111 firmitatem:
2219 1058 2272 1111 in
2293 1058 2569 1113 fabrorum
2601 1066 2780 1112 autem
2810 1058 3027 1113 fornace
3049 1058 3275 1128 gentiles
3299 1056 3426 1111 Vul-

1845 1164 2041 1204 canum
2084 1158 2358 1205 auctorem
2408 1150 2630 1205 dicunt:
2685 1150 2979 1221 ﬁguraliter
3008 1167 3103 1221 per
3129 1150 3426 1205 Vulcanum

1848 1240 2025 1310 ignem
2073 1239 2462 1311 signiﬁcantes,
2507 1242 2622 1295 sine
2654 1256 2762 1309 quo
2801 1241 3008 1294 nullum
3035 1240 3237 1296 metalli
3260 1256 3430 1311 genus

1850 1328 1999 1384 fundi
2039 1330 2359 1398 extendique
2394 1338 2588 1398 potest.
2640 1328 2781 1383 Nihil
2807 1339 2891 1385 est
2934 1330 3077 1385 enim
3116 1345 3253 1400 pene
3288 1333 3429 1400 quod

1850 1418 1974 1488 igne
1999 1434 2105 1473 non
2131 1417 2410 1472 efficiatur.
2469 1419 2607 1473 Alibi
2635 1419 2777 1472 enim
2823 1418 3021 1473 vitrum
3042 1460 3055 1483 ,
3088 1419 3213 1473 alibi
3241 1432 3432 1489 argen-

1851 1519 1987 1575 tum,
2017 1510 2144 1563 alibi
2172 1509 2445 1578 plumbum
2466 1550 2481 1574 ,
2530 1511 2650 1564 alibi
2685 1511 2930 1576 minium,
2978 1512 3104 1565 alibi
3132 1512 3429 1581 pigmenta,

1853 1598 1979 1653 alibi
2004 1599 2358 1653 medicamina
2392 1598 2573 1655 efficit.
2602 1600 2728 1669 Igne
2756 1602 2959 1671 lapides
2982 1604 3031 1656 in
3050 1619 3123 1657 res
3150 1602 3431 1657 resolvun-

1853 1699 1958 1744 tur.
2006 1690 2133 1760 Igne
2161 1691 2364 1746 ferrum
2396 1692 2632 1763 gignitur
2659 1708 2721 1746 ac
2755 1694 3022 1747 domatur.
3078 1694 3206 1764 Igne
3241 1710 3433 1748 aurum

1852 1780 2148 1849 perﬁcitur.
2200 1782 2325 1852 igne
2351 1792 2591 1837 cremato
2618 1783 2793 1851 lapide
2820 1794 3079 1838 ctementa
3126 1793 3179 1839 et
3201 1785 3436 1854 parietes

156 1876 297 1929 niam
329 1876 605 1945 sapientes
653 1884 709 1929 et
758 1874 959 1941 fatuos,
991 1876 1192 1930 liberos
1218 1884 1273 1931 et
1308 1891 1519 1941 servos,
1552 1874 1744 1929 divites
1773 1883 1819 1942 Β
1847 1869 2099 1939 ligantur.
2154 1870 2382 1940 Lapides
2411 1873 2595 1942 nigros
2641 1872 2778 1943 ignis
2807 1874 3086 1943 coquendo
3110 1874 3430 1929 candificat:

154 1973 208 2020 et
232 1980 519 2035 pauperes,
552 1964 720 2019 fortes
746 1976 800 2019 et
831 1965 1074 2020 infirmos
1098 1975 1275 2020 vocat.
1308 1965 1460 2021 Unde
1482 1980 1579 2034 per
1601 1965 1749 2020 Psal-

157 2056 373 2109 mistam
400 2056 465 2108 de
493 2070 555 2107 ea
576 2055 774 2108 dicitur
801 2069 815 2107 :
844 2054 925 2107 Ad
957 2065 1005 2108 te
1036 2057 1205 2109 omnis
1237 2072 1359 2108 caro
1390 2057 1553 2108 veniet
1577 2054 1747 2124 (Psnl.

156 2146 323 2216 utv.)
358 2145 491 2212 Quae
533 2160 733 2215 sagcna
760 2144 967 2199 scilicet
998 2154 1125 2199 tunc
1166 2144 1548 2199 universaliter
1580 2144 1753 2214 reple-

155 2246 259 2301 tur,
306 2253 432 2290 cum
468 2236 519 2289 in
546 2236 650 2289 ﬁne
675 2251 773 2290 suo
803 2236 1021 2289 humani
1051 2236 1265 2306 generis
1288 2251 1493 2290 summa
1537 2234 1752 2289 conclu-

154 2328 321 2393 ditur,
353 2340 515 2395 quam
547 2327 784 2381 educunt
810 2333 865 2380 et
888 2342 1047 2381 secus
1066 2326 1216 2383 littus
1237 2326 1424 2380 sedent
1450 2343 1462 2379 :
1488 2326 1613 2396 quia
1646 2326 1753 2379 sic—

108 2404 115 2409 ’
155 2428 214 2473 ut
254 2434 408 2472 mare
439 2418 711 2480 szeculum,
752 2419 826 2471 ita
874 2418 1055 2472 saeculi
1087 2418 1249 2473 finem
1293 2419 1561 2489 significat
1602 2418 1751 2472 littus

157 2509 345 2574 maris,
390 2508 443 2561 in
470 2523 578 2576 quo
625 2508 834 2562 scilicet
863 2508 967 2561 fine
1011 2508 1138 2561 boni
1174 2508 1349 2577 pisces
1377 2508 1427 2561 in
1465 2508 1606 2562 vasis
1651 2508 1750 2562 cli-

158 2606 405 2670 guntur,
453 2598 579 2651 mali
626 2595 984 2667 projiciuntur
1040 2596 1235 2652 foras:
1282 2600 1410 2668 quia
1464 2608 1517 2653 et
1548 2599 1753 2654 electus

158 2687 391 2757 quisque
439 2689 493 2741 in
546 2687 893 2742 tabernacula
936 2696 1138 2742 acterna
1170 2690 1467 2758 recipitur;
1518 2698 1753 2743 ctzeter-

159 2778 215 2833 ni
240 2778 363 2833 luce
398 2778 549 2848 regni
584 2778 815 2846 perdita,
849 2778 915 2831 ad
938 2778 1235 2833 exteriores
1264 2780 1516 2833 tenebras
1538 2781 1750 2848 reprobi

160 2867 565 2937 pertrahuntur.
638 2865 771 2919 Nam
826 2866 962 2920 retia
1036 2867 1329 2937 aliquando
1376 2868 1749 2937 deceptionem

162 2956 361 3009 diaboli
395 2956 698 3025 designant,
724 2964 783 3008 ut
818 2956 869 3007 in
894 2955 1111 3010 Psalmo
1148 2974 1161 3007 :
1194 2956 1393 3010 Cadent
1420 2958 1475 3010 in
1503 2956 1751 3009 retiaculo

160 3043 273 3112 ejus
300 3054 599 3114 peccatores
622 3040 796 3113 (Psal.
817 3043 967 3113 exn).
996 3043 1306 3114 Con0peum
1334 3054 1497 3109 retes,
1528 3060 1633 3114 qua
1659 3061 1753 3100 cu-

164 3132 293 3187 lices
322 3133 691 3187 excluduntur
711 3134 764 3186 in
793 3134 1009 3188 modum
1032 3136 1274 3199 tentorii,
1298 3152 1405 3205 quo
1428 3137 1599 3207 magis
1628 3136 1753 3191 Ale-

1849 1958 1993 2028 ligna
2020 1959 2248 2013 candida
2298 1961 2502 2013 urendo
2550 1960 2815 2015 obfuscat.
2859 1962 3134 2017 Carbones
3165 1978 3230 2017 ex
3260 1978 3434 2031 pruna

1851 2044 2049 2116 fulgida
2079 2047 2262 2117 nigros
2285 2047 2433 2111 facit,
2461 2049 2527 2103 de
2558 2048 2714 2119 lignis
2734 2050 2883 2105 duris
2912 2050 3149 2123 fragiles,
3178 2052 3243 2107 de
3266 2055 3430 2123 putri-

1849 2135 2048 2190 bilibus
2090 2136 2448 2206 imputribiles
2483 2140 2677 2205 reddit,
2716 2141 2901 2194 stricta
2934 2142 3109 2206 solvit,
3145 2142 3315 2197 soluta
3345 2159 3432 2198 re-

1851 2227 2081 2297 stringit,
2116 2228 2249 2281 dura
2307 2228 2496 2293 mollit,
2538 2230 2716 2284 mollia
2764 2232 2900 2286 dura
2928 2234 3134 2297 reddit,
3186 2233 3349 2288 habet
3380 2244 3436 2289 et

1850 2317 2225 2372 medicaminis
2252 2334 2428 2372 usum.
2482 2319 2615 2373 Nam
2657 2335 2800 2388 saepe
2847 2322 2956 2374 ruri
2987 2323 3229 2391 prodest.
3259 2322 3434 2377 Pesti-

1850 2406 2029 2463 lentiae
2050 2424 2264 2479 quoque
2287 2450 2301 2475 ,
2347 2427 2466 2480 qua:
2493 2411 2873 2469 obscuratione
2907 2412 3035 2467 solis
3080 2415 3435 2479 contrahitur,

1850 2497 2098 2552 auxiliari
2128 2507 2335 2553 certum
2386 2508 2488 2553 est.
2536 2500 2591 2552 In
2636 2515 2798 2569 opere
2845 2516 3061 2571 quoque
3089 2501 3235 2557 aliud
3264 2502 3437 2573 gignit

1850 2586 2040 2653 primis
2066 2587 2300 2655 ignibus,
2329 2586 2475 2641 aliud
2500 2590 2769 2653 secundis,
2822 2589 2970 2643 aliud
3014 2590 3209 2644 tertiis.
3267 2589 3443 2644 Habet

1853 2688 2065 2743 quoque
2098 2682 2151 2728 et
2191 2674 2350 2728 aliam
2379 2675 2433 2728 in
2463 2690 2522 2730 se
2551 2676 2914 2731 diversitatem
2940 2676 3079 2747 ignis
3106 2691 3121 2730 :
3154 2692 3279 2731 nam
3302 2678 3443 2733 alius

1851 2772 1964 2827 cst,
1998 2765 2089 2832 qui
2113 2765 2234 2818 usui
2265 2764 2535 2819 humano:
2568 2765 2723 2829 alius,
2770 2766 2862 2834 qui
2896 2766 2949 2819 in
2988 2766 3196 2836 judicio
3220 2776 3445 2837 apparet

1852 2854 2071 2908 divino:
2108 2854 2221 2908 sive
2244 2855 2335 2922 qui
2370 2854 2435 2909 de
2468 2853 2604 2908 ccelo
2631 2854 2830 2909 fulmen
2876 2856 3130 2925 astringit
3158 2873 3172 2909 :
3205 2856 3320 2911 sive
3348 2857 3445 2925 qui

1853 2943 1919 2998 de
1948 2952 2092 2997 terra
2116 2959 2214 3013 per
2241 2945 2473 2997 vertices
2496 2945 2757 2998 montium
2776 2953 3047 3000 eructuat.
3086 2945 3228 3015 Ignis
3258 2955 3445 3001 autem

1854 3034 2047 3100 dictus,
2079 3036 2223 3103 quod
2249 3035 2381 3089 nihil
2402 3036 2547 3105 gigni
2574 3044 2752 3104 potest
2773 3052 2839 3091 ex
2866 3051 2950 3102 eo,
2984 3046 3068 3093 est
3094 3038 3242 3093 enim
3269 3039 3445 3093 invio-

1854 3125 2015 3181 labile
2067 3127 2437 3193 elementum,
2494 3143 2773 3182 assumens
2826 3128 3164 3201 [absumens]
3222 3140 3440 3195 cuncta,

163 3224 419 3277 xandrini
457 3232 703 3287 utuntur,
732 3226 856 3292 quia
880 3226 952 3279 ibi
981 3240 1046 3279 ex
1074 3225 1194 3281 Nilo
1220 3227 1419 3281 culices
1446 3227 1648 3295 copiosi
1673 3242 1765 3280 na-
1790 3228 1834 3291 Ο
1866 3236 1985 3290 quae
2016 3222 2170 3290 rapit.
2198 3221 2273 3275 De
2302 3221 2443 3291 ignis
2469 3230 2648 3275 autem
2674 3222 2900 3292 mystica
2917 3222 3314 3293 significatione
3329 3223 3445 3291 jam

164 3327 429 3371 scuntur:
466 3316 605 3369 unde
632 3325 687 3369 et
712 3331 1013 3384 conopeum
1051 3316 1250 3370 dicitur
1294 3334 1306 3370 :
1347 3334 1469 3371 nam
1506 3318 1755 3386 Canopea

166 3404 436 3475 (Egyptus
475 3414 589 3459 est:
628 3405 849 3475 Legitur
872 3420 1086 3475 quoque
1108 3406 1162 3459 in
1192 3406 1329 3460 libro
1354 3406 1536 3460 Judith
1567 3408 1632 3461 dc
1654 3407 1757 3462 Ho-

165 3495 427 3564 Iophcrnc
452 3496 678 3562 (Iudith.
700 3498 775 3566 χ),
802 3498 945 3564 quod
967 3497 1215 3550 habuerit
1234 3511 1532 3566 conopcotm
1558 3506 1758 3551 etusus

168 3593 310 3637 esset
339 3584 451 3637 illo.
501 3583 783 3649 Columna,
828 3600 948 3654 qua:
976 3595 1092 3639 erat
1129 3586 1195 3639 ad
1239 3592 1403 3655 caput
1440 3586 1620 3641 lectuli
1650 3586 1756 3640 lio-

168 3672 473 3744 lophernis,
504 3676 770 3743 signiﬁcat
818 3677 1074 3730 duritiam
1108 3677 1257 3747 pravi
1293 3678 1491 3742 cordis,
1528 3695 1645 3748 qua:
1672 3694 1759 3733 er—

169 3780 347 3819 rorem
366 3765 556 3833 genuit
580 3765 840 3819 maleﬁda:
861 3767 1171 3821 securitatis
1200 3785 1210 3820 :
1238 3767 1472 3837 gladius,
1500 3767 1667 3836 quiin
1694 3782 1758 3820 ea

170 3854 367 3926 ligatus
420 3854 685 3924 pendebat
717 3895 729 3918 ,
787 3856 990 3909 malitia
1037 3866 1120 3910 cst
1181 3857 1380 3924 iniqua:
1424 3857 1755 3912 intentionis.

169 3946 337 4000 Coma
374 3945 573 4015 capitis
607 3945 770 4000 elatio
814 3946 1060 4014 superbae
1108 3947 1344 4000 mentis:
1400 3947 1583 4001 cervix
1628 3962 1758 4000 vero

168 4036 514 4091 contumacia
544 4035 739 4103 iniqua:
760 4035 1025 4090 actionis:
1065 4044 1117 4088 ct
1147 4051 1464 4103 eonopcmn,
1506 4035 1610 4090 hoc
1653 4043 1755 4100 cst,

174 4138 315 4182 retes
354 4141 670 4181 muscarum
702 4125 926 4179 insidias
952 4126 1221 4195 significat
1250 4126 1445 4179 dolosa:
1477 4127 1760 4195 cogitatio-

171 4219 270 4272 nis.
312 4213 1009 4285 Commendatergoludith
1042 4223 1222 4270 nostra
1251 4216 1436 4284 puellm
1461 4232 1571 4269 suae
1597 4217 1761 4270 ostio-

170 4323 287 4361 rum
345 4307 695 4361 custodiam:
754 4306 877 4373 quia
934 4315 1121 4359 sancta
1180 4306 1418 4359 Ecclesia
1476 4306 1761 4373 unicuique

170 4398 412 4453 ﬁdelium
466 4398 749 4452 catholicae
799 4397 919 4451 ﬁdei
952 4398 1196 4467 przccipit
1240 4398 1439 4452 habere
1470 4399 1762 4451 observan-

171 4488 321 4541 tiam.
369 4488 507 4541 Orat
548 4489 661 4557 ipsa
702 4502 821 4541 cum
846 4487 1100 4556 lacrymis
1138 4504 1149 4538 :
1184 4488 1309 4556 quia
1345 4504 1635 4558 supernum
1665 4505 1760 4543 au-

170 4579 354 4631 xilium
386 4578 568 4647 poscit
588 4578 774 4630 intima
802 4577 1084 4630 devotione
1108 4578 1305 4632 cordis.
1334 4578 1557 4633 Accedit
1587 4579 1653 4632 ad
1675 4595 1759 4633 co-

170 4670 446 4732 lumnam,
501 4677 556 4721 et
595 4666 823 4721 exsolvit
871 4668 1157 4737 pugionem
1183 4709 1197 4732 ,
1246 4684 1344 4737 per
1386 4684 1544 4738 quem
1587 4669 1757 4725 hostis

168 4758 491 4827 nequissimi
536 4767 773 4826 amputet
814 4766 1010 4826 caput:
1060 4774 1182 4811 cum
1237 4760 1503 4813 dcuudata
1553 4758 1757 4813 malitia

169 4847 288 4902 duri
319 4847 507 4903 cordis
545 4847 777 4901 abscidit
816 4848 883 4908 ab
932 4848 1086 4901 hoste
1118 4850 1458 4903 occasionem
1492 4860 1758 4920 protervae

169 4939 515 4993 tentationis.
580 4938 771 4992 Aufert
820 4947 876 4992 et
930 4934 1227 5007 conopeum
1286 4959 1298 4993 :
1346 4942 1471 5009 quia
1538 4941 1758 4997 fraudes

169 5027 284 5097 ejus
315 5032 555 5100 detegit,
584 5031 779 5098 quibus
809 5030 1079 5099 simplices
1106 5039 1160 5084 et
1193 5031 1436 5086 incautos
1480 5032 1757 5101 implicare

170 5122 493 5175 contendit:
547 5121 733 5188 sicque
790 5130 1039 5175 truncum
1084 5122 1253 5175 hostis
1298 5136 1494 5190 corpus
1539 5122 1759 5190 evolvit,

174 5226 294 5265 eum
320 5212 501 5281 ipsum
538 5210 813 5265 inimicum
844 5229 910 5266 ex
942 5213 1087 5266 οιιιιιὶ
1121 5221 1269 5281 parte
1294 5212 1565 5268 infirmum
1590 5224 1643 5268 et
1671 5216 1763 5271 de-

175 5300 333 5355 bilem
362 5316 491 5356 esse
533 5300 803 5354 ostendit:
834 5310 891 5355 ut
919 5318 984 5357 eo
1018 5302 1232 5357 facilius
1259 5302 1544 5358 bellatores
1562 5306 1760 5360 Christi

176 5394 449 5448 confidant
518 5393 729 5446 hostem
774 5394 1164 5464 nequissimum
1214 5411 1272 5451 se
1316 5397 1528 5451 vincere
1578 5413 1756 5467 posse,

179 5499 281 5551 quo
306 5500 430 5538 cum
471 5484 704 5554 plcuiter
736 5486 981 5541 ediscunt
1011 5487 1253 5557 fragilem
1300 5500 1353 5545 et
1402 5492 1756 5560 superabilem

183 5574 310 5628 fotc.

873 5741 1075 5754 -——..

1857 3312 2103 3381 superius
2126 3312 2325 3365 dictum
2357 3320 2461 3377 est,
2492 3313 2581 3366 ubi
2609 3314 2672 3366 de
2696 3322 2929 3380 quatuor
2956 3313 3240 3367 elementis
3264 3314 3447 3383 disptb

1860 3410 2030 3454 latum
2066 3411 2169 3455 est.
2202 3402 2258 3455 Si
2288 3411 2465 3456 autem
2499 3402 2620 3470 quis
2648 3402 2763 3461 haec
2793 3418 2910 3471 (pne
2946 3404 3032 3457 hic
3059 3404 3261 3472 scripta
3295 3413 3442 3468 sunt,

1858 3490 1964 3544 illis
1988 3505 2305 3559 comparare
2324 3492 2576 3555 voluerit,
2619 3507 2716 3562 per
2742 3492 3054 3548 efﬁcientias
3083 3508 3268 3547 earum
3291 3493 3445 3548 forsi-

1858 3588 1949 3634 tan
1996 3582 2168 3635 adhuc
2222 3581 2373 3650 plura
2426 3584 2680 3653 mysteria
2717 3584 2842 3637 inde
2888 3586 3088 3653 poterit
3128 3585 3445 3655 explanare.

1857 3672 2036 3727 Faber
2070 3689 2195 3729 vero
2222 3674 2361 3730 Deus
2391 3675 2705 3744 intelligitur
2733 3716 2747 3741 ,
2790 3662 2887 3745 pro
2928 3692 2992 3731 eo
3033 3679 3177 3746 quod
3227 3692 3445 3733 omnem

1860 3760 2119 3815 fabricatu
2142 3764 2265 3817 caeli
2290 3774 2345 3817 et
2367 3774 2525 3818 terra:
2547 3774 2803 3833 operatus
2831 3766 2918 3831 sit,
2946 3768 3081 3821 utin
3107 3768 3399 3838 Evangelio
3428 3788 3442 3823 :

1862 3852 2052 3906 Nonne
2080 3854 2161 3907 hic
2188 3864 2260 3907 est
2290 3854 2429 3922 fabri
2452 3854 2635 3921 ﬁlius?
2662 3853 2875 3923 (Matth.
2912 3855 3054 3925 xm.)
3094 3856 3279 3921 Fabri,
3312 3872 3443 3911 san—

1859 3944 1931 3995 cti
1953 3944 2351 4011 praedicatores,
2382 3945 2521 3998 sicut
2545 3943 2753 4013 Regum
2791 3943 2929 4000 liber
2956 3945 3087 3999 dicit
3118 3963 3130 3998 :
3162 3944 3330 3999 Porro
3361 3950 3443 4016 fa-

1858 4030 1947 4083 ber
1964 4032 2220 4099 ferrarius
2254 4050 2354 4085 non
2383 4033 2742 4087 inveniebatur
2770 4035 2824 4085 in
2854 4032 3024 4087 Israel
3056 4034 3107 4105 (I
3139 4033 3269 4105 Reg.
3298 4038 3441 4106 xm).

1858 4122 2021 4177 Fabri
2068 4139 2229 4191 regna
2270 4125 2507 4193 gentium
2536 4139 2564 4176 a
2595 4131 2827 4192 quatuor
2849 4126 3036 4178 mundi
3064 4127 3311 4193 partibus
3344 4145 3445 4196 po-

1858 4214 2041 4284 pulum
2078 4214 2264 4279 Israel,
2300 4215 2381 4268 vel
2408 4225 2630 4269 creteros
2654 4214 2885 4269 humiles
2906 4216 3183 4269 servitutis
3208 4218 3444 4285 pondere

1860 4306 2243 4375 deprimentcs,
2276 4316 2333 4359 ut
2372 4307 2426 4359 in
2468 4306 2768 4359 Zacharia:
2804 4306 2871 4358 Et
2914 4323 3028 4360 ecce
3053 4317 3281 4377 quatuor
3303 4309 3446 4375 fabri

1860 4396 2042 4467 (Zac/t.
2077 4397 2137 4468 ι).
2192 4397 2419 4452 Fabrica
2446 4398 2653 4452 duabus
2703 4399 2865 4453 rebus
2900 4385 3135 4465 constat,
3180 4402 3355 4456 ventis
3391 4412 3449 4457 et

1858 4485 2091 4541 flamma.
2152 4488 2392 4542 Flamma
2441 4504 2568 4543 vero
2617 4489 2833 4558 proprie
2881 4488 3118 4545 fornacis
3170 4501 3251 4545 est
3280 4494 3447 4559 dicta,

1864 4578 2006 4646 quod
2040 4576 2168 4631 ﬂatu
2202 4577 2404 4631 follium
2451 4579 2735 4631 excitetur.
2792 4578 3005 4633 Fornax
3043 4595 3171 4636 vero
3212 4583 3281 4635 ab
3326 4584 3449 4654 igne

1864 4675 2095 4722 vocata:
2128 4667 2265 4736 phos
2303 4667 2445 4719 enim
2492 4666 2629 4735 ignis
2664 4674 2765 4720 est.
2808 4666 3065 4723 Caminus
3103 4678 3189 4724 est
3224 4670 3443 4737 fornax,

1866 4759 2112 4815 Grmcum
2147 4768 2229 4814 est
2259 4758 2559 4813 derivatum
2591 4774 2621 4812 a
2657 4773 2850 4813 cauma
2880 4778 2891 4813 :
2923 4760 3111 4815 fornax
3161 4763 3303 4818 enim
3334 4766 3450 4819 sive

1866 4850 2111 4905 caminus
2128 4858 2222 4904 aut
2242 4850 2636 4905 tribulationem
2653 4851 2874 4905 nimiam
2888 4854 3171 4920 prtcsentis
3190 4858 3448 4924 temporis

1868 4942 2043 5012 typicc
2090 4944 2392 5012 exprimere
2420 4952 2633 5010 potest:
2686 4952 2745 4997 ut
2786 4955 2872 4998 est
2905 4945 3034 5000 illud
3080 4949 3446 5003 testimonium

1866 5034 2234 5104 propheticum
2259 5049 2271 5085 :
2300 5032 2557 5087 Liberavit
2580 5051 2664 5087 vos
2690 5034 2946 5089 Dominus
2975 5037 3039 5090 de
3082 5037 3296 5105 fornace
3343 5041 3448 5109 fer-

1866 5143 1950 5179 rea
2003 5126 2134 5197 (Jer.
2188 5133 2300 5198 x1),
2350 5129 2450 5182 hoc
2481 5137 2583 5191 est,
2636 5128 2891 5200 Egypto,
2944 5131 3035 5185 ubi
3083 5133 3311 5201 populus
3352 5134 3445 5188 Dei

1864 5222 2049 5292 grandi
2072 5222 2416 5278 tribulatione
2445 5226 2743 5277 vexabatur
2768 5244 2778 5277 :
2813 5234 2905 5278 aut
2931 5226 3187 5295 gehennzc
3212 5235 3445 5281 tormen-

1867 5321 1976 5366 tuut
2015 5313 2304 5380 signiﬁcat,
2345 5322 2401 5366 ut
2431 5324 2513 5367 cst
2542 5315 2669 5368 illud
2702 5316 2753 5368 in
2782 5315 3063 5383 Evangelia
3100 5332 3111 5367 ;
3147 5316 3336 5369 Mittite
3357 5332 3442 5368 eos

1864 5404 1913 5456 in
1940 5404 2205 5455 caminum
2252 5404 2405 5474 ignis,
2443 5405 2528 5457 ubi
2556 5406 2652 5458 erit
2695 5408 2845 5473 [lctus
2887 5417 2933 5460 et
2981 5408 3177 5460 stridor
3210 5407 3441 5461 dentium

1866 5492 2077 5563 (.llattlt.
2112 5492 2253 5562 xm).

1940 5580 2093 5633 lncus
2121 5592 2227 5643 est,
2279 5582 2330 5634 in
2362 5597 2467 5650 quo
2497 5581 2697 5635 ferrum
2726 5584 2989 5649 tunditur,
3028 5601 3057 5639 a
3096 5583 3336 5639 cudendo
3362 5584 3443 5637 di-

1870 5680 1989 5724 ctus
2018 5687 2029 5722 :
2060 5685 2125 5725 eo
2152 5672 2294 5740 quod
2323 5672 2427 5725 illic
2452 5672 2652 5742 aliquid
2676 5674 2955 5739 cudamus,
2987 5676 3037 5729 id
3064 5685 3164 5738 est,
3200 5673 3441 5728 feriendo

1874 5760 2249 5823 producamus.
2285 5760 2488 5819 Cudcre
2513 5763 2655 5819 enim
2690 5764 2895 5820 ccedere
2932 5773 2983 5820 ct
3015 5764 3173 5820 ferire
3208 5772 3310 5819 est.
3339 5760 3442 5818 Ve?
