3918 6354
444 423 550 481 5w

1109 424 1167 478 Β.
1209 425 1460 479 BADANI
1502 424 1718 482 MAURI
1758 424 2075 481 ARClllEP.
2116 426 2746 483 MOGUNT.OPERUM
2788 428 2968 483 PARS
3005 428 3067 482 ll.

3608 430 3707 483 560

444 543 589 587 teres
618 541 796 587 autem
850 548 955 587 non
998 534 1241 587 incudem
1295 536 1579 601 vocabant,
1606 537 1697 590 sed
1738 537 1973 589 intudem
2002 578 2013 598 ,
2048 553 2095 608 Α
2127 538 2412 594 Salomone
2442 540 2699 610 templum
2722 540 3021 595 mdiﬁcante
3044 540 3288 609 signatur
3310 556 3433 596 cum
3469 542 3666 597 dicitur
3693 562 3705 595 :

440 638 506 676 eo
541 621 756 691 quodin
786 636 847 677 ea
885 622 1156 675 metallum
1183 624 1452 687 tundatur,
1484 624 1584 679 hoc
1606 634 1705 688 est,
1747 626 2015 679 tendatur.

443 711 592 766 Unde
612 719 666 765 et
698 712 851 765 tudes
879 712 1121 775 malleus,
1145 728 1173 765 ιι
1204 713 1492 779 tundendo,
1532 716 1584 769 id
1613 726 1716 781 est,
1756 717 2020 771 tendendo

436 802 629 855 dictus.
665 802 738 855 De
764 802 954 855 incude
976 811 1154 855 autem
1179 802 1252 856 ita
1276 803 1329 871 in
1356 804 1493 859 libro
1513 807 1611 860 Job
1631 807 1891 875 scriptum
1917 816 2016 871 est,

436 906 558 943 eum
576 891 642 944 de
657 890 955 945 Leviatban
981 891 1401 947 narratur.:.Cor
1419 894 2018 967 ejusirrumpiturquusi

434 981 600 1049 lapis,
631 989 679 1034 et
712 981 997 1051 stringetur
1019 982 1171 1051 quasi
1193 982 1514 1038 malleaton's
1542 986 1689 1039 incus
1717 987 1857 1057 (Job.
1883 988 2015 1054 xu).

432 1070 683 1139 incudem
712 1071 909 1141 quippe
944 1072 1399 1131 malleatorsolis
1442 1080 2019 1148 aptampercussioni—

433 1162 534 1215 bus
572 1160 707 1232 figit.
739 1161 823 1216 Ad
850 1162 953 1217 hoc
970 1178 1211 1233 namque
1238 1166 1392 1221 incus
1419 1168 1698 1234 statuitur,
1724 1176 1788 1223 ut
1814 1171 2019 1226 crebris

432 1252 631 1309 ictibus
660 1253 906 1309 feriatur.
944 1254 1242 1310 Leviathan
1282 1272 1410 1328 ergo
1436 1299 1449 1323 ,
1492 1267 1553 1312 ut
1579 1259 1910 1315 malleatoris
1930 1262 2021 1316 .in-

433 1363 553 1411 eus,
581 1348 877 1419 stringetur
896 1365 907 1400 :
926 1347 1051 1417 quia
1082 1348 1276 1403 inferni
1294 1350 1521 1406 vinculis
1548 1351 1934 1417 coarctabitur,
1961 1361 2020 1406 ut

432 1439 619 1493 auerni
648 1438 1181 1508 suppliciicontinua
1204 1442 1566 1511 percussione
1594 1442 1872 1496 tundatur.
1916 1442 2017 1508 Qui

431 1530 592 1597 modo
633 1544 849 1601 quoque
890 1532 1208 1601 percutitur,
1253 1532 1380 1587 dum
1404 1533 1538 1603 justi
1566 1534 1789 1602 quique,
1839 1532 1932 1587 illo
1963 1533 2016 1586 in

430 1622 640 1676 insidiis
668 1622 944 1693 vigilante,
1000 1622 1095 1677 sed
1124 1622 1399 1678 doloribus
1436 1624 1765 1687 tabescente,
1808 1623 2019 1679 salvan-

430 1719 539 1765 tur.
572 1710 631 1765 ln
653 1712 847 1767 incude
878 1720 1058 1766 autem
1086 1711 1191 1765 alia
1213 1726 1353 1766 vasa
1368 1711 1673 1768 formantur
1700 1727 1715 1776 ;
1755 1711 1869 1779 ipse
1883 1726 2019 1766 .vero

429 1801 979 1877 totpercussionibus
1014 1802 1068 1855 in
1100 1816 1195 1857 vas
1220 1802 1364 1856 aliud
1390 1818 1497 1857 non
1533 1800 1875 1857 transfertur.
1914 1800 2019 1855 Re-

2122 629 2321 683 Domus
2351 638 2523 683 autem
2550 646 2666 681 cum
2692 630 3075 697 a’diﬁcarctur,
3108 630 3172 681 de
3215 630 3477 699 lapidibus
3516 630 3710 684 dolatis

2120 729 2275 787 atque
2306 718 2546 788 perfectis
2595 718 2858 786 wdiﬁcata
2907 728 2979 771 est
3011 731 3029 769 :
3066 717 3289 771 malleus
3340 729 3388 772 et
3433 720 3634 773 securis
3662 728 3710 773 et

2122 824 2270 861 omne
2323 807 2695 876 ferramentum
2742 825 2846 861 non
2892 818 3010 861 sum
3063 809 3247 862 audita
3280 810 3336 862 in
3364 810 3547 876 domo,
3591 827 3711 863 cum

2120 896 2474 965 a'diﬁcaretur
2508 895 2626 966 (Ill
2662 896 2791 966 Reg.
2827 900 2923 967 vi).
2976 898 3112 963 Quid
3158 899 3301 952 enim
3354 899 3549 952 domus
3596 899 3713 963 ill.-,

2121 988 2222 1041 nisi
2252 998 2493 1042 sanc:am
2526 989 2843 1053 Ecclesium,
2873 1004 3036 1057 quam
3066 990 3121 1042 in
3166 988 3475 1044 coelestibus
3524 990 3713 1043 Domi-

2120 1094 2223 1133 nus
2245 1079 2529 1143 inhabitat,
2560 1079 2823 1149 figurabat
2848 1096 2859 1131 :
2892 1080 2958 1133 ad
2983 1078 3135 1146 cujus
3158 1079 3570 1133 aedificationem
3599 1080 3713 1133 elc-

2120 1176 2326 1223 ctorum
2366 1168 2579 1233 animae,
2621 1168 2772 1237 quasi
2796 1167 3013 1236 quidam
3047 1168 3267 1236 expoliti
3294 1169 3518 1239 lapides,
3568 1166 3714 1221 defe-

2121 1257 2479 1325 runturzqui
2515 1272 2635 1311 cum
2667 1257 3002 1311 :editicantur
3040 1257 3094 1310 in
3140 1258 3328 1321 caelis,
3378 1260 3559 1312 nullus
3604 1258 3717 1312 illic

2115 1346 2224 1415 jam
2257 1345 2549 1413 disciplina:
2592 1345 2816 1399 malleus
2868 1354 3127 1399 resonat:
3177 1346 3305 1414 quia
3354 1348 3520 1400 delati
3552 1356 3718 1414 atque

2120 1433 2344 1505 perfecti
2380 1436 2505 1490 illuc
2536 1435 2741 1504 lapides
2765 1436 3034 1499 ducimur,
3088 1445 3149 1490 ut
3184 1437 3318 1491 locis
3341 1438 3497 1507 juxta
3550 1437 3718 1491 meri-

2123 1536 2235 1579 tum
2263 1524 2515 1595 congruis
2546 1525 2916 1593 disponamur.
2943 1525 3094 1580 .ltem
3132 1527 3311 1581 mallei
3341 1537 3469 1581 sunt
3490 1528 3719 1582 commi-

2121 1615 2363 1667 nationes
2386 1614 2580 1668 divina:
2607 1614 2865 1668 adversus
2894 1623 3231 1684 peccatores,
3256 1626 3317 1669 ut
3357 1614 3676 1670 in'Jeremia
3694 1632 3713 1668 :

2124 1706 2309 1759 Nonne
2336 1706 2488 1759 verba
2518 1723 2632 1759 mea
2669 1717 2790 1760 sunt
2836 1708 2971 1760 sicut
3018 1710 3151 1777 ignis
3177 1749 3191 1772 ,
3251 1720 3297 1764 et
3328 1711 3463 1763 sicut
3492 1710 3719 1764 malleus

2121 1807 2384 1851 conterens
2432 1808 2606 1866 petras
2656 1798 2791 1867 (ler.
2828 1782 3199 1870 xxrtt).'ltem
3249 1802 3459 1866 mallei,
3505 1802 3719 1872 flagella

427 1898 514 1945 cte
537 1904 667 1960 ergo
702 1889 1001 1945 Leviathan
1029 1891 1132 1945 iste
1156 1890 1336 1945 incudi
1370 1898 1713 1960 comparatus
1739 1897 1823 1944 est
1852 1888 2017 1957 :quia
2050 1898 2484 1959 “peccatorum,
2515 1889 2656 1943 sicut
2701 1890 2955 1945 Salomon
2992 1890 3161 1945 dicit:
3195 1892 3374 1945 Maltei
3429 1892 3718 1945 stultorum

427 1996 527 2036 nos
582 1980 671 2035 illo
726 1988 1129 2050 persequente,
1180 1981 1606 2051 componimur:
1662 1980 1787 2050 ipse
1839 1987 2021 2033 autem

426 2088 640 2144 semper
660 2073 979 2143 percutitur,
1031 2083 1087 2130 et
1130 2074 1183 2127 in
1225 2088 1320 2127 vas
1349 2072 1481 2127 utile
1533 2087 1809 2141 nunquam
1846 2081 2023 2128 muta-

427 2172 536 2216 ltU‘.

498 2254 719 2310 Malleus
765 2264 1026 2311 vocatus:
1060 2255 1211 2326 quia,
1265 2257 1392 2309 dum
1436 2254 1565 2325 quid
1595 2253 1736 2309 calet
1774 2262 1831 2308 et
1860 2253 2021 2308 molle

426 2354 546 2409 est,
598 2345 759 2400 caedit
788 2353 843 2399 et
884 2340 1134 2415 producit
1188 2362 1201 2398 :
1243 2346 1296 2399 in
1344 2344 1626 2415 Scriptura
1676 2344 1822 2401 enim
1867 2359 2018 2400 sacra

425 2434 606 2488 mallei
646 2436 864 2489 nomine
912 2436 1204 2505 aliquando
1252 2436 1495 2491 diabolus
1539 2435 1873 2505 designatur,
1922 2450 2021 2505 per

424 2538 584 2591 quem
636 2538 781 2577 nunc
834 2524 1258 2594 delinquentium
1316 2524 1489 2595 culpa:
1547 2523 1863 2579 feriuntur:
1922 2524 2019 2579 ali-

423 2614 641 2683 quando
674 2630 803 2669 vero
848 2616 1127 2685 percussio
1158 2616 1396 2671 caelestis
1425 2616 1733 2686 accipitur:
1768 2616 1897 2685 quia
1934 2616 2020 2671 vel

423 2701 579 2755 electi
614 2716 880 2771 supernos
906 2703 1046 2772 ictus
1074 2704 1337 2771 sentiunt,
1367 2713 1427 2759 ut
1465 2704 1710 2775 a.pravis
1733 2704 2020 2761 itineribus

422 2792 810 2863 corrigantur:
838 2794 923 2849 vel
959 2792 1107 2862 justa
1136 2795 1217 2849 ira
1244 2796 1505 2865 reprobos
1531 2797 1791 2866 percutit,
1823 2804 1883 2857 ut
1908 2796 2017 2866 iam

421 2882 685 2952 supplicia
708 2891 909 2939 teterna
933 2883 1291 2953 praeveniens,
1318 2884 1446 2953 quid
1469 2885 1635 2940 etiam
1661 2884 1716 2938 in
1738 2892 2015 2953 posterum

423 2981 759 3039 mereantur,
790 2974 1044 3029 ostendit.
1096 2974 1232 3029 Nam
1276 2976 1404 3045 quia
1446 2974 1805 3046 appellatione
1834 2974 2015 3029 mallei

424 3061 680 3131 antiquus
709 3063 880 3119 hostis
905 3064 1248 3133 exprimitur,
1283 3064 1556 3136 Propheta
1603 3073 1851 3130 testatur,
1890 3080 2015 3120 cum

423 3165 586 3221 super
610 3165 734 3206 eum
758 3152 863 3206 vim
888 3153 1119 3208 extremi
1142 3152 1331 3222 judicii
1348 3152 1761 3223 contemplatur.
1798 3152 2009 3207 dicens:

2121 1993 2341 2046 corpora
2369 1978 2709 2047 percutienJes
2741 1976 2924 2048 (Prov.
2962 1980 3093 2051 xu).

2189 2070 2447 2140 Forcipes
2469 2071 2623 2139 quasi
2655 2070 2961 2140 ferricipes,
2980 2088 3053 2126 eo
3073 2073 3215 2141 quod
3240 2071 3439 2125 ferrum
3466 2072 3717 2127 candens

2120 2161 2339 2230 capiant
2363 2170 2707 2231 teneantque,
2734 2163 2849 2216 sive
2880 2163 3023 2232 quod
3048 2166 3121 2217 ab
3148 2164 3232 2218 his
3269 2164 3471 2232 aliquid
3498 2163 3717 2217 forvum

2118 2250 2363 2318 capimus
2395 2258 2451 2305 et
2490 2259 2758 2315 tenemus,
2788 2252 2942 2319 quasi
2977 2252 3302 2322 forvicapes,
3338 2270 3463 2306 nam
3500 2254 3718 2305 furvum

2119 2352 2201 2395 est
2226 2341 2477 2396 calidum.
2510 2340 2657 2395 Unde
2686 2351 2743 2395 et
2765 2341 3029 2396 formosos
3059 2344 3307 2407 dicimus,
3339 2344 3537 2411 quibus
3562 2344 3721 2395 calor

2118 2432 2396 2501 sanguinis
2426 2446 2490 2485 ex
2529 2432 2726 2486 rubore
2757 2432 3209 2500 pulchritudinem
3258 2442 3427 2486 creat.
3477 2434 3551 2486 De
3597 2432 3717 2484 for-

2116 2522 2236 2591 cipe
2261 2522 2335 2575 ita
2361 2520 2579 2575 inrisaia
2607 2520 2838 2591 legitur:
2868 2518 2936 2572 Et
2985 2521 3169 2575 volavit
3219 2521 3287 2573 ad
3328 2537 3417 2573 me
3464 2537 3601 2574 unus
3650 2522 3720 2574 de

2118 2614 2384 2682 seraphin,
2420 2622 2466 2667 et
2494 2614 2550 2666 in
2583 2628 2743 2666 manu
2771 2612 2885 2682 ejus
2913 2612 3325 2683 calculusquem
3362 2613 3559 2682 forcipe
3580 2615 3719 2666 tule-

2120 2715 2199 2758 rat
2228 2704 2293 2757 de
2320 2704 2479 2757 altari
2506 2702 2641 2774 (lsa.
2670 2702 2766 2774 vr).
2803 2700 2957 2758 Unde
2986 2704 3039 2757 in
3072 2703 3298 2773 forcipe,
3332 2721 3435 2772 qua
3472 2704 3719 2758 calculus

2117 2792 2615 2862 comprehenditur,
2646 2792 2754 2845 duo
2803 2790 3149 2845 Testamenta
3183 2793 3560 2861 designantur,
3591 2808 3719 2862 qua:

2117 2885 2261 2945 inter
2285 2896 2345 2938 se
2368 2879 2602 2952 Spiritus
2628 2880 2801 2936 sancti
2838 2883 3036 2937 unione
3063 2882 3445 2947 sociantur,~et
3485 2884 3716 2937 verbum

2116 2976 2213 3032 Dei
2230 2974 2305 3031 ad
2332 2974 2669 3046 purgandum
2708 2974 2850 3028 labia
2892 2974 3289 3044 prophetzeper
3325 2974 3571 3043 angelica
3610 2974 3717 3027 mi-

2116 3066 2339 3122 nisteria
2365 3064 2543 3131 affert,
2572 3072 2632 3119 ut
2654 3064 2852 3134 populo
2873 3063 3033 3135 digne
3054 3066 3225 3133 possit
3248 3065 3501 3119 nuntiare
3523 3065 3717 3119 viduu-

2114 3165 2284 3212 tatem
2317 3156 2436 3211 Dei.
2462 3153 2616 3209 Lima
2660 3153 2803 3208 dicta
2833 3167 2899 3207 eo
2927 3152 3071 3222 quod
3108 3153 3227 3208 lene
3256 3153 3453 3217 faciat;
3492 3170 3617 3207 nam
3651 3154 3716 3207 li-

424 3236 701 3303 Quomodo
728 3238 1029 3309 confractus
1056 3249 1133 3294 est
1156 3248 1205 3293 et
1230 3240 1485 3294 contritus
1512 3238 1734 3295 malleus
1756 3240 2010 3294 universa:
2038 3254 2083 3315 ρ
2116 3263 2263 3303 mum
2298 3246 2420 3301 lene
2463 3252 2565 3310 est,
2596 3244 2649 3298 in
2684 3258 2793 3313 quo
2820 3244 2947 3297 boni
2985 3244 3223 3297 doctoris
3262 3244 3495 3312 exprimi
3534 3253 3721 3313 potest

422 3340 578 3384 terra:
601 3332 627 3383 7
657 3332 792 3402 (Jer.
824 3332 903 3403 ιη)
938 3332 1017 3388 Ac
1045 3332 1095 3388 si
1121 3332 1329 3388 diceret
1356 3350 1370 3386 :
1409 3347 1557 3398 eum,
1585 3345 1701 3402 per
1724 3346 1887 3401 quem
1917 3346 2011 3384 va-

422 3421 572 3491 scula
599 3438 695 3478 sua
722 3424 985 3480 Dominus
1012 3425 1067 3479 in
1098 3424 1387 3480 ministerii
1419 3439 1520 3481 usu
1565 3422 1849 3480 formanda
1880 3437 2014 3493 .per-

420 3513 578 3579 cutit,
608 3514 730 3582 quis
752 3514 1070 3585 perpendat,
1092 3530 1204 3584 quo
1234 3513 1466 3579 turbine,
1494 3513 1746 3569 veniente
1768 3521 2013 3583 extremo

416 3602 641 3671 judicio,
682 3606 735 3659 in
764 3613 967 3659 aeterna
1000 3602 1357 3660 damnatione
1398 3603 1727 3675 confringat.
1754 3596 2016 3657 Rursum

422 3712 521 3766 per
558 3698 811 3755 malleum
848 3699 1124 3770 percussio
1165 3698 1402 3755 caelestis
1451 3696 1774 3767 exprimitur
1804 3714 1817 3750 :
1871 3695 2015 3765 quod

2116 3338 2372 3405 officium,
2397 3337 2489 3406 qui
2518 3344 2725 3391 mentes
2763 3336 3040 3389 hominum
3066 3334 3321 3403 jucundis
3369 3334 3717 3389 sermonibus

2116 3428 2375 3493 lenilicat,
2418 3434 2474 3482 et
2518 3425 2789 3495 placidum
2830 3424 2963 3480 facit
2997 3425 3065 3479 ad
3110 3424 3431 3480 audiendum
3483 3424 3713 3479 verbum

2118 3520 2232 3586 Dei,
2257 3525 2312 3574 et
2337 3518 2403 3572 ad
2434 3516 2823 3589 perﬁciendum
2868 3516 3027 3571 bonis
3071 3516 3327 3586 operibus
3376 3515 3717 3570 voluntatem

2116 3625 2309 3683 ipsius.

428 3859 3671 3887 W

1360 3986 1662 4066 LIBER
1716 3982 2283 4065 VIGESIM‘US
2340 3979 2759 4059 PRIMUS.

937 4279 1162 4338 CAPUT
1196 4279 1486 4336 PRIMUM.

890 4395 964 4449 De
1006 4395 1219 4463 fabricis
1267 4397 1544 4465 parietum.

2736 4273 2962 4331 CAPUT
2998 4273 3081 4329 ΠΙ.

2651 4385 2729 4440 De
2764 4388 3165 4441 constructione.

494 4515 550 4569 ln
576 4511 800 4567 fabricis
836 4510 1102 4581 parietum
1141 4518 1302 4580 atque
1330 4517 1593 4564 tectorum
1620 4506 1795 4564 Graeci
1822 4507 2005 4561 inven—
2032 4496 2085 4555 D
2182 4497 2522 4553 Constructio
2569 4506 2653 4553 est
2694 4498 2923 4553 laterum
2953 4509 3007 4552 et
3042 4498 3347 4555 altitudinis
3394 4500 3706 4558 mdilicatio.

422 4617 595 4660 torem
626 4600 897 4656 Daedalum
924 4608 1191 4654 asserunt.
1222 4597 1330 4653 Iste
1362 4597 1507 4653 enim
1529 4596 1736 4667 primus
1755 4593 2008 4650 didicisse

422 4696 683 4752 fabricam
716 4708 747 4746 a
776 4691 1016 4746 Minerva
1047 4689 1264 4744 dicitur.
1310 4686 1515 4743 Fabros
1558 4694 1737 4741 autem
1773 4684 1887 4739 sive
1919 4696 2009 4737 ar-

423 4786 596 4839 tiﬁces
642 4781 815 4838 Grazci
848 4788 1095 4836 tectonas
1139 4786 1355 4841 vocant,
1394 4777 1445 4832 id
1492 4784 1578 4832 est
1628 4776 2005 4830 instructores.

420 4876 717 4931 Architecti
758 4881 937 4928 autem
979 4869 1308 4927 caamentarii
1347 4877 1492 4935 sunt,
1516 4868 1606 4938 qui
1635 4868 1923 4936 disponunt
1952 4863 2006 4918 in

422 4967 819 5031 fundamentis;
849 4966 989 5020 unde
1012 4974 1067 5019 et
1092 4962 1383 5032 Apostolus
1402 4961 1469 5016 de
1495 4960 1819 5029 semetipso:
1842 4956 2007 5022 Quasi

422 5062 647 5131 sapiens,
673 5059 869 5128 inquit,
886 5056 1197 5111 architectus
1221 5051 1620 5122 fundamentum
1635 5049 1783 5119 posui
1805 5046 1855 5119 (I
1880 5045 2002 5100 Cor.

422 5151 531 5223 ιιι).
568 5149 877 5207 Machiones
906 5146 1032 5202 dicti
1058 5160 1086 5198 a
1114 5143 1409 5209 machinis,
1446 5142 1500 5195 in
1533 5142 1727 5211 quibus
1754 5140 2006 5195 insistunt

423 5251 644 5313 propter
668 5239 1005 5295 altitudinem
1034 5236 1323 5307 parietum.

1047 5362 1273 5422 CAPUT
1316 5364 1379 5419 ll.

984 5474 1059 5532 De
1089 5477 1443 5548 dispositione.

495 5588 873 5645 [Ediﬁciorum
898 5597 1078 5657 partes
1104 5595 1229 5643 sunt
1253 5596 1363 5643 tres
1390 5604 1403 5641 :
1428 5586 1729 5657 dispositio,
1760 5596 2006 5641 constru-

427 5687 559 5753 ctio,
584 5694 857 5740 venustas.
902 5684 1187 5754 Dispositio
1212 5692 1295 5741 est
1324 5697 1463 5739 arcte
1501 5681 1583 5737 vel
1609 5681 1706 5737 soli
1735 5690 1789 5737 et
1817 5681 2005 5736 funda-

430 5786 732 5831 mentorum
764 5776 1070 5846 descriptio.

2110 4588 2449 4645 Constructio
2499 4601 2681 4651 autem
2727 4591 2811 4645 vel
2867 4591 3151 4646 instructio
3193 4601 3405 4658 vocata,
3453 4608 3521 4649 eo
3560 4596 3708 4663 quod

2110 4680 2396 4750 instringat
2438 4688 2492 4735 et
2536 4682 2810 4737 conarere
2850 4681 3034 4747 faciat,
3068 4692 3128 4737 ut
3173 4683 3379 4752 lapides
3401 4725 3415 4749 ,
3444 4685 3621 4740 lutum
3650 4696 3710 4741 et

2110 4772 2311 4843 lignum
2359 4773 2588 4827 invicem
2638 4773 2760 4827 sibi.
2814 4773 2947 4827 Nam
2990 4774 3237 4830 intinctio
3288 4775 3414 4830 Pcrri
3468 4778 3521 4832 in
3563 4794 3708 4847 aqua

2111 4861 2365 4916 strictura
2410 4873 2509 4915 est.
2566 4861 2676 4916 Nisi
2719 4864 2862 4916 enim
2917 4864 3155 4917 candens
3201 4864 3458 4934 tingatur,
3508 4865 3708 4935 stringi

2108 4958 2163 5005 et
2191 4951 2463 5005 cohaerere
2505 4965 2611 5005 non
2653 4960 2832 5020 potest
2874 4950 3100 5006 ferrum.
3145 4951 3277 5007 Item
3309 4954 3704 5009 constructio:

2107 5038 2447 5093 multitudine
2469 5039 2704 5109 lapidum
2720 5049 2771 5094 et
2787 5040 3053 5109 lignorum
3076 5042 3245 5105 dicta,
3260 5042 3401 5096 unde
3423 5052 3480 5097 et
3499 5035 3703 5099 strues.

2106 5127 2264 5182 Aliud
2286 5136 2371 5182 est
2390 5129 2534 5182 enim
2558 5128 2867 5195 aedificatio,
2886 5130 3029 5185 aliud
3047 5131 3388 5186 instauratio.
3419 5131 3555 5186 Nam
3573 5133 3705 5187 tedi-

2110 5219 2289 5273 lieatio
2327 5234 2467 5272 nova
2492 5221 2826 5274 constructio
2867 5230 2969 5275 est.
3018 5222 3344 5277 lnstauratio
3373 5238 3526 5287 vero,
3554 5225 3704 5290 quod

2109 5318 2391 5377 reparatur
2426 5307 2493 5363 ad
2527 5308 2703 5363 instar
2740 5311 2957 5379 prioris.
3003 5311 3137 5366 Nam
3166 5314 3334 5367 instar
3358 5323 3573 5368 veteres
3603 5328 3705 5383 pro

2108 5398 2454 5453 similitudine
2488 5392 2779 5468 ponebant.
2812 5400 2938 5456 lnde
2974 5409 3030 5456 et
3073 5402 3378 5458 instaurare
3421 5402 3701 5457 dicebant.

2106 5488 2328 5544 Constat
2374 5498 2556 5545 autem
2601 5492 2935 5547 constructio
2976 5491 3354 5555 fundamento,
3405 5492 3701 5562 lapidibus,

2106 5581 2271 5646 calce,
2303 5596 2468 5636 arena
2510 5591 2564 5636 et
2607 5582 2784 5654 lignis.
2824 5584 3257 5639 Fundamentum
3297 5585 3526 5649 dictum,
3553 5586 3702 5654 quod

2108 5674 2299 5727 fundus
2341 5671 2411 5726 sit
2445 5673 2681 5728 :ndilicii.
2725 5675 2869 5730 ldcm
2912 5685 2965 5732 et
3012 5684 3331 5730 czementum
3364 5692 3393 5730 a
3437 5676 3703 5731 medendo

2107 5766 2327 5831 dictum,
2361 5764 2505 5832 quod
2536 5780 2675 5820 crrso
2703 5765 2876 5837 lapide
2907 5776 3112 5837 surgat.
3148 5767 3219 5822 De
3251 5768 3476 5839 mystica
3513 5775 3700 5821 autem
