3918 6328
254 324 352 379 861

1219 319 1684 377 ὓΕῊΝΝΕἹὶςΟ
1724 319 1900 375 LIBRI
1941 321 2099 376 XXII.
2139 353 2206 361 ——
2247 320 2373 377 LIB.
2416 322 2560 377 XXI.

3415 320 3521 374 Pilia!

256 437 654 509 signiﬁcatione
696 435 1027 491 fundamenti
1052 436 1162 504 jam
1213 434 1461 501 superius
1501 434 1704 486 dictum
1736 441 1835 485 est.
1871 438 1915 491 Α
1943 432 2086 485 binm
2119 430 2273 500 hujus
2305 433 2485 487 umndi
2514 433 2803 503 signiﬁcat,
2836 432 2916 485 vel
2951 433 3105 500 impia
3133 433 3380 501 dogmata
3416 435 3522 485 la:—

256 528 488 599 I.apides
519 541 648 598 ergo
672 528 883 582 diversi
908 525 1120 597 generis
1145 524 1203 576 in
1230 522 1517 577 structuris
1546 521 1653 590 apti
1694 529 1841 586 sunt,

256 636 491 691 quorum
542 617 864 689 signiﬁcatio
908 617 991 685 (ut
1016 629 1175 683 supra
1201 612 1312 681 jam
1354 613 1555 668 dictum
1584 612 1693 683 est)
1711 620 1766 666 et
1791 612 1843 665 in

258 709 456 764 bonam
486 716 540 762 et
570 708 621 762 in
660 706 989 762 contrariam
1017 714 1224 774 partem
1250 704 1488 773 ponitur,
1512 702 1639 771 quia
1660 701 1839 757 dicun-

260 807 349 855 tur
372 798 577 867 lapides
601 796 731 862 vivi,
748 798 851 851 hoc
876 803 959 850 est
979 794 1173 858 sancti,
1202 793 1294 863 qui
1325 792 1392 847 ad
1418 792 1693 848 caeleStem
1720 807 1847 847 con-

253 889 616 942 structionem
673 885 880 941 habiles
930 892 1055 939 sunt
1088 900 1101 938 t
1137 894 1191 938 et
1241 884 1447 952 lapides
1490 882 1748 938 insensati
1792 892 1847 938 et

257 977 402 1041 duri,
434 978 523 1047 qui
568 976 911 1053 ferramentis
951 974 1320 1046 spiritualibus
1368 972 1515 1028 nullo
1543 973 1702 1029 modo
1744 988 1847 1029 caa-

259 1064 411 1129 dunt,
443 1066 570 1135 quia
614 1064 759 1119 nulla
789 1079 1061 1134 nunquam
1109 1063 1481 1118 conversionis
1525 1063 1844 1133 paenitentia

259 1154 593 1217 molliuntur,
625 1170 728 1209 nec
753 1154 937 1219 calcis,
975 1156 1078 1209 hoc
1100 1164 1183 1209 est
1208 1154 1490 1209 charitatis
1530 1154 1735 1225 glutino
1759 1156 1846 1210 ad-

260 1243 491 1297 inviccm
512 1241 751 1313 copulari
776 1244 1140 1298 consentiunt.
1164 1242 1359 1311 Arena
1383 1251 1584 1307 autem,
1608 1258 1726 1313 quae
1750 1260 1847 1314 per

260 1348 323 1389 se
376 1332 593 1387 inﬁrma
647 1342 755 1399 est,
778 1342 839 1393 et
886 1333 1046 1389 fluida
1097 1342 1261 1404 atque
1314 1335 1582 1391 instabilis
1627 1344 1841 1400 manet,

258 1422 479 1491 quando
509 1436 631 1477 cum
675 1422 841 1478 calcis
869 1421 1213 1491 adjunctione
1248 1423 1647 1489 commiscetur,
1676 1423 1845 1479 tinni-

258 1522 424 1569 tatem
449 1514 680 1585 percipit
703 1523 759 1569 et
778 1514 846 1569 ad
870 1513 1281 1578 aediﬁcationem
1306 1514 1451 1570 utilis
1478 1516 1725 1571 habetur.
1757 1514 1849 1571 Sic

256 1611 316 1659 et
342 1612 690 1673 peccatorum
731 1603 1007 1669 sterilitas,
1039 1618 1159 1673 quae
1194 1620 1291 1675 per
1332 1619 1392 1659 se
1426 1605 1576 1660 utilis
1608 1620 1713 1660 non
1741 1615 1845 1672 est,

259 1702 441 1749 tamen
486 1710 584 1767 per
629 1695 1040 1751 conversionem
1083 1692 1150 1748 ad
1182 1703 1491 1751 sanctorum
1533 1696 1846 1752 societatem

1944 523 2255 587 reticorum,
2289 522 2381 591 qui
2428 530 2711 591 postquam
2761 523 2892 577 moti
2940 531 3062 576 sunt
3106 522 3174 576 ab
3202 519 3441 583 Oriente,
3474 522 3528 576 id

1942 625 2026 670 est
2052 630 2083 668 a
2110 629 2239 669 vero
2265 613 2467 667 lumine
2497 621 2869 677 recesserunt,
2902 620 2956 667 et
2983 621 3245 667 venerunt
3287 612 3339 665 in
3378 626 3529 666 cam-

1944 722 2069 777 pum
2094 704 2339 760 Sennaar
2359 704 2451 774 qui
2478 704 2865 775 interpretatur:
2879 704 3117 758 excussio
3137 702 3392 763 dentium,
3422 713 3532 756 sta-

1945 796 2041 851 tim
2090 795 2351 850 adversus
2398 793 2683 849 Dominum
2711 835 2725 859 ,
2768 794 3062 864 impietatis
3108 807 3220 847 sua:
3267 790 3535 846 aediﬁcant

1947 886 2160 949 turrim,
2190 899 2256 939 ac
2292 882 2600 954 dogmatum
2638 885 2944 952 superbiam
2983 882 3194 938 nefario
3237 896 3369 935 ausu
3398 895 3532 936 con-

1946 977 2176 1048 ﬁngunt,
2200 976 2441 1032 volentes
2487 976 2950 1031 curiositateanon
2997 974 3145 1030 licita
3195 973 3364 1045 ipsius
3411 972 3534 1029 cadi

1945 1070 2052 1124 alta
2092 1075 2397 1137 penetrare,
2427 1067 2519 1122 sed
2546 1068 2686 1122 sicut
2730 1066 2806 1121 illi
2854 1081 2949 1136 per
2996 1065 3298 1134 superbiam
3330 1063 3399 1118 ab
3431 1079 3534 1117 una

1945 1162 2125 1232 lingua
2150 1160 2203 1214 in
2226 1160 2406 1215 multis
2430 1159 2587 1215 divisi
2611 1167 2759 1225 sunt,
2788 1158 2861 1212 ita
2889 1166 2943 1212 et
2966 1156 3206 1212 ha'retici
3233 1156 3301 1211 ab
3326 1156 3535 1210 unitate

1950 1249 2071 1304 ﬁdei
2101 1248 2439 1304 confessione
2468 1248 2735 1319 segregati
2765 1247 2907 1301 inter
2937 1260 3027 1310 se,
3053 1243 3367 1300 diversitate
3390 1259 3540 1297 erro-

1948 1340 2045 1406 ris,
2074 1341 2227 1411 quasi
2269 1356 2366 1411 per
2409 1340 2798 1395 dissonantiam
2846 1338 3073 1410 linguae;
3093 1337 3322 1413 invicem
3364 1352 3543 1391 secer-

1951 1440 2172 1486 nuntur.
2223 1430 2440 1486 Canalis
2478 1429 2624 1485 dicta
2671 1430 2739 1484 ab
2768 1444 2833 1484 eo
2862 1429 3005 1498 quod
3042 1444 3171 1483 cava
3218 1427 3290 1482 sit
3330 1428 3382 1482 in
3427 1442 3543 1481 mo-

1950 1524 2077 1579 dum
2115 1540 2323 1589 cannas,
2366 1538 2495 1580 sane
2537 1522 2781 1578 eamdem
2823 1521 3013 1576 melius
3048 1534 3244 1592 genere
3284 1518 3543 1573 lenﬁninu

1949 1631 2111 1685 quam
2156 1615 2455 1671 masculino
2514 1613 2859 1684 proferimus.
2910 1613 2986 1668 De
3039 1611 3316 1668 canalibus
3370 1611 3443 1664 ita
3487 1609 3542 1664 in

1951 1703 2147 1759 Genesi
2186 1704 2384 1774 legitur
2409 1718 2424 1757 :
2453 1702 2660 1758 Tollens
2686 1704 2862 1774 itaque
2900 1702 3065 1757 Jacob
3096 1706 3266 1773 virgas
3292 1700 3541 1772 papuleas

256 1784 538 1857 perlingit,
570 1786 921 1841 stabilitatem
949 1785 1215 1841 bonorum
1257 1800 1479 1854 operum
1519 1786 1769 1855 peI'Cipil.
1798 1794 1854 1841 ει
1883 1774 1927 1833 Β
1956 1793 2147 1849 virides
2176 1803 2224 1848 et
2250 1792 2637 1865 amygdalinas,
2665 1802 2713 1847 et
2740 1809 2805 1847 ea:
2831 1792 3080 1863 platanis,
3105 1810 3169 1847 ex
3187 1802 3332 1863 parte
3362 1792 3544 1845 decor-

256 1887 358 1942 per
378 1873 684 1930 dilectionis
727 1872 1041 1929 mandatum
1086 1873 1156 1929 ad
1197 1874 1624 1931 instructionem.
1655 1883 1858 1931 sancta:

257 1962 516 2019 Ecclesia:
536 1964 849 2034 pertinebit.

332 2054 604 2109 Fictilium
627 2069 853 2125 operum
876 2056 944 2112 ad
966 2055 1205 2126 parietes
1226 2064 1286 2111 et
1312 2054 1661 2112 fundamenta
1688 2056 1861 2113 coctis

259 2124 561 2212 laterculis,
587 2124 679 2201 adi
708 2156 849 2202 tecta
906 2124 1203 2203 imvbrioulis
1247 2148 1548 2220 tegulisque
1579 2158 1855 2219 aptantur.

262 2237 478 2311 Tegula
501 2248 728 2304 vocatae,
754 2240 896 2309 quod
923 2248 1106 2310 tegant
1132 2240 1296 2305 aedes,
1331 2247 1387 2295 et
1407 2240 1683 2305 lmbrices,
1716 2240 1859 2309 quod

259 2330 535 2400 accipiant
581 2332 803 2385 imbres.
865 2330 1079 2401 Tegula:
1118 2338 1299 2387 autem
1340 2331 1530 2402 prima:
1575 2332 1860 2401 positionis

261 2434 485 2485 nomen,
524 2418 677 2486 cujus
718 2419 1097 2474 diminutivum
1134 2408 1687 2491 tigillum..Laterculi
1730 2436 1859 2478 vero

261 2512 462 2573 vocati,
484 2510 627 2580 quod
652 2510 746 2564 lati
774 2507 1079 2566 formentur
1103 2511 1447 2566 circumactis
1467 2511 1704 2581 undique
1728 2526 1861 2581 qua-

260 2616 390 2665 tuor
423 2606 638 2662 tabulis.
690 2605 914 2662 Lateres
943 2614 1126 2661 autem
1157 2605 1310 2660 crudi
1346 2605 1623 2673 sunt,qui
1664 2611 1721 2659 et
1760 2603 1861 2673 ipsi

259 2698 391 2757 inde
418 2698 701 2764 nominati,
730 2698 877 2769 quod
920 2696 1019 2752 lati
1063 2695 1493 2767 ligneisformis
1534 2694 1856 2757 eﬁiciuntur,

260 2802 495 2858 quorum
520 2795 699 2843 crates
738 2786 1011 2851 dicuntur,
1037 2785 1091 2840 in
1118 2785 1315 2855 quibus
1336 2784 1509 2839 lutum
1537 2798 1636 2853 pro
1666 2782 1856 2839 iisdem

261 2876 527 2933 lateribus
540 2875 722 2932 crudis
733 2882 951 2946 portare
965 2874 1155 2929 solent.
1176 2874 1314 2927 Sunt
1328 2872 1473 2928 enim
1495 2871 1858 2927 connexiones

262 2982 583 3031 cannarum,
611 2967 743 3023 dicti
767 2982 867 3036 apo
890 2965 1225 3030 toucratein,
1252 2964 1302 3018 id
1328 2970 1431 3029 est,
1459 2964 1603 3033 quod
1631 2977 1690 3017 se
1720 2962 1857 3016 invi-

262 3074 385 3117 cem
420 3066 657 3113 teneant.
686 3056 882 3112 Lutum
907 3064 1087 3111 autem
1114 3064 1364 3111 vocatum
1396 3053 1623 3124 quidam
1644 3066 1742 3122 per
1763 3067 1861 3106 an-

262 3149 550 3220 tiphrasin]
578 3154 790 3219 putant,
808 3147 961 3219 quod
985 3163 1090 3202 non
1113 3147 1187 3201 sit
1213 3144 1495 3201 mundum.
1527 3143 1663 3199 Nam
1695 3157 1855 3199 omne

261 3240 437 3295 lotum
466 3241 725 3295 mundum
766 3248 866 3296 est.
914 3237 1188 3294 Fictilium
1231 3246 1413 3293 autem
1454 3252 1678 3307 operum
1717 3238 1856 3294 ratio

256 3332 421 3405 juxta
465 3332 746 3403 mysticam
793 3330 1242 3403 signiﬁcationem
1288 3331 1354 3385 ad
1393 3330 1727 3385 creationem
1758 3330 1858 3384 hu-

261 3439 444 3481 manu:
468 3424 790 3479 conditionis
825 3430 1003 3494 potest
1043 3422 1257 3488 referri,
1288 3422 1415 3491 quia
1444 3422 1703 3492 scriptum
1730 3430 1814 3477 est
1838 3439 1851 3474 :

261 3513 542 3571 Formavit
586 3514 726 3569 Deus
769 3514 1029 3569 hominem
1055 3513 1120 3567 de
1147 3512 1271 3567 limo
1301 3521 1480 3578 teme,
1506 3521 1555 3567 et
1584 3510 1855 3582 inspiravit

260 3608 326 3662 in
356 3607 539 3677 faciem
563 3606 677 3675 ejus
706 3604 1041 3675 spiraculum
1054 3607 1272 3669 vitw,.et
1304 3604 1475 3673 [actus
1500 3613 1573 3659 est
1615 3606 1769 3658 homo
1799 3606 1853 3658 in

262 3698 501 3753 animam
546 3696 793 3751 viventem
841 3693 992 3765 (Gen.
1036 3694 1121 3765 ιι).
1177 3693 1400 3763 Figulus
1445 3701 1624 3749 autem
1674 3704 1857 3750 noster

260 3786 415 3846 Deus
443 3794 546 3851 est,
575 3786 716 3856 quod
746 3786 1005 3856 propheta
1035 3784 1298 3841 Jeremias
1325 3791 1381 3839 et
1409 3783 1682 3855 apostolus
1718 3784 1856 3840 Pau-

263 3878 357 3934 lus
402 3879 649 3949 probant.
678 3876 812 3931 Nam
858 3876 999 3947 apud
1042 3873 1334 3931 Jeremiam
1381 3875 1699 3944 prophetam
1750 3875 1856 3930 tale

262 3968 470 4038 aliquid
497 3968 740 4039 legimus,
764 3967 850 4021 ubi
869 3964 1089 4035 jubetur
1110 3980 1141 4019 a
1168 3965 1279 4019 Deo
1302 3963 1527 4019 introire
1553 3963 1609 4017 in
1638 3962 1855 4017 domum

264 4059 442 4132 ﬁguli,
466 4067 522 4114 et
550 4058 734 4113 videre
755 4073 880 4113 eum
906 4058 1193 4127 ﬁngentem
1215 4056 1415 4124 utique
1440 4068 1537 4109 vas
1558 4052 1855 4123 collapsum

264 4152 340 4205 de
366 4150 611 4205 manibus
651 4149 783 4214 suis,
815 4148 1135 4217 recolligens
1164 4160 1380 4201 rursum
1413 4143 1569 4199 ﬁnxit
1593 4142 1721 4199 illud
1767 4159 1856 4199 se-

264 4241 508 4297 cundum
556 4240 891 4296 voluntatem
936 4254 1090 4294 suam
1126 4235 1236 4292 :Et
1282 4237 1459 4307 factus
1498 4245 1605 4303 est,
1653 4236 1853 4306 inquit,

262 4350 442 4389 sermo
464 4332 675 4387 Domini
700 4332 769 4385 ad
795 4346 934 4397 eum,
964 4330 1141 4383 dicens
1164 4342 1182 4380 :
1208 4326 1463 4398 Nunquid
1492 4342 1584 4397 ego
1614 4342 1717 4381 non
1738 4342 1857 4393 pose

261 4440 387 4479 sum
408 4423 579 4493 facere
598 4422 782 4477 damus
804 4420 997 4486 Israel,
1012 4421 1147 4474 sicut
1162 4417 1355 4489 ﬁgulus
1377 4418 1473 4472 iste
1486 4417 1511 4470 2
1524 4415 1660 4489 (lar.
1674 4416 1854 4487 xvm.)

263 4517 345 4572 Et
369 4514 642 4583 Sapientia
673 4512 803 4567 dicit
830 4530 842 4565 :
876 4510 1015 4565 Vasa
1055 4509 1203 4581 figuli
1228 4508 1411 4579 probat
1454 4510 1665 4578 fornax,
1690 4518 1737 4563 et
1763 4509 1853 4562 Ito-

262 4608 435 4661 mines
453 4607 627 4675 justas
650 4603 864 4659 tentatio
889 4601 1081 4673 (Ercli.
1115 4600 1307 4671 xxvii).
1338 4599 1512 4655 liabet
1531 4614 1661 4672 ergo
1681 4601 1853 4655 nostri

261 4696 415 4751 Dens
454 4692 971 4765 potestatem,.sicut
1010 4700 1065 4746 et
1106 4690 1300 4761 ligulas
1340 4690 1551 4757 luti,.ut
1591 4690 1762 4745 faciat.
1786 4691 1853 4746 ab

260 4783 455 4840 eadem
484 4795 659 4838 massa
684 4797 813 4836 vasa
844 4780 911 4835 ad
936 4780 1217 4845 honorem,
1246 4787 1303 4834 et
1322 4794 1450 4834 vasa
1478 4780 1543 4833 ad
1573 4788 1853 4834 contume-

259 4877 423 4931 liam.
472 4875 547 4929 De
591 4873 849 4929 lateribus
887 4881 1067 4926 autem
1100 4870 1153 4924 in
1184 4869 1380 4925 Genesi
1412 4870 1487 4924 ita
1518 4869 1729 4941 legitur,
1764 4871 1853 4925 ubi

260 4965 339 5021 de
357 4962 754 5019 constructione
774 4962 940 5015 turris
962 4959 1290 5014 mentionem
1315 4959 1472 5013 facit:
1492 4957 1723 5028 Cumque
1736 4976 1856 5029 pro-

260 5046 627 5123 ﬁcisceren'tur
648 5053 712 5107 de
751 5050 985 5117 Oriente,
1002 5053 1303 5106 invenerunt
1338 5052 1672 5119 aampumin
1714 5062 1855 5105 terra

264 5145 529 5207 Senuaar,
553 5151 600 5196 et
626 5142 982 5196 habitaverunt
1010 5142 1064 5195 in
1094 5158 1185 5207 eo,
1208 5140 1445 5210 dixitque
1474 5139 1609 5194 alter
1638 5140 1709 5195 ad
1734 5159 1855 5212 pro-

258 5232 469 5288 ximum
497 5246 652 5285 suum
674 5246 693 5283 :
731 5228 928 5295 Venite,
960 5231 1218 5299 faciamus
1242 5228 1451 5292 lateres,
1482 5238 1530 5283 et
1572 5246 1854 5301 coquamus

258 5336 358 5378 eos
376 5320 508 5391 igni,
522 5319 912 5387 habueruntque
935 5318 1119 5371 lateres
1141 5334 1233 5387 pro
1254 5318 1419 5381 saxis,
1435 5326 1483 5371 ct
1512 5317 1742 5372 bitumen
1762 5337 1854 5390 pro

262 5419 539 5466 cmineum.
556 5405 625 5461 Et
647 5408 889 5461 dixerunt
906 5405 1131 5469 :Venite,
1157 5407 1414 5475 faciamus
1437 5407 1581 5460 nobis
1598 5408 1853 5463 civitatem

261 5511 315 5557 rt
344 5502 555 5565 turrim,
584 5500 738 5569 cujus
766 5497 967 5551 culmen
1001 5498 1261 5567 pertingat
1293 5498 1363 5552 ad
1394 5498 1599 5562 caelum,
1636 5510 1682 5553 et
1724 5500 1855 5555 cele-

262 5594 473 5647 lremus
519 5608 710 5644 nomen
743 5600 969 5643 nostrum
1001 5598 1279 5657 antequam
1313 5590 1613 5643 divitlamur
1652 5592 1705 5645 in
1742 5594 1857 5647 uni-

264 5700 284 5737 t
304 5698 437 5738 :rsas
469 5693 644 5736 terras
667 5681 817 5748 ((Jrn.
848 5681 941 5748 xl),
966 5688 1019 5734 ct
1049 5678 1271 5749 reliqua.
1308 5681 1633 5737 TurrisJucc
1668 5699 1854 5753 supcr—

1887 4466 1937 4525 D

1959 1882 2271 1949 ticavit‘eas,
2303 1890 2351 1937 et
2384 1882 2607 1953 ponebat
2635 1884 2691 1936 in
2718 1881 3013 1948 canalibus,
3054 1882 3143 1936 ubi
3175 1882 3543 1952 eﬂundebatur

1959 1988 2118 2042 aqua,
2148 1981 2197 2027 et
2222 1971 2487 2030 ueniebant
2520 1972 2589 2027 ad
2611 1982 2829 2043 puteum
2848 1981 3031 2027 contra
3056 1990 3266 2043 pecora,
3288 1981 3347 2026 ut
3365 1972 3545 2026 conci»

1957 2071 2134 2133 perent
2171 2079 2230 2117 eo
2270 2072 2517 2133 tempore,
2543 2079 2662 2117 cum
2706 2066 2937 2120 venirent
2979 2066 3049 2119 ad
3074 2066 3399 2136 "potandum,
3430 2072 3541 2119 etc.

1960 2150 2112 2226 (Gen.
2143 2154 2293 2227 xxx),
2324 2153 2479 2224 cujus
2520 2156 2832 2227 mysterium
2880 2155 2986 2211 tale
3015 2164 3099 2211 est
3126 2174 3138 2209 :
3168 2156 3293 2226 quid
3317 2161 3402 2210 est
3436 2154 3547 2207 vir-

1958 2260 2056 2314 gas
2100 2246 2300 2301 virides
2342 2247 2744 2317 amygdalinas,
2794 2255 2955 2318 atque
3003 2263 3070 2303 ex
3118 2247 3381 2317 platanis,
3424 2254 3547 2301 ante

1958 2336 2143 2393 oculos
2189 2352 2409 2408 gregum
2454 2351 2675 2407 ponere,
2712 2337 2816 2392 nisi
2861 2351 2959 2407 per
2988 2335 3281 2407 Scriptum
3325 2336 3544 2401 seriem,

1958 2426 2304 2497 antiquorum
2335 2426 2555 2481 Patrum
2576 2426 2717 2482 vitas
2754 2434 2915 2495 atque
2956 2426 3253 2481 sententias
3283 2427 3337 2480 in
3362 2417 3548 2480 exrna-

1958 2518 2105 2588 plum
2136 2518 2348 2589 populis
2379 2517 2657 2587 praebere?
2684 2516 2813 2585 Quae
2834 2518 3089 2572 nimirum
3118 2516 3245 2597 quia
3275 2517 3429 2587 juxta
3460 2533 3549 2573 ra-

1962 2608 2126 2665 tionis
2152 2603 2381 2665 examen
2410 2616 2574 2664 rectaa
2599 2616 2744 2672 sunt,
2766 2607 2936 2678 virgae
2953 2606 3324 2674 nominantur,
3352 2607 3549 2677 quibus

1960 2710 2210 2773 exparte
2230 2702 2494 2757 corticem
2521 2699 2809 2763 subtrahit,
2838 2707 2899 2753 ut
2926 2698 2980 2753 in
3010 2698 3095 2754 his
3117 2713 3237 2768 qua:
3265 2698 3546 2767 expolian-

1960 2800 2067 2859 tur,
2098 2790 2319 2847 intimus
2353 2790 2559 2846 candor
2601 2795 2892 2859 appareat,
2922 2796 2978 2844 et
3003 2802 3071 2844 ex
3097 2796 3251 2858 parte
3288 2789 3549 2845 corticem

1960 2888 2163 2945 servat,
2186 2889 2248 2936 ut
2290 2881 2431 2936 sicut
2481 2879 2659 2934 fuerat
2704 2878 2945 2933 exterius
2976 2878 3027 2933 in
3058 2878 3286 2935 veritate
3326 2893 3546 2948 perma-

1961 2979 2107 3026 neat.
2135 2969 2480 3041 Viridiorque
2519 2970 2794 3041 virgarum
2821 2969 2969 3025 color
2993 2968 3245 3036 efﬁcitur,
3276 2970 3403 3026 dum
3428 2985 3551 3026 cora-

1962 3068 2050 3115 tex
2083 3075 2150 3115 ex
2179 3068 2335 3131 parte
2357 3059 2715 3124 subtrahitur,
2741 3068 2795 3114 et
2827 3075 2893 3113 ex
2922 3068 3074 3129 parte
3102 3060 3385 3114 retinetur.
3409 3058 3547 3117 Ante

1881 3122 1929 3187 (ἶ
1962 3149 2409 3205 considerationis
2458 3149 2603 3203 enim
2654 3157 2859 3204 nostra:
2911 3148 3095 3204 enidos
3141 3149 3547 3219 praedicantium

1959 3238 2181 3295 Patrqu
2222 3238 2536 3305 sententiae,
2562 3238 2721 3310 quasi
2748 3239 2911 3309 virga:
2947 3239 3129 3301 variae;
3158 3248 3450 3309 ponuntur;
3486 3240 3546 3297 In

1957 3330 2154 3402 quibus
2184 3330 2311 3386 dum
2350 3330 2666 3400 plerumque
2701 3329 3029 3386 intellectum
3058 3330 3250 3385 litterae
3290 3329 3544 3402 fugimus,

1958 3420 2111 3492 quasi
2168 3420 2427 3477 corticem
2490 3421 2893 3486 subtrahimus,
2947 3432 3004 3475 et
3046 3421 3173 3475 dum
3230 3421 3549 3491 plerumque

1960 3509 2290 3566 intellectum
2332 3511 2525 3566 littera:
2552 3511 2853 3581 sequimur,
2880 3505 3035 3582 quasi
3075 3512 3331 3567 corticem
3365 3527 3547 3569 reser-

1958 3614 2169 3655 vamus.
2208 3600 2457 3672 Dumque
2484 3602 2553 3657 ab
2580 3602 2712 3671 ipsis
2740 3610 2921 3658 cortex
2951 3602 3146 3657 littere
3185 3602 3543 3665 subtrahitur,

1962 3690 2233 3762 allegoria:
2255 3691 2456 3747 candor
2480 3691 2705 3747 interior
2734 3692 3159 3758 demonstratur,
3186 3702 3243 3748 et
3266 3692 3394 3753 dum
3423 3708 3543 3749 con-

1959 3788 2051 3837 tex
2110 3781 2472 3851 relinquitur,
2535 3782 2821 3838 exterioris
2889 3782 3259 3854 intelligentia:
3310 3783 3541 3839 virentia

1958 3870 2203 3940 exempla
2257 3880 2645 3927 monstrantur.
2698 3872 2843 3938 Quas
2890 3872 3028 3927 bene
3074 3871 3240 3928 Iacob
3286 3872 3339 3927 in
3390 3888 3546 3943 aqua:

1959 3960 2234 4016 canalibus
2262 3963 2472 4031 posuit,
2500 3962 2627 4033 quia
2657 3972 2713 4017 et
2737 3962 3068 4034 Redemptor
3096 3971 3279 4017 noster
3310 3963 3363 4017 in
3390 3962 3545 4017 libris

1957 4065 2051 4106 eas
2087 4066 2257 4107 sacrae
2292 4052 2555 4119 scientiae,
2586 4053 2781 4122 quibus
2822 4069 2919 4109 nos
2950 4053 3272 4112 intrinsecus
3312 4052 3545 4110 infundi-

1959 4157 2101 4209 mur,
2133 4141 2269 4197 ﬁxit.
2318 4141 2426 4197 llas
2475 4144 2797 4214 aspicientes
2840 4145 3037 4201 arietes
3082 4160 3206 4201 cum
3239 4145 3430 4201 ovibus
3454 4160 3545 4201 co-

1958 4240 2108 4297 eunt,
2133 4233 2255 4302 quia
2289 4234 2588 4290 rationales.
2609 4236 2777 4290 nostri
2809 4234 3043 4305 Spiritus
3082 4236 3387 4292 intellectus
3414 4237 3541 4292 dum

1959 4323 2013 4378 in
2050 4340 2235 4379 earum
2286 4324 2584 4381 intentione
2614 4325 2774 4381 deﬁxi
2803 4334 2948 4392 sunt,
2976 4327 3200 4399 singulis
3243 4328 3547 4399 quibusque

1963 4415 2263 4471 actionibus
2287 4416 2705 4486 permiscentur,
2736 4426 2793 4473 ut
2834 4417 2968 4475 tales
2996 4418 3137 4475 fetus
3160 4435 3384 4491 operum
3412 4436 3541 4491 pro-

1962 4513 2185 4571 creent,
2228 4506 2407 4575 qualia
2451 4507 2697 4577 exempla
2750 4509 3168 4577 prmcedentium
3216 4510 3269 4565 in
3321 4511 3544 4569 vocibus

1958 4602 2347 4664 praeceptorum
2374 4596 2575 4650 vident.

2031 4683 2247 4739 Fistulze
2291 4699 2550 4755 aquarum
2590 4696 2717 4742 sunt
2739 4686 2917 4755 dictae,
2943 4689 3088 4760 quod
3117 4704 3287 4761 aquas
3316 4690 3545 4749 fundant

1959 4782 2013 4828 et
2057 4774 2331 4830 emittant.
2361 4774 2494 4830 Nam
2522 4776 2735 4832 stellein
2763 4776 2950 4834 Graece
2976 4780 3193 4837 mittere
3218 4788 3324 4845 est,
3352 4781 3543 4836 forma:

1958 4880 2143 4920 earum
2175 4880 2276 4936 pro
2316 4866 2685 4937 magnitudine
2708 4882 2890 4937 aquae,
2907 4875 2975 4927 .et
3022 4868 3339 4938 capacitatis
3383 4870 3543 4925 modo

1960 4958 2113 5012 ﬁunt.
2143 4956 2373 5012 Possunt
2398 4966 2577 5013 autem
2613 4957 2804 5013 ﬁstulae
2836 4958 3063 5030 mystice
3089 4960 3375 5031 designare
3396 4973 3542 5030 prae-

1959 5046 2256 5100 dicatorum
2278 5061 2395 5113 ora,
2418 5062 2486 5102 ex
2509 5047 2704 5117 quibus
2734 5064 2887 5119 aqua:
2910 5050 3169 5105 doctrina:
3198 5051 3545 5106 etl'unduntur

1958 5133 2011 5186 in
2040 5134 2203 5188 corda
2250 5136 2578 5201 auditorum,
2608 5152 2676 5191 ex
2726 5138 2882 5193 bonis
2928 5138 3183 5193 videlicet
3229 5140 3543 5196 doctoribus

1957 5224 2201 5280 salubres
2246 5240 2398 5295 aquae
2440 5234 2494 5281 et
2524 5224 2739 5294 suaves,
2769 5242 2837 5283 ex
2881 5228 3036 5285 malis
3080 5245 3211 5287 vero
3253 5245 3452 5285 amara:
3489 5238 3545 5284 et

1960 5317 2155 5371 noxia}.

2565 5411 2789 5468 CAPUT
2826 5414 2911 5468 IV.

2538 5502 2611 5557 De
2669 5515 2948 5560 renustale.

2033 5591 2146 5647 lluc
2179 5608 2345 5661 usque
2383 5603 2564 5664 partes
2591 5600 3026 5655 constructionis.
3078 5600 3329 5667 Sequitur
3354 5598 3420 5652 de
3446 5614 3537 5653 ve-

1959 5695 2170 5738 nustate
2216 5685 2581 5742 :udiﬁciorunt.
2636 5689 2891 5746 Venustas
2940 5702 3059 5757 cst,
3107 5690 3360 5760 quidquid
3407 5689 3535 5744 illud
