3918 6358
429 368 534 421 565

428 474 733 535 ortiau'tenti
757 487 811 533 et
833 480 1045 533 decoris
1070 493 1229 533 causa
1254 478 1495 532 aediﬁciis
1520 478 1750 541 additur,
1766 484 1823 529 ut
1851 484 2017 529 tceto-
2046 480 2093 538 Α

429 588 551 626 rum
598 587 732 627 auro
776 570 1026 625 distincta
1056 570 1367 639 laquearia,
1394 580 1449 624 et
1475 569 1695 640 pretiosi
1728 568 2017 623 marmoris

427 673 647 732 crustas,
676 672 732 720 et
760 663 1005 719 colorum
1034 663 1276 733 picturae.
1618 678 1622 682 ·

1068 772 1296 831 CAPUT
1319 774 1384 828 ν.
1472 768 1476 773 ’

997 865 1076 918 De
1136 863 1440 933 laqueariis.

496 963 573 1016 De
613 960 903 1030 laqueariis
946 957 1060 1027 jam
1107 958 1311 1013 dictum
1352 966 1454 1023 est,
1500 958 1624 1028 quia
1677 956 2012 1027 splendorem

424 1057 814 1127 simpliciorum
855 1053 1057 1110 Christi
1103 1052 1453 1116 famulorum,
1489 1061 1542 1107 et
1589 1061 1765 1106 tamen
1815 1051 2015 1105 virtute

424 1150 736 1204 sublimium
756 1144 985 1220 ﬁguram
1016 1155 1222 1211 tenent,
1246 1153 1300 1200 et
1327 1145 1576 1200 decorem
1600 1144 1852 1200 Ecclesia:
1878 1131 2009 1213 prae-

424 1244 572 1295 bent.

1042 1322 1271 1379 CAPUT
1306 1322 1388 1377 VI.

1068 1413 1142 1469 De
1172 1414 1382 1466 crustis.

490 1512 701 1567 Crustas
753 1519 931 1565 autem
996 1509 1190 1565 tabula:
1237 1518 1363 1564 sunt
1423 1503 1918 1561 marmoriszunde
1960 1490 2015 1556 et

424 1604 738 1659 marmorati
777 1602 1011 1672 parietes
1039 1601 1265 1655 crustati
1292 1601 1560 1654 dicuntur.

1026 1712 1255 1768 CAPUT
1296 1710 1405 1766 VII.

991 1803 1070 1858 De
1115 1802 1441 1856 lithostrotis.

489 1894 823 1950 Lithostrota
859 1904 987 1950 sunt
1009 1894 1286 1949 elaborata
1333 1899 1451 1947 arte
1495 1891 1721 1961 pictura:
1769 1889 2010 1959 parvulis

417 1988 618 2047 crustis
642 2003 707 2042 ac
735 1986 966 2042 tessellis
994 1986 1177 2040 tinctis
1205 1985 1259 2038 in
1294 1983 1473 2038 varios
1499 1982 1730 2037 colores.
1757 1980 2010 2036 Tessellze

416 2086 595 2132 autent
624 2093 654 2131 a
681 2077 901 2132 tesseris
936 2075 1257 2139 nominatae,
1289 2074 1343 2127 id
1381 2083 1465 2129 est
1497 2072 1775 2142 quadratis
1814 2070 2012 2140 lapillis

417 2181 513 2234 per
539 2166 971 2221 diminutionem.
1002 2166 1077 2219 De
1097 2165 1408 2220 lithostroto
1430 2173 1612 2219 autem
1640 2163 1692 2216 in
1717 2161 2011 2231 Evangelio

416 2260 477 2313 tit
520 2260 745 2323 mentio,
778 2259 869 2314 ubi
913 2259 964 2313 in
1003 2259 1255 2328 passione
1298 2257 1510 2312 Domini
1554 2255 1758 2310 Pilatus
1801 2254 2010 2308 sedisse

414 2364 514 2417 pro
542 2348 797 2403 tribunali
827 2348 1079 2404 scribitur
1122 2347 1175 2402 in
1205 2347 1325 2402 loco
1357 2347 1457 2416 qui"
1482 2346 1682 2400 dicitur
1708 2344 2011 2398 Lithostro-

417 2448 501 2492 tos
543 2436 724 2507 (Joan.
756 2437 902 2507 xxx),
946 2436 1210 2491 Hebraice
1242 2446 1422 2490 autem
1460 2435 1763 2490 Gabbatba.
1807 2434 1865 2488 In
1901 2450 2009 2503 quo

413 2526 813 2594 manifestatur,
839 2526 983 2597 quod
1005 2526 1265 2581 falsorum
1289 2533 1667 2581 accusatorum
1692 2525 1841 2579 varia
1864 2524 2009 2579 ﬁctio

414 2636 523 2676 non
551 2620 725 2689 potuit
762 2618 981 2675 vincere
1009 2618 1312 2687 simplicem
1354 2618 1715 2673 assertionem
1742 2618 2006 2683 veritatis,

413 2711 512 2767 sed
543 2711 636 2780 qui
660 2717 984 2780 potestatem
1010 2710 1197 2765 habuit
1224 2710 1459 2779 ponendi
1490 2710 1732 2763 animam
1757 2725 1930 2774 suam,
1954 2718 2009 2763 et

415 2802 614 2856 iterum
641 2800 886 2855 sumendi
914 2815 1054 2866 eam,
1083 2800 1225 2855 dedit
1247 2799 1597 2867 semetipsum
1619 2813 1718 2867 pro
1747 2800 1927 2863 nobis,
1953 2808 2010 2852 ut

414 2908 512 2963 per
526 2892 842 2949 effusionem
863 2890 1142 2961 sanguinis
1168 2890 1252 2946 sui
1274 2889 1512 2945 maculas
1533 2889 1778 2945 diversas
1798 2898 2011 2945 nostro-

416 3001 537 3039 rum
569 2984 796 3039 dilueret
824 2991 1194 3053 peccatorum.

1011 3090 1239 3148 CAPUT
1277 3091 1408 3146 VIII.

1050 3183 1131 3236 De
1167 3181 1371 3253 plastis.

490 3276 721 3331 Plastice
755 3284 840 3331 est
873 3275 1141 3345 parietum
1183 3290 1250 3329 ex
1284 3287 1453 3344 gypso
1502 3270 1703 3342 efﬁgies
1746 3272 2007 3342 signaque

417 3368 740 3437 exprimere,
770 3366 1099 3436 pingeroque
1129 3363 1419 3418 coloribus.
1464 3362 1698 3416 Platteiu
1721 3368 1902 3414 autem
1930 3361 2010 3415 di-

419 3466 562 3512 ctum
577 3455 779 3518 Graece,
796 3454 938 3524 quod
965 3453 1156 3507 Latine
1171 3460 1255 3507 est
1267 3451 1472 3521 ﬁngere
1488 3459 1632 3505 terra
1654 3449 1738 3504 vel
1753 3456 1921 3519 gypso
1937 3448 2010 3503 si-

419 3545 769 3599 militudines.
800 3542 929 3596 Nam
953 3550 1008 3595 et
1026 3542 1284 3611 impressa
1313 3540 1499 3609 argilla
1524 3538 1749 3593 formam
1773 3538 2007 3607 aliquam

420 3636 620 3699 facere,
649 3634 837 3704 plastis
876 3643 981 3696 est,
1014 3632 1155 3685 unde
1192 3640 1245 3686 et
1285 3629 1655 3700 protoplastus
1698 3638 1783 3684 cst
1832 3629 2009 3683 dictus

418 3729 602 3790 homo,
625 3726 717 3793 qui
748 3740 816 3780 ex
845 3724 976 3778 limo
1006 3722 1212 3792 primus
1238 3729 1319 3775 est
1344 3720 1612 3775 conditus.

1037 3831 1263 3887 CAPUT
1302 3829 1395 3885 IX.

1039 3922 1117 3975 De
1145 3922 1370 3991 pictura.

491 4019 705 4073 Pictura
735 4023 817 4071 est
838 4016 1011 4083 imago
1042 4012 1354 4082 exprimens
1383 4008 1620 4078 speciem
1652 4008 1728 4063 rei
1758 4008 2004 4078 alicujus,

418 4126 539 4180 quae
570 4109 696 4162 dum
732 4107 845 4160 visa
873 4105 1061 4169 fuerit,
1085 4104 1153 4157 ad
1196 4101 1627 4157 recordationem
1658 4110 1892 4153 mentem
1925 4113 2009 4153 re-

416 4201 590 4256 duxit.

1047 4281 1274 4339 CAPUT
1312 4281 1378 4335 X.

1020 4375 1099 4429 De
1123 4374 1402 4430 coloribus.

489 4470 707 4525 Colores
750 4474 929 4520 autem
960 4466 1167 4529 dictos,
1198 4463 1342 4532 quod
1367 4461 1547 4515 calore
1586 4460 1726 4529 ignis
1764 4460 1849 4515 vel
1894 4460 2006 4515 sole

1100 364 1161 418 B.
1202 362 1454 417 RABANI
1496 338 1715 420 MAURI
1755 359 2072 415 ARCIIIEP.
2120 360 2424 416 MOGUNT.
2466 358 2750 416 OPERUM
2792 359 2971 414 PARS
3010 360 3075 415 II.

3540 361 3698 445 sos

2737 472 2963 529 CAPUT
3003 474 3089 527 XI.

2469 562 2545 615 De
2572 562 2930 616 instrumentis
2956 564 3317 631 a'diﬁciorum.

2186 652 2527 705 Structuram
2558 660 2736 707 autem
2759 653 3107 722 parietumad
3136 671 3382 713 normam
3399 658 3542 727 ﬁeri,
3565 670 3621 718 et
3635 661 3707 721 ad

2115 741 2551 810 perpendiculum
2586 743 2916 811 respondere
2962 752 3192 813 oportet.
3248 747 3445 805 Norma
3482 753 3629 807 dicta
3672 768 3707 809 a

2102 827 2303 887 'Gneco
2358 832 2638 912 vocabulo,
2664 841 2817 887 extra
2851 850 3013 904 quam
3036 844 3244 891 rectum
3267 839 3402 894 nihil
3464 842 3584 897 ﬁeri
3617 860 3710 913 po—

2114 930 2239 977 test.
2287 922 2643 992 Componitur
2691 930 2875 979 autem
2919 940 2986 980 ex
3038 928 3213 983 tribus
3260 932 3487 1001 regulis,
3526 936 3602 989 ita
3648 947 3708 990 ut

2116 1012 2237 1068 duce
2264 1014 2372 1069 sint
2397 1014 2656 1069 binorum.
2674 1014 2871 1084 pedum
2902 1036 2915 1069 :
2948 1019 3107 1072 tertia
3136 1020 3335 1075 haheat
3356 1024 3525 1092 pedes
3546 1026 3705 1092 duos,

2114 1103 2303 1160 uncias
2331 1120 2383 1168 χ,
2432 1120 2570 1173 quas
2593 1106 2783 1175 aequali
2814 1108 3177 1165 crassitudine
3206 1112 3402 1179 politas
3440 1118 3708 1171 extremis

2074 1268 2077 1270 Ι
2114 1196 2597 1251 cacuminibussibi
2623 1198 2835 1268 jungat,
2866 1206 2924 1251 ut
2946 1214 3181 1254 scemam
3212 1200 3475 1275 [schema]
3509 1208 3706 1276 trigoni

2115 1284 2335 1339 faciant.
2373 1286 2429 1340 Id
2472 1287 2576 1341 erit
2611 1304 2821 1342 norma.
2854 1289 3060 1360 Regula
3108 1291 3276 1357 dicta,
3317 1296 3461 1364 quod
3519 1297 3592 1350 sit
3618 1312 3706 1351 re-

2115 1382 2222 1438 cta,
2273 1375 2427 1445 quasi
2468 1376 2690 1442 rectula,
2739 1384 2794 1431 et
2834 1378 3277 1448 impedimentum
3328 1399 3437 1441 non
3482 1386 3703 1440 habeat.

2117 1464 2566 1535 Perpendiculum
2586 1476 2688 1533 est,
2721 1470 2865 1539 quod
2913 1486 3127 1541 semper
3170 1474 3510 1543 appenditur.
3544 1477 3709 1533 Deni—

2115 1572 2223 1627 que
2253 1558 2305 1611 in
2332 1557 2534 1612 fabrica
2567 1560 2671 1613 nisi
2723 1561 2904 1613 omnia
2943 1562 3010 1615 ad
3032 1564 3473 1632 perpendiculum
3503 1576 3559 1620 et
3582 1580 3704 1621 cer-

2116 1655 2229 1700 tam
2279 1647 2518 1719 regulam
2565 1647 2744 1702 ﬁant:
2786 1664 3009 1705 necesse
3047 1660 3151 1718 est,
3205 1662 3400 1708 cuneta
3444 1656 3708 1719 mendosa

2118 1737 2468 1814 instruantur,
2514 1748 2573 1792 ut
2613 1738 2790 1809 aliqua
2820 1755 2986 1808 parva
3020 1741 3154 1806 sint,
3189 1743 3367 1812 aliqua
3421 1746 3703 1810 cubantia,

2043 1831 2088 1890 B
2116 1844 2284 1898 prona
2329 1829 2607 1894 nonnulla,
2646 1829 2750 1883 alia
2787 1830 2978 1899 supina
3009 1849 3021 1884 :
3060 1840 3116 1885 et
3156 1842 3380 1902 propter
3411 1836 3515 1889 hoc
3538 1846 3705 1890 ruant

2114 1920 2390 1983 universa,
2434 1934 2555 1988 quae
2574 1927 2710 1973 sunt
2739 1920 2880 1976 male
2904 1930 3234 1976 constructa.
3260 1923 3316 1976 ln
3346 1939 3536 1979 norma
3559 1926 3707 1981 enim

2114 2016 2170 2064 et
2202 2008 2381 2080 regula
2424 2018 2589 2078 atque
2614 2009 2997 2079 perpendiculo
3032 2013 3301 2082 aequitatis
3332 2016 3474 2068 ratio
3509 2015 3709 2070 intelli-

2114 2099 2287 2167 genda
2333 2106 2435 2162 est,
2473 2109 2533 2153 ut
2573 2105 2753 2153 omnia
2799 2112 2964 2170 Opera
3007 2111 3196 2156 nostra
3238 2105 3534 2159 secundum
3579 2121 3710 2161 san—

2113 2197 2325 2244 ctarum
2370 2189 2777 2258 Scripturarum
2829 2190 3176 2246 traditionem
3222 2203 3277 2247 et
3323 2194 3567 2264 regulam
3618 2212 3708 2253 re-

2113 2291 2214 2335 cta:
2254 2280 2401 2355 ﬁdei,
2440 2280 2998 2351 perpendiculumque
3039 2298 3187 2337 sanae
3231 2280 3494 2339 doctrinae
3541 2286 3711 2341 facia-

2110 2386 2252 2435 mus,
2300 2380 2355 2426 et
2378 2372 2678 2427 secundum
2715 2373 2840 2437 hoc,
2891 2374 3036 2442 quod
3087 2374 3268 2429 divina
3311 2386 3582 2446 nnecepta
3613 2378 3711 2433 do-

2109 2471 2254 2527 cent,
2285 2463 2365 2517 sic
2388 2477 2554 2532 opera
2577 2458 2782 2517 nostra
2804 2463 2871 2516 ad
2897 2464 3126 2519 salutem
3174 2466 3331 2520 nobis
3359 2468 3707 2535 proveniant.

2110 2554 2283 2609 Aliter
2319 2564 2499 2610 autem
2549 2555 2725 2624 perdit
2755 2571 2911 2611 suum
2938 2556 3201 2621 laborem,
3250 2558 3339 2627 qui
3381 2539 3539 2613 extra
3587 2561 3709 2614 haec

2111 2644 2241 2700 facit
2280 2664 2292 2699 :
2333 2646 2459 2717 quia
2514 2646 2617 2700 nisi
2662 2645 2917 2700 Dominus
2964 2648 3297 2717 mdiﬁcaverit
3359 2649 3592 2715 domum,
3650 2652 3710 2705 in

2110 2754 2301 2824 vanum
2342 2737 2602 2800 laborant,
2650 2738 2740 2809 qui
2786 2738 3053 2808 rediﬁcant
3108 2756 3225 2794 eam
3268 2739 3444 2810 (Psal.
3489 2742 3707 2815 cxxvr).

2111 2829 2307 2884 Trulla:
2332 2845 2531 2896 nomen
2577 2828 2800 2894 factum,
2830 2845 2895 2885 eo
2942 2830 3085 2899 quod
3137 2832 3307 2887 trudit
3344 2841 3399 2885 et
3441 2834 3708 2899 detrudit,

2110 2919 2163 2973 id
2191 2927 2294 2985 est,
2322 2918 2549 2974 includit
2588 2920 2737 2975 calce
2757 2919 2842 2974 vel
2897 2921 3249 2990 lutolapidcs.
3303 2923 3487 2976 Trulla
3520 2934 3707 2979 autem

2111 3008 2444 3064 cmmentarii
2483 3008 2752 3079 signiﬁcat
2791 3009 3087 3078 spiritalem
3126 3008 3540 3067 mdiﬁcationem
3582 3013 3707 3078 Dei,

2110 3112 2272 3167 quam
2313 3098 2426 3167 ipse
2483 3097 2679 3152 artifex
2702 3098 2938 3165 optimus
2974 3099 3027 3151 in
3074 3100 3480 3155 constructione
3518 3101 3710 3157 Eccle-

2039 3179 2082 3241 C
2115 3191 2207 3244 size
2266 3205 2377 3244 sua:
2421 3190 2551 3260 agit.
2597 3189 2749 3245 Unde
2796 3189 2851 3242 in
2914 3188 3081 3244 Amos
3124 3190 3388 3260 propheta
3435 3191 3707 3261 scriptum

2110 3288 2196 3333 est
2224 3296 2237 3332 :
2267 3278 2335 3332 Et
2386 3295 2505 3333 ecce
2541 3279 2801 3333 Dominus
2831 3288 2978 3333 stans
3016 3296 3176 3349 super
3212 3297 3422 3334 murum
3454 3282 3625 3347 litum,
3655 3292 3708 3337 et

2109 3370 2166 3422 in
2213 3384 2403 3422 manus
2439 3368 2559 3438 ejus
2607 3367 2770 3421 trulla
2800 3368 3144 3433 crementarii,
3182 3379 3231 3422 et
3271 3368 3404 3425 dixit
3445 3369 3707 3426 Dominus

2110 3460 2178 3513 ad
2201 3476 2281 3513 me
2307 3472 2325 3510 :
2357 3459 2484 3527 quid
2509 3469 2565 3512 tu
2592 3459 2731 3512 vides
2752 3458 2951 3513 Amos?
2976 3467 3024 3511 et
3048 3458 3190 3512 dixi:
3217 3458 3455 3513 't‘rullam
3482 3477 3707 3515 cmen-

2110 3552 2233 3605 tarii
2256 3566 2274 3604 :
2300 3561 2347 3606 et
2372 3552 2505 3606 dixit
2533 3550 2789 3605 Dominus
2831 3566 2848 3604 :
2880 3549 3016 3604 Ecce
3049 3567 3143 3621 ego
3167 3567 3360 3621 ponam
3404 3551 3620 3607 trullam
3645 3554 3706 3606 in

2091 3629 2280 3698 medio
2315 3643 2495 3715 papuli
2533 3646 2635 3697 mei
2675 3642 2867 3707 Israel,
2894 3661 3012 3715 _uon
3058 3632 3311 3715 adjiciam
3351 3646 3495 3700 ultra
3546 3665 3706 3719 super

2111 3732 2511 3799 mdiﬁcationem
2578 3731 2653 3786 vel
2698 3732 3117 3786 misericordiam
3168 3733 3419 3789 inducere
3466 3752 3607 3802 eum,
3650 3748 3705 3791 et

2109 3820 2452 3874 demolientur
2478 3819 2683 3874 excelsa
2709 3820 2838 3874 idoli
2860 3830 2907 3874 et
2941 3822 3383 3891 sanctiﬁcatione:
3411 3823 3582 3878 Israel
3610 3825 3707 3878 de-

2107 3908 2419 3964 solabuntur
2453 3910 2633 3980 (Amos
2668 3909 2786 3983 vn).
2816 3911 3078 3967 Dominus
3097 3922 3304 3981 autem,
3334 3915 3425 3983 qui
3448 3924 3527 3971 est
3562 3926 3707 3971 stru-

2108 4006 2226 4054 ctor
2264 4000 2513 4054 maceriae
2546 4009 2600 4055 et
2636 4001 2773 4071 lapis
2802 4002 3099 4071 angularia,
3125 4006 3490 4060 comminatur
3519 4008 3704 4061 aufer-

2107 4106 2167 4145 re
2205 4105 2264 4145 sc
2296 4091 2513 4146 trullam
2544 4093 2598 4146 in
2642 4094 2844 4148 auxilio
2882 4095 3243 4164 protectionis
3277 4111 3391 4151 sua:
3418 4112 3450 4150 a
3498 4097 3701 4167 populo

2106 4183 2293 4237 Israel.
2332 4183 2577 4253 Cumque
2619 4185 2879 4241 Dominus
2920 4188 3315 4257 protectioncm
3357 4205 3513 4245 suam
3538 4201 3595 4245 et
3616 4191 3701 4263 (ut

2108 4275 2179 4329 ita
2210 4273 2409 4345 dicam)
2440 4276 2665 4343 parietis
2688 4277 3074 4331 vestimentum
3109 4278 3269 4333 trulla
3298 4289 3551 4335 cessante
3572 4282 3703 4337 sub-

2108 4362 2336 4416 traxerit
2376 4381 2389 4415 :
2436 4372 2564 4418 tunc
2617 4364 2979 4418 demolientur
3034 4365 3249 4420 excelsa
3300 4366 3594 4435 idolorum,
3643 4378 3700 4425 et

2108 4453 2565 4509 sanctiﬁcationes
2638 4454 2823 4509 decem
2871 4455 3107 4509 tribuum
3174 4456 3565 4512 desolabuntur
3618 4460 3703 4512 vel

415 4560 789 4630 perﬁciuntur,
818 4556 930 4610 sive
959 4554 1102 4623 quod
1148 4552 1305 4606 initio
1333 4551 1669 4614 celabantur,
1694 4560 1753 4604 ut
1781 4567 2005 4606 summa:
2035 4525 2083 4583 Β
2110 4545 2484 4599 ἀθεῑτιιθηιυικ
2533 4544 2695 4600 «luxui
2739 4562 3035 4617 anagogem
3070 4548 3201 4602 die“
3237 4548 3499 4603 Dominus
3534 4548 3699 4606 Chri-

415 4650 733 4709 sublilitatis
757 4649 1072 4702 existerent.
1108 4636 1329 4701 Colores
1365 4650 1546 4697 autem
1576 4652 1871 4696 nascuntur
1914 4651 2008 4696 aut

416 4749 571 4807 tinnt,
603 4746 903 4795 nascuntur
930 4746 986 4790 ut
1008 4735 1234 4805 sinopis,
1254 4734 1491 4798 rubrica,
1516 4731 1868 4802 paritonium,
1895 4747 2007 4786 me-

416 4836 604 4898 linum,
634 4832 854 4895 eretria,
885 4829 1361 4898 auripigmentum.
1394 4824 1585 4880 Cmteri
1614 4824 1889 4894 ﬁnguntur
1914 4833 2006 4879 aut

416 4937 533 4980 :zrtc
565 4934 654 4977 aut
678 4921 1048 4992 permistione.
1077 4920 1298 4974 Colores
1326 4924 1506 4971 autem
1529 4914 1729 4970 diversi
1760 4914 2002 4969 diversas

412 5015 723 5086 signiﬁcant
753 5012 959 5081 species
980 5009 1475 5079 virtutuni,quibus
1490 5007 1776 5062 decoratur
1798 5006 2001 5076 plasma

416 5108 515 5161 Dei
552 5106 620 5159 ad
658 5104 947 5173 imaginem
976 5101 1057 5155 sui
1084 5099 1414 5163 Conditoris,
1438 5107 1498 5152 ut
1523 5098 1775 5151 ruborem
1802 5096 2003 5165 sinopi-

417 5198 502 5251 dis
532 5196 615 5248 vel
655 5193 808 5247 minii
849 5190 1099 5245 ostendat
1136 5190 1187 5242 in
1232 5189 1423 5243 ardore
1452 5186 1753 5249 charitatis,
1788 5194 1841 5240 et
1870 5202 2000 5255 pur-

414 5287 717 5354 purismum
764 5283 819 5336 in
865 5280 1127 5350 martyrio
1166 5286 1220 5334 et
1266 5276 1603 5345 passionibus
1656 5290 1753 5344 pro
1805 5275 2005 5329 Christi

409 5377 637 5431 nomine
683 5374 955 5445 expensis,
997 5373 1048 5425 in
1091 5370 1484 5439 auripigmento
1529 5366 1866 5437 splendorem
1914 5382 2005 5419 sa-

419 5467 656 5535 pienti-te,
687 5468 740 5519 in
762 5473 954 5519 veneto
976 5470 1136 5532 atque
1165 5459 1455 5530 hyacintho
1484 5458 2001 5512 cmlestemconrcr-

422 5558 711 5619 sationem,
744 5556 796 5608 in
829 5569 1015 5607 cerusa
1062 5554 1352 5607 candorem
1386 5548 1677 5611 castitatis,
1710 5556 1767 5600 et
1793 5547 2004 5600 castoris

424 5648 703 5715 speciebus
733 5646 1014 5709 virtutum,
1049 5652 1107 5697 ut
1130 5660 1227 5712 pro
1256 5659 1314 5697 se
1342 5640 1717 5713 Opportunitas
1745 5638 2005 5708 temporis

426 5739 602 5801 aﬁert,
630 5748 681 5791 ct
720 5739 854 5791 ratio
881 5735 1111 5805 postulat
1142 5736 1365 5790 ordinis.

2106 4648 2246 4702 stus,
2294 4645 2349 4691 et
2376 4647 2485 4692 stat
2506 4653 2668 4708 super
2698 4654 2909 4693 murum
2943 4638 3338 4704 ﬁrmissimum,
3374 4655 3539 4710 super
3562 4658 3699 4711 apo-

2105 4727 2273 4781 stolos
2300 4738 2352 4781 et
2397 4737 2615 4783 sanctos
2645 4743 2793 4793 suos,
2840 4728 3037 4797 quibus
3076 4728 3241 4792 dedit,
3272 4736 3331 4781 ut
3361 4730 3463 4798 ipsi
3507 4746 3702 4786 murus

2107 4815 2450 4870 ﬁrmissimus
2491 4825 2834 4870 vocarentur.
2869 4815 3019 4871 Unde
3049 4824 3103 4871 et
3128 4815 3291 4869 Petro
3321 4816 3458 4870 dixit
3485 4801 3617 4872 z'Tu
3646 4837 3701 4874 es

2107 4906 2321 4976 Petrus,
2361 4919 2409 4963 et
2444 4912 2605 4981 super
2644 4911 2779 4963 hanc
2837 4920 3036 4979 petram
3077 4909 3350 4977 mdi/icabo
3401 4908 3700 4968 Ecclesium

2109 5016 2277 5053 meam
2308 5014 2325 5051 :
2356 5012 2402 5054 et
2431 5001 2767 5070 portwinferi
2792 5017 2892 5054 non
2922 4999 3273 5069 prmealebunt
3304 5001 3554 5056 adversus
3577 5020 3696 5057 eam

2112 5090 2324 5159 (Matth.
2355 5091 2487 5164 XVI).
2521 5091 2622 5157 Qui
2650 5107 2858 5156 murus,
2886 5091 2987 5144 nisi
3010 5090 3221 5144 Domini
3248 5090 3570 5147 defendatur
3600 5110 3700 5149 au-

2110 5182 2259 5246 xilio,
2284 5197 2497 5235 onmem
2523 5180 2889 5236 fortitudinem
2904 5180 3105 5234 amittit
3130 5198 3143 5233 :
3169 5180 3265 5234 sed
3291 5195 3355 5235 eo
3374 5192 3700 5251 protegente

2112 5274 2165 5328 in
2192 5282 2396 5327 tantum
2428 5274 2680 5329 robustus
2701 5281 2803 5338 est,
2829 5272 3113 5336 ut_dicatur
3138 5274 3211 5331 ad
3233 5287 3357 5327 eum
3388 5292 3400 5326 :
3434 5272 3492 5328 Si
3516 5284 3698 5329 trans-

2113 5364 2232 5417 ieris
2288 5380 2380 5432 per
2448 5364 2638 5434 ignem,
2690 5364 2907 5431 ﬂamma
2963 5378 3066 5415 non
3116 5363 3379 5415 comburet
3435 5371 3484 5416 te
3547 5362 3689 5435 (Isa.

2110 5454 2292 5525 xum);
2344 5466 2655 5525 quantoque
2728 5456 2898 5525 magis
2971 5454 3356 5509 tentationibus
3423 5456 3692 5523 tunditur,

2114 5555 2259 5599 lauto
2299 5546 2416 5616 plus
2445 5546 2632 5600 fortior
2662 5544 2721 5600 ﬁt
2746 5554 2799 5601 et
2837 5562 2932 5616 pro
2963 5546 3179 5602 nomine
3206 5544 3504 5606 Salvatoris
3551 5548 3699 5603 inter

2112 5638 2316 5707 ﬂagella
2363 5640 2591 5694 laetatur.
2642 5640 2811 5695 Scalae
2838 5658 2865 5695 a
2909 5640 3235 5703 scandendo,
3267 5638 3321 5692 id
3360 5651 3464 5702 est,
3500 5656 3669 5695 ascen

2112 5728 2284 5784 dendo
2318 5738 2540 5784 vocatae.
2594 5729 2807 5785 lla'rent
2838 5732 2980 5785 enim
3008 5730 3241 5786 parietes
3268 5747 3280 5781 :
3304 5728 3463 5784 scalae
3504 5739 3695 5785 autem
