3918 6324
273 378 379 433 565

1242 382 1328 436 DE
1369 380 1716 437 UNIV’ERSO
1754 379 1929 445 LIBllI
1971 381 2133 435 XXII.
2171 411 2241 421 ——
2278 381 2405 436 LIB.
2448 382 2587 437 XXI.

3429 374 3537 434 563

271 509 392 565 quae
423 492 696 557 dicuntur,
729 500 820 546 aut
850 507 967 546 utne
996 499 1120 547 sunt
1141 500 1235 545 aut
1264 491 1615 561 plures,quia
1638 491 1849 544 numeri
1880 496 1923 553 Α
1956 493 2197 547 trabibus
2238 502 2418 547 autem
2462 494 2514 547 in
2565 494 2701 547 libro
2740 492 2943 562 Regum
2984 492 3051 544 ita
3102 492 3361 559 scriptum
3392 500 3476 546 cst
3516 508 3530 545 :

272 590 485 639 tantum
540 581 765 655 pluralis
818 590 901 637 est
956 590 1263 644 nomen,ut
1299 581 1516 645 litterae,
1575 596 1694 649 qua:
1738 581 1850 649 epi-

272 674 468 729 stolam
510 674 834 743 significant.
868 673 1041 729 Scalm
1077 674 1222 727 enim
1276 673 1503 744 mystice
1547 671 1853 743 significant

272 762 550 834 profectus
570 772 877 820 sanctorum
901 778 999 831 per
1017 761 1435 832 prtedicationes
1457 777 1663 815 eorum.
1698 760 1853 817 Unde

271 854 329 909 in
378 853 576 911 Genesi
609 854 806 925 legitur
849 851 1001 924 (Gen.
1039 854 1249 926 xxviii).
1280 854 1427 923 quod
1458 853 1660 907 viderit
1686 852 1854 908 Jacob

272 945 331 1000 in
357 947 562 1002 somnis
590 946 791 1001 scalam
807 952 1042 999 stantem
1074 960 1235 1014 super
1258 953 1479 1009 terram,
1507 952 1561 999 et
1593 958 1861 1000 cacumen“

271 1035 392 1106 ejus
441 1047 667 1107 tangens
726 1035 943 1091 cmlum.
1011 1033 1248 1090 Somnus
1320 1034 1424 1089 istc
1486 1031 1654 1091 Iacob
1708 1048 1857 1088 mors

272 1127 388 1181 sive
432 1127 612 1198 passio
654 1136 738 1181 est
791 1125 1012 1181 Christi.
1045 1125 1209 1196 Lapis
1249 1126 1317 1180 ad
1374 1133 1539 1195 caput
1580 1125 1717 1195 ejus,
1762 1124 1855 1194 qui

272 1218 595 1273 nominatim
638 1216 1035 1286 quodammodo
1070 1216 1249 1270 dictus
1289 1223 1373 1270 est
1426 1216 1590 1270 etiam
1640 1223 1854 1279 unctus,

268 1309 521 1364 Christus
575 1307 929 1379 significatur.
976 1305 1147 1376 Caput
1197 1306 1338 1361 enim
1381 1308 1477 1361 viri
1510 1307 1749 1361 Christus
1780 1317 1856 1361 est

271 1399 325 1471 (I
352 1399 476 1455 Cor.
502 1400 621 1471 xi);
656 1400 777 1469 quis
806 1399 949 1452 enim
977 1398 1149 1464 nescit
1192 1397 1472 1454 Christum
1512 1400 1581 1455 ab
1604 1399 1857 1454 unctione

269 1485 575 1556 appellari?
614 1486 817 1540 Domus
869 1494 1050 1541 autem
1105 1485 1201 1541 Dei
1246 1486 1566 1541 Bethlehem
1618 1487 1853 1542 dicitur:

269 1576 399 1645 quia
443 1576 517 1631 ibi
559 1585 719 1631 natus
756 1585 853 1631 est.
873 1574 1141 1631 Christus.
1186 1575 1351 1632 Porta
1396 1591 1526 1632 vero
1559 1577 1701 1643 caeli,
1730 1578 1856 1647 quia

269 1664 347 1719 ibi
405 1664 463 1719 in
511 1673 715 1721 terram
777 1666 1103 1731 descenditr
1147 1666 1243 1720 ubi
1290 1666 1491 1721 iterum
1543 1666 1612 1721 ad
1660 1667 1856 1723 coelum

266 1757 605 1814 conscendit.
634 1758 852 1815 Erectio
895 1766 1077 1813 autem
1102 1757 1297 1829 lapidis
1339 1762 1667 1817 resurrectio
1700 1762 1858 1818 Chri-

1955 581 2141 637 Posuit
2173 582 2427 639 Salomon
2461 585 2629 638 trabes
2659 585 2711 638 in
2756 585 2912 636 domo
2938 599 3025 651 per
3056 582 3329 635 circuitum
3370 582 3536 650 fon'n-

1954 692 2125 739 secus,
2178 684 2233 727 ut
2280 691 2383 728 non
2414 674 2665 728 hwrerent
2710 675 2873 728 muris
2898 673 3094 742 templi,
3120 682 3225 727 etc.
3260 672 3376 742 (III
3405 672 3534 744 Reg.

1956 767 2055 837 vi.)
2101 766 2202 833 Qui
2232 766 2415 836 itaque
2446 767 2635 821 trabes
2673 766 2888 832 domus,
2929 779 3049 836 quae
3087 766 3330 819 tabulata
3356 774 3540 835 porta-

1956 855 2106 919 bant,
2139 855 2243 910 nisi
2279 855 2659 924 przedicatores
2687 856 2879 921 sancti,
2907 864 3035 910 sunt
3054 855 3232 926 typice
3263 856 3537 926 designati

1957 947 2050 1015 qui
2074 946 2199 1001 dum
2223 945 2325 1015 ipsi
2352 946 2639 1002 sublimem
2665 955 2825 1016 atque
2854 948 3225 1003 honorabilem
3252 948 3307 1003 in
3352 948 3541 1005 Eccle-

1958 1038 2038 1091 sia
2060 1036 2154 1092 Dei
2182 1035 2359 1092 locum
2388 1044 2627 1103 teneant,
2657 1036 2981 1093 infirmiores
3007 1053 3249 1107 quosque
3280 1053 3343 1092 ac
3366 1037 3536 1108 fragi-

1959 1126 2037 1181 les
2057 1127 2170 1182 suis
2200 1128 2673 1198 prazdicationibus
2700 1128 2767 1182 ab
2790 1128 3129 1183 infirmorum
3152 1128 3391 1199 appetitu
3417 1144 3538 1183 sus-

1960 1217 2155 1273 tollunt
2183 1234 2196 1271 :
2241 1226 2403 1288 atque
2430 1218 2496 1272 ad
2531 1218 2771 1273 caelestia
2800 1218 3157 1273 desideranda
3184 1233 3248 1273 ac
3276 1218 3540 1288 speranda

1959 1307 2330 1377 suspendunt:
2367 1308 2478 1363 suis
2508 1309 2671 1362 etiam
2720 1308 3222 1373 intercessionibus,
3264 1318 3323 1362 ut
3354 1309 3407 1364 in
3438 1324 3540 1362 esc-

1958 1398 2067 1468 ptis
2087 1398 2407 1467 persistant,
2438 1397 2789 1467 adjuvantur?
2817 1398 2949 1453 Item
2985 1400 3168 1454 trabes
3198 1400 3299 1454 sub
3325 1399 3431 1453 alia
3462 1398 3538 1454 si-

1958 1489 2299 1559 gnificatione
2320 1490 2376 1543 in
2396 1489 2685 1558 Evangelia
2706 1488 2877 1557 posita
2903 1497 3004 1550 est,
3031 1489 3121 1542 ubi
3147 1488 3403 1543 Dominus
3426 1488 3502 1542 ait
3525 1504 3541 1543 :

1961 1580 2101 1646 Quid
2124 1592 2297 1634 autem
2326 1580 2465 1635 vides
2510 1579 2764 1649 festucam
2794 1579 2847 1632 in
2874 1576 3024 1631 oculo
3058 1578 3242 1649 fratris
3286 1577 3386 1642 tui,
3436 1586 3547 1631 tra-

1959 1670 2071 1723 bem
2121 1677 2316 1733 autem,
2367 1684 2485 1740 qua:
2512 1669 2565 1723 in
2591 1667 2743 1722 oculo
2773 1676 2864 1721 tuo
2920 1676 3019 1733 est,
3056 1684 3159 1721 non
3206 1668 3550 1724 consideras?

1962 1759 2177 1831 (Matth.
2212 1760 2333 1831 vn.)
2362 1759 2466 1814 Hic
2490 1760 2672 1815 trabes
2701 1767 2982 1829 peccatum
3012 1758 3208 1829 majus,
3233 1765 3287 1813 et
3310 1760 3545 1815 maxime

268 1847 341 1903 sti
388 1856 489 1904 est.
544 1848 890 1905 Porrowscala
940 1850 1193 1907 Christus
1244 1860 1348 1917 est,
1380 1853 1475 1923 qui
1525 1853 1661 1908 dixit
1692 1868 1708 1907 :
1737 1850 1851 1925 Ego
1880 1848 1927 1908 B
1956 1850 2155 1905 invidia
2193 1850 2415 1920 intelligi
2440 1858 2653 1920 potest:
2685 1850 2891 1906 festuca
2913 1857 3199 1920 peccatum
3225 1850 3405 1905 minus
3428 1851 3545 1905 sive

267 1955 389 1994 sum
433 1940 516 1994 uia
540 1939 725 2010 (Joan.
760 1939 911 2013 xiv);
943 1958 1042 2012 per
1084 1943 1227 1999 hanc
1266 1943 1635 1999 ascendebant
1665 1952 1721 2000 et
1760 1942 1856 1999 de-

268 2028 607 2084 scendebant
654 2029 832 2100 angeli
870 2029 1025 2101 (Gen.
1059 2031 1277 2103 xxvnt),
1333 2032 1389 2089 in
1436 2033 1631 2101 quibus
1658 2033 1861 2105 signifi-

268 2121 379 2177 αιιί
417 2128 543 2176 sunt
571 2121 919 2193 evangelista:
945 2123 1333 2192 praedicatores
1390 2123 1599 2179 Christi
1631 2140 1865 2195 ;ascen-

266 2211 479 2267 dentes
510 2211 721 2282 utique,
746 2228 870 2269 cum
895 2213 964 2267 ad
991 2213 1393 2285 intelligendam
1417 2215 1535 2286 ejus
1565 2215 1861 2286 superemi-

269 2302 645 2359 nentissimam
662 2304 997 2359 divinitatem
1019 2308 1286 2361 excedunt
1309 2306 1622 2361 universam
1645 2314 1861 2361 creatu-

270 2408 391 2448 ram
416 2411 428 2447 :
456 2402 514 2447 ut
534 2408 660 2447 eum
684 2394 963 2450 inveniant
986 2394 1039 2449 in
1063 2394 1354 2465 principio,
1378 2393 1619 2450 Verbum
1641 2394 1856 2450 Domini

269 2485 415 2555 apud
430 2486 737 2551 Dominum,
752 2499 849 2554 per
870 2500 1032 2555 quem
1055 2484 1203 2540 facta
1215 2493 1342 2539 sunt
1365 2485 1547 2540 omnia
1570 2484 1752 2555 (Joan.
1778 2484 1819 2555 ι)
1840 2502 1854 2550 ;

269 2577 666 2633 descendentes
701 2584 902 2640 autem,
946 2584 1009 2629 ut
1056 2590 1179 2630 eum
1216 2574 1497 2631 inveniant
1537 2574 1740 2629 factum
1794 2589 1860 2629 ex

268 2667 522 2733 muliere,
544 2666 748 2722 factum
777 2666 1046 2737 sublege;
1073 2674 1261 2733 uteos,
1288 2665 1382 2735 qui
1411 2664 1512 2721 sub
1541 2664 1659 2735 lege
1681 2673 1860 2731 erant,

269 2756 724 2827 redhaeret(Gat.
762 2758 862 2828 Iv).

882 2844 1112 2902 CAPUT
1150 2845 1265 2901 XII.

857 3005 861 3008 ν
893 2938 969 2993 De
1014 2937 1254 3009 lignariis

344 3029 654 3101 Lignarius,
680 3028 1009 3099 generaliter
1025 3028 1154 3099 ligni
1180 3027 1358 3098 opifex
1388 3026 1708 3097 appellatur.
1732 3025 1863 3081 Car-

267 3121 570 3195 pentarius,
616 3119 854 3190 speciale
918 3127 1237 3175 nomen~est
1283 3134 1297 3172 :
1338 3126 1655 3187 carpentum
1710 3116 1859 3181 facit,

270 3193 419 3272 sicut
464 3212 868 3268 navicularius:
903 3213 1030 3281 quia
1068 3220 1275 3265 tantum
1316 3210 1535 3264 navium
1561 3218 1658 3264 est.
1696 3208 1863 3265 fabri-
1889 3193 1932 3253 (ἶ

272 3314 431 3362 catur
469 3313 525 3361 ct
555 3302 776 3359 artifex.
841 3301 1177 3357 Sarcitcctor
1206 3300 1403 3363 dictus,
1458 3299 1604 3367 quod
1630 3314 1695 3353 ex
1723 3298 1864 3353 mul-

273 3396 351 3451 tis
382 3396 509 3450 hinc
531 3402 585 3449 et
618 3394 744 3448 inie
774 3391 1078 3461 conjunctis
1130 3389 1330 3443 tabulis
1370 3404 1538 3443 unum
1588 3389 1715 3444 tecti
1744 3404 1861 3442 sar-

271 3486 389 3542 ciat
426 3499 623 3556 corpus
649 3502 662 3537 :
688 3483 913 3538 idemet
964 3481 1247 3553 lignarios,
1286 3478 1413 3549 quia
1450 3478 1679 3534 tectoria
1702 3477 1864 3547 lignis

270 3576 506 3633 inducit.
567 3574 803 3646 Lignarii
853 3588 983 3644 ergo
1031 3588 1099 3628 ac
1141 3571 1472 3641 carpentarii
1500 3578 1663 3639 atque
1692 3570 1863 3625 sarci-

273 3652 519 3723 tectores
537 3674 765 3737 possunt
786 3664 1011 3735 intelligi
1035 3663 1205 3718 sancti
1229 3662 1482 3716 doctores
1522 3670 1687 3730 atque
1717 3675 1860 3731 pra:-

272 3761 551 3815 dicatores
598 3757 903 3828 Evangelii,
961 3756 1054 3826 qui
1108 3754 1353 3826 spiritale
1410 3752 1700 3808 :edificium
1754 3754 1865 3809 Deo

274 3852 394 3907 suis
442 3848 786 3905 sermonibus
828 3855 993 3915 atque
1026 3846 1184 3901 bonis
1232 3843 1499 3914 exemplis
1534 3849 1864 3914 praeparant,

271 3953 337 3999 ct
380 3944 492 3998 sive
531 3958 600 3998 ex
652 3940 863 3995 noviter
897 3936 1247 3993 credentibus
1278 3937 1495 3992 domum
1538 3934 1650 3989 Deo
1697 3932 1866 3987 rediti—

273 4042 429 4100 cant,
457 4034 572 4088 sive
594 4047 665 4087 ex
696 4031 802 4095 his,
852 4044 989 4099 quos
1018 4027 1259 4083 haeretici
1316 4033 1476 4095 atque
1528 4022 1863 4080 schismatici

271 4141 379 4197 per
404 4137 648 4179 errorem
698 4125 1074 4190 corruperant,
1128 4117 1324 4171 iterum
1356 4114 1478 4169 illos
1506 4111 1858 4182 increpando,

274 4224 442 4283 atque
462 4213 803 4282 corrigendo,
833 4212 901 4266 ad
936 4208 1179 4280 spiritale
1209 4206 1496 4262 aedificium
1528 4205 1623 4260 Dei
1654 4212 1862 4259 restau-

275 4313 425 4359 rant.
466 4303 621 4361 Unde
641 4310 697 4358 et
735 4302 787 4356 in
819 4300 1006 4355 Exodo
1055 4296 1388 4368 carpentarii
1413 4295 1684 4365 leguntur,
1712 4304 1770 4350 et
1808 4294 1863 4349 in

1963 1940 2251 1995 subitanea
2268 1940 2568 1996 iracundia.
2597 1941 2824 1996 Asseres
2851 1940 2918 1994 ab
2938 1955 3058 1995 asse
3087 1941 3242 2006 dicti,
3292 1942 3419 2009 quia
3446 1941 3543 1996 soli

1961 2038 2253 2102 ponuntur,
2282 2045 2459 2102 neque
2485 2030 2780 2101 conjuncti.
2810 2030 3079 2086 Scindulae
3109 2046 3174 2085 eo
3217 2031 3361 2100 quod
3399 2030 3545 2086 scin-

1963 2125 2174 2189 dantur,
2204 2124 2259 2179 id
2283 2131 2389 2192 est,
2419 2123 2751 2181 dividantur.
2780 2124 2850 2179 In
2882 2123 3156 2179 asseribus
3189 2132 3368 2178 autem
3419 2122 3556 2192 quia,

1962 2223 2106 2271 tecto
2128 2214 2322 2270 domus
2366 2214 2712 2279 conveniunt,
2737 2213 2874 2270 bene
2894 2214 3216 2285 poenitentia
3244 2213 3417 2281 accipi
3451 2226 3547 2281 po-

1962 2315 2087 2371 test,
2115 2306 2199 2361 vel
2222 2306 2481 2372 charitas,
2530 2322 2653 2377 qua:
2686 2306 2863 2375 operit
2912 2304 3312 2360 multitudinem
3356 2318 3549 2372 pecca-

1961 2406 2139 2452 torum
2192 2396 2245 2468 (I
2287 2394 2560 2469 Pelr.tv),
2606 2404 2662 2451 et
2712 2396 2766 2451 in
2812 2394 3021 2467 psalmo
3069 2395 3340 2464 Propheta
3375 2393 3555 2448 dicit:

1960 2485 2111 2541 Beati
2139 2503 2367 2561 quorum
2413 2487 2644 2540 remissa:
2672 2494 2796 2539 sunt
2849 2485 3170 2554 iniquitates,
3221 2494 3270 2539 et
3326 2499 3550 2555 quorum

1961 2584 2096 2629 tecta
2136 2584 2256 2630 sunt
2296 2584 2509 2646 peccata
2533 2572 2709 2647 (Psal.
2741 2572 2915 2645 xxxi).
2941 2572 3124 2645 Epigri
3150 2583 3207 2629 et
3231 2573 3368 2627 clavi
3399 2578 3550 2635 sunt,

1962 2666 2158 2737 quibus
2186 2666 2388 2738 lignum
2412 2666 2556 2737 ligno
2583 2666 2844 2721 adhaeret.
2876 2664 3026 2721 Clavi
3054 2664 3207 2731 dicti,
3236 2665 3391 2736 quasi
3420 2665 3549 2721 cha-

1961 2755 2091 2821 labi,
2131 2757 2256 2825 quia
2287 2771 2355 2811 ex
2403 2756 2629 2827 chalybe
2674 2754 2832 2822 fiunt,
2896 2754 2951 2810 id
2975 2754 3278 2811 estferro:
3325 2755 3552 2826 chalybs

1960 2848 2107 2902 enim
2156 2846 2359 2902 ferrum
2399 2855 2502 2925 est.
2542 2846 2692 2902 Clavi
2744 2853 2924 2901 autem
2966 2847 3194 2917 mystice
3242 2854 3550 2901 sanctorum

1961 2939 2375 3008 praedicationes
2401 2938 2565 2993 corda
2590 2937 2871 2993 hominum
2900 2936 3282 3008 transfigentes
3328 2937 3553 3007 intelligi

1962 3038 2190 3101 possunt
2219 3031 2399 3085 :unde
2428 3031 2481 3084 in
2506 3029 2794 3084 Salomone
2823 3028 3083 3099 scriptum
3105 3038 3190 3085 est
3219 3047 3231 3082 :
3266 3027 3435 3083 Verba
3460 3046 3549 3083 sa-

1964 3122 2217 3189 pientium
2264 3131 2312 3175 et
2355 3119 2555 3175 stimuli
2616 3130 2663 3173 et
2698 3120 2851 3190 quasi
2897 3117 3031 3173 clavi
3078 3118 3135 3173 in
3179 3117 3347 3171 altum
3389 3116 3551 3187 deﬁxi

1965 3210 2163 3283 (Eccle.
2198 3210 2317 3281 xu).
2349 3209 2569 3265 Tabula:
2601 3224 2632 3264 a
2661 3208 2939 3264 veteribus
2968 3207 3161 3278 tegulae
3194 3208 3551 3268 vocabantur,

1964 3315 1994 3354 a
2025 3300 2253 3371 tegendo
2272 3299 2499 3364 scilicet,
2557 3302 2699 3353 unde
2734 3306 2789 3353 et
2819 3297 3029 3368 tagulae.
3081 3295 3447 3352 Commissum
3471 3296 3552 3351 di-

1963 3391 2107 3446 citur
2130 3390 2439 3445 tabularum
2472 3388 2801 3457 conjunctio.
2836 3386 3056 3443 Tabula:
3105 3394 3287 3440 autem
3327 3396 3553 3456 possunt

1963 3481 2270 3553 significare
2300 3480 2485 3536 fideles
2513 3479 2813 3543 auditores,
2866 3478 2961 3549 qui
3004 3492 3035 3531 a
3082 3476 3328 3531 trabibus
3362 3474 3449 3531 vel
3485 3476 3554 3531 ti-

1963 3572 2105 3642 gnis,
2142 3572 2244 3626 hoc
2271 3579 2375 3636 est,
2404 3587 2434 3625 a
2458 3570 2663 3626 sanctis
2691 3569 3000 3625 doctoribus
3027 3574 3438 3623 sustentantur:
3472 3567 3551 3622 sic

1962 3669 2017 3715 et
2044 3662 2399 3716 commissura
2425 3674 2613 3715 eorum
2638 3659 2814 3713 unitas
2844 3665 2899 3712 et
2938 3658 3179 3712 Charitas
3213 3656 3436 3726 intelligi
3458 3671 3552 3727 po-

1965 3760 2092 3807 test.
2120 3751 2302 3806 Sectio
2323 3759 2504 3805 autem
2524 3750 2667 3805 dicta
2698 3764 2729 3803 a
2755 3748 3033 3819 sequendo
3056 3763 3119 3803 ea
3156 3762 3275 3818 quae
3295 3749 3546 3819 coeperit.

1964 3843 2100 3899 Nam
2134 3858 2322 3899 secare
2356 3842 2553 3897 sectari
2584 3848 2639 3896 et
2672 3839 2824 3910 sequi
2852 3848 2959 3894 est.
2993 3838 3172 3893 Serra:
3227 3848 3405 3893 autem
3452 3854 3551 3895 no-

1964 3951 2087 3990 men
2135 3936 2202 3989 de
2235 3948 2368 3989 sono
2418 3931 2621 3986 factum
2676 3938 2779 3993 est,
2822 3929 2876 3983 id
2924 3936 3028 3993 est,
3071 3943 3103 3981 a
3134 3927 3401 3983 stridore.
3422 3925 3550 3983 Haec

1964 4025 2395 4094 persecutionem
2444 4026 2500 4080 in
2538 4024 2876 4081 Christianos
2918 4022 3114 4078 factam
3146 4023 3214 4077 ab
3245 4021 3551 4078 inﬁdelibus

1966 4115 2277 4187 significare
2295 4124 2474 4185 potest
2498 4134 2510 4169 :
2543 4117 2687 4171 unde
2708 4124 2765 4170 et
2788 4116 2839 4168 in
2860 4113 3119 4185 Apostolo
3147 4112 3377 4183 legimus
3401 4130 3415 4166 :
3443 4111 3550 4166 La-

1963 4208 2130 4279 pidati
2156 4219 2296 4274 sunt,
2319 4209 2443 4263 secti
2478 4217 2619 4273 sunt,
2646 4209 2700 4261 in
2739 4206 2995 4261 occisione
3017 4204 3182 4276 gladii
3212 4205 3407 4259 mortui
3426 4213 3549 4259 sunt

1967 4296 2125 4367 (Heb.
2151 4297 2247 4368 xi).
2282 4298 2348 4351 Et
2370 4297 2561 4352 Isaiam
2585 4297 2905 4366 prophetam
2936 4295 3114 4367 lignea
3165 4308 3319 4349 serra
3359 4309 3544 4349 serra-

274 4397 422 4451 libro
472 4396 681 4466 Regum
733 4392 873 4447 fabri
923 4392 1233 4461 lignorum,
1285 4398 1340 4443 et
1384 4386 1713 4443 caementarii
1773 4388 1873 4442 de-
1968 4400 2079 4443 tum
2108 4389 2386 4458 Scriptura
2416 4397 2620 4442 narrat.
2653 4386 2900 4443 Circinus
2923 4387 3120 4451 dictus,
3148 4386 3288 4455 quod
3315 4400 3544 4457 vergen-

275 4488 613 4553 scribuntur,
664 4484 752 4555 qui
785 4484 1166 4537 instaurabunt
1190 4488 1488 4536 sartatecta
1519 4480 1712 4534 domus
1733 4478 1856 4535 Dei.

275 4578 507 4633 Materia
532 4575 657 4630 inde
696 4574 895 4627 dicitur
924 4586 1086 4625 omne
1113 4571 1340 4640 lignum,
1373 4571 1516 4639 quod
1574 4586 1640 4625 ex
1673 4585 1736 4625 ea
1763 4571 1862 4626 ali-

273 4669 411 4738 quid
463 4662 873 4721 emciaturzvel
926 4662 971 4716 si
1031 4661 1097 4714 ad
1122 4659 1345 4727 januam
1383 4658 1611 4725 referas,
1671 4660 1757 4715 vel
1792 4658 1861 4715 ad

273 4769 536 4824 statuam,
605 4756 838 4811 materia
890 4754 1015 4807 erit.
1063 4751 1146 4805 Ad
1198 4751 1399 4821 aliquid
1454 4750 1598 4805 enim
1647 4765 1871 4821 semper

273 4855 512 4909 materia
552 4852 868 4923 accipienda
921 4861 1029 4917 est,
1081 4852 1223 4907 sicut
1272 4850 1544 4905 elementa
1575 4849 1858 4903 materiam

278 4961 473 5001 rerum
502 4960 623 5001 esse
664 4944 938 5000 dicimus:
981 4943 1107 5011 quia
1155 4941 1279 4996 inde
1322 4956 1407 5005 ea,
1450 4954 1568 5009 qua:
1606 4946 1731 4992 sunt
1781 4937 1860 4991 fa-

277 5046 373 5094 cta
428 5036 714 5090 videmus:
744 5044 805 5090 et
852 5035 1102 5099 materia,
1146 5033 1299 5103 quasi
1350 5039 1547 5095 mater,
1590 5028 1757 5084 dicta.
1802 5028 1860 5084 In

275 5128 521 5189 materia
545 5128 690 5183 enim
724 5127 954 5197 mystice
989 5124 1218 5195 intelligi
1246 5131 1427 5194 potest
1445 5124 1681 5177 humana
1711 5136 1861 5176 crea-

280 5231 411 5277 tura
437 5238 450 5273 :
475 5219 617 5273 unde
660 5216 857 5271 artifex
903 5232 1146 5271 summus
1183 5229 1281 5286 per
1333 5212 1560 5283 opifices
1582 5228 1727 5278 suos,
1759 5212 1861 5267 hoc

277 5321 393 5377 est,
433 5311 678 5365 doctores
728 5316 944 5362 sanctos
995 5305 1345 5376 multiplicem
1394 5310 1661 5373 praeparat
1699 5315 1863 5356 orna-

278 5414 404 5459 tum
447 5399 703 5463 ecclesizc,
760 5407 815 5452 et
850 5412 979 5450 vasa
1027 5405 1149 5466 apta
1196 5396 1263 5450 ad
1302 5392 1666 5449 ministerium
1696 5406 1851 5445 suum

275 5492 539 5552 aediﬁcat.
594 5488 802 5543 Trabes
838 5495 1059 5550 vocate,
1124 5485 1267 5555 quod
1308 5486 1361 5538 in
1408 5492 1719 5536 transverso
1766 5497 1855 5550 po-

277 5586 406 5641 sitze
471 5588 733 5647 utrosque
780 5575 1019 5646 parietes
1085 5575 1415 5629 contineant.
1464 5570 1622 5624 Aliud
1672 5578 1852 5624 autem

278 5682 411 5728 sunt
444 5672 608 5741 tigna,
647 5668 788 5721 aliud
823 5667 1001 5720 trabes
1026 5684 1037 5717 :
1066 5664 1206 5735 tigna
1251 5664 1395 5717 cnim
1422 5660 1608 5728 juncta
1647 5660 1853 5716 trabem

281 5765 508 5820 faciunt.
559 5761 764 5815 Trabes
827 5768 1009 5813 autem
1058 5766 1199 5821 sunt,
1227 5772 1345 5811 cum
1389 5762 1511 5809 sunt
1537 5751 1745 5807 dolatae.
1781 5753 1854 5808 De

1967 4480 2035 4536 do
2060 4478 2255 4533 efﬁciat
2278 4478 2561 4544 circulum,
2608 4478 2761 4549 cujus
2789 4476 2979 4532 modus
3002 4476 3271 4545 duplicata
3303 4476 3443 4530 linea
3464 4476 3543 4540 flt,

1968 4585 2088 4640 quae
2116 4569 2343 4638 simplex
2384 4584 2485 4639 per
2531 4570 2865 4624 latitudinem
2910 4576 3133 4623 extensa
3182 4567 3377 4623 fuerat.
3407 4568 3550 4623 Pun-

1968 4668 2090 4715 cws
2120 4669 2299 4712 autem
2336 4658 2389 4711 in
2416 4659 2592 4712 medio
2619 4656 2808 4712 circini
2846 4665 3091 4711 centrum
3124 4672 3153 4709 a
3181 4654 3385 4711 Graecis
3415 4656 3548 4711 dici-

1967 4757 2075 4813 tur,
2106 4748 2157 4801 in
2188 4747 2342 4816 cujus
2383 4747 2617 4801 medium
2644 4754 2837 4803 cuncta
2858 4753 3211 4816 convergunt.
3236 4744 3313 4799 De
3342 4745 3548 4799 circino

1967 4848 2147 4894 autem
2195 4847 2251 4892 et
2293 4838 2503 4893 caeteris
2556 4837 2926 4892 instrumentis
2977 4836 3262 4891 artiﬁcosis
3302 4836 3357 4891 in
3387 4834 3543 4898 Isaia,

1967 4931 2058 4985 ubi
2106 4930 2171 4984 de
2218 4930 2391 4999 plaste
2445 4929 2569 4983 idoli
2618 4928 2818 4982 mentio
2850 4928 2927 4992 fit,
2982 4928 3055 4981 ita
3101 4928 3362 4997 scriptum
3413 4938 3543 4983 est:

1965 5018 2142 5072 Faber
2175 5018 2427 5087 ferrarius
2477 5018 2603 5069 lima
2657 5027 2899 5085 operatus
2931 5027 3003 5069 est
3032 5017 3085 5069 in
3134 5017 3337 5085 prunis,
3394 5027 3443 5071 et
3488 5018 3540 5069 in

1963 5108 2166 5162 malleis
2220 5108 2463 5178 formavit
2512 5108 2665 5172 illud,
2718 5118 2764 5162 et
2812 5119 3054 5177 operatus
3094 5118 3166 5161 est
3226 5108 3279 5161 in
3330 5108 3543 5161 brachio

1963 5199 2287 5269 fortitudinis
2310 5216 2441 5253 sna'.
2499 5199 2704 5267 Artifex
2736 5198 2989 5267 lignarius
3012 5196 3237 5250 extendit
3282 5213 3539 5260 normam,

1964 5291 2207 5360 formarit
2238 5291 2371 5344 illud
2399 5292 2452 5343 in
2484 5291 2704 5343 runcina
2742 5302 2760 5340 :
2792 5288 2913 5357 fecit
2945 5287 3077 5341 illud
3106 5289 3159 5340 in
3190 5287 3454 5357 angulari,
3492 5298 3541 5340 et

1962 5380 2015 5432 in
2047 5380 2245 5434 circino
2275 5381 2497 5433 tornarit
2525 5378 2678 5444 illud,
2715 5389 2761 5432 et
2797 5378 2917 5447 fecit
2944 5378 3224 5446 imaginem
3247 5377 3364 5441 viri,
3386 5378 3540 5446 quasi

1960 5477 2250 5545 speciosum
2286 5475 2545 5528 hominem
2572 5474 2891 5526 habitantem
2926 5472 2978 5523 in
3002 5470 3155 5523 domo
3204 5468 3338 5538 (Isa.
3368 5462 3535 5542 κων).

1961 5566 2230 5633 Quidquid
2262 5574 2443 5619 autem
2474 5565 2539 5619 dc
2564 5564 2718 5618 idolis
2755 5562 2957 5617 dictum
3007 5569 3110 5623 est,
3137 5567 3313 5629 potest
3346 5559 3536 5617 referri

1962 5666 2012 5711 et
2054 5655 2118 5709 ad
2182 5657 2446 5710 harrcscos
2499 5654 2786 5723 principes,
2840 5651 2930 5721 qui
2980 5648 3262 5703 simulacra
3317 5647 3535 5716 dogma-

1966 5759 2074 5803 tum
2106 5763 2323 5803 suorum
2372 5742 2825 5813 atquc‘memlacii
2876 5738 3069 5795 δι’ιὶιίρὶ
3124 5737 3283 5791 corde
3315 5752 3533 5808 compo—
