3918 6380
374 346 478 404 5'37

1060 351 1117 405 Β.
1165 349 1421 413 ΒΛΒΑΜ
1452 348 1667 404 MAURI
1707 348 2028 405 ARCHIE'P.
2071 350 2378 408 MOGUNT.
2417 352 2702 410 OPERUM
2740 354 2918 410 PARS
2957 354 3022 409 Il.

3548 352 3659 416 563

376 478 528 531 nunt,
545 472 600 519 et
626 478 954 522 venerantur
974 482 1056 531 ea,
1084 480 1214 535 'qu:e
1240 481 1269 520 a
1300 481 1357 523 se
1389 466 1567 522 sciunt
1611 479 1733 522 esse
1780 464 1950 518 simn-
1980 467 2031 527 A
2056 476 2139 521 est
2167 464 2308 521 mala
2334 481 2499 536 opera
2526 483 2808 535 exercere,
2840 468 2926 524 vel
2961 469 3101 524 male
3130 473 3345 536 docere,
3378 479 3441 526 ut
3466 487 3520 527 tu
3551 467 3654 529 Sac

374 560 514 615 lata:
542 577 648 617 non
676 561 870 617 suﬁicit
914 562 994 616 eis
1033 576 1189 616 error
1214 561 1487 630 preprius,
1535 562 1637 617 nisi
1690 560 1963 630 simplices

371 666 618 724 quosque
640 668 829 709 eorum
858 653 1169 708 adulatione
1200 653 1531 722 deceperint,
1574 655 1662 723 qui
1696 662 1959 722 qurestum

372 747 567 809 putant
591 754 711 793 esse
745 739 1029 809 pietatem,
1059 747 1115 793 ct
1147 738 1417 793 devorant
1448 740 1641 793 domus
1681 738 1961 791 viduarum

372 830 423 899 (Ι
451 830 582 884 Tim.
609 829 709 901 vt),
758 830 1151 899 abutentesque
1194 829 1337 900 vulgi
1377 830 1673 900 imperitia,
1721 830 1795 883 ita
1845 838 1964 883 arte

372 924 681 988 dialectica,
730 923 885 993 quasi
916 922 1082 987 ascia,
1129 922 1348 977 terebro
1379 931 1433 977 et
1469 921 1595 976 lima
1626 930 1680 975 et
1711 921 1961 984 rnncina,

371 1014 610 1069 formant
636 1015 832 1085 dogma
855 1028 1032 1077 suum,
1063 1022 1117 1068 et
1166 1014 1368 1068 cudnnt
1398 1012 1594 1068 malleo
1620 1023 1781 1081 atque
1810 1013 1967 1066 inau—

372 1115 497 1160 rant
548 1106 818 1161 sermonis
866 1104 1127 1161 rhetorici
1183 1115 1487 1169 venustate,
1538 1122 1760 1176 quorum
1825 1106 1964 1159 Deus

371 1205 546 1250 venter
563 1205 662 1261 est,
699 1206 749 1251 et
793 1196 964 1266 gloria
1004 1197 1058 1249 in
1098 1197 1405 1266 confusione
1451 1213 1630 1251 eorum
1661 1195 1829 1267 (Phil.
1857 1197 1957 1265 tu).

374 1287 596 1342 Securis
616 1294 843 1341 vocatur
863 1301 928 1340 eo
942 1286 1083 1355 quod
1105 1301 1168 1340 ea
1183 1286 1405 1341 arbores
1427 1287 1790 1350 succidantur,
1812 1287 1963 1356 quasi

372 1385 635 1440 succuris.
660 1384 791 1439 Item
816 1384 1043 1445 securis,
1068 1384 1222 1453 quasi
1249 1384 1534 1438 semicuris
1564 1401 1575 1436 :
1602 1399 1668 1438 ex
1696 1399 1800 1436 una
1823 1382 1967 1437 enim

370 1484 525 1544 parte
553 1484 712 1530 acuta
740 1482 839 1538 est,
869 1491 934 1530 ex
958 1474 1125 1530 altera
1163 1475 1411 1530 fossoria.
1438 1474 1563 1530 Haec
1594 1475 1733 1545 apud
1759 1483 1969 1541 veteres

371 1578 547 1633 penna
589 1566 918 1629 vocabatur;
967 1575 1252 1634 utramque
1305 1573 1484 1621 autem
1517 1566 1721 1619 habens
1770 1566 1967 1629 aciem,

368 1656 644 1725 bipennis.
694 1655 831 1710 Nam
871 1656 1122 1727 bipennis
1166 1659 1386 1722 dicitur,
1429 1658 1573 1727 quod
1622 1672 1687 1711 ex
1740 1667 1970 1728 utraque

368 1755 527 1814 parte
547 1747 746 1801 habeat
766 1756 982 1801 acutam
1009 1747 1203 1812 aciem,
1229 1748 1385 1818 quasi
1407 1748 1541 1802 duas
1561 1763 1771 1817 pennas
1798 1767 1810 1803 :
1836 1764 1969 1819 pen-

370 1849 499 1888 num
531 1843 712 1890 autem
742 1836 952 1905 antiqui
989 1845 1206 1891 acutum
1235 1835 1508 1890 dicebant.
1543 1835 1618 1891 De
1652 1813 1967 1892 secure'au-
2000 1813 2046 1871 Β

371 1935 479 1980 tem
516 1924 751 1982 Joannes
789 1927 1027 1998 Baptista
1054 1928 1120 1983 ad
1164 1926 1380 1982 Iudaeos
1410 1927 1485 1982 ita
1513 1928 1627 1982 ait:
1660 1927 1785 1982 Jam
1831 1930 1969 1982 enim

370 2018 569 2072 securis
603 2020 675 2072 ad
724 2020 927 2075 radices
966 2020 1217 2074 arborum
1254 2023 1426 2091 posita
1481 2030 1557 2077 est
1603 2021 1819 2094 (Matth.
1864 2024 1966 2094 In).

369 2108 550 2163 Arbor
587 2109 750 2181 hujus
780 2111 964 2166 mundi
992 2120 1075 2166 est
1100 2112 1415 2167 universum
1448 2130 1619 2184 genus
1648 2114 1965 2169 humanum.

374 2202 595 2257 Securis
619 2219 747 2259 vero
776 2212 861 2259 est
892 2204 1222 2272 Redemptor
1243 2212 1448 2268 noster,
1474 2206 1565 2273 qui
1595 2206 1742 2261 velut
1770 2220 1835 2260 ex
1860 2222 1972 2260 ma-

370 2293 569 2348 nubrio
595 2302 650 2349 et
680 2292 829 2349 ferro
856 2303 1073 2349 constat
1111 2313 1123 2347 :
1161 2303 1479 2363 tenetnrque
1509 2311 1576 2349 ex
1615 2296 1967 2359 humanitate,

371 2383 468 2437 sed
487 2382 677 2437 incidit
694 2398 763 2438 ex
786 2383 1067 2438 divinitate
1092 2400 1103 2436 :
1130 2398 1250 2453 qua:
1273 2382 1525 2437 videlicet
1544 2384 1751 2438 securis
1766 2382 1879 2452 jam
1904 2386 1970 2438 ad

370 2473 615 2527 radicem
646 2473 860 2527 arboris
894 2473 1054 2528 istius
1078 2474 1254 2543 posita
1276 2482 1363 2529 est
1394 2488 1410 2528 :
1439 2475 1564 2544 quia
1600 2485 1654 2530 et
1680 2476 1724 2529 si
1760 2490 1859 2545 per
1880 2492 1973 2546 pa-

373 2562 625 2617 tientiam
660 2571 960 2634 exspectat,
994 2563 1209 2618 videtur
1244 2572 1427 2618 tamen
1458 2565 1587 2635 quid
1627 2564 1834 2620 factura
1868 2573 1968 2621 est.

374 2652 561 2709 Potest
584 2664 639 2708 et
653 2653 1108 2710 securis'nomine
1128 2657 1442 2724 praedicatio
1457 2659 1724 2713 sermonis
1737 2673 1971 2730 cvange-

374 2746 471 2801 lici‘
486 2746 712 2817 intelligi
730 2761 744 2800 :
764 2747 913 2816 quia,
936 2746 1231 2802 secundum
1262 2747 1602 2816 Apostolum,
1627 2748 1774 2802 rivus
1801 2765 1971 2803 sermo

373 2837 473 2891 Dei
518 2846 565 2892 et
611 2839 794 2908 e/ficaa:
842 2847 890 2892 et
920 2837 1293 2907 penetrabilior
1339 2840 1480 2892 omni
1521 2838 1700 2909 gladio
1731 2839 1968 2910 ancipiti,

374 2939 423 2983 et
448 2930 741 3000 pertingens
766 2946 931 3001 usque
972 2930 1042 2982 ad
1082 2929 1389 2984 divisionem
1435 2931 1652 2995 animm,
1698 2931 1873 2983 carnis
1924 2942 1971 2983 ct

374 3021 615 3090 spiritus,
640 3036 947 3090 compagum
988 3036 1189 3091 quoque
1222 3030 1268 3073 et
1291 3020 1666 3087 medullarum,
1699 3030 1745 3073 et
1770 3021 1970 3074 discre-

376 3122 460 3165 tor
496 3112 871 3182 cogitationum
919 3110 1078 3179 (Heb.
1124 3112 1221 3183 tv).
1283 3111 1348 3165 Et
1398 3109 1668 3167 Jeremias
1701 3113 1967 3181 propheta

376 3205 605 3260 verbum
652 3204 867 3259 Domini
901 3204 1081 3259 securi
1126 3212 1409 3274 comparat
1451 3204 1682 3261 cmdenti
1713 3212 1924 3273 petram
1954 3220 1965 3256 :

376 3299 491 3353 sive
518 3296 727 3352 securis
755 3295 1086 3350 sententiam
1120 3295 1312 3365 judicii
1360 3293 1627 3349 Altissimi
1677 3293 1971 3363 signiﬁcat,

377 3406 499 3461 quae
537 3388 606 3443 ad
659 3388 869 3443 radices
911 3388 1191 3452 arborum,
1239 3386 1294 3440 id
1350 3394 1453 3450 est,
1493 3384 1561 3439 ad
1612 3383 1774 3439 ﬁnem
1820 3382 1969 3452 regni

375 3473 562 3553 populi
616 3479 826 3535 Judaici
862 3480 1034 3548 posita
1066 3487 1152 3534 est
1184 3496 1196 3531 :
1223 3486 1283 3532 ut
1321 3493 1441 3543 eos,
1473 3477 1566 3547 qui
1598 3477 1651 3531 in
1690 3475 1969 3531 Christum

380 3576 607 3631 credere
662 3574 975 3639 noluerunt,
1028 3572 1096 3627 de
1158 3580 1302 3625 terra
1344 3569 1643 3625 viventium
1702 3566 1968 3624 abscidat.

378 3668 541 3723 Ascia
590 3668 658 3721 ab
686 3666 915 3721 hastnlis
945 3665 1087 3740 dicta
1110 3703 1124 3728 ,
1165 3678 1302 3732 quas
1334 3678 1365 3715 a
1393 3660 1539 3732 ligno
1576 3658 1786 3723 eximit,
1818 3655 1971 3726 cujus

381 3760 765 3813 diminutivum
793 3766 877 3810 est
923 3755 1144 3810 asciola.
1177 3755 1273 3821 Est
1303 3762 1483 3807 autem
1518 3751 1803 3805 manubrio
1821 3748 1972 3804 brevi

383 3860 437 3905 et
488 3849 717 3903 adversa
756 3855 908 3917 parte
951 3844 1195 3900 referens
1234 3844 1314 3896 vel
1368 3842 1669 3912 simplicem
1694 3840 1968 3905 malleum,

380 3951 476 3998 aut
511 3952 760 3997 cavatum
792 3939 876 3994 vel
906 3939 1125 3992 bicorne
1160 3943 1413 3991 rastrum.
1444 3935 1520 3991 De
1556 3933 1733 3990 securi
1768 3939 1971 3993 autem.

382 4038 529 4091 ascia
572 4044 628 4089 ct
684 4035 915 4102 bipenne
979 4033 1035 4086 in
1092 4030 1357 4085 Psalterio
1393 4029 1657 4098 scriptum
1724 4036 1828 4091 est,
1882 4025 1973 4079 ubi

382 4126 685 4181 destructio
750 4122 933 4191 templi
978 4120 1191 4175 Domini
1249 4126 1710 4173 commemoratur
1742 4116 1974 4169 :securi-

385 4220 479 4272 bus
523 4206 831 4271 exciderunt
867 4214 1069 4283 januas
1123 4211 1238 4280 ejus
1276 4212 1329 4263 in
1368 4210 1619 4278 idipsum,
1678 4207 1886 4278 bipenni
1925 4216 1973 4260 et

383 4311 528 4365 ascia
563 4309 861 4377 dcjecerunt
910 4321 1025 4358 eam
1075 4300 1246 4374 (Psal.
1302 4300 1514 4371 Lxxut).
1555 4300 1612 4353 ln
1660 4297 1843 4354 securi
1885 4296 1977 4349 tri-

382 4403 719 4457 bulationem
758 4399 919 4467 hujus
957 4395 1137 4450 saeculi
1161 4395 1531 4449 demonstrat:
1567 4393 1621 4446 in
1652 4391 1818 4453 ascia,
1844 4405 1973 4459 pra-

383 4509 578 4550 verum
638 4488 1097 4560 persecutionem,
1150 4500 1255 4553 qua
1302 4492 1519 4539 sanctos
1567 4499 1739 4552 usque
1786 4483 1853 4536 ad
1895 4482 1968 4534 in?
2010 4510 2055 4567 ο

384 4585 699 4657 teritionem
732 4584 1153 4651 persequuntur.
1184 4575 1241 4629 In
1269 4574 1503 4643 bipenne
1532 4572 1804 4642 geminam
1835 4569 1974 4624 allii-

387 4674 652 4734 ctionem,
695 4684 801 4738 qua
847 4668 1051 4721 electos
1096 4662 1191 4718 Dei
1219 4663 1375 4731 pravi
1428 4661 1675 4715 homines
1718 4659 1902 4714 verbis
1922 4666 1977 4711 ct

387 4766 549 4821 factis
604 4762 869 4832 alllignnt,
932 4758 1203 4827 designat.
1264 4755 1523 4822 Scalprus
1573 4753 1787 4815 dictus,
1834 4748 1977 4820 quod

390 4855 681 4927 scalpturis
726 4862 781 4907 et
827 4847 1189 4905 forantinibns
1238 4847 1310 4900 sit
1353 4855 1534 4913 aptus,
1579 4842 1732 4911 quasi
1784 4840 1977 4895 scalfo-

390 4965 509 5012 rus,
537 4946 692 5013 cujus
740 4940 1128 4999 diminutivum
1165 4934 1471 5005 scalpellus.
1498 4933 1736 4987 Terebra
1784 4939 1976 4983 vocata

390 5056 421 5092 a
453 5048 636 5090 verme
668 5033 820 5103 ligni,
856 5030 947 5099 qni
978 5033 1321 5094 nuncupatur
1351 5025 1589 5087 terebra,
1617 5036 1776 5090 quem
1804 5019 1979 5075 Graeci

393 5128 650 5183 tcredona
702 5128 918 5177 vocant.
946 5118 1082 5172 llinc
1120 5118 1263 5171 dicta
1290 5117 1503 5172 terebra
1536 5133 1548 5167 :
1584 5115 1745 5183 quod,
1780 5121 1837 5166 ut
1867 5127 1960 5165 ver

389 5222 518 5287 mis,
569 5216 791 5274 terendo
831 5211 1100 5284 perforat,
1165 5210 1318 5279 quasi
1382 5206 1637 5272 tercfora,
1684 5205 1767 5259 vel
1827 5203 1978 5273 quasi

393 5309 752 5365 transferens.
798 5305 1095 5361 IEdilicare
1132 5310 1217 5357 est
1260 5303 1399 5356 bona
1446 5314 1616 5370 opera
1648 5298 1858 5360 facere,
1894 5295 1976 5347 vel

393 5410 545 5456 recte
572 5402 783 5464 docere,
835 5405 895 5451 ut
950 5396 1005 5449 in
1034 5393 1293 5465 Apostolo
1334 5408 1347 5445 :
1384 5391 1443 5445 Si
1469 5391 1583 5460 quis
1633 5399 1805 5443 autem
1856 5386 1980 5441 trdi-

396 5492 520 5561 ﬁcat
551 5504 709 5559 supra
740 5488 1143 5556 fundamentum
1176 5484 1296 5548 Itoc,
1327 5499 1541 5546 aurum,
1584 5489 1880 5550 argentum,
1910 5477 1981 5529 la-

399 5581 543 5651 pides
601 5579 855 5649 pretiosos
899 5576 949 5647 (I
991 5576 1112 5630 Cor.
1168 5574 1271 5646 ιιι).
1326 5574 1393 5628 Ει
1455 5573 1509 5626 in
1563 5571 1723 5624 aliam
1771 5575 1980 5639 partem

402 5692 499 5739 pro
536 5670 733 5742 populo
758 5670 1066 5725 Judzeorum
1109 5683 1205 5735 per
1233 5660 1555 5718 Malarhiam
1600 5661 1803 5715 dicitur
1829 5677 1839 5710 :
1866 5658 1979 5726 Ipsi

411 5784 435 5813 ιι
470 5763 761 5828 δὶίὶίυὶιυην,
813 5771 857 5815 rt
900 5777 987 5826 ego
1014 5758 1275 5813 destruant
1309 5754 1562 5823 (.llnlaclt.
1603 5752 1658 5821 l).
1686 5751 1978 5805 DC‘JUZUCI'C

2066 555 2281 611 lomone
2312 574 2323 608 :
2350 555 2501 611 Unus
2550 557 2847 626 wdiﬁcans,
2898 569 2947 614 et
2982 576 3117 614 unus
3153 561 3425 617 destruens
3462 561 3654 633 (Ecdi.

2065 645 2276 717 xxxrv).
2304 640 2372 700 Et
2403 647 2457 701 in
2482 647 2681 702 bonam
2712 658 2925 717 partem
2952 664 3051 719 per
3074 648 3366 705 Jeremiam
3407 653 3608 708 dicitur
3641 671 3658 707 :

2069 735 2399 793 Utdestruas
2454 748 2504 793 et
2557 739 2784 809 aadiﬁces
2851 741 2985 812 (Jer.
3040 741 3103 810 ι).
3169 741 3429 799 Mundare
3486 754 3571 800 est
3629 762 3662 800 a

2066 825 2214 882 vitiis
2234 841 2558 899 expurgare,
2592 836 2651 883 ut
2676 838 2761 883 est
2777 828 2907 886 illud
2934 830 3215 902 Evangelii
3250 849 3262 883 :
3296 830 3489 901 Tetigit
3520 849 3658 895 cum,

2067 920 2287 974 dicens:
2322 918 2475 985 Volo,
2509 922 2809 987 mundare;
2847 931 2897 976 et
2944 923 3221 991 confestim
3269 929 3524 977 mundata
3576 933 3656 977 est

2068 1009 2212 1079 lepra
2235 1008 2453 1080 (Matth.
2486 1010 2627 1084 vni).

2665 1119 2891 1176 CAPUT
2927 1120 3062 1175 XIII.

2511 1209 2588 1263 De
2617 1210 2845 1277 lane/itii
2874 1210 3189 1283 inventione.

2140 1299 2435 1354 Minervam
2461 1301 2750 1369 quamdam
2778 1299 3021 1355 Gentiles
3064 1300 3248 1355 multis
3277 1300 3510 1370 ingeniis
3530 1315 3669 1369 prte-

2069 1392 2274 1447 dicant.
2319 1391 2469 1447 Hanc
2512 1391 2657 1447 enim
2714 1394 2947 1462 primam
3005 1390 3242 1447 laneﬁcii
3304 1407 3461 1446 usum
3512 1405 3670 1444 mon—

2071 1492 2295 1539 strasse.
2335 1482 2487 1539 Hauc
2512 1485 2678 1539 etiam
2711 1483 2873 1538 telam
2917 1483 3147 1546 ordisse,
3181 1492 3235 1536 et
3261 1483 3539 1538 colorasse
3594 1482 3670 1534 la-

2067 1590 2171 1654 nas
2193 1574 2486 1645 perhibent
2518 1574 2961 1645 :olivzequoquc
2992 1575 3136 1628 hanc
3168 1574 3359 1628 dicunt
3408 1564 3675 1627 inventrii

2072 1682 2212 1732 cem,
2255 1675 2311 1721 et
2340 1664 2579 1731 fabricae,
2608 1665 3013 1735 multarumque
3055 1665 3253 1718 artium
3286 1663 3667 1734 repertricem.

2074 1756 2199 1813 Ideo
2226 1755 2302 1812 illi
2344 1757 2505 1827 vulgo
2526 1756 2752 1826 opiﬁces
2774 1754 3080 1825 supplicant
3110 1773 3121 1808 :
3152 1754 3247 1809 sed
3295 1755 3400 1809 hoc
3451 1754 3667 1824 poetice

2074 1846 2311 1920 ﬁngitur.
2340 1846 2456 1903 Non
2489 1847 2635 1903 enim
2667 1845 2908 1901 Minerva
2941 1846 3389 1901 istarumartium
3422 1846 3675 1915 princeps

2075 1944 2158 1994 est
2186 1956 2199 1992 :
2233 1939 2327 1994 sed
2352 1938 2479 2008 quia
2509 1937 2778 2008 sapientia
2813 1937 2866 1991 in
2907 1936 3084 2006 capite
3116 1950 3241 1991 esse
3268 1935 3472 1989 dicitur
3499 1934 3676 1989 homi-

2074 2029 2183 2094 nis,
2227 2037 2284 2085 et
2312 2028 2552 2083 Minerva
2599 2027 2666 2083 de
2710 2027 2888 2097 capite
2920 2025 3071 2082 lovis
3109 2034 3236 2081 nata
3288 2024 3532 2095 ﬁngitur,
3572 2025 3679 2078 hoc

2074 2132 2176 2189 est,
2204 2122 2480 2192 ingenium
2505 2137 2521 2187 ;
2556 2121 2786 2190 ideoque
2815 2134 3011 2176 sensus
3032 2118 3315 2188 sapientis,
3348 2116 3442 2185 qui
3466 2117 3679 2169 invenit

2072 2213 2274 2277 omnia,
2317 2214 2368 2265 in
2402 2212 2581 2280 capite
2616 2220 2702 2264 est
2732 2229 2744 2264 :
2778 2211 2900 2265 ideo
2943 2218 3000 2265 et
3040 2210 3150 2264 Dea
3190 2208 3389 2261 artium
3432 2206 3678 2261 Minerva

2074 2303 2271 2357 dicitur
2300 2302 2471 2370 :‘quia
2500 2301 2635 2356 nihil
2661 2300 3016 2356 excellentius
3046 2309 3131 2354 est
3156 2298 3394 2369 ingenio,
3436 2312 3547 2367 quo
3596 2309 3680 2349 re-

2075 2405 2273 2463 guntur
2300 2391 2573 2446 universa.
2693 2375 2699 2381 λ

2640 2482 2865 2539 CAPUT
2916 2481 3057 2537 XIV.

2505 2574 2583 2628 De
2606 2574 2829 2628 vestibus
2869 2573 3222 2627 sacerdotum.

2144 2664 2279 2721 Octo
2301 2671 2429 2718 sunt
2452 2663 2503 2717 in
2524 2663 2645 2733 lege
2670 2677 2868 2732 genera
2901 2659 3323 2716 sacerdotalium
3372 2655 3681 2711 vestimen-

2076 2768 2274 2813 torum.
2299 2755 2523 2811 Poderis
2548 2763 2634 2809 est
2679 2753 3036 2810 sacerdotalis
3061 2752 3202 2805 linea
3231 2749 3448 2819 corpori
3515 2747 3683 2803 astri-

2077 2860 2189 2913 cta,
2231 2858 2288 2902 et
2314 2859 2485 2915 usque
2508 2847 2574 2900 ad
2604 2845 2769 2916 pedes
2818 2842 3152 2899 descendens
3182 2840 3361 2894 :unde
3388 2846 3443 2894 et
3469 2852 3681 2891 nuncu-

2078 2949 2224 3010 pata,
2250 2954 2413 3008 qnam
2426 2938 2615 3007 vulgus
2637 2936 2920 2991 camisiam
2933 2942 3109 2989 vocat.
3127 2932 3374 2987 Abaneth
3387 2939 3472 2986 est
3486 2930 3680 2999 cingu-

2076 3032 2185 3083 htm
2220 3027 2574 3089 sacerdotale,
2606 3026 2918 3090 rotundum,
2947 3023 3204 3094 polymita
3234 3029 3350 3075 arte
3392 3034 3461 3075 ex
3488 3034 3673 3081 cocco,

2076 3135 2334 3190 purpura,
2359 3118 2757 3188 hyacinthoqne
2779 3124 3114 3175 contextum,
3138 3113 3211 3167 ita
3236 3119 3294 3165 ut
3324 3110 3488 3165 ﬂores
3511 3119 3677 3179 atque

2078 3225 2303 3281 gemmae
2330 3210 2386 3263 in
2416 3225 2480 3263 eo
2507 3224 2628 3263 esse
2659 3209 2972 3263 viderentur
3014 3204 3301 3259 distinctae.
3332 3202 3544 3257 Pilenm
3589 3209 3677 3256 est

2076 3316 2142 3354 ex
2179 3303 2341 3371 bysso
2365 3301 2681 3363 rotundum,
2706 3298 2863 3367 quasi
2900 3298 3113 3365 sphazra
3145 3295 3347 3359 media,
3378 3302 3544 3362 caput
3584 3302 3673 3346 te—

2076 3406 2207 3460 gens
2231 3389 2586 3455 sacerdotale,
2623 3399 2677 3444 et
2732 3389 2785 3443 in
2813 3387 3068 3457 occipitio
3098 3386 3234 3441 vitta
3259 3386 3617 3441 constrictum
3654 3398 3670 3436 :

2077 3484 2178 3538 hoc
2204 3482 2379 3539 Graeci
2438 3491 2492 3537 et
2514 3482 2686 3537 nostri
2714 3481 2909 3536 tiaram
2962 3478 3048 3534 vel
3075 3478 3283 3549 galeam
3314 3484 3533 3531 vocant.
3563 3474 3677 3527 Ma-

2076 3576 2221 3641 chin,
2262 3574 2405 3646 quod
2435 3582 2519 3629 est
2540 3573 2719 3627 tunica
2752 3572 2955 3635 talaris,
3011 3578 3123 3625 tota
3152 3568 3527 3640 hyacinthina,
3571 3566 3672 3619 ha-

2076 3668 2211 3722 bens
2239 3667 2304 3720 ad
2328 3668 2492 3735 pedes
2517 3664 2857 3734 septuaginta
2873 3662 2980 3717 duo
3005 3660 3390 3723 tintinnabula,
3414 3657 3668 3714 totidem-

2077 3769 2181 3824 qne
2206 3753 2509 3807 intermista
2541 3767 2605 3805 ac
2644 3751 3001 3822 dependentia
3028 3749 3170 3803 mala
3201 3748 3417 3817 punica.
3461 3744 3670 3816 Ephod.

2077 3842 2218 3912 quod
2252 3842 2640 3909 interpretatur
2688 3840 2879 3894 Latine
2922 3837 3449 3908 superindumentum
3484 3851 3502 3898 ;
3556 3840 3679 3887 erat

2076 3933 2223 3987 enim
2252 3931 2473 4001 pallium
2520 3929 2986 4000 superhumerale,
3020 3942 3085 3981 ex
3135 3934 3371 3995 quatuor
3402 3923 3679 3977 coloribus

2076 4033 2132 4078 et
2173 4038 2307 4077 auro
2338 4028 2672 4081 contextum,
2740 4018 2944 4072 habens
2976 4018 3029 4071 in
3061 4027 3293 4084 utroque
3339 4015 3569 4067 humero
3597 4012 3681 4065 la-

2076 4114 2230 4183 pides
2257 4112 2391 4167 duos
2416 4110 2790 4180 smaragtlinos
2840 4123 2971 4162 auro
3005 4107 3306 4168 conclusos,
3366 4105 3420 4157 in
3473 4103 3680 4173 quibus

2079 4202 2287 4271 sculpta
2315 4209 2471 4257 erant
2510 4203 2729 4255 nomina
2764 4186 3224 4269 patriarcharum.
3273 4195 3503 4267 Logion,
3534 4194 3680 4263 quod

2081 4293 2273 4347 Latine
2317 4291 2517 4347 dicitur
2570 4287 2853 4353 rationale,
2907 4301 3119 4357 pannus
3167 4285 3389 4355 duplex,
3437 4300 3572 4338 auro
3622 4292 3683 4337 et

2080 4390 2314 4451 quatuor
2346 4388 2523 4435 textus
2550 4378 2847 4443 coloribus,
2877 4364 3086 4431 habens
3116 4368 3545 4442 magnitudinem
3570 4370 3683 4439 pal-

2082 4480 2157 4534 mi
2184 4494 2282 4549 per
2310 4477 2598 4547 qua'lrum,
2618 4474 2708 4529 cii
2731 4472 2923 4526 intexti
2952 4478 3111 4526 erant
3136 4467 3425 4523 duodecim
3465 4466 3680 4549 pretio;

2081 4548 2516 4638 sissimilapides.
2547 4566 2648 4620 llic
2673 4579 2884 4636 pannus
2912 4558 3339 4632 superhnmcrali
3370 4565 3559 4613 contra
3582 4548 3680 4625 pe?-

2081 4671 2201 4718 ctus
2238 4658 2511 4730 pontificis
2540 4655 2951 4710 annectebatur.
2979 4651 3250 4713 Petalum,
3278 4664 3445 4703 aurea
3477 4648 3682 4702 lamina

2083 4754 2136 4807 in
2168 4752 2342 4806 fronte
2368 4747 2661 4819 pontiﬁcis,
2701 4760 2820 4813 quae
2866 4757 3061 4797 nomen
3100 4740 3313 4795 Domini
3354 4747 3684 4805 tetragram-

2086 4852 2266 4898 maton
2297 4838 2567 4895 hebraicis
2598 4834 2792 4891 litteris
2817 4834 3052 4887 habebat
3079 4831 3365 4899 scriptum.
3392 4827 3581 4881 Badim
3604 4825 3682 4880 si-

2087 4952 2151 4990 ve
2180 4931 2477 4995 feminalia,
2502 4929 2556 4983 id
2586 4936 2695 4991 est,
2739 4927 2919 4980 bracae
2962 4923 3120 4977 linere
3174 4934 3349 4989 usque
3380 4918 3448 4971 ad
3500 4929 3682 4987 genua

2083 5024 2472 5093 pertingentes,
2523 5018 2719 5088 quibus
2749 5012 3055 5068 verecunda
3085 5004 3390 5065 sacerdotis
3420 5006 3684 5062 velabano

2086 5126 2191 5169 tur.
2220 5112 2440 5182 Mystice
2469 5116 2651 5163 autem
2676 5104 2896 5175 poderis
2919 5102 3190 5173 signiﬁcat
3214 5100 3526 5155 castitatem
3558 5113 3682 5153 cor-

2084 5203 2231 5273 poris
2263 5210 2317 5255 et
2338 5199 2529 5254 anima;
2549 5210 2721 5266 usque
2752 5194 2806 5246 in
2834 5192 3016 5246 ﬁnem.
3067 5189 3354 5260 Cingulum
3382 5202 3513 5242 vero
3542 5201 3680 5242 con-

2086 5292 2365 5347 tinentiam
2415 5299 2578 5360 atque
2618 5284 3024 5347 abstinentiam,
3081 5280 3681 5351 mortiﬁcationemque

2096 5382 2392 5438 carnalium
2425 5377 2839 5434 desideriorum.
2902 5373 3145 5440 Quatuor
3195 5370 3415 5440 quidem
3456 5369 3683 5424 colores

2097 5471 2373 5543 praecipui,
2418 5472 2522 5525 hoc
2546 5475 2651 5530 cst,
2704 5465 3048 5536 hyacinthus,
3076 5477 3317 5532 purpura
3371 5474 3679 5527 caecusque

2097 5568 2176 5620 bis
2208 5565 2425 5626 tinctus,
2460 5576 2523 5615 ac
2562 5560 2754 5629 byssus
2780 5564 3000 5617 retorta,
3039 5567 3102 5606 cx
3155 5552 3351 5621 quibus
3402 5551 3681 5619 pontiﬁcis

2096 5653 2310 5708 habitus
2358 5660 2642 5707 contcxtns
2679 5658 2796 5703 erat
2838 5646 2997 5701 sinntl
3025 5661 3146 5698 cum
3192 5660 3345 5707 auro,
3387 5642 3679 5711 mysticam

2096 5744 2541 5811 :ngllllt‘itllmwlll
2594 5738 2938 5807 Ιι;ι1.ιυιιὶ,1μ,›ρ
2972 5745 3073 5801 est,
3118 5749 3310 5789 autum
3358 5733 3551 5801 ﬁgurat
3594 5746 3677 5783 sa-
