3918 6338
186 351 285 405 589

1156 350 1243 402 ΒΕ
1284 348 1629 405 UNIVERSO
1666 348 1843 403 LIBRI
1885 348 2047 403 XXII.
2086 378 2155 388 —
2194 350 2319 404 LIB.
2362 352 2502 406 XXI.

3343 356 3454 413 670

187 460 1150 535 pientiamspiritalem:hyacinthus
1171 461 1444 516 caelestem
1470 476 1760 516 conversa-
1788 461 2079 530 Aproprie
2152 460 2457 531 designant,
2520 463 2638 518 sine
2692 477 2793 532 qua
2854 478 3015 518 nemo
3068 466 3150 519 vel
3198 469 3453 525 sacerdo-

189 556 388 609 tionem
434 570 446 605 :
493 567 727 620 purpura
787 551 1105 621 martyrium
1137 570 1149 605 :
1180 566 1376 607 coccus
1432 552 1515 606 bis
1571 551 1770 605 tinctus

187 643 470 697 charitatis
499 641 908 710 perfectionem,
952 657 1072 711 qua:
1108 643 1161 696 in
1206 644 1416 718 duobus
1465 643 1767 713 prmceptis,

188 737 289 790 hoc
311 743 415 797 est,
460 734 747 789 dilectione
772 734 866 787 Dei
909 741 966 789 et
992 734 1225 807 proximi
1261 752 1273 788 :
1306 735 1499 804 byssus
1522 748 1651 788 vero
1680 749 1771 788 ca-

187 826 427 879 stitatem
452 832 614 891 atque
642 822 960 876 munditiam
992 840 1004 876 :
1034 823 1235 892 pileum
1257 837 1471 891 quoque
1493 823 1606 877 sive
1634 823 1769 877 tiara

186 914 433 985 byssina,
459 928 579 982 qua:
607 920 766 982 caput
798 912 1010 983 tegebat
1064 921 1119 967 et
1176 914 1406 967 ornabat
1447 913 1769 975 sacerdotis,

189 1006 444 1059 admonet
477 1020 600 1058 eum
629 1018 819 1057 omnes
840 1004 1033 1073 capitis
1056 1019 1249 1059 sensus
1276 1004 1388 1058 Deo
1417 1012 1757 1061 consecratos

187 1096 408 1158 habere,
437 1111 506 1149 ne
533 1095 617 1149 vel
647 1095 786 1150 oculi
814 1093 933 1163 ejus
984 1096 1206 1150 videant
1229 1094 1542 1158 vanitatem,
1567 1095 1650 1151 vel
1677 1111 1771 1149 au-

189 1201 277 1239 res
331 1185 586 1239 libentius
638 1184 906 1240 audiendo
944 1185 1295 1255 Opprobrium
1346 1185 1618 1253 accipiant
1674 1186 1770 1239 ad—

184 1295 377 1335 versus
425 1280 727 1349 proximam
779 1295 933 1334 suum
966 1299 976 1333 :
1006 1295 1068 1335 os
1118 1280 1357 1335 abundet
1406 1280 1647 1349 nequitia
1682 1289 1772 1335 :et

185 1374 371 1441 lingua
423 1373 696 1427 contineat
733 1371 914 1427 dolum
948 1390 960 1424 :
990 1371 1104 1425 sive
1135 1371 1299 1425 etiam
1342 1386 1437 1425 cor
1462 1369 1680 1439 crapula
1715 1380 1769 1425 et

186 1467 453 1522 ebrietate
497 1474 792 1536 gravetur:
826 1466 911 1519 vel
954 1464 1186 1519 olfactus
1227 1479 1507 1534 aspersum
1531 1464 1769 1535 myrrha,

184 1559 304 1613 aloe
334 1568 389 1612 et
415 1559 776 1622 cinnamomo,
816 1558 1011 1613 lectum
1040 1560 1346 1614 meretricis
1386 1558 1767 1629 amplectatur.

183 1649 390 1703 Tunica
424 1664 554 1703 vero
594 1649 946 1720 hyacinthina
992 1650 1249 1715 ostendit,
1288 1650 1464 1721 qualis
1509 1665 1629 1705 esse
1680 1650 1773 1705 de-

182 1740 309 1795 beat
342 1740 453 1794 vita
477 1740 850 1807 sacerdotalis,
886 1743 990 1797 hoc
1015 1752 1119 1807 est,
1149 1744 1401 1813 supernis
1430 1741 1769 1797 solummodo

1870 554 2006 608 tium
2059 554 2376 623 suscipere,
2429 556 2513 610 vel
2566 558 2635 611 ad
2695 557 2883 611 altaris
2954 566 3133 628 potest
3192 561 3447 616 ministe-

1870 648 2033 714 rium,
2050 652 2377 714 consccrari,
2399 652 2451 705 id
2476 662 2577 716 est,
2608 654 2652 707 si
2671 669 2774 707 non
2799 655 3055 725 autvirgo
3076 659 3453 725 permanserit,

1871 748 1963 793 aut
2004 742 2313 813 conjugium
2362 752 2549 798 contra
2597 746 2799 801 uxorize
2826 744 3223 813 conjunctionis
3252 747 3455 805 fcedera

1870 830 2115 887 solverit.

2474 921 2703 980 CAPUT
2733 924 2849 979 XV.
3094 950 3115 973 δ’

2086 1012 2161 1066 De
2188 1012 2403 1067 diversis
2434 1013 2735 1067 nominibus
2766 1015 3208 1071 vestimentorum.

1944 1102 2240 1158 Diversitas
2264 1104 2710 1158 vestimentorum
2742 1122 2753 1157 :
2790 1113 3025 1175 tegmen,
3064 1114 3333 1175 tegumen,
3380 1108 3461 1160 in-

1874 1192 2209 1258 dumentum,
2227 1193 2631 1257 vestimentum,
2647 1200 2702 1248 et
2726 1195 2953 1264 reliqua.
2987 1196 3231 1266 Tcgmen‘
3256 1198 3457 1252 dictum

1873 1298 1938 1338 co
1964 1284 2106 1352 quod
2137 1291 2282 1353 tegat
2307 1284 2570 1349 membra,
2600 1285 2740 1339 sicut
2765 1294 3017 1354 tegumen
3047 1295 3215 1353 tecta,
3241 1301 3361 1355 quae
3384 1294 3463 1343 te-

1874 1385 2003 1445 gant
2025 1390 2271 1444 corpora.
2290 1373 2686 1430 vestimentum
2713 1392 2841 1432 vero
2870 1386 2973 1442 est,
3006 1378 3147 1447 quod
3192 1394 3365 1447 usque
3392 1378 3462 1435 ad

1872 1465 2160 1535 vestigium
2210 1463 2569 1533 protenditur,
2629 1465 2783 1532 quasi
2840 1467 3280 1536 vestigimentum
3330 1485 3343 1520 :
3399 1475 3461 1521 ut

1874 1565 1957 1609 est.
1988 1554 2166 1608 tunica
2216 1553 2417 1616 talaris,
2475 1554 2568 1607 sed
2613 1562 2669 1607 et
2700 1554 2804 1607 hoc
2832 1557 3162 1611 consuetudo
3195 1557 3465 1611 sermonis

1875 1653 2160 1700 auctorum
2208 1644 2510 1699 confundit.
2563 1644 2968 1711 lndumentum,
3020 1648 3162 1715 quod
3214 1648 3361 1703 intus
3395 1646 3463 1703 ad

1875 1751 2070 1807 corpus
2095 1737 2352 1800 induitur,
2370 1732 2524 1807 quasi
2540 1739 2921 1794 intumentum.
2939 1740 3464 1794 Discerniturautem

181 1829 471 1885 desideriis
523 1830 859 1885 incessanter
912 1832 1143 1896 intenta,
1197 1840 1253 1886 et
1306 1832 1771 1888 conversationem
1802 1816 1848 1876 Β
1876 1830 2162 1884 vestituS'a
2197 1829 2364 1890 cultu,
2408 1830 2662 1897 quoniam
2699 1831 2862 1885 latius
2904 1831 3226 1901 intelligitur
3268 1831 3465 1886 cultus.

179 1916 333 1984 juxta
366 1917 681 1988 Apostolum
721 1918 886 1991 (Phil.
925 1922 1010 1992 ιιι)
1049 1920 1257 1975 habens
1308 1921 1362 1974 in
1394 1920 1570 1985 caelis,
1599 1936 1661 1975 ac
1689 1920 1773 1974 sui

184 2007 489 2064 Salvatoris
515 2010 884 2065 indesinenter
910 2021 1235 2082 exspectans
1282 2013 1595 2067 adventum.
1643 2011 1774 2079 Qua:

181 2098 437 2153 videlicet
460 2100 663 2163 tunica,
709 2100 850 2155 sicut
880 2109 935 2155 et
978 2101 1222 2172 byssina,
1272 2102 1339 2156 ad
1386 2102 1553 2172 pedes
1605 2117 1775 2170 usque

182 2192 528 2262 pertingebat
567 2209 579 2245 :
609 2193 750 2245 unde
777 2202 1003 2262 uterque
1027 2193 1217 2248 Graece
1246 2194 1465 2264 poderis
1490 2200 1574 2247 est
1602 2194 1771 2255 dicta,

182 2292 242 2335 ut
269 2283 667 2348 ostenderetur,
693 2283 767 2337 nil
799 2284 852 2338 in
879 2285 1201 2341 sacerdotali
1252 2286 1359 2339 vita
1407 2284 1681 2339 inﬁrmum
1710 2300 1772 2339 ac

183 2372 468 2426 sordidum
502 2386 783 2427 remanere
816 2390 827 2426 :
857 2374 952 2428 sed
979 2390 1163 2440 omne,
1194 2375 1337 2445 quod
1381 2382 1585 2446 ageret,
1621 2375 1774 2443 quasi

183 2462 425 2516 τρώει-ρο
448 2462 630 2515 colore
662 2463 1119 2530 speciosissimum
1150 2465 1204 2519 in
1251 2466 1505 2520 universa
1530 2467 1772 2519 membra

185 2550 303 2619 ejus
326 2567 356 2605 a
386 2552 561 2622 capite
596 2568 766 2622 usque
795 2554 863 2607 ad
890 2554 1053 2623 pedes
1079 2556 1256 2624 gratia
1301 2556 1564 2609 virtutum
1592 2564 1778 2610 conte-

184 2651 276 2696 eta
300 2659 422 2698 esse
453 2644 671 2699 debere.
716 2644 925 2714 Ephod,
968 2648 1108 2715 quod
1154 2662 1286 2703 auro
1331 2656 1386 2703 et
1414 2657 1650 2718 quatuor
1680 2664 1773 2703 co-

184 2732 395 2787 loribus
434 2743 749 2787 contextum
800 2744 939 2803 erat,
989 2745 1044 2790 et
1096 2736 1298 2806 lapides
1332 2740 1603 2809 pretiosos
1644 2756 1777 2795 con-

185 2826 422 2893 scriptus
448 2828 758 2881 nominibus
786 2828 1017 2882 ﬁliorum
1047 2829 1210 2884 Israel
1254 2832 1487 2886 insertos
1527 2832 1772 2896 habebat,

186 2918 467 2985 signiﬁcat
516 2918 710 2972 bonam
765 2922 1135 2989 operationem
1171 2921 1328 2990 juxta
1371 2923 1619 2993 exempla
1655 2939 1780 2978 san-

186 3018 403 3063 ctorum
468 3019 723 3080 patrum,
774 3021 826 3066 et
872 3014 1191 3068 exercitium
1240 3015 1522 3069 virtutum.
1573 3015 1779 3084 Logion

184 3114 339 3169 ergo,
371 3101 515 3167 quod
549 3110 632 3155 est
673 3102 957 3169 rationale,
983 3104 1124 3173 quod
1154 3105 1206 3158 in
1232 3112 1450 3173 pectore
1480 3105 1780 3161 sacerdotis

184 3188 509 3256 ponebatur,
539 3191 793 3255 ostendit,
848 3192 992 3260 quod
1020 3194 1275 3247 sacerdos
1299 3202 1354 3247 et
1392 3200 1572 3246 rector
1594 3194 1777 3263 populi

186 3280 285 3335 Dei
318 3282 503 3336 omnia
534 3282 690 3337 debet
717 3282 1109 3338 rationabiliter
1132 3300 1312 3353 agere,
1346 3296 1399 3341 et
1430 3288 1613 3343 subtili
1637 3302 1780 3341 sem-

185 3387 289 3442 per
317 3372 570 3427 examine
590 3373 731 3427 bona
780 3372 1028 3443 malaque
1056 3374 1386 3429 discernere.
1417 3376 1569 3443 Quod
1594 3384 1775 3429 autem

183 3460 242 3514 in
290 3460 538 3514 rationali
561 3470 793 3529 quatuor
812 3462 1030 3516 ordines
1050 3462 1267 3527 fuerint,
1290 3472 1345 3519 ct
1368 3466 1559 3518 horum
1585 3462 1776 3533 singuli

183 3552 395 3621 quique
448 3559 558 3605 tres
591 3550 831 3605 habuere
860 3550 1068 3620 lapides
1101 3550 1273 3621 :quid
1304 3553 1459 3607 nobis
1500 3553 1780 3607 intimatur

186 3642 395 3711 typice,
425 3640 528 3694 nisi
560 3649 616 3693 ut
651 3641 703 3693 in
740 3641 1031 3695 virtutibus
1056 3657 1174 3710 qua:
1214 3641 1621 3712 distinguuntur
1649 3658 1780 3711 qua-

187 3741 318 3785 tuor
338 3732 727 3801 principaliter,
752 3731 910 3785 ﬁdem
942 3739 1141 3785 sancta:
1166 3732 1450 3786 Trinitatis
1476 3748 1581 3786 non
1599 3732 1777 3786 ﬁctam

191 3830 499 3875 teneamus.
554 3820 845 3875 Possumus
874 3833 1003 3873 sane
1039 3820 1093 3873 in
1124 3821 1274 3874 vario
1306 3822 1499 3875 decore
1544 3821 1778 3889 lapidum

195 3928 310 3966 non
340 3912 513 3965 solum
540 3911 839 3966 claritatem
874 3908 1220 3964 multifariam
1253 3910 1606 3965 sacerdotalis
1627 3919 1779 3965 actus

189 4010 249 4056 et
306 4003 591 4070 cogitatus,
640 4016 829 4054 verum
888 4000 1055 4054 etiam
1116 4001 1481 4070 spiritualium
1529 4000 1778 4069 accipere

187 4092 527 4166 charismata
584 4090 867 4154 virtutum,
917 4105 981 4144 ac
1036 4090 1295 4144 miracula
1346 4092 1661 4153 sanitatum,
1712 4090 1778 4144 de

187 4183 391 4252 quibus
420 4182 533 4251 ipse
558 4180 818 4234 Dominus
851 4180 1128 4248 apostolis,
1157 4180 1414 4248 inﬁrmos,
1466 4179 1660 4249 inquit,
1688 4195 1779 4231 cu-

187 4281 328 4335 rate,
360 4279 591 4322 mortuos
632 4270 903 4333 suscitate,
946 4268 1175 4338 leprosos
1221 4268 1488 4333 mundule,
1518 4268 1777 4321 dwmoncs

187 4360 371 4429 ejicite
396 4358 612 4429 (Matth.
642 4357 719 4427 x):
762 4357 1006 4411 Petalum
1036 4365 1214 4411 autem
1257 4372 1503 4418 aureum,
1533 4356 1634 4408 hoc
1671 4363 1773 4418 est,

187 4449 396 4502 lamina
420 4461 583 4500 aurea
606 4446 658 4499 in
686 4444 862 4499 fronte
890 4446 1179 4514 pontiﬁcis,
1204 4446 1254 4498 in
1282 4461 1387 4514 qua
1410 4444 1777 4499 sanctumDo-

184 4538 349 4602 mini,
383 4539 485 4591 hoc
531 4544 629 4599 est,
669 4551 863 4589 nomen
917 4535 1127 4588 Domini
1158 4534 1424 4605 scalptum
1452 4544 1558 4600 est,
1588 4550 1774 4589 sacra-

186 4632 309 4683 tius
352 4628 564 4682 cacteris
622 4636 743 4681 erat
785 4627 1158 4680 indumentum
1234 4627 1375 4681 illius
1410 4635 1505 4681 :et
1558 4627 1770 4681 merito.

182 4722 334 4788 Quia
359 4721 498 4775 sicut
534 4720 714 4773 divina
753 4719 995 4788 potentia
1018 4719 1252 4783 cunctis,
1276 4733 1396 4787 qua:
1441 4718 1665 4783 creavit,
1688 4734 1776 4773 su-

186 4812 501 4883 pereminet
540 4830 551 4863 :
588 4810 658 4864 ita
688 4810 991 4879 oportebat,
1020 4818 1077 4862 ut
1100 4825 1295 4863 nomen
1355 4809 1493 4878 ejus,
1519 4818 1773 4864 cmterum

184 4902 471 4973 potitilicis
500 4902 741 4955 habitum
772 4907 1131 4966 ornatumque
1157 4899 1570 4963 transcendens,
1610 4897 1774 4953 altius

184 4995 601 5066 prmemincret,
631 5000 685 5047 et
724 4991 873 5069 velut
900 4997 1093 5044 cuncta
1126 4988 1489 5053 sanctiﬁcans,
1518 4988 1772 5043 eximiam

185 5089 246 5142 in
280 5085 400 5153 ejus
428 5083 601 5137 fronte
632 5084 815 5137 sedem
837 5090 1062 5137 teneret.
1089 5079 1369 5151 Signiﬁcat
1395 5088 1576 5135 autem
1604 5080 1775 5152 ipsam

183 5166 548 5251 professionis
586 5185 784 5231 nostrae
838 5177 1089 5231 ﬁduciam
1116 5192 1274 5246 quam
1304 5177 1356 5229 in
1388 5176 1565 5231 fronte
1602 5185 1779 5247 porta-

185 5286 340 5333 mus,
372 5268 609 5323 dicentes
632 5266 826 5335 singuli
855 5282 979 5319 cum
1009 5266 1264 5336 Apostolo
1292 5286 1302 5320 :
1333 5265 1464 5319 Mihi
1484 5276 1656 5319 autem
1680 5266 1775 5319 ab-

183 5359 261 5409 sit
312 5355 553 5424 gloriari,
594 5354 694 5406 nisi
742 5354 795 5405 in
827 5369 979 5405 crure
1013 5353 1221 5406 Domini
1240 5356 1401 5407 nostri
1431 5354 1555 5406 Jesu
1583 5352 1779 5407 Christi

184 5447 343 5518 (Gal.
385 5446 483 5517 vr).
534 5446 729 5500 Verum
760 5445 884 5513 quia
929 5444 995 5498 de
1038 5446 1248 5499 creteris
1300 5461 1457 5515 supra
1485 5452 1775 5499 tractatum

180 5548 295 5601 est,
350 5537 621 5591 feminalia
670 5554 786 5606 qua:
816 5538 883 5592 ad
932 5536 1274 5604 operiendam
1337 5552 1555 5591 carnem
1609 5536 1777 5604 turpi-

186 5627 399 5683 tudinis
458 5626 577 5682 ﬁcri
622 5626 969 5691 mandantur,
1004 5627 1146 5680 illaut
1186 5627 1515 5679 castimonia:
1572 5624 1774 5693 portio-

187 5737 341 5781 ntrtn,
402 5735 520 5787 τιιτιν
568 5721 855 5787 appetitum
924 5719 1123 5787 i‘npttlz'.‘
1199 5739 1226 5772 ιε
1270 5717 1490 5787 njugalis
1539 5716 1770 5781 cohibet,

1804 4497 1856 4555 D

1874 1917 2010 1972 Item
2040 1916 2223 1971 'cultus
2265 1917 2333 1971 ab
2373 1917 2582 1971 habitu.
2627 1918 2761 1971 Nam
2820 1919 3035 1974 habitus
3085 1920 3153 1974 ad
3208 1928 3462 1974 naturam

1872 2009 2105 2078 pertinet
2130 2026 2145 2074 ;
2177 2009 2355 2063 cultus
2369 2010 2435 2063 ad
2451 2010 2714 2065 homines.
2739 2010 3017 2080 Plerreque
3030 2020 3211 2066 autem
3237 2012 3467 2067 vestium

1876 2106 1968 2152 aut
1992 2114 2024 2153 a
2057 2106 2318 2168 tempore,
2346 2115 2454 2169 quo
2482 2101 2719 2155 maxime
2768 2102 2822 2155 in
2858 2117 2957 2156 usu
2985 2109 3132 2167 sunt,
3179 2103 3460 2173 appellan—

1877 2200 2002 2243 tur:
2034 2198 2125 2242 aut
2154 2206 2183 2244 a
2220 2190 2377 2255 locis,
2422 2191 2513 2245 ubi
2541 2191 2625 2245 vel
2652 2192 2885 2260 primum
2914 2191 3197 2259 confectae,
3242 2192 3326 2248 vel
3350 2208 3465 2247 ma-

1877 2280 2024 2334 xime
2054 2281 2442 2335 venditantur:
2477 2291 2569 2335 aut
2606 2299 2635 2336 a
2678 2298 2874 2351 genere
2913 2284 3111 2339 coloris
3136 2326 3152 2349 ,
3188 2292 3280 2339 aut
3306 2299 3337 2338 a
3364 2300 3464 2338 no-

1877 2370 2023 2424 mine
2051 2379 2410 2441 repertorum.
2450 2372 2690 2427 Vestitus
2718 2381 2898 2427 autem
2934 2374 3150 2443 quando
3186 2374 3241 2428 in
3270 2375 3466 2429 bonam

1878 2469 2086 2531 partem
2114 2463 2410 2533 accipitur,
2443 2464 2670 2534 mystice
2706 2464 2977 2534 signiﬁcat
3005 2474 3099 2519 aut
3133 2466 3318 2530 ﬁdem,
3356 2481 3462 2535 qua

1879 2549 2173 2604 induuntur
2214 2552 2385 2604 renati
2425 2552 2479 2605 in
2508 2553 2833 2621 baptismate
2866 2551 3070 2608 Christi
3105 2572 3118 2606 :
3151 2564 3244 2607 aut
3280 2555 3465 2609 chari-

1884 2644 2070 2692 tatem.
2104 2638 2258 2694 Unde
2286 2650 2368 2694 cst
2399 2640 2547 2707 illud,
2576 2642 2718 2711 quod
2744 2643 3005 2712 propheta
3030 2642 3163 2698 dicit
3196 2644 3263 2699 de
3286 2644 3473 2699 Eccle-

1882 2726 1975 2779 sia:
2020 2736 2209 2780 ornatu
2242 2728 2295 2781 in
2337 2728 2601 2783 Psalterio
2629 2747 2641 2783 :
2677 2730 2856 2783 Astitit
2881 2731 3060 2801 regina
3084 2750 3116 2784 a
3138 2732 3339 2786 dextris
3365 2734 3470 2785 tuis

1884 2815 1937 2866 in
1968 2815 2152 2868 vestitu
2171 2816 2446 2882 deaurato,
2466 2818 2793 2871 circumdata
2821 2819 3069 2872 varietate
3097 2817 3272 2887 (Psal.
3298 2820 3467 2890 xuv).

1883 2904 2035 2981 Quod
2061 2907 2214 2971 dicit,
2242 2909 2295 2960 in
2326 2909 2511 2961 vestitu
2536 2908 2816 2973 deaurato,
2869 2923 3061 2963 aurum
3091 2910 3158 2963 ad
3188 2910 3476 2965 charitatis

1887 2997 2145 3052 debemus
2174 3007 2359 3067 aptare
2395 2998 2680 3069 fulgorem,
2724 3000 2849 3069 quia
2889 3000 3091 3054 virtute
3136 3000 3474 3054 circumdata

1890 3096 2078 3143 sancta
2108 3088 2417 3158 resplendet
2451 3089 2714 3143 Ecclesia.
2747 3090 2814 3143 Et
2853 3104 2920 3143 ne
2962 3089 3133 3144 solam
3166 3090 3240 3144 ibi
3273 3090 3474 3145 intelli-

1811 3155 1853 3217 Ο
1885 3194 2042 3249 geres
2083 3195 2204 3235 esse
2234 3180 2552 3234 charitatem
2589 3198 2601 3232 :
2629 3182 2683 3233 in
2714 3181 2917 3244 vestitu,
2966 3180 3100 3234 dixit
3129 3220 3144 3245 ,
3196 3180 3473 3247 deaurato,

1884 3284 1991 3323 non
2040 3284 2205 3323 aureo
2234 3283 2249 3321 :
2286 3270 2608 3323 deauratum
2644 3270 2789 3324 enim
2827 3270 3057 3324 dicimus
3084 3311 3097 3335 ,
3134 3271 3349 3339 quando
3379 3288 3472 3325 su-

1882 3358 2138 3426 perducta
2175 3358 2384 3427 species
2414 3358 2532 3411 auri
2564 3358 2615 3410 in
2647 3357 2825 3425 aliqua
2862 3358 3086 3412 materia
3139 3358 3460 3429 glutinatur.

1882 3452 2004 3505 Ideo
2027 3459 2210 3505 autem
2237 3466 2398 3520 supra
2433 3451 2662 3505 virtutes
2707 3452 2811 3505 alia
2842 3453 3015 3533 gravtia
3053 3454 3339 3508 charitatis
3374 3470 3475 3526 ap-

1881 3540 2083 3609 paruit,
2108 3540 2236 3609 quia
2275 3541 2453 3594 omnia
2478 3539 2594 3608 ejus
2634 3540 2844 3609 fulgore
2870 3542 3107 3597 excellit.
3141 3543 3331 3609 Addit,
3360 3546 3466 3598 cir-

1886 3629 2199 3683 rumamicta
2271 3630 2536 3684 varietate.
2596 3630 3008 3686 Perscrutemur
3076 3649 3176 3687 cur
3226 3634 3472 3690 Ecclesia

1884 3720 1977 3773 Dei
2008 3720 2075 3773 de
2098 3721 2263 3774 vestis
2294 3720 2553 3775 varietate
2594 3721 2865 3787 laudetur,
2898 3723 2981 3776 cui
3017 3732 3189 3776 totum
3239 3724 3471 3793 simplex

1884 3812 2132 3867 convenit
2166 3820 2327 3881 atque
2356 3814 2564 3868 unum?
2594 3812 2699 3867 Sed
2721 3814 2825 3868 hac
2854 3816 3120 3870 varietate
3140 3825 3233 3869 aut
3262 3816 3474 3886 linguas

1880 3901 2206 3970 multiplices
2254 3902 2519 3971 signiﬁcat
2557 3921 2569 3955 :
2603 3902 2729 3971 quia
2774 3905 2954 3983 omnis
3010 3919 3143 3974 gens
3175 3908 3471 3961 secundum

1881 4003 2035 4042 suam
2090 3988 2322 4058 patriam
2366 3990 2431 4043 in
2460 3989 2705 4044 Ecclesia
2755 3992 2937 4061 psallit
2960 3994 3169 4047 auctori
3196 4008 3211 4047 :
3240 4002 3335 4048 aut
3365 3997 3473 4049 vir-

1881 4086 2055 4132 tutum
2109 4079 2529 4148 pulcherrimam
2585 4081 2979 4137 diversitatem.
3034 4082 3274 4138 Ornatur
3318 4086 3466 4139 enim

1882 4189 1946 4227 au
1956 4189 2015 4228 ro
2036 4174 2677 4244 apostolorum,“argeuto
2698 4178 3108 4246 prephetarum,
3124 4179 3352 4248 gemmis
3369 4180 3473 4233 vir-

1882 4262 2085 4331 ginum,
2110 4278 2269 4317 cocco
2297 4273 2614 4333 martyrum,
2644 4279 2882 4333 purpura
2925 4265 3326 4334 poenitentium.
3362 4266 3466 4321 Ista

1879 4364 1961 4409 est
1980 4368 2108 4425 ergo
2131 4355 2367 4409 varietas
2380 4356 2624 4421 unitatis,
2639 4370 2757 4425 qua:
2769 4356 2955 4411 oculos
2975 4357 3187 4413 Domini
3212 4373 3281 4413 ex
3295 4359 3471 4412 omni-

1881 4445 1983 4499 bus
2012 4444 2263 4513 gentibus
2288 4444 2377 4513 pia
2406 4444 2815 4499 conversatione
2846 4445 3107 4515 placitura
3138 4449 3467 4502 contexitur.

1886 4537 2066 4591 Vestis
2128 4536 2503 4604 antiquissima
2552 4536 2829 4591 hominum
2886 4537 2985 4591 fuit
3029 4538 3301 4606 perizoma
3337 4579 3351 4603 ,
3415 4540 3466 4594 id

1882 4633 1984 4691 est,
2015 4627 2456 4691 succinctorium,
2495 4642 2603 4695 quo
2634 4634 2839 4680 tantum
2884 4627 3137 4697 genitalia
3164 4636 3461 4698 contegun-

1886 4724 1991 4771 tur.
2042 4715 2157 4771 lloc
2184 4717 2418 4785 primum
2470 4716 2626 4784 primi
2671 4716 2985 4771 mortalese
3015 4715 3161 4771 foliis
3212 4718 3466 4773 arborum

1882 4807 1982 4861 sibi
2028 4807 2309 4872 fecerunt,
2357 4808 2571 4876 quando
2593 4815 2713 4876 post
2745 4808 3247 4877 praevaricationem
3268 4809 3462 4863 erube-

1883 4906 2095 4953 scentes
2121 4896 2365 4966 pudenda
2401 4896 2666 4951 velarunt.
2695 4896 2861 4967 Cujus
2881 4912 3039 4951 usum
3066 4898 3313 4965 quietiam
3341 4896 3466 4949 bar-

1880 4992 2025 5045 bara:
2060 4998 2267 5059 gentes,
2305 4989 2429 5043 dum
2476 4990 2586 5043 sint
2632 4989 2808 5053 nuda},
2840 5004 3013 5057 usque
3055 4988 3214 5043 hodie
3258 4996 3462 5043 tenent.

1882 5079 2007 5134 llzec
2035 5087 2090 5133 et
2118 5078 2440 5149 campestria
2468 5086 2846 5147 nuncupantur
2863 5094 2962 5147 pro
2992 5093 3056 5133 eo
3087 5078 3228 5147 quod
3258 5078 3465 5133 hisdem

1874 5169 2101 5239 juvenes
2125 5210 2139 5234 ,
2173 5171 2262 5238 qui
2303 5169 2428 5223 nudi
2476 5176 2801 5223 exercentur
2855 5169 2909 5222 in
2941 5184 3131 5237 campo
3156 5209 3172 5235 ,
3214 5169 3461 5240 pudenda

1880 5263 2151 5334 operiunt.
2182 5261 2461 5315 Perizoma
2489 5275 2618 5330 ergo
2641 5260 2781 5329 quod
2810 5268 3146 5339 consuerunt
3166 5259 3323 5328 primi
3369 5274 3463 5328 pa-

1884 5361 2062 5407 rentes
2094 5351 2263 5405 nostri
2312 5351 2378 5403 de
2421 5350 2561 5404 foliis
2614 5350 2721 5413 ﬁci,
2762 5358 2817 5402 et
2845 5363 2902 5402 se
2937 5347 3315 5418 contegebant,
3362 5347 3465 5402 hoc

1881 5441 2147 5513 signiﬁcat
2212 5440 2355 5509 quod
2405 5438 2659 5495 smculum
2722 5452 2971 5507 asperum
3026 5436 3460 5504 amplectuntur,

1882 5534 1972 5603 qui
2019 5532 2296 5602 prurigine
2348 5529 2639 5598 voluptatis
2678 5527 2912 5582 carnalis
2966 5527 3206 5590 hmrcnt,
3261 5524 3460 5593 quique

1883 5624 2089 5693 decepti
2122 5622 2372 5677 hmrctiea
2403 5619 2692 5690 pravitate,
2721 5626 2774 5673 et
2800 5618 2971 5689 gratia
3001 5617 3095 5670 Dei
3146 5614 3348 5676 nudati,
3382 5621 3461 5668 te-

1883 5724 2131 5785 gmueuta
2162 5715 2586 5778 meadeuriorum,
2614 5720 2866 5781 tanquam
2896 5710 3017 5766 folia
3054 5710 3159 5775 liei,
3181 5706 3457 5776 colligunt,
