3918 6346
476 346 575 402 571

1116 348 1178 401 Β.
1218 346 1471 401 ΒΑΒΑΝΙ
1513 346 1730 403 ΜΑυιιι
1766 346 2060 401 AllClllEl’

2163 347 2434 403 IOGUNT.
2479 348 2763 407 OPERUM
2806 352 2983 408 PARS
3022 353 3082 407 Il.

3647 328 3751 415 s12

478 462 740 517 facientes
768 464 871 518 sibi
894 462 1251 518 succinctoria
1296 460 1601 530 pravitatis,
1632 475 1754 514 cum
1784 458 1851 513 de
1882 458 2064 512 Domi-
2090 459 2140 517 Α
2170 455 2249 527 (ιιι
2274 458 2493 526 quidam
2520 459 2727 530 volunt)
2752 461 3010 531 eharitas,
3036 472 3093 515 ut
3117 465 3169 516 in
3196 464 3480 534 evangelio
3509 484 3520 517 :
3550 466 3748 530 Amice,

478 570 548 609 no
601 554 687 610 vel
747 554 989 608 Ecclesia
1034 553 1390 607 mentiuntur.
1442 552 1651 607 Tunica
1696 550 1866 606 vestis
1921 550 2063 604 anti-

476 645 740 715 quissima
787 642 1073 713 appellata,
1106 658 1226 713 qua:
1254 644 1305 696 in
1337 650 1485 697 motu
1522 640 1823 698 incedentis
1868 655 2061 694 sonum

478 734 631 788 facit.
663 734 845 788 Tonus
865 734 1011 788 enim
1043 749 1225 788 sonus.
1268 733 1511 787 Primum
1541 742 1720 788 autem
1766 731 1918 786 fuere
1952 732 2062 801 pel-

478 821 629 877 licem
662 822 875 889 tunicae,
898 824 1092 892 quibus
1120 832 1240 892 post
1267 822 1525 891 olfensam
1556 831 1611 878 et
1650 823 1970 893 ejectionem
1995 822 2061 878 de

473 912 728 979 paradiso
774 912 947 966 Adam
978 921 1034 967 et
1078 912 1191 967 Eva
1240 914 1417 969 induti
1453 922 1597 968 sunt.
1633 913 1845 969 Talaris
1881 914 2061 969 tunica

474 999 641 1066 dicta,
684 1015 748 1056 eo
791 1002 935 1070 quod
972 1002 1040 1057 ad
1092 1002 1230 1057 talos
1286 1018 1457 1072 usque
1516 1003 1833 1070 descendat,
1882 1012 1944 1058 et-
1994 1002 2061 1057 ad

472 1090 642 1158 pedes
671 1089 897 1156 deﬂuat,
947 1092 1086 1148 sicut
1124 1095 1435 1163 pectoralis,
1468 1096 1594 1164 quia
1642 1096 1783 1166 apud
1808 1096 2061 1164 antiquos

472 1177 654 1233 brevis
683 1189 833 1245 erat,
875 1189 935 1235 ut
976 1190 1183 1236 tantum
1215 1189 1403 1253 pectus
1445 1186 1706 1255 operiret,
1743 1185 1872 1240 licet
1915 1201 2061 1241 nunc

473 1268 749 1337 profusior
775 1271 865 1324 sit.
918 1271 1237 1329 Manicleata
1288 1277 1493 1341 tunica,
1549 1277 1602 1331 id
1636 1284 1721 1331 est
1764 1277 2074 1343 manicata,

471 1371 537 1411 eo
578 1358 720 1425 quod
760 1358 959 1414 habeat
1002 1364 1273 1423 manicas.
1321 1382 1481 1433 quam
1521 1366 1857 1422 eheiridoton
1886 1354 2061 1423 Graeci

469 1454 685 1499 vocant.
719 1446 924 1504 Tunica
956 1459 1138 1506 autem
1179 1452 1556 1509 indumentum
1603 1456 1876 1527 signiﬁcat
1936 1457 2063 1512 ﬁdei

473 1536 869 1608 integritatem,
903 1557 1065 1611 quam
1117 1544 1312 1600 Petrus
1360 1548 1636 1616 apostolus
1685 1548 1940 1604 habuisse
1982 1549 2061 1603 di.-

472 1630 767 1698 gnoscitur,
785 1632 851 1686 de
873 1649 980 1702 quo
1001 1634 1054 1688 in
1078 1634 1370 1706 Evangelio
1386 1636 1621 1707 loquitur
1639 1656 1652 1691 :
1671 1637 1803 1691 Cum
1831 1639 2062 1692 audisset

472 1716 664 1775 Petrus
690 1723 813 1791 quia
839 1722 1099 1780 Dominus
1122 1736 1219 1792 est,
1252 1729 1430 1781 tunica
1477 1730 1737 1783 succinxit
1765 1746 1820 1784 se
1844 1740 1893 1784 et
1921 1730 2062 1785 misit

2159 549 2420 617 quomodo
2442 550 2543 602 huc
2571 552 2805 617 intrasti,
2833 570 2934 606 non
2968 553 3162 607 habens
3204 566 3388 609 vestem
3421 558 3755 625 nuptialem?

2162 637 2377 708 (Matth.
2412 640 2567 710 un).
2604 641 2999 698 Vestinteutum
3032 644 3235 699 lincum
3261 688 3276 711 ,
3309 648 3483 702 virtus
3532 650 3747 711 animm,

2164 731 2276 786 sive
2319 734 2579 787 munditia
2625 734 2915 801 castitatis,
2955 744 3015 791 ut
3068 737 3119 791 in
3151 737 3435 795 Levitico:
3477 741 3755 796 Vestietur

2160 821 2403 875 sacerdos
2438 824 2752 879 vestimentis
2794 827 2945 881 lineis
2970 836 3018 881 et
3046 828 3385 897 femoralibus
3418 830 3611 899 (Leuit.
3649 831 3749 901 vi).

2160 910 2326 965 Linea
2355 913 2572 978 dicitur,
2604 916 2729 985 quia
2754 932 2819 972 ex
2852 917 2966 972 solo
2996 918 3105 974 lino
3136 919 3215 973 ﬁt.
3248 920 3557 975 Linostema
3583 924 3753 977 vestis

2161 1009 2246 1055 est
2274 1016 2339 1055 ex
2387 1001 2508 1055 lana
2539 1002 2757 1073 linoque
2810 1015 3064 1061 contexta
3096 1026 3111 1061 :
3141 1018 3195 1063 et
3237 1010 3376 1065 dicta
3432 1009 3750 1073 linostema,

2161 1090 2289 1160 quia
2315 1092 2369 1145 in
2398 1093 2629 1148 stamine
2661 1094 2929 1159 linutn,in
2952 1104 3124 1150 trama
3156 1096 3329 1151 lanam
3361 1098 3546 1153 habet.
3579 1098 3748 1153 Linea

2161 1180 2380 1250 quidem
2428 1183 2592 1238 vestis
2637 1183 2907 1253 signiﬁcat
2951 1185 3423 1242 mortiﬁcationem
3453 1189 3580 1243 vita:
3630 1204 3753 1243 car-

2163 1270 2321 1325 nalis.
2356 1271 2665 1327 Linostema
2694 1288 2847 1340 vero,
2877 1288 2997 1343 quae
3024 1290 3090 1329 ex
3123 1275 3247 1330 lana
3273 1276 3493 1347 linoque
3518 1287 3750 1333 contex-

2163 1367 2218 1413 ta
2266 1368 2371 1426 est,
2422 1362 2834 1433 hypocritarum
2881 1378 3167 1432 personam
3211 1365 3410 1435 signat,
3462 1368 3556 1435 qui
3600 1368 3756 1422 beni-

2162 1451 2427 1521 gnitatem
2458 1467 2584 1524 erga
2600 1454 2880 1523 proximos
2903 1455 3213 1521 ostendunt,
3239 1464 3294 1509 et
3318 1457 3534 1512 dolosas
3554 1458 3752 1528 iniqui-

2164 1550 2303 1597 tates
2345 1552 2643 1613 opponunt.
2683 1544 2822 1611 Quid
2848 1559 2979 1615 ergo
3023 1561 3120 1615 per
3170 1545 3371 1612 lanam,
3405 1548 3511 1601 nisi
3544 1542 3740 1617 simper

2164 1634 2333 1691 citas?
2357 1644 2414 1691 et
2438 1635 2567 1705 quid
2593 1651 2690 1705 per
2716 1636 2909 1702 linum,
2935 1638 3039 1692 nisi
3075 1638 3362 1703 subtilitas,
3396 1639 3755 1710 designatur?

2163 1735 2217 1781 et
2244 1741 2385 1797 saepe
2411 1726 2817 1782 homosubtilis
2846 1737 2903 1781 et
2927 1736 3117 1782 acutus
3159 1730 3401 1785 exterius
3430 1732 3755 1800 simplicita-

471 1828 526 1865 se
563 1813 617 1865 in
665 1830 810 1867 mare
852 1815 1033 1883 (Joan.
1065 1818 1213 1885 XXI);
1244 1816 1368 1887 quia
1399 1816 1523 1874 ﬁdei
1567 1818 1823 1875 ﬁrmitate
1847 1822 2060 1891 pericu-
2088 1804 2274 1872 Btem
2302 1816 2731 1872 mansuetudinis
2759 1818 3017 1882 ostendit,
3050 1826 3107 1873 et
3131 1818 3360 1874 interius
3391 1821 3753 1875 subtilitatem

472 1899 520 1952 la
566 1902 738 1956 evasit
790 1904 947 1958 istius
997 1906 1217 1971 saeculi,
1288 1917 1343 1962 et
1384 1910 1713 1964 tentationes
1760 1911 2058 1981 superavit.

470 1988 604 2044 ltem
636 1992 689 2045 in
711 1992 906 2048 Genesi
933 1994 1129 2065 legitur
1156 1995 1309 2067 (Gen.
1344 1998 1577 2070 xxxv"),
1604 2000 1747 2074 quod
1773 1999 1939 2057 Jacob
1967 2017 2063 2072 pa-

475 2081 708 2137 triarcha
739 2082 941 2155 Ioseph
969 2085 1079 2141 ﬁlio
1108 2102 1206 2142 suo
1230 2086 1453 2145 fecisset
1475 2090 1714 2145 tunicam
1740 2090 2060 2162 polymitam

473 2177 587 2233 sive
626 2179 878 2247 talarem,
930 2182 1034 2237 hoc
1075 2192 1180 2249 est,
1229 2184 1541 2255 astralogon
1582 2183 1935 2258 [astragalon]
1965 2201 2062 2240 seu

474 2271 841 2338 manicatam,
897 2289 1018 2343 quae
1064 2275 1297 2331 haberet
1343 2278 1631 2331 manicas:
1662 2276 1870 2345 antiqui
1914 2277 2059 2331 enim

474 2362 650 2433 magis
704 2362 931 2419 colobiis
956 2366 1266 2420 utebantur.
1312 2366 1517 2422 Tunica
1565 2375 1746 2423 autem
1776 2368 2067 2440 polymita,

474 2460 637 2521 quam
665 2452 792 2507 fecit
808 2454 857 2508 ei
881 2464 1055 2523 pater,
1079 2457 1376 2511 secundum
1408 2457 1723 2528 allegoriam
1736 2459 2060 2515 varietatem

470 2540 793 2612 populorum
829 2556 896 2597 ex
934 2545 1183 2600 omnibus
1212 2534 1466 2617 gentibus
1502 2548 1556 2602 in
1585 2564 1815 2621 corpore
1857 2550 2062 2607 Christi

454 2640 857 2703 ‘congregatam
885 2634 1230 2704 signiﬁcavit.
1256 2636 1389 2691 Item
1418 2637 1523 2694 alio
1545 2639 1705 2694 modo
1721 2637 1939 2710 Joseph,
1969 2641 2063 2711 qui

475 2722 617 2777 inter
648 2722 843 2777 fratres
869 2725 1120 2780 undecim
1153 2742 1322 2796 usque
1360 2729 1427 2783 ad
1466 2728 1631 2783 ﬁnem
1664 2728 1843 2799 justus
1874 2745 2064 2801 perse-

476 2826 694 2867 verasse
716 2812 1063 2879 describitur,
1101 2816 1251 2870 solu‘s
1280 2816 1507 2872 talarem
1538 2819 1777 2874 tunicam
1806 2820 2063 2876 habuisse

473 2901 809 2972 perhibetur.
846 2900 985 2968 Quid
1014 2912 1098 2958 cst
1136 2920 1264 2976 ergo
1295 2907 1483 2961 talaris
1531 2908 1733 2976 tunica,
1764 2910 1870 2965 nisi
1919 2911 2062 2968 actio

444 3043 449 3048 .
473 2995 886 3047 consummata?
910 2995 1062 3061 quasi
1086 2996 1230 3050 enim
1252 3012 1522 3067 propensa
1548 3000 1731 3055 tunica
1748 3000 1915 3055 talum
1942 3017 2064 3057 cor-
2096 3014 2100 3018 '

474 3080 624 3151 poris
664 3083 924 3152 cooperit,
981 3099 1103 3138 cum
1152 3086 1293 3140 bona
1349 3088 1493 3141 actio
1542 3097 1669 3143 ante
1721 3091 1818 3145 Dci
1872 3088 2061 3147 oculos

476 3144 647 3239 usque
676 3171 745 3225 ad
764 3144 1019 3227 vitae-nos
1052 3174 1341 3229 terminum
1374 3177 1523 3246 tegit.
1556 3177 1858 3233 Dalmatica
1892 3180 2059 3236 vestis
2088 3144 2133 3208 Ο

472 3259 710 3329 primum
754 3258 809 3313 in
856 3259 1125 3316 Dalmatia
1170 3264 1456 3333 provincia
1496 3263 1911 3340 Crtecimptexta
1955 3277 2058 3335 est,

477 3351 657 3404 tunica
686 3352 1038 3408 sacerdotalis
1066 3356 1294 3409 candida
1324 3372 1449 3411 cum
1490 3357 1659 3412 clavis
1704 3374 1767 3414 ex
1798 3375 2057 3431 purpura.

475 3442 662 3498 Serica
714 3452 799 3497 est
829 3458 859 3496 a
903 3445 1086 3500 serico
1135 3446 1325 3513 dicta,
1375 3448 1460 3501 vel
1510 3450 1659 3518 quod
1727 3464 1850 3504 eam
1897 3450 2063 3508 Seres

474 3533 635 3604 primi
663 3535 949 3589 miserunt.
980 3536 1311 3603 Holoscrica,
1334 3545 1445 3592 tota
1468 3540 1643 3595 serica
1672 3559 1685 3594 :
1717 3540 1891 3596 Holon
1918 3544 2063 3597 enim

476 3634 667 3678 totum.
695 3625 1090 3693 Tramoserica,
1122 3630 1354 3683 stamine
1380 3630 1544 3697 lineo,
1575 3639 1746 3687 trama
1768 3648 1835 3688 ex
1864 3636 2059 3690 serico.

477 3714 886 3787 lloluporphyra
926 3725 1037 3771 tota
1070 3734 1137 3772 ex
1167 3735 1402 3790 purpura
1440 3738 1453 3772 τ
1488 3721 1650 3777 holon
1688 3723 1832 3777 enim
1868 3732 2059 3779 totum.

473 3805 699 3875 Byssina
726 3808 952 3863 candida
982 3807 1226 3864 confecta
1251 3826 1315 3864 ex
1342 3812 1574 3879 quodam
1589 3828 1785 3881 genere
1808 3813 2065 3884 linigros-

474 3897 638 3951 sioris
669 3914 681 3950 :
714 3906 860 3962 sunt,
892 3900 983 3967 qui
1007 3907 1062 3953 et
1092 3914 1259 3969 genus
1293 3902 1563 3969 quoddam
1595 3902 1686 3957 lini
1708 3903 1930 3974 byssum
1944 3919 2065 3959 esse

472 3986 1221 4044 existimant.Vestimentum
1236 3998 1319 4044 est
1331 3990 1584 4045 Ecclesia:
1600 3990 1749 4054 ﬁdes,
1767 3993 1880 4047 sive
1892 3993 2065 4048 virtu-

476 4079 549 4133 tis
581 4079 834 4143 varietas,
862 4079 948 4133 vel
974 4080 1252 4135 nationum
1269 4082 1576 4145 diversitas,
1608 4092 1667 4137 ut
1686 4084 1741 4138 in
1757 4082 2059 4139 Psalterio:

476 4165 656 4221 Astitit
678 4168 853 4237 regina
877 4184 910 4221 a
932 4168 1130 4222 dextris
1145 4170 1246 4221 tuis
1267 4170 1321 4223 in
1348 4171 1531 4223 vestitu
1545 4170 1822 4237 deaurato,
1840 4173 2065 4225 circum-

455 4249 604 4312 data
620 4258 868 4312 varietate
892 4256 1062 4328 (Psal.
1083 4260 1251 4330 κων).
1280 4259 1347 4314 Ει
1367 4260 1419 4313 in
1442 4260 1577 4315 Isaia
1600 4260 1915 4332 :Consurge,
1943 4279 2066 4316 con-

478 4366 653 4419 surge,
667 4349 884 4404 induere
896 4350 1202 4419 fortitudine
1219 4359 1329 4416 tua,
1348 4352 1495 4417 Sion,
1523 4351 1737 4407 induere
1751 4354 2063 4408 vestimentis

481 4442 664 4511 gloria:
693 4450 817 4505 tute,
850 4440 1203 4505 Hierusalem,
1243 4444 1422 4495 civitas
1453 4456 1633 4497 sancta
1666 4444 1800 4515 (Isa.
1826 4444 1920 4517 ιι).
1952 4444 2058 4499 Vc-
2087 4482 2139 4540 D

483 4530 728 4585 stimenti
773 4544 992 4594 nomen,
1042 4530 1245 4585 Christi
1292 4546 1487 4600 corpus
1512 4544 1870 4601 assumptum,
1918 4535 2059 4589 sicut

483 4620 744 4690 propheta
765 4619 897 4673 dicit
923 4636 937 4668 τ
970 4618 1039 4672 Ει
1060 4635 1173 4673 ecce
1194 4620 1272 4672 vir
1286 4621 1497 4674 vestitus
1518 4621 1672 4674 lineis
1699 4621 1916 4692 (Ezech.
1954 4624 2052 4694 ιιι).

481 4712 611 4765 ltem
641 4712 1027 4766 vestimentum
1057 4710 1277 4777 Christi,
1308 4712 1487 4781 populi
1517 4713 1720 4767 ﬁdeles.
1755 4714 2061 4769 Vestimen-

482 4812 597 4856 tum
628 4811 965 4868 sanctorum,
1008 4818 1173 4871 opera
1193 4802 1439 4871 justitize,
1471 4803 1585 4857 sive
1616 4802 1801 4858 ﬁdeles
1831 4802 2056 4871 Christi,

480 4901 541 4945 ut
572 4892 623 4945 in
646 4890 901 4961 Apostolo
929 4905 943 4943 :
977 4889 1285 4961 Quicunque
1304 4891 1359 4946 in
1389 4889 1597 4967 Christo
1627 4891 1878 4961 baptizati
1911 4894 2059 4957 estis,

483 4981 749 5035 Christum
770 4980 1176 5053 induistis(Gal.
1202 4980 1304 5055 ιιι).
1336 4981 1725 5037 Vestimentum
1751 4983 2058 5052 impiorum,

483 5084 649 5139 opera
666 5070 965 5138 iniquitatis
986 5079 1133 5135 sunt,
1160 5080 1219 5126 ut
1242 5071 1371 5127 illud
1394 5070 1693 5127 Psalmistae
1720 5090 1733 5125 :
1758 5071 2063 5126 Induantur

483 5162 617 5215 sicut
674 5160 925 5231 diploide,
981 5163 1286 5230 confusione
1332 5181 1427 5219 sua
1457 5162 1629 5237 (Psal.
1677 5164 1851 5237 cvm).
1884 5165 2061 5221 Vesti-

476 5258 724 5306 mentum
771 5257 897 5318 caro
928 5251 1177 5315 hominis,
1212 5253 1350 5307 sicut
1382 5254 1434 5307 in
1478 5252 1767 5309 Salomone
1816 5254 2015 5325 legitur
2043 5272 2055 5307 :

484 5341 642 5396 Omni
665 5351 890 5411 tempore
910 5343 1014 5397 sint
1041 5345 1340 5398 vestimenta
1363 5354 1453 5399 tua
1481 5346 1707 5399 candida
1730 5345 1924 5417 (Eccle.
1955 5346 2055 5417 rx),

486 5432 538 5484 id
590 5442 672 5486 est
713 5434 857 5488 nulla
915 5434 1208 5503 pollutione
1248 5436 1301 5489 in
1351 5437 1564 5490 luxuria
1615 5437 1849 5491 sordida.
1882 5435 2061 5491 Vesti-

487 5532 725 5577 mentum
755 5525 1029 5581 simulatio
1075 5526 1501 5599 hypocritarum,
1553 5534 1613 5580 ut
1652 5526 1704 5580 in
1733 5527 2009 5597 evangelio
2044 5545 2055 5579 :

496 5611 709 5666 Venient
737 5615 805 5666 ad
822 5632 909 5668 vos
932 5618 984 5669 in
1008 5618 1322 5671 vestimentis
1352 5618 1543 5682 ovium,
1578 5619 1713 5685 intus
1741 5628 1913 5670 autent
1938 5627 2057 5671 sunt

488 5705 593 5770 iugi
625 5721 831 5771 rapaces
864 5705 1076 5767 (Matth.
1100 5706 1215 5775 vn).
1249 5707 1426 5762 Vestis
1461 5707 1737 5776 nuptialis,
1786 5707 1936 5771 ﬁdes,
1969 5707 2053 5759 vel

2163 1908 2384 1963 malitia:
2413 1909 2670 1977 contegit.
2712 1909 2820 1965 Iste
2863 1924 2996 1979 ergo
3024 1919 3232 1965 vestem
3266 1926 3336 1965 se
3372 1912 3606 1967 actionis
3642 1927 3753 1967 sua:

2163 2000 2315 2068 quasi
2345 2016 2411 2055 ex
2440 2000 2565 2055 lana
2606 2007 2661 2055 et
2691 1999 2803 2055 lino
2835 2000 3026 2066 induit,
3060 2000 3279 2071 quando
3311 2002 3380 2055 ab
3416 2017 3482 2056 co
3517 2011 3572 2056 et
3614 2002 3750 2056 sim-

2160 2089 2375 2158 plicitas
2399 2100 2736 2146 monstratur
2770 2092 2824 2146 in
2870 2088 3197 2162 ‘superﬁCie,
3232 2095 3587 2157 etsubtili’tas
3628 2110 3751 2151 ma-

2162 2176 2292 2231 litiae
2343 2187 2592 2232 servatur
2642 2179 2695 2233 in
2743 2190 2943 2235 mente.
2974 2180 3244 2237 Lumbare
3296 2193 3555 2246 vocatur,
3601 2183 3751 2253 quod

2162 2267 2359 2323 lumbis
2403 2268 2685 2340 religetur,
2709 2271 2795 2325 vel
2847 2271 2990 2339 quod
3036 2271 3235 2326 lumbis
3285 2273 3509 2327 hmreat.
3544 2273 3664 2327 Hoc
3695 2274 3752 2327 in

2162 2358 2398 2430 Egypto
2429 2369 2485 2415 et
2527 2360 2683 2431 Syria
2715 2376 2822 2416 non
2854 2370 3062 2416 tantum
3104 2362 3351 2429 feminm,
3401 2364 3496 2419 sed
3546 2372 3601 2419 et
3648 2364 3751 2419 viri

2161 2457 2405 2504 utuntur.
2434 2450 2587 2507 Unde
2616 2460 2671 2507 et
2702 2450 3004 2508 Hieremias
3054 2463 3205 2508 trans
3252 2453 3585 2523 Euphratem
3628 2453 3754 2509 tulit

2162 2540 2407 2594 lumbare
2440 2555 2619 2606 suum,
2650 2541 2832 2611 ibique
2862 2542 2994 2599 illud
3023 2543 3079 2599 in
3114 2542 3384 2599 foramine
3428 2552 3598 2614 petra
3624 2546 3751 2600 abs-

2162 2626 2377 2691 condit,
2416 2638 2469 2681 et
2500 2635 2688 2697 postea
2736 2629 2970 2685 scissum
3001 2631 3223 2700 reperit.
3268 2629 3382 2684 Hoc
3420 2632 3750 2699 quibusdam

2163 2722 2218 2769 et
2243 2714 2426 2770 renale
2449 2716 2667 2782 dicitur,
2707 2718 2852 2787 quod
2878 2719 2935 2772 in
2961 2720 3182 2775 renibus
3204 2718 3478 2791 alligatur.
3505 2721 3583 2776 De
3611 2723 3753 2777 lum-

2162 2803 2293 2859 bare
2318 2819 2449 2875 ergo
2465 2805 2725 2861 Dominus
2745 2806 2814 2861 ad
2840 2806 3169 2863 Hieremiam
3192 2809 3267 2864 ita
3293 2810 3371 2864 ait
3395 2827 3407 2864 :
3438 2809 3585 2865 Sicut
3604 2813 3751 2866 enim

2162 2894 2397 2948 adhwret
2427 2893 2662 2950 lumbare
2686 2896 2756 2950 ad
2788 2896 2988 2952 lumbos
3014 2898 3131 2964 viri,
3164 2899 3240 2953 sic
3269 2897 3589 2969 agglutinavi
3615 2902 3757 2954 mihi

2163 3000 2365 3038 omnem
2391 2982 2563 3040 Israel
2583 2994 2631 3040 et
2660 2987 3282 3055 omnemdomumluda,
3313 2990 3442 3043 dicit
3467 2988 3749 3057 Dominus,

2162 3084 2219 3129 ut
2249 3060 2378 3131 esset
2404 3078 2533 3132 mihi
2557 3077 2612 3133 in
2647 3080 2919 3151 papulum,
2949 3090 2998 3135 et
3028 3082 3081 3135 in
3114 3097 3320 3149 nomen,
3348 3091 3397 3137 et
3426 3084 3481 3136 in
3505 3082 3743 3150 laudem,

2164 3168 2288 3222 etin
2314 3166 2625 3238 gloriam,et
2650 3187 2753 3225 non
2780 3171 3062 3226 audierunt
3079 3171 3216 3243 (Jer.
3248 3174 3749 3246 xm).Cinctorium

2165 3257 2279 3312 sive
2331 3257 2595 3324 lumbare,
2645 3262 2789 3329 quod
2821 3261 2877 3315 in
2926 3262 3146 3317 renibus
3185 3263 3476 3334 jungitur,
3515 3267 3753 3337 populus

2163 3346 2330 3403 Israel
2360 3356 2466 3415 est,
2500 3349 2593 3419 qui
2630 3351 2687 3404 in
2740 3350 2836 3405 lini
2873 3349 3279 3409 similitudinem
3318 3366 3632 3427 assumptus
3683 3358 3753 3413 de

2163 3446 2332 3504 terra,
2372 3447 2428 3495 et
2465 3438 2666 3505 illotus,
2695 3455 2797 3496 nec
2835 3442 3230 3497 mollitudinem
3252 3444 3465 3509 habuit,
3495 3461 3751 3501 neccan-

2164 3528 2371 3596 dorem,
2418 3539 2475 3585 et
2510 3539 2688 3586 tamen
2719 3548 2819 3602 per
2864 3533 3021 3601 illius
3055 3532 3487 3590 misericordiam
3518 3536 3750 3593 adbmsit

2164 3619 2297 3673 Deo.
2343 3618 2592 3689 Cumque
2628 3631 2914 3691 peccasset
2941 3620 3315 3692 hujuscemodi
3368 3624 3539 3680 linum
3585 3636 3751 3697 atque

2163 3707 2423 3772 lumbare,
2458 3709 2680 3764 ductum
2702 3719 2782 3765 est
2809 3719 2956 3766 trans
2980 3712 3315 3781 Euphraten,
3347 3714 3402 3768 id
3433 3724 3540 3780 est,
3565 3716 3619 3769 in
3642 3717 3749 3772 As-

2164 3795 2367 3864 syrios,
2415 3805 2468 3851 et
2506 3797 2580 3851 ibi
2628 3797 3020 3865 absconditur,
3079 3801 3183 3856 hoc
3238 3809 3352 3867 est,
3397 3803 3753 3860 multitudine

2163 3900 2481 3956 magnarum
2511 3894 2565 3941 et
2587 3888 3062 3946 innumerabilium
3083 3894 3322 3962 gentium
3340 3897 3755 3965 quodammodo

2164 3976 2451 4047 absorptus
2503 3986 2557 4033 et
2610 3981 2744 4034 nihil
2785 3992 3086 4051 reputatus.
3124 3985 3250 4039 Post
3297 3985 3518 4059 longum
3563 4002 3757 4046 autem

2164 4074 2378 4136 tempus
2410 4068 2523 4135 ipse
2552 4071 2814 4140 propheta
2846 4072 2899 4124 in
2946 4080 3129 4142 typum
3160 4075 3371 4131 Domini
3401 4079 3659 4149 populum
3682 4081 3760 4137 li-

2154 4159 2320 4214 ,berat
2349 4162 2415 4216 de
2429 4164 2761 4233 captivitate,
2785 4166 2878 4234 qui
2901 4166 3250 4223 nihilominus
3275 4178 3329 4225 et
3359 4180 3482 4240 post
3509 4174 3747 4229 reditum

2166 4252 2376 4306 Domini
2393 4263 2659 4325 praecepta
2674 4270 2779 4310 non
2801 4256 2930 4311 fecit
2960 4275 2973 4310 :
2999 4260 3093 4313 sed
3121 4269 3342 4316 secutus
3366 4263 3497 4318 deos
3519 4264 3748 4329 alienos,

2165 4340 2231 4393 ad
2259 4350 2560 4398 extremum
2592 4346 2754 4400 etiam
2790 4346 2845 4400 in
2887 4348 2983 4402 Dei
3011 4348 3208 4403 Filium
3260 4351 3413 4405 misit
3443 4369 3657 4419 manus,
3692 4366 3751 4412 et

2164 4437 2364 4483 mterna
2419 4434 2721 4500 perditione
2778 4435 3072 4490 contabuit.
3142 4435 3332 4493 Omnis
3397 4455 3614 4511 quoque
3662 4445 3752 4497 vir

2164 4528 2384 4572 sanctus
2409 4520 2652 4577 lumbare
2676 4523 2770 4578 Dei
2797 4532 2899 4589 est,
2933 4526 3025 4596 qui
3056 4534 3368 4597 assumptus
3396 4530 3463 4583 de
3494 4539 3660 4595 terra,
3693 4544 3752 4586 et

2166 4610 2232 4665 de
2256 4620 2414 4665 terra:
2438 4611 2587 4677 limo,
2615 4614 2707 4669 Dei
2722 4619 2996 4671 consortio
3022 4617 3303 4687 copulatur
3315 4620 3746 4689 quodammodo:

2166 4717 2286 4771 quze
2314 4702 2367 4756 in
2397 4702 2638 4759 Ecclesia
2686 4706 2803 4775 ejus
2829 4707 3083 4760 videntur
3104 4709 3360 4773 obscena,
3405 4710 3619 4780 majore
3655 4714 3744 4768 di-

2167 4790 2386 4860 ligentia
2423 4793 2599 4861 operit
2648 4802 2811 4863 atque
2857 4794 3199 4861 circumdat,
3244 4810 3315 4851 ne
3348 4799 3633 4866 gentilium
3695 4811 3757 4855 et

2168 4881 2548 4938 hmrcticorum
2601 4884 2870 4939 morsibus
2916 4892 3154 4954 pateant.
3197 4883 3349 4951 Quod
3401 4885 3649 4944 lumbare
3698 4890 3748 4944 si

2170 4987 2365 5042 aquam
2398 4976 2593 5046 tetigit,
2624 4985 2677 5030 et
2703 4976 2994 5045 Euphratis
3015 4975 3211 5031 ﬂuenta
3237 4977 3543 5041 transierit,
3576 4980 3651 5033 ita
3686 4989 3757 5035 ut

2168 5066 2404 5137 Assyriae
2433 5069 2666 5137 regionis
2696 5068 2991 5123 honoribus
3032 5066 3394 5140 [humoribus]
3426 5071 3749 5126 imbuatur:

2168 5159 2341 5227 perdit
2364 5160 2644 5228 pristinam
2676 5159 3068 5224 fortitudinem,
3085 5168 3139 5214 et
3163 5162 3553 5229 computrescit
3581 5170 3751 5231 atque

2168 5248 2479 5303 dissolvitur
2508 5264 2522 5302 :
2554 5258 2607 5303 et
2642 5248 2888 5318 quamvis
2912 5248 2967 5303 in
3010 5264 3167 5303 usum
3189 5248 3285 5304 Dei
3311 5249 3519 5315 redeat,
3558 5259 3751 5306 tamen

2168 5340 2449 5411 pristinam
2493 5340 2945 5411 pulchritudinem
2973 5342 3174 5396 habere
3222 5357 3327 5394 non
3368 5348 3587 5410 potest,
3636 5336 3752 5399 non

2168 5432 2361 5486 duritia
2390 5432 2507 5496 Dei,
2536 5432 2626 5486 sed
2661 5446 2757 5485 suo
2780 5432 2911 5485 vitio
2942 5450 2954 5484 :
2988 5433 3111 5501 quia
3151 5430 3339 5485 nolunt
3366 5431 3557 5486 audire
3578 5433 3750 5488 verba

2169 5522 2302 5592 ejus,
2332 5531 2387 5577 et
2413 5522 2690 5577 ambulant
2716 5523 2769 5577 in
2790 5525 3063 5593 pravitate
3085 5522 3262 5577 cordis
3287 5521 3368 5575 sui
3397 5539 3410 5575 :
3438 5522 3574 5589 sive,
3602 5526 3751 5593 quod

2168 5614 2269 5669 sibi
2311 5622 2518 5669 rectum
2544 5614 2776 5680 videtur,
2819 5615 2922 5670 hoc
2942 5614 3163 5669 faciunt.
3200 5612 3486 5681 Cingulum
3512 5615 3751 5684 mystice

2170 5705 2487 5777 intelligitur
2518 5706 2773 5777 spiritalis
2802 5706 2983 5776 operis
3009 5704 3283 5759 accinctus
3324 5705 3375 5757 in
3428 5703 3698 5758 Psalterio
3733 5723 3749 5756 :
