3918 6346
227 375 332 431 575

1187 374 1275 428 DE
1313 371 1659 429 UNIVERSO
1696 369 1873 424 LIBRI
1913 369 2076 447 XXII.
2117 402 2187 413 --
2221 373 2346 427 LIB.
2391 374 2528 429 XXI.

3374 372 3482 433 δη

227 485 571 542 Prwcinxisti
616 501 699 541 me
736 485 918 541 lwtitia
944 482 1113 557 (Psal.
1142 485 1318 554 χχιχ).
1351 482 1594 553 Baltcum
1626 481 1809 536 accin-
1836 479 1885 538 A
1913 481 2108 537 bantur
2135 483 2211 547 hi,
2241 484 2331 552 Qui
2360 483 2705 555 reportabant
2733 485 2797 539 de
2826 485 3068 541 hostibus
3110 486 3335 555 palmas.
3363 488 3482 560 Ipsa

228 586 350 634 ctus
406 579 694 645 virtutum,
749 578 861 633 sive
912 577 1326 645 circumspectio
1379 574 1620 629 mentis:
1665 573 1809 627 unde

226 667 428 740 legitur
451 668 507 722 in
534 666 951 723 Deuterouomio
980 684 994 719 :
1025 663 1254 718 Habebis
1272 662 1530 734 paxillum
1564 662 1616 715 in
1640 660 1808 715 balteo

229 760 411 831 (Deut.
455 757 637 829 χχιιι),
665 758 720 813 id
746 767 847 821 est,
890 755 1163 811 stimulum
1188 753 1637 825 compunctionis.
1664 752 1729 806 Et
1753 751 1809 805 in

226 850 393 905 aliam
440 858 654 917 partem
683 847 738 902 in
764 844 866 900 Job
898 860 912 898 :
950 843 1193 898 Balteum
1243 858 1420 913 regum
1460 840 1717 902 dissolvit,
1761 848 1808 892 et

224 941 503 1010 pracinget
536 938 661 1007 fune
710 952 855 990 renes
900 950 1081 988 eorum
1118 932 1262 1004 (Job.
1320 931 1441 993 xu).
1490 930 1807 984 Armelausa

226 1028 389 1099 vulgo
418 1036 628 1091 vocata,
672 1026 813 1097 quod
839 1034 964 1079 ante
986 1032 1039 1079 et
1063 1034 1211 1077 retro
1237 1021 1411 1077 divisa
1435 1032 1599 1089 atque
1621 1026 1806 1089 aperta

225 1129 333 1185 est,
395 1121 450 1173 in
504 1134 689 1173 armos
732 1125 942 1171 tantum
997 1115 1199 1179 clausa,
1244 1102 1399 1184 quasi
1461 1111 1805 1175 armiclausa,

225 1226 352 1266 cum
387 1210 569 1264 littera
610 1209 809 1263 ablata.
842 1207 1090 1263 Camisas
1124 1219 1405 1267 vocamus,
1461 1201 1605 1271 quod
1642 1200 1692 1254 in
1724 1200 1809 1256 his

225 1304 530 1355 dormimus
562 1302 615 1354 in
659 1301 849 1365 carnis,
883 1300 936 1353 id
975 1306 1076 1361 est,
1134 1297 1189 1349 in
1221 1295 1408 1349 stratis
1459 1291 1682 1348 nostris.
1705 1292 1809 1346 Fe-

226 1392 456 1447 moralia
488 1391 775 1461 appellata,
808 1405 872 1445 eo
915 1387 1059 1457 quod
1088 1386 1295 1441 femora
1322 1390 1507 1452 tegant
1539 1401 1551 1434 :
1593 1382 1706 1449 ipsa
1755 1388 1811 1434 et.

224 1483 465 1545 brachia,
490 1481 632 1552 quod
654 1487 780 1535 sunt
801 1478 1013 1541 breves,
1040 1483 1094 1531 et
1123 1472 1425 1529 verecunda
1460 1470 1704 1540 corporis
1726 1469 1810 1524 his

226 1570 495 1625 velentur.

815 1658 1044 1715 CAPUT
1084 1658 1221 1714 XVI.

444 1751 523 1807 De
553 1751 764 1823 proprio
788 1752 1136 1823 quarumdam
1172 1752 1401 1821 gentium
1427 1750 1627 1804 habitu.

1907 572 2201 626 vocabatur
2253 580 2309 626 et
2367 582 2486 643 toga
2526 574 2669 643 picta
2698 615 2713 639 ,
2762 590 2827 629 eo
2882 577 3022 645 quod
3061 576 3318 632 victorias
3359 594 3483 634 eum

1907 661 2099 731 palmis
2121 663 2359 717 intextas
2377 663 2614 718 haberet.
2638 665 2865 719 Pallium
2898 667 3121 736 mystice
3153 668 3205 720 in
3230 669 3374 727 bono
3400 684 3485 724 ac-

1909 752 2122 820 cipitur,
2147 761 2208 805 ut
2234 759 2319 806 est
2342 751 2471 806 illud
2499 771 2510 805 :
2546 752 2775 807 Pallium
2804 755 2977 809 laudis
3004 774 3095 826 pro
3125 759 3333 828 cingqu
3362 777 3486 814 mae-

1911 842 2042 893 roris
2072 841 2207 908 (Isa.
2234 841 2365 913 cxx).
2406 842 2539 897 ltem
2581 844 2633 896 in
2674 846 3001 899 contrariam
3031 854 3235 914 partem
3262 849 3313 901 in
3338 850 3488 917 psal-

1909 946 1997 985 mo
2046 931 2266 1000 pallium
2312 934 2545 1002 positum
2575 941 2657 987 est
2689 975 2703 999 ,
2734 935 2823 988 ubi
2861 936 3055 1006 legitur
3088 937 3152 991 de
3200 938 3437 993 Ecclesia
3472 960 3483 993 :

1910 1019 2013 1083 Qui
2050 1019 2289 1088 fundavit
2320 1032 2513 1076 terram
2546 1040 2700 1093 super
2744 1026 3076 1079 stabilitatem
3099 1027 3237 1095 ejus,
3266 1014 3371 1082 (non
3410 1031 3490 1083 in-

1908 1107 2188 1161 clinabitur
2217 1110 2271 1163 in
2298 1110 2545 1165 sa’culum
2572 1113 2774 1167 sccculi.
2811 1113 3058 1185 Abyssus,
3090 1116 3224 1169 sicut
3246 1118 3485 1187 pallium,

1908 1198 2128 1251 amictus
2150 1197 2264 1267 ejus
2292 1197 2465 1269 (Psal.
2497 1201 2634 1272 cui).
2664 1203 2906 1274 Abyssus
2934 1190 3077 1260 enim
3105 1209 3304 1262 dicitur
3331 1224 3491 1278 aqua-

1909 1300 2030 1338 rum
2080 1286 2449 1356 copiosissima
2484 1292 2794 1356 multitudo,
2835 1309 2953 1363 qua:
2983 1305 3037 1349 et
3086 1298 3139 1350 in
3168 1297 3311 1352 bono
3344 1309 3400 1352 et
3436 1300 3490 1352 in

1909 1377 2051 1431 malo
2096 1379 2409 1450 plerumque
2453 1386 2687 1452 ponitur.
2731 1387 2854 1443 Hcce
2884 1391 3078 1444 merito
3104 1392 3194 1447 hic
3226 1394 3489 1461 supersti-

1912 1469 2062 1523 tiosis
2091 1480 2252 1540 atque
2272 1476 2705 1540 persecutoribus
2734 1489 3118 1548 comparantur
3148 1498 3163 1536 :
3188 1485 3313 1552 quia
3350 1476 3492 1539 sicut

1907 1561 2129 1630 pallium
2154 1562 2409 1631 subjecta
2441 1568 2681 1635 cooperit
2714 1586 2726 1621 :
2761 1571 2835 1623 ita
2884 1572 2958 1625 illi
3000 1574 3257 1628 mundum
3308 1574 3492 1631 foedis—

1910 1652 2044 1706 sima
2077 1655 2462 1724 superstitione
2485 1664 2755 1724 texerunt,
2785 1666 2844 1712 ut
2870 1677 2975 1714 non
2998 1662 3169 1717 solum
3192 1664 3495 1720 medioeres

1911 1744 2179 1810 homines,
2206 1745 2301 1800 sed
2340 1745 2393 1799 in
2425 1748 2723 1814 perniciem
2749 1764 2900 1804 suam
2938 1752 3082 1820 ipsos
3123 1767 3336 1822 quoque
3366 1769 3496 1809 san-

299 1844 570 1899 Sarabara
610 1852 738 1899 sunt
780 1842 925 1897 ﬂuxa
978 1858 1041 1897 ac
1084 1842 1305 1897 sinuosa
1364 1841 1705 1903 vestimenta,
1739 1839 1807 1893 de
1839 1826 1882 1884 Β
1913 1844 2027 1890 ctos
2052 1836 2213 1891 'viros
2262 1846 2423 1906 atque
2467 1840 2926 1897 eminentissimos
2985 1845 3267 1899 tormentis
3295 1860 3491 1914 corpo-

222 1936 422 2003 quibus
453 1935 650 2005 legitur
678 1935 733 1989 in
777 1934 999 1989 Daniele
1029 1952 1041 1987 :
1087 1933 1158 1987 Et
1198 1933 1454 1987 sarabara
1496 1948 1673 1986 eorum
1706 1947 1809 1985 non

221 2036 346 2080 sunt
378 2028 676 2079 immutata.
710 2024 778 2079 Et
823 2024 1047 2077 Publius
1078 2040 1089 2075 :
1123 2020 1188 2075 Ut
1214 2022 1339 2091 quid
1369 2037 1488 2091 ergo
1537 2022 1591 2073 in
1636 2028 1810 2073 ventre

222 2125 315 2165 tuo
366 2110 555 2163 Parthi
595 2111 851 2164 sarabara
892 2107 1295 2177 suspenderunt.
1341 2106 1498 2175 Apud
1544 2105 1808 2173 quosdam

220 2211 408 2256 autem
463 2201 721 2256 sarabara
760 2199 1004 2268 quasdam
1036 2198 1275 2266 capitum
1322 2196 1560 2265 tegmina
1600 2209 1812 2247 nuncu-

221 2302 442 2364 pantur,
499 2292 679 2363 qualia
705 2292 949 2347 videmus
992 2291 1045 2343 in
1076 2290 1252 2358 capite
1302 2302 1587 2356 magorum
1635 2287 1805 2355 picta.

222 2387 497 2441 Mastruca
566 2384 735 2439 vestis
810 2381 981 2437 Surda
1046 2396 1114 2435 ex
1179 2378 1447 2449 pelliculis
1496 2377 1805 2441 'l'erarum,

221 2479 293 2532 de
340 2491 446 2546 qua
480 2474 670 2530 Cicero
707 2467 806 2545 pro
853 2472 1059 2528 Scauro
1092 2489 1105 2525 :
1138 2470 1303 2537 Quem
1339 2485 1575 2539 purpura
1620 2467 1808 2538 regalis

222 2586 334 2623 non
381 2564 683 2631 commovit,
728 2582 848 2619 eum
898 2563 1191 2620 Sardorum
1250 2570 1517 2615 mastruca
1567 2558 1807 2612 mutavit.

222 2650 497 2713 Mastruca
547 2664 747 2719 autem,
782 2653 938 2723 quasi
989 2660 1354 2716 monstruosa,
1418 2665 1483 2704 eo
1524 2648 1667 2718 quod
1718 2648 1810 2716 qui

221 2764 289 2801 ea
326 2748 641 2811 induuntur,
676 2740 845 2814 quasi
877 2745 932 2797 in
970 2743 1213 2796 ferarum
1244 2742 1494 2795 habitum
1544 2738 1809 2815 transfor-

226 2850 468 2895 mantur.
504 2841 727 2910 Legitur
754 2840 806 2892 in
837 2836 1093 2907 Apostolo
1132 2836 1203 2890 "de
1230 2834 1551 2903 quibusdam
1583 2833 1805 2896 sanctis,

223 2938 323 3006 qui
369 2933 587 2989 fuerunt
616 2933 715 2987 sub
752 2930 933 2985 Veteri
972 2929 1322 2983 Testamento
1348 2944 1361 2979 :
1384 2924 1807 2988 ‘Circumierunt,

225 3024 429 3094 inquit,
460 3024 515 3076 in
535 3020 739 3075 melotis
764 3028 812 3073 et
837 3016 1059 3088 pellibus
1089 3016 1339 3086 caprinis,
1379 3022 1605 3084 egentes,
1640 3028 1811 3082 angu-

222 3117 397 3179 stiati,
424 3113 620 3185 afﬂicti,
641 3110 829 3183 quibus
853 3110 1042 3179 dignus
1087 3118 1190 3162 nan
1218 3116 1329 3161 erat
1365 3106 1590 3160 mundus
1619 3103 1806 3175 (Hebr.

222 3204 332 3272 χι).
363 3201 422 3257 In
450 3216 557 3270 quo
594 3200 1001 3271 manifestatur,
1041 3199 1184 3266 quod
1215 3196 1315 3249 viri
1367 3194 1539 3250 sancti
1565 3196 1582 3257 ,“
1610 3193 1809 3261 quibus

224 3295 297 3349 ad
343 3303 600 3348 aeternam
648 3289 815 3343 vitam
845 3287 1123 3358 gradiendi
1173 3300 1327 3339 amor
1378 3282 1661 3346 incumbit,
1702 3295 1811 3334 non

220 3382 517 3457 praesentis
545 3380 671 3434 vitae
722 3377 932 3434 deliciis
973 3391 1072 3447 per
1100 3375 1434 3444 voluptatem
1469 3372 1547 3425 uti
1599 3370 1812 3443 deside-

225 3481 356 3527 rent
384 3491 397 3526 :
431 3471 525 3527 sed
558 3486 658 3541 per
680 3468 1073 3525 continentiam
1101 3466 1274 3536 magis
1302 3464 1565 3518 virtutum
1597 3462 1810 3530 copiam

224 3562 437 3617 habere
474 3560 749 3615 studeant.
785 3557 842 3611 lu
872 3558 1067 3627 quibus
1097 3554 1271 3610 ornati
1320 3555 1387 3607 ad
1438 3552 1627 3609 aeterni
1667 3550 1810 3620 regis

223 3652 535 3708 convivium
563 3650 770 3704 intrare
798 3654 1131 3702 mereantur.

804 3736 1030 3792 CAPUT
1071 3734 1233 3789 XVII.

736 3828 815 3881 De
844 3827 1018 3898 palliis
1047 3826 1296 3879 virorum.

302 3922 530 3977 Pallium
580 3927 664 3975 est
694 3960 708 3983 ,
762 3934 868 3987 quo
902 3914 1323 3971 ministrantium
1358 3910 1590 3981 scapulae
1624 3917 1816 3963 conte-

225 4024 449 4090 guntur,
508 4021 585 4078 ut,
641 4013 767 4067 dum
802 4000 1161 4073 ministrant,
1218 4004 1451 4074 clpediti
1482 4002 1808 4057 discurrant.

223 4108 495 4161 Plautus:
531 4102 593 4158 Si
624 4100 750 4171 quid
804 4100 1042 4168 facturus
1080 4112 1155 4160 es,
1201 4094 1434 4165 appende
1480 4092 1535 4145 in
1583 4090 1812 4145 humeris

224 4195 471 4266 pallium.
494 4191 563 4245 Et
583 4199 782 4262 pergat,
805 4199 1058 4260 quantum
1080 4186 1235 4251 valet,
1253 4196 1461 4239 tuorum
1484 4184 1671 4254 pedum
1697 4200 1814 4253 per-

226 4284 439 4338 nicitas.
472 4282 683 4336 Dictum
705 4287 884 4335 autem
911 4277 1129 4346 pallium
1156 4292 1185 4330 a
1214 4275 1444 4346 pellibus
1471 4293 1483 4328 :
1514 4273 1638 4345 quia
1662 4275 1813 4343 prius

225 4375 707 4445 superindumenta
752 4370 961 4439 pellicia
1009 4376 1221 4423 veteres
1275 4368 1563 4421 utebantur
1593 4407 1606 4429 ,
1658 4365 1813 4435 quasi

225 4466 407 4537 pellea
438 4479 452 4518 :
480 4464 592 4518 sive
618 4478 647 4516 ιι
674 4462 824 4532 palla,
847 4477 942 4530 per
966 4460 1378 4515 derivationem.
1411 4457 1662 4527 Chlamys
1686 4464 1767 4511 est
1795 4497 1809 4521 ,

226 4570 357 4626 qua:
388 4570 456 4610 ex
483 4570 586 4608 una
630 4562 781 4622 parte
830 4551 1084 4612 induitur,
1136 4565 1313 4618 neque
1342 4552 1623 4607 consuitur
1648 4594 1661 4618 ,
1720 4552 1811 4613 sed

228 4644 402 4700 ﬁbula
430 4642 728 4698 infrenatur
765 4659 779 4695 :
832 4642 958 4695 hinc
997 4648 1052 4694 et
1085 4637 1271 4694 Greece
1328 4656 1525 4696 nomen
1583 4644 1809 4713 accepit.

229 4738 490 4807 Chlamys
534 4735 707 4790 laudis
747 4743 831 4788 est
875 4742 1115 4796 ornatus,
1174 4741 1232 4786 ιιι
1269 4734 1322 4787 in
1383 4734 1669 4790 Salomone
1702 4755 1714 4790 :
1746 4737 1813 4791 Et

232 4829 563 4899 chlamydem
593 4828 710 4896 fecit
740 4827 849 4880 viro
875 4826 1058 4889 suo,id
1089 4834 1190 4889 est,
1216 4828 1598 4880 vestimentum
1630 4847 1641 4881 :
1672 4828 1811 4897 quod

235 4928 498 4986 tanquam
521 4914 586 4971 de
612 4914 820 4969 duobus
847 4914 1206 4968 Testamcutis
1228 4914 1529 4968 conlectum
1555 4920 1642 4969 sit.
1670 4917 1813 4987 Toga

235 5006 407 5069 dicta,
436 5005 577 5073 quod
600 5004 903 5059 velamento
930 5003 1011 5055 sui
1053 5017 1248 5071 corpus
1301 5012 1445 5072 tegat
1486 5014 1647 5074 atque
1682 5022 1812 5075 ope-

234 5094 371 5150 riat.
403 5092 496 5147 Est
525 5101 703 5145 autem
747 5092 969 5160 pallium
1010 5106 1201 5160 purum
1252 5092 1423 5146 forma
1479 5099 1703 5150 rotunde
1738 5096 1815 5150 cf-

232 5184 466 5251 fusiore,
492 5194 545 5239 et
572 5184 723 5253 quasi
754 5184 1045 5239 inundante
1082 5185 1199 5239 sinu
1226 5225 1241 5251 ,
1284 5193 1338 5239 et
1372 5187 1471 5241 sub
1501 5187 1691 5244 dextro
1720 5206 1814 5244 vc-

233 5277 401 5334 niens
429 5290 586 5345 supra
614 5276 897 5329 humerum
929 5276 1205 5331 sinistrum
1235 5278 1453 5347 ponitur
1481 5297 1492 5330 :
1533 5280 1686 5349 cujus
1736 5282 1811 5337 si-

236 5364 599 5421 militudinem
646 5365 700 5418 in
751 5365 1095 5434 operimentis
1140 5366 1549 5420 simulacrorum
1600 5370 1680 5422 vel
1734 5371 1814 5439 pi-

234 5460 521 5510 cturarum
548 5454 855 5523 aspicimus,
872 5468 1068 5522 easque
1090 5462 1295 5510 statuas
1324 5465 1527 5527 togatas
1547 5472 1814 5514 vocamus.

238 5544 395 5615 Toga
420 5553 603 5600 autem
640 5546 868 5601 Romani
895 5546 946 5600 in
980 5560 1110 5615 pace
1136 5548 1448 5613 utebantur,
1482 5548 1608 5603 belli
1636 5558 1817 5619 autem

239 5643 492 5707 tciripore
515 5637 944 5706 paludameutis:
979 5652 1228 5691 mensura
1264 5638 1563 5707 togaejusta
1589 5680 1602 5704 ,
1635 5640 1679 5694 si
1724 5655 1815 5695 sex

243 5728 406 5785 ulnas
442 5728 655 5782 habent.
685 5727 824 5797 Toga
867 5729 1097 5794 palmata
1129 5728 1420 5789 dicebatur,
1454 5744 1614 5797 qutun
1646 5746 1816 5783 merc-

1912 1941 2031 1979 rnm
2080 1926 2312 1981 obruere
2356 1929 2688 2001 viderentur.
2737 1932 2941 2002 Diplois
2995 1934 3239 1990 Graecum
3296 1952 3491 1993 nomen

1911 2016 1979 2069 ab
2008 2032 2072 2071 eo
2098 2020 2239 2086 quod
2278 2018 2348 2078 sit
2378 2020 2573 2089 duplex
2602 2022 2851 2077 amictus.
2885 2024 3139 2080 Horatius
3169 2044 3182 2079 :

2036 2111 2211 2161 Contra
2230 2124 2377 2172 quem
2400 2112 2576 2175 duplici
2604 2127 2761 2177 panno
2785 2117 3015 2176 patientia
3040 2116 3191 2167 velat.

1910 2200 2005 2253 Est
2032 2209 2213 2255 autem
2245 2202 2411 2255 vestis
2440 2202 2710 2267 militaris,
2748 2204 2903 2273 cujus
2944 2213 3072 2259 usus
3113 2204 3334 2260 Gallicis
3387 2206 3500 2276 pri-

1910 2306 2056 2345 mum
2087 2292 2521 2361 expeditionibus
2557 2296 2719 2362 cmpit
2762 2311 2791 2349 e
2833 2297 3010 2364 prmda
3047 2297 3248 2361 hostili,
3288 2298 3355 2351 de
3389 2312 3494 2367 qua

1908 2390 1993 2436 est
2044 2396 2149 2436 vox
2187 2382 2277 2436 illa
2308 2392 2527 2437 senatus
2575 2401 2589 2436 :
2638 2403 2656 2435 ‹
2706 2385 2867 2454 'I‘ogis
2911 2388 3185 2456 depositis,
3234 2388 3496 2455 Quirites,

1897 2473 1978 2526 ad
2018 2486 2145 2543 saga
2201 2471 2363 2542 (ite).
2422 2491 2439 2524 ι
2481 2472 2681 2542 Sagum
2737 2484 2915 2528 autem
2968 2474 3229 2531 Gallicum
3298 2493 3497 2532 nomen

1910 2566 2012 2614 est.
2042 2559 2254 2613 Dictum
2299 2570 2479 2615 autem
2514 2577 2700 2632 sagum
2729 2564 3013 2639 quadrum,
3065 2580 3129 2620 eo
3174 2568 3317 2635 quod
3357 2569 3500 2638 apud

1910 2667 2005 2707 eos
2024 2654 2256 2722 primum
2283 2655 2604 2725 quadratum
2626 2656 2709 2709 vel
2733 2657 3064 2727 quadruplex
3093 2664 3257 2713 esset.
3287 2660 3419 2713 Nam
3443 2660 3498 2715 in

1909 2742 2180 2811 Propheta
2219 2744 2479 2813 scriptum
2511 2753 2633 2799 est:
2670 2745 3006 2814 Operiantur,
3055 2749 3191 2801 sicut
3218 2748 3449 2817 diploide
3482 2789 3498 2815 ,

1912 2834 2219 2903 confusione
2239 2852 2337 2889 sua
2370 2834 2543 2907 (Psal.
2577 2838 2752 2906 cvm).
2778 2837 2943 2891 Petiit
2966 2854 3094 2909 ergo
3135 2850 3195 2893 ut
3218 2842 3498 2909 utriusque

1911 2923 2043 2993 legis
2094 2924 2459 2995 intelligentia
2508 2914 2859 2992 vestiantur,
2911 2928 3003 2996 qui
3042 2946 3200 2984 nunc
3230 2943 3457 3000 utraque
3482 2971 3499 2996 ,

1909 3014 2138 3084 perﬁdia
2168 3011 2417 3080 faciente,
2450 3018 2635 3072 nudati
2665 3027 2811 3073 sunt.
2841 3018 3100 3077 Confusio
3129 3016 3271 3076 enim
3292 3022 3503 3077 Judceo-

1914 3119 2034 3158 rum
2072 3116 2155 3160 est
2195 3106 2365 3177 legem
2400 3124 2508 3163 non
2554 3108 2854 3176 intelligere
2879 3149 2891 3173 ,
2943 3125 3063 3179 qua:
3114 3112 3272 3165 toties
3319 3111 3502 3166 Salva-

1904 3203 2087 3250 .torcm
2130 3197 2415 3251 Dominum
2450 3199 2735 3267 praecinuit
2762 3200 3017 3253 advenire
3050 3219 3062 3253 :
3096 3202 3209 3254 sive
3246 3201 3374 3255 illud
3411 3216 3505 3271 ge-

1918 3302 2020 3341 nus
2057 3286 2173 3341 vult
2201 3289 2520 3357 exprimere,
2554 3290 2697 3359 quod
2748 3290 2883 3344 solet
2917 3290 2969 3344 in
3011 3274 3318 3360 proverbiis
3347 3293 3454 3346 dici
3484 3310 3497 3346 :

1916 3377 1969 3431 id
1997 3386 2080 3432 est
2110 3396 2123 3430 :
2158 3376 2494 3446 Confusionis
2543 3379 2741 3447 duplici
2773 3378 2935 3449 pallio
2974 3369 3271 3434 'vestiantur
3300 3420 3315 3447 ,
3372 3380 3499 3435 dum

1917 3478 2043 3521 ante
2097 3469 2384 3523 Dominum
2440 3477 2495 3525 et
2541 3460 2787 3525 homines
2842 3466 3185 3525 erubescunt.
3236 3472 3497 3540 Sagorum

1918 3566 2097 3612 autem
2143 3560 2404 3629 mysticus
2434 3576 2624 3614 sensus
2652 3561 2704 3614 iu
2738 3561 3072 3615 tabernaculi
3102 3561 3318 3615 Mosaici
3368 3576 3498 3615 con-

1917 3649 2212 3702 structione
2247 3649 2380 3713 satis
2417 3650 2736 3719 cxplanatus
2765 3660 2867 3715 est,
2913 3652 2979 3705 ad
3014 3650 3166 3719 cujus
3212 3651 3499 3706 lectionem

1916 3739 2170 3793 lectorem
2212 3739 2493 3793 mittimus.
2521 3739 2742 3793 Pcenula
2772 3749 2855 3795 est
2878 3741 3099 3809 pallium
3125 3756 3244 3795 cum
3273 3740 3501 3797 ﬁmbriis

1916 3828 2107 3897 longis,
2140 3827 2292 3896 cujus
2321 3827 2521 3882 mentio
2545 3828 2598 3881 in
2619 3829 2859 3897 Epistola
2887 3830 3034 3884 Pauli
3059 3830 3124 3884 ad
3158 3830 3499 3886 Timotheum

1918 3920 1976 3971 ﬁt
2012 3918 2093 3990 (ςΙΙ
2130 3919 2263 3971 Tim.
2300 3920 2394 3988 ιν).
2439 3919 2633 3973 Casula
2679 3928 2763 3973 est
2808 3921 2975 3975 vestis
3003 3920 3297 3981 cucullata.
3354 3920 3499 3975 dicta

1914 4025 2011 4077 per
2038 4009 2445 4063 diminutionem
2474 4025 2503 4062 a
2534 4024 2678 4073 casa,
2712 4011 2855 4078 quod
2896 4018 3067 4065 totum
3117 4012 3391 4066 hominem
3420 4020 3501 4066 te-

1919 4109 2027 4169 gat,
2057 4099 2210 4167 quasi
2236 4098 2417 4152 minor
2438 4113 2563 4152 casa
2595 4116 2605 4151 :
2635 4099 2762 4153 inde
2785 4107 2840 4153 et
2861 4100 3089 4165 cuculla,
3125 4102 3280 4171 quasi
3325 4102 3503 4156 minor

1917 4188 2069 4245 cella.
2099 4187 2189 4244 Sic
2216 4200 2268 4242 ct
2291 4187 2478 4243 Graece
2500 4188 2715 4257 plancta
2760 4190 2922 4255 dicta,
2948 4192 3073 4260 quia
3110 4192 3221 4245 oris
3262 4192 3495 4246 erranti-

1916 4282 2016 4337 bus
2056 4288 2330 4350 evagatur.
2366 4279 2517 4334 Unde
2560 4288 2615 4334 ct
2646 4281 2813 4334 stellae,
2834 4281 3083 4349 planeta‘,
3117 4281 3170 4335 id
3199 4291 3283 4336 est
3326 4298 3497 4351 vaga),

1916 4388 1980 4426 eo
2013 4374 2156 4442 quod
2196 4388 2347 4441 vagae
2376 4388 2475 4427 suo
2517 4388 2700 4426 errore
2748 4381 3002 4442 motuque
3044 4373 3373 4427 discurrunt.
3404 4374 3502 4429 Ca—

1917 4465 2033 4519 sula
2075 4463 2229 4533 juxta
2269 4464 2580 4535 allegoriam
2627 4472 2785 4517 rectae
2824 4463 2948 4516 ﬁdei
2988 4471 3167 4532 potest
3194 4465 3500 4535 exprimere

1920 4555 2337 4617 indumentum,
2394 4554 2446 4607 in
2484 4568 2591 4623 quo
2635 4554 2896 4607 bonorum
2950 4568 3172 4620 operum
3224 4553 3498 4621 plenitudo
3594 4610 3597 4611 ν

1921 4644 2185 4699 consistit.
2232 4643 2385 4698 Unde
2426 4641 2682 4710 scriptum
2723 4651 2807 4694 est
2849 4659 2862 4693 :
2909 4640 2977 4693 In
3003 4641 3181 4694 casula
3217 4643 3380 4710 ipsius
3413 4660 3495 4695 re-

1919 4736 2187 4804 quiescunt
2228 4735 2359 4787 bona
2405 4750 2496 4803 per
2534 4749 2649 4785 cum
2689 4730 2876 4802 (Eccli.
2920 4733 3055 4803 xw).
3090 4732 3330 4797 Mclotes,
3380 4750 3500 4803 qua)

1922 4827 2083 4879 etiam
2118 4841 2242 4893 pera
2273 4832 2528 4887 vocatur,
2578 4824 2730 4892 pellis
2760 4832 2845 4879 est
2884 4826 3137 4893 eaprina,
3183 4824 3321 4879 collo
3365 4840 3495 4893 pen-

1924 4918 2076 4981 dens,
2104 4916 2385 4985 praecincta
2415 4930 2582 4983 usque
2614 4916 2679 4970 ad
2721 4915 2948 4969 lumbos.
2991 4916 3084 4969 Est
3112 4915 3253 4969 enim
3283 4914 3496 4971 habitus

1919 5006 2132 5076 proprie
2148 5005 2483 5059 necessarius
2499 5005 2563 5059 ad
2578 5005 2755 5073 operis
2772 5004 3087 5059 exercitium
3106 5022 3118 5057 :
3137 5004 3299 5058 ﬁebat
3314 5013 3495 5058 autem

1920 5097 2069 5167 prius
2094 5095 2173 5166 (ut
2202 5096 2420 5165 quidam
2450 5094 2780 5163 existimant)
2808 5111 2873 5148 ex
2906 5094 3170 5164 pelliculis
3193 5094 3492 5150 melonum:

1921 5188 2060 5243 unde
2084 5197 2137 5242 et
2168 5188 2378 5243 melotae
2404 5197 2609 5243 vocatas
2634 5198 2778 5243 sunt.
2798 5188 3045 5243 Fimbria:
3078 5202 3341 5244 vocatae...
3374 5187 3494 5243 Orae

1921 5280 2385 5343 vestimentorum,
2410 5280 2511 5333 hoc
2534 5288 2639 5343 est,
2675 5280 2827 5346 lines,
2863 5297 2928 5334 ex
2958 5279 3146 5335 Graeco
3175 5280 3493 5335 vocabulum

1923 5370 2165 5423 trahunt.
2183 5368 2355 5423 Graaci
2377 5369 2518 5421 enim
2544 5370 2828 5422 terminum
2851 5386 2982 5423 οι·οη
3007 5377 3218 5423 vocant.
3243 5368 3495 5421 Fimbriae

1924 5460 2237 5532 Spiritalitcr
2278 5460 2584 5531 signiﬁcant
2634 5461 2890 5529 mysteria
2918 5446 2921 5449 ’
2951 5458 3340 5513 incarnationis
3394 5459 3493 5511 Do-

1922 5552 2085 5617 mini,
2136 5568 2254 5621 qua:
2292 5553 2465 5622 tetigit
2514 5542 2706 5605 mulier
2732 5550 3163 5612 ιιωιιιοτνιιοὶδεει,
3212 5557 3264 5603 et
3313 5547 3491 5602 statim

1920 5653 2104 5699 sanata
2152 5652 2251 5697 est.
2295 5644 2426 5698 item
2476 5642 2699 5695 ﬁmbrias
2749 5642 3052 5713 signiﬁcant
3094 5640 3491 5694 extremitatem

1921 5735 2043 5783 vitas
2070 5733 2344 5787 hominum
2378 5748 2388 5784 :
2415 5730 2555 5785 unde
2584 5732 2635 5784 in
2671 5731 2875 5799 psalmo
2900 5732 2965 5787 de
2994 5730 3229 5786 Ecclesia
3255 5727 3487 5797 legitur:
