3918 6366
486 323 591 381 575

1131 324 1190 378 Β.
1236 325 1483 379 ltABANI
1522 325 1739 380 MAURI
1776 325 2096 378 AIICIIIEP.
2143 327 2451 383 MOGUNT.
2495 325 2777 382 OI’ERUM
2819 328 2995 382 PARS
3036 328 3096 382 Il.
3649 327 3752 383 573

478 434 546 488 In
568 434 788 502 ﬁmbriis
810 438 982 490 aureis
1026 439 1415 489 circumamicta
1441 433 2058 507 varictate(l’sal.xuv);
2092 439 2139 495 A
2170 439 2314 492 mine
2364 439 2687 507 appellatum
2736 454 2800 493 eo
2854 439 2997 507 quod
3039 439 3257 494 dimidia
3290 441 3407 509 ejus
3435 454 3567 509 pars
3609 448 3752 496 retro

476 526 601 593 quia
627 527 680 579 in
708 527 814 579 ﬁne
843 535 953 581 tota
979 525 1241 596 perfectio
1270 536 1375 591 est,
1399 527 1488 581 ubi
1514 528 1752 583 charitas
1787 542 1917 591 non,
1947 533 2063 579 tan-

472 629 634 682 quam
678 615 958 680 deaurata,
991 616 1351 684 conspicitur,
1410 617 1505 670 sed
1544 615 1657 685 jam
1708 615 2059 687 plenissima,

472 710 728 772 tanquam
772 719 954 758 aurea.

1038 798 1267 855 CAPUT
1304 801 1486 855 XVIII.

930 888 1008 944 De
1036 890 1212 959 palliis
1242 890 1584 960 feminarum.

538 976 806 1050 Regillum
859 987 942 1035 est
993 981 1314 1050 praelautum
1363 984 1676 1054 reginarum
1740 984 2055 1049 amiculum,

464 1072 606 1126 unde
648 1080 705 1127 et
754 1072 1104 1144 appellatum.
1140 1073 1363 1143 Peplum
1410 1076 1710 1131 matronale
1740 1076 1959 1146 pallium
1989 1094 2053 1131 ex

460 1178 700 1235 purpura
753 1166 1024 1235 signatum
1054 1206 1068 1229 ,
1121 1165 1273 1234 cujus
1330 1167 1565 1223 ﬁmbriar
1602 1169 1752 1223 aurei
1811 1170 2059 1225 staminis

458 1258 774 1314 summitate
812 1259 1177 1329 resplendent.
1233 1259 1380 1314 Palla
1414 1270 1497 1316 est
1532 1263 1800 1330 quadrum
1831 1264 2053 1332 pallium

457 1346 741 1403 muliebris
801 1349 1008 1415 vestis,
1062 1351 1355 1405 deductum
1416 1367 1588 1421 usque
1656 1353 1723 1406 ad
1782 1354 2053 1424 vestigia,

456 1436 631 1495 afﬁxis
662 1441 716 1493 in
746 1441 994 1497 ordinem
1034 1443 1263 1511 gemmis
1292 1452 1393 1498 :‘et
1420 1443 1561 1513 palla
1590 1445 1731 1499 dicta
1761 1461 1791 1500 a
1833 1446 2051 1516 palleiu,

455 1529 510 1583 id
532 1538 639 1593 est,
668 1546 696 1585 a
728 1532 1064 1597 mobilitate,
1100 1550 1220 1603 qua:
1259 1535 1406 1589 circa
1436 1534 1596 1588 ﬁnem
1637 1535 1945 1603 hujusmodi
1973 1538 2055 1592 in-

455 1619 699 1676 dumenti
744 1632 831 1678 est
862 1642 874 1676 :
910 1625 1025 1679 sive
1071 1626 1215 1694 quod
1270 1626 1418 1696 rugis
1470 1627 1806 1682 vibrantibus
1838 1628 2051 1685 sinuata

452 1709 742 1781 erispetur.
779 1713 1124 1769 Theristrum
1162 1702 1435 1784 palliolum
1465 1724 1549 1770 est
1568 1757 1582 1782 ,
1614 1733 1721 1787 quo
1749 1732 1922 1788 usque
1947 1720 2049 1775 ho-

2166 526 2431 596 rcjicitur,
2481 530 2623 599 quod
2672 531 2831 600 vulgo
2885 539 3184 583 mavortem
3232 531 3440 586 dicunt.
3486 532 3750 586 Vocatum

2166 626 2343 671 autem
2390 627 2724 684 mavortem,
2777 620 2931 689 quasi
2997 620 3222 675 Martem
3265 636 3279 674 :
3340 624 3551 695 signum
3607 624 3752 678 enim

2164 708 2425 763 maritalis
2471 709 2749 779 dignitatis
2798 720 2854 765 et
2898 712 3180 780 potestatis
3230 712 3283 765 iu
3337 723 3539 769 eor-est.
3582 712 3753 784 Caput

2161 800 2299 853 enim
2324 798 2560 854 mulieris
2589 810 2663 854 est
2689 802 2765 854 vir
2788 800 2841 872 (Ι
2870 798 2993 855 Cor.
3024 804 3101 873 XI)
3122 818 3135 868 ;
3158 801 3295 858 inde
3321 813 3375 859 et
3398 820 3563 876 super
3589 815 3755 875 caput

2162 892 2404 947 mulieris
2432 900 2535 948 est.
2582 890 2733 947 Stola
2786 894 3162 949 indumentum
3204 895 3453 966 baptismi
3492 898 3581 953 vel
3628 896 3751 953 ﬁdei

2161 980 2453 1050 signiﬁcat,
2486 988 2549 1035 ut
2572 982 2624 1035 in
2653 982 2945 1053 Evangelio
2985 1001 2997 1036 :
3026 981 3139 1037 Cito
3169 985 3396 1055 proferte
3417 986 3610 1040 stolam
3639 987 3748 1056 pri-

2159 1090 2322 1139 mam,
2351 1082 2399 1127 et
2426 1073 2627 1128 induite
2656 1090 2773 1127 eum
2818 1073 2970 1145 (Luc.
3012 1077 3125 1145 xv).
3152 1076 3283 1131 Item
3316 1076 3452 1131 stola
3495 1092 3748 1132 remune-

2160 1165 2426 1221 rationem
2449 1166 2685 1221 l'uturam
2716 1166 2986 1237 signiﬁcat
3021 1176 3184 1239 atque
3228 1170 3694 1227 immortalitatem
3734 1190 3747 1225 :

2157 1256 2448 1327 aliquando
2471 1273 2599 1313 vero
2622 1259 2889 1314 honorem
2912 1259 3189 1331 dignitatis
3218 1262 3331 1318 sive
3356 1263 3567 1318 ordinis
3588 1264 3749 1329 sacri;

2156 1348 2301 1402 unde
2327 1348 2589 1418 scriptum
2613 1360 2732 1404 est:
2774 1348 2925 1404 Stola
2956 1349 3138 1419 gloria:
3171 1351 3349 1405 induet
3378 1352 3529 1407 illum
3557 1352 3747 1423 (Eccli.

2155 1432 2254 1505 vr).
2310 1434 2696 1492 Remuneratio
2741 1446 2920 1492 autem
2962 1437 3144 1494 futura
3187 1439 3239 1494 in
3278 1440 3419 1495 stola
3460 1426 3753 1511 isiguiﬁca-

2157 1535 2287 1593 tur,
2330 1529 2421 1583 ubi
2466 1528 2663 1600 legitur
2709 1530 2762 1584 in
2820 1530 3183 1601 Apocalypsi,
3251 1534 3394 1602 quod
3462 1533 3753 1590 animabus

2155 1624 2469 1673 sanctorum
2491 1659 2505 1683 ,
2535 1636 2657 1689 qua:
2687 1620 2997 1676 clamabant
3034 1624 3101 1677 ad
3132 1623 3419 1678 Dominum
3469 1633 3594 1695 post
3622 1624 3752 1681 ellu-

2155 1710 2362 1761 sionem
2413 1710 2695 1780 sanguinis
2764 1711 2889 1775 sui,
2930 1720 2983 1766 et
3027 1713 3319 1769 vindictam
3372 1714 3748 1785 expetebant,

450 1798 539 1853 die
566 1800 783 1856 Arabiae
817 1812 871 1857 et
894 1804 1293 1874 Mesopotamiae
1324 1805 1580 1861 mulieres
1610 1808 1859 1863 velantur
1882 1852 1896 1876 ,
1927 1812 2052 1881 qui-
2082 1794 2129 1854 Β
2157 1811 2479 1866 responsum
2528 1800 2598 1854 δίε
2642 1817 2656 1854 ε
2698 1798 2765 1856 υτ
2823 1802 3199 1872 νεηνίεεεενεηι
3256 1805 3429 1859 adhuc
3486 1806 3751 1859 ηιοάίτκπι

452 1890 554 1946 bus
594 1892 649 1947 in
687 1901 823 1947 testu
856 1896 1132 1950 tutissimo
1173 1904 1429 1966 teguntur
1466 1896 1802 1955 umbraculo.
1834 1900 2052 1958 Anab’o—

451 1978 653 2035 Iadium
687 1983 1032 2038 amictorium
1063 1985 1265 2061 lipeum
1316 1986 1664 2054 feminarum,
1704 2006 1811 2060 quo
1841 1990 2051 2048 humeri

450 2072 791 2140 operiuntur,
816 2075 960 2142 quod
990 2076 1164 2131 Graeci
1214 2084 1268 2132 et
1300 2076 1479 2133 Latini
1513 2080 1799 2136 sindonem
1830 2093 2047 2139 vocant.

450 2158 586 2214 Nam
624 2161 689 2216 de
720 2162 983 2219 theristro
1015 2173 1071 2220 et
1100 2167 1154 2220 in
1183 2167 1319 2222 Isaia
1347 2168 1559 2239 legitur,
1595 2178 1657 2223 et
1678 2172 1731 2224 in
1760 2170 1954 2227 Genesi
1986 2175 2052 2230 de

450 2249 693 2306 Rebecca
720 2252 795 2307 ita
824 2254 1088 2325 scriptum
1116 2268 1235 2311 est:
1265 2256 1497 2312 Rebecca
1521 2275 1745 2330 quoque,
1775 2276 2049 2333 conspecto

449 2342 629 2407 Isaac,
659 2344 923 2400 descendit
953 2348 1017 2401 de
1048 2348 1250 2403 camelo
1281 2390 1295 2415 ,
1333 2360 1382 2404 et
1418 2352 1493 2405 ait
1523 2352 1597 2405 ad
1616 2369 1839 2422 puerum
1870 2369 1888 2407 :
1916 2354 2048 2422 Quis

447 2442 521 2487 est
549 2432 636 2487 ille
665 2434 843 2505 hpmo,
872 2438 962 2507 qui
990 2439 1126 2491 venit
1150 2456 1242 2506 per
1269 2456 1454 2509 agrum
1478 2443 1532 2495 in
1561 2459 1840 2498 occursum
1863 2446 2049 2502 nobis?

446 2521 597 2575 Dixit
633 2523 682 2577 ei
710 2538 728 2575 :
759 2524 881 2594 Ipse
906 2536 981 2581 est
1020 2528 1264 2583 dominus
1301 2545 1467 2583 meus.
1500 2531 1566 2584 At
1598 2530 1691 2585 illa
1728 2532 1914 2588 tollens
1945 2536 2047 2589 cito

445 2616 689 2688 pallium,
722 2622 1018 2692 operuit.“
1045 2622 1199 2692 (Gen.
1235 2624 1405 2696 xxrv).
1432 2624 1677 2681 Rebecca
1706 2642 1859 2693 vero,
1897 2628 2047 2686 Isaac

446 2707 589 2773 viso,
618 2708 741 2778 quis
774 2709 864 2766 ille
898 2711 1059 2766 homo
1087 2712 1179 2776 sit,
1209 2713 1473 2781 requisito
1494 2729 1683 2784 puero,
1714 2720 1995 2788 cognoscit
2028 2738 2039 2773 :

445 2797 573 2865 quia
603 2798 852 2867 quotidie
896 2810 1086 2856 sancta
1142 2802 1387 2857 Ecclesia
1429 2803 1603 2859 adhuc
1654 2808 2041 2875 prophetarum

446 2895 609 2955 atque
649 2890 1017 2959 apostolorum
1060 2892 1224 2957 dicta,
1258 2895 1399 2963 quod
1449 2894 1514 2948 de
1559 2895 1920 2966 Redemptorc
1947 2916 2045 2956 suo

446 2978 670 3032 credere
697 2979 912 3047 debeat,
947 2980 1215 3052 intelligit.
1250 2982 1381 3049 Qua:
1410 2998 1531 3039 sese
1561 3001 1692 3051 mox,
1714 2987 1878 3055 pallio
1916 3005 2044 3057 ope-

446 3072 596 3125 ruit:
632 3072 760 3142 quia
818 3080 972 3127 tanto
1028 3072 1281 3129 subtilius
1312 3073 1609 3131 Salvatoris
1651 3078 1733 3131 sui
1785 3081 2038 3149 mysteria

444 3170 737 3230 penetrat,
775 3171 980 3231 quanto
1034 3163 1194 3217 altius
1242 3164 1307 3218 de
1342 3173 1589 3219 anteacta
1620 3166 1731 3220 vita
1761 3167 2037 3221 confundi-

443 3260 535 3307 tur
564 3270 577 3306 :
608 3261 694 3319 et,
738 3254 863 3321 quia
894 3255 1378 3330 perversqegerit,
1410 3257 1826 3311 verccundatur.
1867 3258 2035 3313 Pallio

443 3358 502 3398 sc
538 3344 822 3412 cooperire
858 3347 1111 3410 curavit,
1160 3347 1285 3414 quia
1324 3346 1440 3401 viso
1481 3348 1710 3402 Domino
1751 3347 2036 3417 inﬁrmita-

442 3442 551 3488 tem
583 3449 694 3489 suze
723 3436 952 3490 actionis
981 3437 1198 3491 erubuit
1233 3454 1245 3491 :
1281 3446 1346 3492 et-
1375 3438 1464 3493 illa
1495 3478 1509 3505 ,
1540 3453 1660 3510 quae
1683 3440 1835 3510 prius
1866 3441 1919 3495 in
1945 3456 2035 3496 ca-

442 3524 587 3578 melo
652 3525 826 3580 libere
879 3528 1226 3597 gestabatur,
1292 3529 1626 3585 descendens
1688 3532 2034 3600 postmodum

441 3614 770 3668 verecundia
798 3616 1016 3685 tegitur.
1058 3617 1132 3671 De
1175 3617 1400 3671 sindone
1444 3632 1573 3689 ergo
1620 3621 1847 3690 mystice
1882 3637 2037 3674 mun—

445 3700 576 3756 ditia
618 3703 886 3757 castitatis
937 3705 1261 3774 exprimitur
1314 3724 1325 3758 :
1379 3706 1522 3761 unde
1576 3722 1776 3777 corpus
1826 3709 2035 3764 Domini

442 3792 645 3864 Joseph
674 3794 966 3851 involvisse
998 3796 1213 3866 legitur,
1243 3798 1368 3866 quia
1400 3798 1754 3854 inenarrabili
1784 3802 2037 3857 castitate

442 3885 834 3941 demonstravit
869 3886 999 3941 illud
1046 3888 1463 3942 mundissimum
1504 3887 1640 3955 fore,
1675 3897 1731 3943 et
1759 3904 1788 3943 a
1822 3891 2037 3945 mundis

444 3978 758 4032 hominibus
805 3980 860 4031 in
910 3988 1255 4034 sacramento
1318 3979 1723 4049 percipiendum
1762 3990 2032 4049 oportere.

441 4069 575 4122 Item
622 4068 675 4121 in
716 4068 1026 4123 Proverbiis
1086 4070 1152 4124 de
1204 4070 1431 4125 muliere
1488 4069 1614 4124 forti
1670 4070 1744 4123 ita
1790 4070 2031 4139 legitur:

443 4157 735 4211 Sindonem
759 4158 963 4227 fecit,et
980 4158 1248 4222 vendidit;
1278 4167 1324 4211 et
1356 4157 1625 4228 cingulum
1655 4158 1871 4212 tradidit
1896 4158 2035 4212 Cha-

445 4265 631 4301 nanwo
665 4246 846 4319 (Prov.
880 4247 1055 4319 xxxi).
1108 4248 1165 4301 In
1204 4248 1367 4302 linteo
1415 4248 1658 4302 sindonis
1696 4248 1907 4303 subtilis
1952 4249 2036 4302 in-

442 4336 611 4389 textio
636 4338 881 4407 signatur
907 4346 1109 4393 sancta:
1133 4338 1558 4409 praedicationis,
1584 4338 1638 4391 in
1666 4353 1771 4407 qua
1796 4338 2037 4395 molliter

440 4427 675 4495 quiescit
712 4446 723 4480 :
758 4428 885 4497 quia
918 4444 1072 4483 mens
1124 4430 1176 4482 in
1222 4429 1309 4482 illa
1366 4429 1603 4483 ﬁdelium
1655 4446 1750 4498 spe
1800 4447 2031 4501 superna

442 4517 735 4571 refovctur.
791 4517 944 4572 Unde
990 4526 1044 4571 et
1089 4517 1252 4571 Petro
1304 4518 1559 4571 animalia
1612 4519 1665 4571 in
1718 4518 1886 4572 linteo
1934 4520 2031 4574 de-

440 4618 815 4665 monstrantur
843 4610 984 4680 (Act.
1024 4610 1113 4679 x);
1140 4610 1264 4679 quia
1297 4618 1644 4679 peccatorum
1693 4610 1889 4663 anima:
1934 4611 2036 4665 mi-

439 4701 791 4755 sericorditer
818 4708 1123 4770 aggregatac
1168 4699 1221 4752 in
1262 4698 1459 4753 blanda
1497 4700 1619 4754 ﬁdei
1649 4699 1830 4769 quiete
1862 4702 2033 4755 conti-

440 4803 662 4849 nentur.
702 4792 853 4847 Hanc
882 4792 1012 4861 ergo
1040 4790 1321 4846 sindonem
1354 4792 1486 4846 fecit
1520 4799 1575 4846 et
1599 4791 1843 4845 vendidit
1867 4808 1880 4856 ;
1906 4792 2029 4861 quia

440 4886 621 4949 ﬁdem,
648 4898 811 4953 quam
856 4883 1125 4937 credendo
1173 4890 1437 4947 texuerat,
1486 4882 1754 4952 loquendo
1780 4883 1947 4949 dedit,
1978 4894 2032 4938 ct

441 4978 509 5030 ab
546 4976 848 5029 inﬁdelibus
889 4975 1057 5028 vitam
1105 4983 1268 5028 recta:
1315 4974 1745 5028 conversationis
1775 4975 1982 5045 accepit
2014 4994 2026 5028 :

440 5084 560 5139 quzc
590 5076 644 5121 ct
672 5067 979 5121 Chanaan
1010 5067 1283 5136 cingulum
1317 5065 1561 5131 tradidit,
1598 5066 1721 5135 quia
1762 5083 1860 5136 per
1886 5068 2033 5136 vigo-

440 5178 555 5219 rem
601 5163 986 5216 demoustratac
1028 5158 1254 5228 justitiaz
1308 5158 1446 5213 ﬁuxa
1494 5173 1660 5228 opera
1714 5159 2033 5226 gentilitatis

438 5252 691 5308 astrinxit
726 5266 738 5305 :
780 5259 838 5303 ut
867 5251 989 5315 hoc,
1019 5250 1158 5318 quod
1191 5248 1536 5319 praccipitur,
1566 5248 1795 5305 vivendo
1827 5257 2028 5313 teneat,

440 5345 577 5398 SICL’Z
607 5342 868 5409 scriptum
900 5349 986 5395 est
1015 5340 1068 5392 in
1097 5338 1388 5409 Evangelio
1435 5353 1449 5392 :
1500 5337 1617 5393 Sint
1657 5338 1846 5391 lumbri
1878 5339 2031 5392 vestri

441 5433 706 5503 prmcincti
737 5432 890 5501 (Luc.
922 5432 1041 5500 xu).
1065 5430 1237 5495 Stola,
1276 5430 1574 5485 matronale
1602 5430 2028 5499 operimentum,

444 5526 585 5594 quod
617 5534 877 5593 cooperto
907 5524 1083 5592 capite
1122 5530 1175 5575 ct
1228 5523 1445 5592 scapnla
1492 5537 1523 5575 a
1557 5520 1750 5576 dextro
1779 5522 1948 5575 latere
1979 5521 2031 5573 in

446 5616 636 5669 Izvvutu
663 5614 946 5667 Immcrum
980 5613 1232 5666 mittitur.
1268 5610 1417 5666 Stola
1446 5619 1623 5665 autem
1656 5610 1843 5665 Clu-ee
1876 5624 2033 5664 voca-

450 5716 553 5760 tur.
580 5705 714 5772 quod
743 5705 1145 5772 sariri-t'tt‘iltatut'
1183 5720 1192 5757 :
1229 5721 1289 5756 ea
1314 5704 1413 5755 lem
1440 5702 1684 5756 licinium
1720 5701 1907 5756 Latine
1934 5715 2029 5753 no-

2154 1893 2356 1958 tempus
2387 1889 2550 1944 donec
2593 1890 2913 1962 impleantur
2940 1895 3173 1948 conservi
3206 1911 3385 1950 eorum
3417 1936 3433 1963 ,
3469 1906 3518 1951 et
3561 1897 3749 1967 fratres

2153 1995 2367 2047 eorum,
2399 1983 2491 2053 qui
2535 1983 2887 2053 interﬁciendi
2940 1995 3059 2039 sunt
3106 1986 3349 2041 similiter
3372 2029 3387 2053 ,
3426 1988 3564 2043 sicut
3592 1999 3641 2043 et
3675 1989 3751 2043 illi

2154 2069 2341 2141 (Apoc.
2378 2072 2477 2142 vl).
2510 2072 2763 2144 Singulas
2788 2076 2948 2137 modo
2978 2076 3146 2132 stolas
3175 2076 3377 2133 habent
3407 2080 3606 2134 anima:
3632 2096 3749 2136 san-

2152 2169 2361 2215 ctorum
2394 2163 2461 2217 de
2492 2180 2587 2218 sua
2618 2165 3027 2221 immortalitate
3075 2168 3372 2235 gaudentes
3397 2210 3412 2234 ,
3462 2186 3750 2241 resurgen-

2152 2250 2297 2306 tibus
2344 2260 2523 2308 autem
2553 2254 2892 2323 corporibus,
2938 2254 3093 2324 juxta
3127 2256 3346 2322 Isaiam,
3394 2260 3451 2312 in
3480 2270 3623 2314 terra
3653 2279 3749 2314 sua

2149 2344 2382 2413 duplicia
2422 2346 2761 2416 possidebunt
2791 2346 2925 2418 (Isa.
2955 2347 3090 2419 LXI).’
3130 2348 3245 2404 Non
3292 2348 3622 2405 desiderium
3667 2366 3750 2406 re-

2148 2434 2506 2491 surrectionis
2534 2436 2815 2502 abnuitur,
2841 2438 2936 2493 sed
2963 2452 3028 2492 ex
3055 2438 3485 2510 colligendorum
3516 2440 3746 2497 fratrum

2150 2530 2443 2593 augmento
2474 2522 2744 2581 diﬁ'ertur.
2788 2525 2925 2581 Nam
2963 2538 3017 2582 et
3048 2529 3162 2599 ipsa
3205 2529 3513 2585 animarum
3561 2532 3746 2587 laetitia

2148 2621 2327 2683 potest
2354 2614 2506 2670 stolis
2533 2614 2673 2671 albis
2700 2616 2960 2687 ﬁgurari,
2994 2634 3117 2687 cum
3158 2619 3389 2675 Domino
3425 2620 3703 2679 revelantc
3729 2664 3745 2687 ,

2146 2705 2436 2759 didicerint
2463 2713 2517 2760 et
2542 2706 2736 2775 impios
2776 2708 2830 2762 in
2863 2708 2968 2763 ﬁne
3000 2710 3359 2775 damnandos,
3394 2720 3449 2767 et
3481 2728 3660 2781 usque
3692 2714 3742 2768 in

2148 2797 2309 2849 linem
2344 2797 2525 2853 εωθιήί
2552 2798 2751 2854 multos
2773 2814 2873 2854 suo
2897 2815 3127 2856 numero
3156 2815 3253 2872 per
3277 2803 3597 2875 martyrium
3622 2819 3745 2859 esse

2147 2885 2435 2940 sociandos
2462 2904 2473 2940 :
2503 2896 2667 2955 atque
2692 2887 2904 2942 interna
2934 2889 3204 2946 charitate
3226 2890 3433 2961 perfusi
3455 2892 3745 2947 maluerint

2147 2972 2250 3029 hac
2297 2974 2667 3031 consolatione
2718 2978 2960 3032 contenti
3010 2993 3110 3048 pro
3162 2980 3458 3050 supplendo
3509 2970 3739 3037 fratrum

2148 3080 2373 3120 numero
2408 3066 2671 3122 hactenus
2700 3083 2797 3122 sua
2832 3069 3025 3140 gaudia
3047 3069 3247 3126 deferri
3273 3069 3546 3143 [diﬁ’erri].

2750 3177 2979 3234 CAPUT
3026 3178 3168 3235 XIX.

2138 3245 2216 3299 De
2250 3255 2419 3301 stratu
2449 3256 2499 3302 et
2539 3249 2754 3319 reliquis
2784 3250 3009 3303 vestibus
3052 3266 3172 3320 qua:
3212 3252 3268 3304 in
3316 3268 3415 3307 usu
3459 3253 3741 3311 habentur.

2210 3334 2523 3409 Stragulum
2554 3340 2720 3393 vestis
2748 3347 2832 3394 est
2860 3340 3117 3405 discolor,
3150 3341 3293 3411 quod
3324 3357 3486 3396 manu
3511 3342 3742 3402 artiﬁcis

2138 3428 2347 3483 diversa
2375 3430 2638 3484 varietate
2690 3430 3059 3500 distinguitur.
3104 3431 3318 3486 Dictum
3350 3441 3551 3497 autem,
3591 3434 3736 3502 quod

2141 3520 2195 3573 in
2221 3527 2393 3574 stratu
2418 3530 2471 3575 et
2494 3520 2755 3574 amictum
2782 3530 2906 3589 apta
2934 3519 3024 3574 sit.
3043 3520 3119 3575 De
3142 3536 3248 3591 quo
3272 3520 3562 3577 Salomon:
3585 3522 3739 3578 Stra—

2136 3609 2369 3679 gulatam
2397 3618 2581 3664 vestem
2609 3610 2728 3679 fecit
2754 3610 2854 3665 sibi
2881 3627 2899 3664 :
2921 3610 3104 3680 byssus
3124 3621 3174 3665 et
3195 3628 3430 3683 purpura
3460 3613 3736 3668 indumen-

2136 3709 2243 3752 tum
2284 3699 2418 3768 ejus.
2463 3698 2772 3772 Stragulata
2813 3702 3003 3767 vestis,
3031 3702 3451 3771 quae,variante
3495 3713 3729 3769 textura,

2137 3788 2270 3843 solet
2301 3788 2609 3845 ﬁrmissima
2656 3789 2849 3845 conﬁci
2879 3791 3042 3845 fortia
3074 3791 3329 3847 Ecclesiae
3356 3807 3523 3863 Opera
3555 3802 3610 3847 et
3644 3794 3730 3848 di-

2132 3892 2292 3934 versa
2313 3879 2573 3934 virtutum
2598 3879 2714 3948 ejus
2743 3889 3061 3936 ornamenta
3098 3881 3387 3948 signiﬁcat.
3432 3882 3507 3937 Dc
3534 3883 3735 3952 quibus

2136 3968 2404 4040 Propheta
2447 3970 2502 4025 in
2543 3972 2737 4026 summi
2771 3972 2933 4043 regis,
2966 3972 3069 4027 viri
3098 3972 3350 4027 videlicet
3380 3972 3543 4038 illius,
3576 3973 3734 4029 laude

2112 4059 2332 4114 .cecinit
2358 4079 2369 4113 :
2396 4061 2571 4116 Astitit
2600 4063 2777 4133 regina
2800 4080 2833 4116 a
2871 4063 3071 4117 dextris
3108 4064 3213 4117 tuis
3235 4065 3291 4117 in
3314 4066 3619 4120 vestimento
3645 4067 3735 4121 de-

2137 4152 2688 4217 aurato,circumdata
2714 4156 2963 4210 varietate
2986 4155 3159 4226 (Psal.
3178 4158 3361 4227 xuv);
3393 4159 3536 4213 sieut
3567 4175 3733 4230 supra

2136 4251 2413 4299 ostensum
2432 4251 2533 4297 est.
2564 4242 2862 4299 Cervicalia
2883 4255 3063 4301 autem
3091 4256 3238 4311 sunt,
3266 4263 3332 4302 eo
3358 4250 3501 4317 quod
3528 4264 3733 4319 ponan-

2139 4341 2227 4386 tur
2247 4332 2346 4387 sub
2367 4333 2577 4388 cervice
2593 4333 2674 4387 vel
2696 4334 2896 4389 cubito.
2913 4334 3176 4391 Pulvillus
3197 4336 3375 4392 dictus
3395 4354 3424 4391 a
3444 4338 3729 4407 pulvinari,

2137 4423 2228 4489 qui
2255 4432 2340 4477 est
2363 4422 2586 4477 divitum
2612 4423 2801 4479 lectus.
2818 4422 3069 4479 Culcitrte
3099 4435 3323 4491 vocate,
3340 4427 3486 4496 quod
3508 4426 3730 4482 calcen-

2140 4521 2245 4576 tur,
2263 4512 2315 4566 id
2334 4521 2435 4577 est,
2454 4512 2752 4569 farciantur
2773 4514 2954 4585 pluma
2971 4516 3087 4571 sive
3111 4524 3372 4583 tomento,
3389 4533 3497 4587 quo
3525 4518 3735 4574 mollio-

2138 4615 2226 4655 res
2250 4600 2641 4673 calidioresque
2680 4604 2809 4658 sint.
2838 4605 3137 4661 Cervicalia
3167 4616 3351 4663 autem
3377 4609 3493 4665 sive
3518 4608 3731 4679 pulvilll

2135 4706 2231 4745 seu
2253 4690 2491 4747 culcitras
2507 4701 2733 4761 possunt
2754 4696 2908 4763 juxta
2931 4694 3243 4766 allegoriam
3274 4696 3614 4752 adulationes
3637 4697 3730 4753 de-

2134 4781 2352 4851 signare
2375 4780 2637 4837 falsorum
2666 4781 2950 4837 doctorum
2977 4792 3033 4838 et
3056 4785 3421 4851 adulatorum,
3454 4787 3549 4856 qui
3583 4787 3732 4841 deci-

2133 4874 2287 4941 piunt
2330 4888 2442 4937 eos,
2474 4874 2669 4943 quibus
2697 4889 2796 4944 pro
2842 4874 2997 4929 malis
3037 4875 3294 4945 operibus
3344 4875 3727 4946 impunitatem

2135 4966 2474 5034 promittunt,
2502 4972 2557 5019 et
2587 4965 2709 5019 vita:
2736 4965 2958 5034 praemia
2995 4965 3232 5037 indignis
3273 4966 3563 5037 spondent.
3595 4966 3725 5033 Qui-

2136 5060 2236 5113 bus
2266 5073 2359 5127 per
2404 5058 2721 5128 prophetam
2747 5056 2986 5111 dicitur:
3032 5056 3119 5111 γω
3148 5058 3309 5123 vobis,
3340 5058 3433 5126 qui
3472 5058 3729 5112 consuitis

2134 5149 2375 5219 pulvillos
2403 5150 2497 5204 sub
2520 5149 2661 5204 omni
2686 5147 2888 5211 cubitu,
2912 5158 2961 5201 et
2996 5146 3270 5201 cervicalia
3294 5147 3375 5208 ad
3392 5147 3729 5216 decipiendus

2136 5241 2339 5293 animas
2360 5280 2375 5305 ,
2406 5248 2512 5293 etc.
2549 5236 2767 5309 (Ezech.
2824 5235 2968 5304 xm.)
3008 5234 3213 5304 Tapeta
3256 5234 3422 5298 dicta,
3454 5236 3602 5304 quod
3631 5251 3726 5307 pe-

2137 5331 2293 5385 dibus
2347 5330 2581 5399 primum
2632 5333 3004 5381 sternerentur
3052 5325 3209 5395 quasi
3253 5324 3487 5393 tapedia.
3520 5324 3727 5395 Tapeta

2136 5425 2278 5479 enim
2305 5431 2554 5478 ornatum
2578 5416 2899 5486 eloquentia:
2928 5424 3155 5484 possunt
3191 5413 3499 5483 signiﬁcare
3525 5434 3537 5469 :
3579 5417 3723 5470 unde

2138 5513 2393 5569 meretrix
2428 5511 2479 5563 in
2525 5505 2832 5561 Proverbiis
2870 5507 2945 5558 ait
2979 5523 2990 5556 :
3024 5502 3236 5557 Intexui
3287 5502 3502 5572 funibus
3531 5504 3727 5558 lectum

2140 5619 2328 5666 meum,
2360 5600 2521 5653 stravi
2546 5597 2801 5666 tapetibus
2827 5594 2977 5664 pictis
3016 5609 3081 5647 ex
3122 5591 3354 5663 ngypto
3384 5591 3571 5662 (Prov.
3603 5590 3727 5646 vui.

2138 5697 2193 5749 lu
2248 5696 2382 5748 lecto
2435 5708 2559 5757 ergo
2610 5686 2823 5741 funibus
2874 5685 3080 5739 intexto
3128 5686 3380 5740 meretrix
3441 5682 3731 5738 mollitiem
