3918 6326
182 434 281 488 5Ἰῖ

1150 431 1236 485 DE
1271 430 1619 487 UNIVERSO
1660 429 1837 484 LIBRI
1882 431 2043 487 XXII.
2083 465 2151 473 ο-
2193 434 2317 489 LIB.
2362 436 2504 491 XXI.

3358 435 3458 491 578

182 544 497 613 quiescendi
530 539 863 611 designatJn
884 540 1150 609 tapetibus
1166 552 1292 595 vero
1322 542 1479 611 pictis
1511 557 1575 597 cx
1609 540 1777 612 Egy-
1809 544 1856 601 Α
1885 546 2271 615 (ξονι-ιιηιρίςιιθ
2301 547 2555 601 falsorum
2585 547 2971 601 catholicorum
3004 547 3345 614 improbitate
3365 549 3463 603 fu:-

184 639 279 701 pto
337 631 505 685 etiam
554 628 834 683 oculorum
884 635 1055 683 tentat
1094 616 1407 694 illecebras,
1446 631 1641 699 quibus
1691 645 1779 684 ne-

189 721 350 776 fando
378 727 603 789 aspectu
635 718 861 773 irretitis
899 717 1112 774 facilius
1150 720 1220 774 ad
1250 720 1554 775 scducenda
1582 721 1779 776 mentis

190 826 387 867 arcana
412 817 681 880 penetrat.
699 810 831 877 Quia
860 826 993 865 vero
1016 812 1232 867 nomine
1255 809 1460 865 funium
1492 811 1779 882 aliquando

190 902 369 956 solent
407 900 589 955 divina
641 908 905 971 pracepla
944 900 1199 969 ﬁgurari,
1240 916 1347 970 quo
1387 916 1416 955 a
1448 903 1647 957 nostris
1682 919 1780 958 nos

189 989 555 1060 voluptatibus
582 988 904 1044 coercendo
930 988 1184 1058 religant,
1213 990 1541 1059 promittunt
1570 1008 1630 1047 se
1673 993 1781 1047 hm-

192 1080 347 1135 retici
383 1088 638 1135 contextu
665 1080 955 1133 verborum
986 1078 1288 1133 caalestium
1314 1079 1531 1136 salubre
1552 1082 1664 1136 suis
1686 1095 1783 1134 au-

187 1172 457 1227 ditoribus
495 1171 650 1240 quasi
696 1178 923 1225 stratum
952 1184 1168 1239 parare,
1192 1170 1245 1224 in
1276 1186 1384 1240 quo
1411 1172 1666 1226 vitiorum
1699 1180 1783 1225 tu—

190 1261 451 1316 multibus
479 1260 652 1316 libero
680 1260 847 1315 corde
889 1260 1203 1329 quiescant;
1255 1260 1350 1315 sed
1380 1263 1649 1316 veraciter
1677 1262 1783 1317 illis

191 1351 410 1405 funibus
457 1359 807 1419 peccatorum
854 1358 1179 1405 construunt
1215 1349 1396 1406 locum
1441 1353 1782 1421 perditionis,

190 1443 284 1497 ubi
332 1423 591 1512 pcrpetuo
621 1442 789 1511 pedes
817 1455 1117 1509 manusque
1162 1441 1369 1513 alligati
1409 1442 1735 1498 damnentur
1766 1463 1778 1498 :

191 1532 260 1587 de
288 1548 396 1602 quo
417 1532 676 1587 Dominus
703 1531 760 1585 in
804 1530 1162 1600 Apocalypsi:
1199 1531 1268 1585 Et
1294 1532 1437 1599 dedi,
1483 1533 1672 1602 inquit,
1708 1533 1787 1587 illi

189 1633 417 1695 tempus,
456 1634 512 1674 ut
539 1620 894 1690 panitentiam
936 1630 1139 1689 ageret,
1181 1629 1228 1674 et
1261 1637 1366 1675 non
1407 1623 1514 1676 vult
1543 1625 1787 1694 pwnitere

190 1731 224 1765 a
255 1712 603 1780 fornicatione
630 1726 748 1764 sua.
785 1709 921 1764 Ecce
955 1711 1102 1764 mitto
1132 1726 1247 1765 eam
1289 1713 1345 1766 in
1380 1712 1590 1779 lectum,
1622 1724 1670 1768 et
1696 1716 1803 1783 qui

189 1802 519 1856 machantur
545 1817 663 1855 cum
678 1816 748 1855 ea
771 1801 826 1853 in
853 1800 1245 1855 tribulationem
1275 1804 1563 1857 maximam
1600 1804 1781 1875 (Apoc.

189 1892 292 1962 ιι).
316 1892 374 1945 ln
412 1891 682 1961 tapetibus
719 1905 847 1945 vero
875 1890 1036 1961 pictis
1064 1905 1129 1945 ex
1160 1890 1401 1964 IEgypto
1428 1887 1651 1949 o'rnatus
1677 1894 1787 1949 elo-
1818 1875 1864 1933 Β

190 1984 428 2052 quentiae
447 1990 503 2037 et
529 1982 827 2037 dialectica:
852 1982 989 2037 artis
1021 1985 1279 2052 versutia,
1308 2000 1428 2055 qua:
1458 1988 1526 2042 ab
1553 1988 1786 2043 ethnicis

189 2074 459 2145 originem
498 2075 749 2143 sumpsit,
778 2074 1121 2145 intelligitur,
1152 2092 1249 2145 per
1292 2094 1455 2147 quam
1503 2096 1655 2136 mens
1684 2082 1787 2136 hzc—

191 2166 366 2221 retica
414 2180 633 2220 sensum
666 2165 923 2219 doctrinae
966 2164 1301 2233 pestilentis,
1343 2168 1498 2235 quasi
1528 2170 1783 2223 meretrix

193 2258 414 2311 tliorum
475 2254 752 2319 facinoris,
812 2269 872 2310 se
935 2255 1134 2309 texisse
1194 2255 1477 2326 gloriatur.
1534 2258 1786 2315 Mantelia

192 2360 342 2400 nunc
379 2360 478 2414 pro
516 2342 826 2414 Operiendis
859 2342 1064 2398 mensis
1111 2351 1239 2398 sunt
1261 2384 1277 2410 ,
1325 2360 1447 2415 qua:
1474 2344 1558 2418 (ut
1589 2362 1785 2403 nomen

192 2437 373 2505 ipsum
407 2434 631 2505 indicat)
655 2434 785 2489 olim
812 2434 1087 2505 tergendis
1112 2433 1364 2491 manibus
1386 2437 1783 2505 praebebantur.

193 2526 402 2595 Mappae
424 2524 659 2579 convivii
679 2532 734 2577 et
756 2522 1039 2591 epularum
1071 2523 1445 2594 appositarum
1481 2533 1608 2581 sunt
1632 2530 1787 2596 quasi

191 2620 469 2674 manubize
512 2627 676 2688 atque
709 2616 779 2673 ob
801 2616 855 2671 id
884 2617 1196 2683 nominatas,
1224 2615 1378 2685 cujus
1407 2618 1786 2673 diminutivum

192 2708 463 2779 mappella
505 2716 587 2763 est
612 2709 726 2763 sive
765 2707 1031 2763 mandeba
1060 2722 1093 2763 a
1134 2709 1458 2764 mandendo.
1512 2709 1787 2765 Sabanum

192 2797 446 2853 Grascum
475 2804 578 2851 est.
595 2795 960 2868 Facitergium
985 2805 1041 2851 et
1060 2797 1454 2869 manutergium
1477 2814 1507 2853 a
1534 2801 1790 2871 tergendo

195 2886 394 2941 faciem
418 2886 503 2939 vel
530 2900 724 2939 manus
753 2893 1026 2940 vocatum.
1060 2884 1188 2940 Haec
1228 2885 1540 2942 linteamina
1582 2888 1650 2943 ad
1679 2887 1792 2943 olli-

191 2977 342 3031 cium
371 2991 571 3030 menszr
598 2976 890 3045 pertinent,
913 2985 967 3031 et
984 2977 1052 3031 ad
1079 2976 1437 3032 ministerium
1458 2980 1788 3049 humanum;

193 3067 295 3120 sed
325 3082 430 3119 non
464 3066 643 3119 minus
671 3066 739 3119 ad
766 3081 923 3119 usum
959 3065 1100 3120 sacri
1130 3066 1437 3133 ministerii,
1465 3076 1519 3123 et
1566 3070 1633 3123 ad
1678 3068 1794 3124 olli-

192 3156 343 3211 eium
402 3156 592 3210 altaris
636 3155 914 3224 pertlnere
970 3163 1309 3222 noscuntur,
1365 3160 1579 3227 quando
1631 3176 1794 3230 supra

194 3262 466 3310 mensam,
509 3246 614 3301 hoc
641 3254 748 3311 est,
783 3261 1000 3301 sacrum
1026 3247 1195 3302 altare
1234 3247 1546 3304 linteamina
1596 3254 1794 3307 munda

194 3349 497 3409 ponuntur,
528 3350 582 3393 et
610 3339 876 3409 mappulre
916 3341 1167 3395 manibus
1219 3342 1559 3396 sacerdotum
1597 3350 1651 3397 et
1702 3343 1797 3397 mi-

195 3432 498 3485 nistrorum
532 3418 805 3495 tenentur,
835 3439 894 3484 ut
932 3429 1161 3499 populus
1189 3446 1285 3486 eos
1318 3448 1533 3502 semper
1568 3435 1636 3489 ad
1666 3449 1789 3490 ser-

195 3522 394 3575 vitium
451 3521 547 3575 Dei
598 3529 814 3591 paratos
868 3520 1188 3588 conspiciat.
1242 3521 1366 3577 Vela
1424 3522 1606 3589 dicta,
1653 3523 1798 3594 quod

195 3613 416 3682 objecta
438 3599 551 3666 'suo
596 3611 857 3665 interiora
882 3611 1166 3666 domorum
1197 3612 1397 3667 velent.
1441 3614 1648 3681 Aulaea,
1678 3616 1797 3670 vela

198 3704 373 3773 picta,
403 3711 456 3756 et
486 3701 734 3772 grandia,
786 3716 907 3771 quae
944 3702 1064 3755 ideo
1096 3702 1216 3755 aula
1268 3702 1413 3757 dicta
1462 3713 1620 3771 sunt,
1654 3707 1800 3776 quod

198 3797 439 3867 primum
489 3796 542 3848 in
570 3793 689 3847 aula
717 3794 882 3848 Attali
916 3795 1057 3865 regis
1080 3794 1220 3850 Asia“:
1243 3835 1256 3860 ,
1302 3797 1389 3851 cui
1419 3799 1681 3852 successit
1706 3813 1800 3867 po-

202 3886 368 3957 pulus
418 3885 715 3948 Romanus,
752 3884 969 3939 inventa
1012 3892 1155 3938 sunt.
1188 3883 1425 3940 Cortinaa
1449 3896 1577 3942 sunt
1604 3888 1796 3953 aulaea,

201 3982 258 4035 id
287 3989 391 4042 est,
434 3978 553 4033 vela
580 3978 647 4032 de
672 3976 919 4046 pellibus,
949 3975 1131 4046 qualia
1154 3976 1206 4031 in
1248 3977 1434 4049 Exodo
1460 3978 1730 4049 leguntur,
1767 3998 1797 4034 a

201 4071 405 4142 quibus
422 4068 830 4125 tabernaculum
848 4069 1190 4124 extrinsecus
1208 4048 1508 4140 tegebatur.
1522 4048 1691 4125 Dicta:
1712 4089 1801 4127 an-

202 4173 319 4218 tem
349 4162 574 4215 cortina!
595 4175 626 4213 a
648 4160 834 4224 coriis,
874 4174 939 4213 eo
969 4160 1111 4227 quod
1136 4160 1286 4229 prius
1310 4175 1376 4214 ex
1403 4160 1629 4231 pellibus
1674 4162 1803 4218 fuis-

202 4263 333 4309 sent
355 4252 510 4306 factze
544 4268 558 4303 :
600 4250 741 4303 unde
764 4258 817 4303 et
865 4250 917 4302 in
950 4248 1141 4303 eodem
1172 4249 1522 4305 tabernaculo
1550 4251 1683 4323 legis
1715 4250 1803 4321 ju-

202 4346 411 4399 bcutur
436 4342 660 4397 cortinae
709 4341 821 4394 ﬁeri
851 4358 914 4395 ex
946 4340 1179 4411 pellibus
1224 4340 1455 4397 arietum
1496 4344 1676 4398 rubris
1698 4384 1712 4408 ,
1750 4353 1805 4399 et

199 4451 273 4490 ex
313 4432 543 4502 pellibus
584 4430 971 4500 hyacintliinis.
1003 4430 1189 4485 Cilicia
1234 4430 1443 4487 Arabes
1490 4444 1805 4504 nuncupant

198 4527 517 4579 velamenta
561 4523 685 4593 pilis
712 4539 993 4585 caprarum
1036 4532 1307 4588 contexta,
1344 4538 1412 4579 ex
1456 4526 1654 4595 quibus
1700 4528 1803 4582 sibi

203 4617 448 4672 tentoria
503 4614 727 4669 faciunt.
770 4612 894 4667 Vela
923 4613 1066 4668 enim
1104 4621 1159 4667 et
1190 4614 1429 4669 cortinas
1471 4624 1634 4687 atque
1678 4632 1805 4689 saga

204 4710 431 4765 cilicina
450 4709 501 4760 in
520 4705 869 4761 tabernaculo
898 4704 1329 4770 Domini,divino
1356 4715 1643 4777 princepto,
1661 4710 1808 4777 quis-

204 4802 341 4872 quis
372 4800 614 4854 Exodum
647 4796 853 4867 legerit,
878 4795 1018 4850 facta
1046 4797 1575 4867 poteritagnoscere,
1604 4807 1659 4853 et
1684 4799 1808 4853 inde

206 4893 540 4963 mysterium
606 4906 905 4961 congruum
964 4906 1099 4946 sano
1150 4907 1310 4947 sensu
1376 4892 1519 4947 valet
1577 4893 1805 4959 rimari,

209 4984 459 5041 maxime
499 4997 619 5035 cum
648 4982 721 5037 ibi
770 4982 957 5036 decem
987 4982 1212 5037 cortina:
1232 4982 1397 5052 jussu:
1430 4994 1555 5038 sunt
1584 4985 1699 5039 ﬁeri
1729 4985 1809 5038 di-

209 5089 504 5131 versorum
528 5070 769 5127 colorum
793 5071 971 5140 specie
990 5072 1252 5125 varietate
1284 5070 1649 5145 [variegaue];
1681 5074 1807 5143 quia

209 5152 409 5219 sancta
436 5159 757 5215 universalis
794 5159 1035 5214 Ecclesia
1062 5175 1129 5213 ex
1160 5158 1343 5213 multis
1372 5160 1666 5214 electorum
1692 5177 1813 5231 per-

211 5254 395 5316 sonis,
434 5269 501 5307 ex
532 5252 714 5306 nmltis
739 5267 837 5321 per
863 5253 1049 5306 orbem
1093 5251 1369 5316 ecclesiis,
1400 5268 1465 5305 ex
1504 5253 1670 5308 variis
1699 5256 1811 5308 vir-

215 5354 397 5401 tutum
448 5341 671 5395 ﬁoribus
728 5340 1064 5406 :cdiﬁeatur,
1122 5340 1275 5411 cujus
1324 5342 1501 5396 omnis
1555 5344 1815 5413 perfectio

214 5436 274 5491 in
333 5433 556 5487 denario
602 5445 829 5485 numero
858 5431 1184 5486 continetur.
1232 5431 1398 5499 Saga,
1442 5448 1597 5503 ergo,
1620 5434 1815 5503 quibus

212 5523 467 5594 operitur
496 5519 905 5574 tabernaculum
923 5560 937 5585 ,
969 5528 1208 5575 rectores
1237 5530 1362 5575 sunt
1390 5522 1645 5578 Ecclesia:
1691 5540 1815 5579 san-

215 5622 357 5674 σιω,
383 5623 622 5678 quorum
647 5607 911 5662 industria
946 5623 1009 5661 ac
1039 5607 1223 5663 labore
1261 5624 1427 5679 pecus
1454 5611 1692 5681 ejusdem
1722 5628 1813 5666 ec-

217 5702 402 5758 clesia:
433 5700 739 5771 protegitur
764 5708 924 5770 atque
946 5700 1247 5755 incessabili
1280 5718 1410 5756 cura
1440 5705 1679 5758 munitur
1706 5722 1717 5757 :
1751 5721 1817 5761 ne

222 5792 475 5850 videlicet
507 5791 613 5849 vita
645 5791 885 5859 ﬁdesque
902 5791 1195 5847 electorum
1222 5792 1475 5849 haeretica
1506 5793 1818 5851 seductiouc

1836 4574 1884 4631 Ι)

1884 634 2001 688 dari
2041 654 2053 687 :
2097 649 2164 687 ne
2190 636 2508 689 tentantium
2532 637 2783 691 vitiorum
2814 635 2975 690 sorde
3008 635 3316 689 attaminari
3353 654 3365 690 :
3399 654 3466 693 ne

1883 724 2262 793 temporalium
2302 726 2664 781 subsidiorum
2696 728 2873 796 inopia
2904 728 3072 795 possit
3101 726 3167 779 ad
3195 726 3467 781 tristitiam

1882 813 2092 869 deducL

2475 904 2701 960 CAPUT
2766 905 2883 960 XX.

2424 994 2500 1048 De
2536 994 2661 1047 lana
2702 1004 2749 1048 et
2796 994 2920 1049 lino.

1953 1085 2099 1139 Lana
2136 1099 2167 1139 a
2216 1085 2488 1149 laniando,
2515 1085 2568 1138 id
2598 1094 2705 1148 est,
2735 1100 2762 1136 a
2793 1085 3035 1139 vellendo
3071 1095 3261 1140 vocata
3292 1100 3305 1138 :
3349 1086 3475 1139 hinc

1884 1185 1939 1229 et
1964 1175 2133 1229 vellus
2176 1176 2400 1238 dictum,
2435 1175 2576 1243 quod
2619 1174 2769 1241 prius
2802 1174 2937 1227 lanae
2989 1175 3329 1240 vellerentur,
3366 1192 3471 1228 nun

1886 1263 2255 1317 tenderentur.
2290 1262 2485 1316 Linum
2536 1278 2599 1316 ex
2650 1272 2796 1316 terra
2850 1264 3042 1327 oritur,
3102 1263 3475 1331 deﬂexumth

1886 1369 2082 1409 nomen
2127 1353 2297 1421 cjusa
2328 1356 2517 1409 Graeco
2564 1372 2575 1407 :
2614 1370 2736 1407 nam
2792 1354 2955 1407 linum
3005 1354 3175 1409 Graeci
3221 1356 3474 1410 linarium

1886 1445 2093 1509 dicunt,
2130 1446 2242 1499 sive
2274 1446 2415 1513 quod
2448 1446 2517 1500 sit
2557 1445 2717 1499 molle
2748 1454 2802 1497 et
2844 1444 2983 1498 lene.
3018 1444 3251 1500 Possunt
3294 1456 3476 1500 autem

1889 1537 2113 1608 mystice
2142 1537 2194 1590 in
2218 1536 2359 1600 lana,
2399 1538 2523 1606 quia
2551 1538 2743 1592 ovinus
2773 1547 2856 1591 est
2884 1538 3120 1601 habitus,
3146 1538 3327 1591 omnia
3360 1539 3477 1606 pie-

1891 1629 2017 1682 tatis
2056 1636 2108 1681 et
2136 1626 2496 1696 simplicitatis
2526 1641 2711 1695 opera,
2751 1643 2870 1695 qua)
2917 1628 3182 1696 proximis
3211 1628 3478 1696 impendi-

1890 1730 2033 1779 nzus,
2082 1716 2275 1784 accipi.
2319 1714 2507 1769 Potest
2560 1714 2615 1766 in
2650 1714 2782 1777 lino,
2830 1716 2970 1783 quod
3001 1730 3064 1768 ex
3113 1723 3254 1771 terra
3298 1717 3481 1772 virens

1890 1808 2083 1871 oritur,
2115 1806 2208 1861 sed
2254 1806 2414 1874 longo
2466 1820 2529 1859 ac
2570 1805 2852 1873 multiplici
2901 1806 3164 1859 exercitio
3198 1807 3480 1861 humorem

1893 1898 2134 1952 nativum
2166 1899 2366 1952 amittit
2395 1906 2556 1967 atque
2577 1899 2642 1950 ad
2672 1899 2899 1967 gratiam
2924 1898 3047 1951 novi
3073 1898 3324 1970 candoris
3356 1910 3481 1967 per-

1891 1990 2054 2052 venit,
2082 1989 2367 2060 castigatio
2390 1996 2590 2043 nostrae
2618 1989 2798 2042 carnis
2829 1989 3087 2052 intimari,
3118 1990 3203 2045 Cui
3247 1990 3372 2045 dum
3401 1991 3483 2044 in-

1890 2083 2103 2151 genitas
2146 2082 2404 2136 vitiorum
2444 2079 2631 2135 sordes
2660 2094 2758 2148 per
2790 2081 3180 2134 continentiam
3230 2082 3484 2149 excoqui-

1892 2188 2035 2235 mus,
2062 2173 2279 2243 dignam
2310 2171 2553 2241 profccto
2573 2185 2713 2235 eam,
2741 2187 2847 2241 qua
2872 2171 3150 2227 Christum
3176 2172 3483 2236 induamus,

1890 2258 2338 2329 cﬁicimus,juxta
2365 2260 2493 2314 illud
2519 2259 2757 2329 Apostoli
2778 2278 2790 2313 :
2810 2259 3076 2330 Quotquot
3099 2277 3221 2330 ergo
3243 2261 3296 2315 in
3333 2261 3489 2315 Chri-

1891 2365 1970 2411 sto
2002 2356 2253 2425 baptizati
2298 2356 2455 2421 estis,
2508 2352 2773 2409 Christum
2806 2355 3050 2409 induislis
3082 2352 3225 2423 (Gal.
3255 2353 3359 2425 ιιι).
3416 2354 3492 2407 De

1890 2448 2010 2503 lana
2041 2464 2169 2519 ergo
2191 2459 2246 2503 et
2274 2447 2387 2502 lino
2416 2447 2471 2501 in
2498 2446 2809 2501 Proverbiis
2832 2446 2897 2500 de
2925 2444 3150 2500 muliere
3195 2444 3321 2498 forti
3351 2444 3489 2499 scri~

1892 2554 2041 2615 ptum
2071 2551 2155 2600 est
2201 2562 2213 2596 :
2250 2542 2503 2608 Quwsivit
2533 2540 2709 2593 lanam
2750 2549 2799 2594 et
2827 2539 3017 2603 linum,
3064 2546 3111 2592 et
3148 2547 3362 2606 operata
3411 2545 3486 2590 est

1890 2633 2108 2687 consilio
2156 2647 2409 2685 manuum
2448 2646 2667 2685 suarum
2700 2628 2883 2698 (Prov.
2916 2627 3090 2697 χχχι).
3126 2626 3330 2693 Quterit
3358 2640 3487 2694 ergo

1892 2722 2087 2777 mulier
2118 2721 2275 2776 fortis
2318 2720 2497 2774 lana'n
2538 2728 2594 2774 et
2638 2718 2827 2781 linum,
2871 2724 2926 2771 et
2976 2724 3233 2786 operatur
3262 2714 3487 2769 consilio

1893 2826 2149 2866 manuum
2180 2826 2425 2875 suarum,
2450 2824 2571 2864 cum
2598 2807 2829 2863 ecclesia
2871 2816 3055 2862 sancta
3101 2804 3333 2861 sollicite
3357 2820 3484 2873 per-

1893 2899 2291 2971 quirit,quibus
2314 2914 2371 2955 se
2398 2898 2617 2969 pictatis
2634 2896 2899 2952 fructibus
2928 2904 3200 2961 exerceat,
3217 2894 3491 2965 quomodo

1893 3007 1923 3045 a
1942 2989 2249 3045 carnalibus
2267 2988 2523 3044 emundet
2544 2986 2833 3052 illecebris,
2851 2986 3023 3041 ethoc
3044 2994 3338 3053 utrumque
3355 3000 3487 3038 con-

1894 3082 2015 3139 silio
2040 3080 2483 3153 prudentissimo,
2513 3080 2616 3135 hoc
2643 3085 2747 3142 est,
2774 3092 3023 3147 supernae
3046 3075 3383 3131 solummodo
3410 3089 3493 3128 rc-

1898 3172 2211 3228 tributionis
2239 3170 2369 3226 facit
2390 3170 2606 3224 intuitu.
2635 3168 2840 3239 Stuppa
2864 3183 2993 3222 vero
3022 3166 3251 3222 eaunabi
3278 3178 3362 3220 est
3382 3165 3497 3219 sive

1900 3262 1994 3317 lini
2024 3277 2039 3316 :
2065 3263 2180 3316 haec
2210 3260 2504 3315 secundum
2536 3258 2816 3328 antiquam
2847 3256 3291 3325 orthographiam
3315 3254 3492 3323 stippa

1900 3353 2066 3418 dicta,
2095 3352 2239 3422 quod
2260 3366 2328 3405 ex
2355 3366 2417 3405 ea
2448 3351 2599 3404 rimm
2627 3349 2842 3403 navium
2877 3348 3181 3419 stippentur
3212 3365 3223 3399 :
3257 3361 3329 3399 un
3352 3346 3399 3399 te
3443 3353 3499 3400 et

1901 3444 2229 3513 stippatores
2250 3442 2519 3503 dicuntur,
2548 3440 2639 3509 qui
2662 3441 2715 3493 in
2741 3438 2969 3493 vallibus
2992 3452 3111 3491 eam
3143 3445 3494 3506 componunt.

1902 3534 2028 3588 Haec
2050 3540 2230 3603 potest
2253 3530 2560 3602 signiﬁcare
2604 3532 2913 3598 despectam
2948 3528 3100 3587 verbi
3137 3527 3438 3581 doctrinam
3468 3541 3499 3579 a

1902 3623 2171 3692 superbis,
2204 3636 2325 3691 quae
2353 3628 2536 3674 tamen
2565 3619 2879 3688 frequenter
2905 3617 3126 3686 adjuvat
3161 3614 3505 3670 necessitati-

1900 3708 2344 3782 bus’pOpulorum
2362 3710 2415 3763 in
2436 3708 2688 3764 ﬂuetibus
2716 3706 2876 3775 hujus
2905 3707 3085 3762 saeculi
3114 3706 3499 3760 laborantium.

1903 3804 2103 3874 Byssus
2144 3816 2311 3873 genus
2355 3810 2437 3855 est
2466 3799 2737 3869 quoddam
2789 3798 2882 3851 lini
2933 3798 3160 3851 nimium
3205 3795 3417 3849 candidi
3446 3805 3503 3850 et

1904 3895 2226 3960 mollissimi,
2267 3893 2411 3963 quod
2468 3892 2641 3947 Graeci
2676 3902 2926 3961 papatem
2961 3896 3175 3943 vocant.
3230 3887 3307 3942 De
3336 3886 3502 3957 bysso

1904 3994 2119 4053 quoque
2146 3983 2201 4035 in
2231 3981 2541 4036 Proverbiis
2573 3982 2831 4049 scriptum
2878 3988 2961 4033 est
2993 3997 3005 4032 :
3055 3976 3254 4046 Byssus
3303 3992 3507 4045 quoque

1905 4084 1953 4128 et
1975 4089 2212 4143 purpura
2251 4072 2616 4125 indumentum
2650 4073 2765 4140 ejus
2795 4068 2977 4141 (Prov.
3014 4070 3190 4139 χχχι).
3225 4068 3429 4138 Byssus
3453 4068 3504 4121 in

1907 4164 2158 4219 castitate
2186 4178 2333 4232 pur-.c
2361 4162 2791 4217 conversationis
2822 4180 2833 4214 :
2875 4175 3116 4231 purpura
3159 4159 3215 4213 in
3243 4157 3508 4213 effusione

1906 4255 2124 4324 pretiosi
2151 4264 2450 4323 martyrum
2477 4253 2775 4323 sanguinis.
2802 4252 3004 4321 Byssus
3031 4265 3267 4319 namque
3288 4249 3505 4303 candidi

1907 4344 2104 4400 coloris
2126 4355 2209 4401 est
2235 4363 2246 4397 :
2274 4359 2577 4413 purpureus
2606 4352 2786 4396 autem
2816 4340 2963 4395 color
2992 4341 3059 4395 de
3093 4340 3354 4409 sanguine
3383 4354 3509 4394 con-

1909 4433 2211 4505 chyliorum
2239 4432 2575 4486 marinorum
2604 4431 2886 4501 tinguitur,
2927 4432 3071 4500 quol
3094 4439 3147 4484 et
3168 4440 3379 4484 ostrum
3406 4444 3505 4484 vo-

1910 4534 2085 4589 catur,
2118 4539 2183 4579 eo
2226 4523 2368 4593 quod
2394 4536 2459 4576 ex
2496 4529 2650 4576 testa:
2677 4522 2906 4575 humore
2936 4521 3189 4591 tingitur;
3222 4522 3363 4575 unde
3390 4518 3510 4590 pul-

1914 4620 2044 4673 cbre
2086 4617 2289 4672 dictum
2338 4624 2422 4671 est
2473 4631 2503 4669 a
2548 4615 2800 4669 Patribus
2844 4616 2971 4684 quia
3029 4624 3212 4669 sancta
3266 4615 3505 4670 Ecclesia

1915 4712 2211 4765 electorum
2242 4706 2467 4763 ﬁoribus
2503 4723 2757 4771 vernans,
2788 4708 2839 4761 in
2884 4722 3021 4776 pace
3066 4708 3265 4762 habeat
3286 4706 3414 4769 lilia,
3451 4705 3506 4760 in

1914 4800 2055 4856 bello
2088 4815 2260 4855 rosas.
2280 4799 2414 4852 ltem
2442 4798 2567 4867 quia
2592 4798 2787 4867 byssus
2816 4796 2881 4850 de
2916 4805 3063 4850 terra
3094 4797 3278 4851 virens
3308 4796 3506 4859 oritur,

1916 4891 2009 4945 sed
2032 4906 2131 4960 per
2158 4889 2577 4944 exercitationes
2614 4888 2802 4958 longas
2839 4903 2903 4942 ac
2932 4886 3279 4951 multifarias,
3306 4885 3509 4940 amisso

1918 4984 2144 5037 humore
2165 4996 2228 5036 ac
2249 4980 2429 5034 virore
2453 4980 2658 5044 nativo,
2681 4978 2747 5033 ad
2779 4980 3028 5034 decorem
3060 4978 3302 5033 candidae
3340 4976 3511 5031 vestis

1913 5073 2245 5143 perducitur.
2272 5070 2514 5141 Purpura
2537 5081 2717 5126 autem
2753 5070 2949 5141 regalis
2970 5079 3053 5125 est
3080 5069 3317 5124 habitus.
3341 5069 3513 5139 Bysso

1916 5163 2154 5217 induitur
2173 5161 2436 5226 Ecclesia,
2450 5176 2573 5216 cum
2591 5161 2861 5231 castigant
2880 5174 3106 5228 corpora
3138 5152 3236 5214 sua
3258 5158 3437 5221 electi,
3456 5166 3513 5212 et

1917 5250 2160 5307 servituti
2178 5248 2497 5316 subjiciunt;
2517 5265 2755 5319 purpura
2770 5256 2972 5314 autem,
2986 5263 3110 5303 cum
3123 5246 3369 5301 eamdem
3387 5262 3514 5303 cono

1918 5344 2203 5397 tinentiam
2235 5359 2342 5397 non
2374 5341 2443 5396 ob
2473 5341 2716 5395 favorem
2743 5340 2907 5410 vulgi,
2932 5340 3028 5395 sed
3054 5356 3155 5410 pro
3182 5339 3511 5410 acquirenda

1916 5436 2252 5491 beatitudine
2297 5436 2447 5507 regni
2473 5436 2727 5505 perennis
2773 5442 3049 5490 exercent.
3088 5434 3193 5490 Sed
3224 5436 3312 5489 hic
3339 5434 3511 5488 virtu-

1919 5534 2032 5579 tum
2061 5525 2278 5579 babitus
2304 5526 2353 5579 in
2386 5526 2635 5594 prazseuti
2663 5524 2881 5593 quidem
2909 5523 3274 5579 nescientibus
3299 5522 3514 5577 videtur

1866 5634 1876 5650 κ
1919 5617 2363 5685 contemptibilis,
2399 5617 2493 5671 sed
2540 5617 2592 5668 in
2628 5614 2841 5679 futuro,
2877 5613 3053 5683 qualis
3101 5612 3306 5677 fuerit,
3331 5611 3512 5666 mani-

1922 5706 2056 5762 feste
2084 5706 2311 5776 patebit.
2357 5705 2508 5761 Unde
2535 5705 2760 5775 pulchre
2789 5705 2841 5757 in
2870 5703 3195 5775 Apocalypsi
3225 5718 3323 5758 sua
3348 5700 3513 5757 Joan-

1923 5812 2016 5852 nes
2045 5806 2360 5854 sanctorum
2392 5812 2450 5852 se
2495 5811 2679 5854 vocem
2709 5796 2922 5853 audisse
2954 5796 3135 5864 refert,
3170 5794 3465 5851 dicentium
