3918 6346
435 394 544 452 579

1085 390 1146 444 B.
1187 386 1440 444 RABANI
1478 386 1696 443 MAURI
1733 384 2051 441 ARCIIIEP.
2093 383 2399 442 MOGUNT.
2445 383 2731 441 OPERUM
2767 384 2946 441 PARS
2984 385 3047 440 II.
3198 428 3217 455 ,

3613 391 3716 447 580

434 502 771 559 Gaudeamus
791 511 839 556 et
860 486 1175 558 exsultemus
1200 514 1218 553 :
1240 501 1366 571 quia
1392 510 1641 554 venerunt
1666 500 1862 569 ttupliw
1877 498 2021 567 agni,
2052 501 2101 561 Α
2129 506 2457 552 mentorum.
2488 496 2615 551 llaec
2662 504 2719 552 et
2764 494 3073 565 hujusmodi
3116 500 3279 563 bona,
3312 512 3439 555 cum
3486 500 3717 555 Domino

430 604 480 650 et
506 611 641 650 uxor
666 594 779 664 ejus
809 593 1119 663 prwparavit
1152 610 1229 658 se,
1253 603 1301 647 et
1331 594 1515 646 datum
1539 603 1614 647 est
1655 594 1721 655 ei,
1748 596 1803 645 ut
1838 607 2023 661 coope-

432 684 534 737 riat
583 701 637 738 se
687 684 949 754 byssinum
1001 682 1277 753 splendens
1329 683 1615 737 candidum
1648 682 1831 755 (Apoc.
1882 684 2020 755 χιχ).

430 776 713 845 Byssinum
764 776 909 829 enim
958 774 1378 843 justiﬁcationes
1422 784 1548 829 sunt
1588 784 1921 830 sanctorum.
1959 775 2027 830 Et

431 868 485 921 in
536 867 866 921 contrariam
916 876 1124 935 partem
1173 866 1320 937 byssi
1362 874 1418 920 et
1460 880 1714 935 purpura:
1753 866 2023 936 signiﬁca-

430 958 503 1013 tio
531 958 583 1012 in
629 957 924 1028 Evangelio
955 957 1212 1022 trahitur,
1244 957 1334 1011 ubi
1367 957 1442 1011 ita
1472 957 1671 1028 legitur
1697 972 1710 1011 :
1740 957 1871 1010 Erat
1906 958 2024 1026 qui-

425 1048 552 1102 dam
580 1050 751 1113 dives,
794 1050 883 1119 qui
926 1048 1245 1102 induebatur
1286 1066 1520 1119 purpura
1570 1060 1616 1103 et
1652 1050 1803 1119 bysso
1854 1048 2021 1117 (Luc.

426 1138 575 1208 xvi);
601 1137 691 1191 ubi
720 1137 1061 1193 saecularium
1090 1137 1405 1191 divitiarum
1426 1139 1649 1192 ambitio
1675 1138 2020 1207 exprimitur,

426 1244 547 1298 quae
584 1230 651 1283 ad
684 1237 895 1299 tempus
927 1229 1108 1283 avaris
1138 1229 1365 1295 arridet,
1415 1228 1511 1284 sed
1548 1230 1657 1284 cito
1703 1229 1929 1283 decidua
1956 1228 2023 1283 ad

424 1318 628 1375 luctum
658 1327 921 1373 aeternum
954 1334 1050 1373 eos
1077 1319 1348 1388 perducit.

1019 1429 1248 1486 CAPUT
1286 1430 1427 1484 XXI.

904 1499 980 1553 De
1016 1501 1277 1554 coloribus
1316 1502 1555 1554 vestium.

492 1589 739 1659 Purpura
789 1591 931 1660 apud
984 1590 1206 1645 Latinos
1243 1608 1273 1645 a
1324 1593 1561 1661 puritate
1614 1592 1753 1648 lucis
1794 1602 2017 1659 vocata;

421 1680 563 1749 apud
591 1679 813 1734 Grzecos
853 1687 1036 1735 autem
1068 1681 1342 1750 porphyra
1395 1680 1594 1734 dicitur
1641 1697 1764 1734 eum
1814 1682 2021 1749 aspira-

424 1771 593 1838 tione,
627 1772 770 1841 apud
812 1786 914 1827 nos
964 1788 1205 1842 purpura
1234 1773 1353 1826 sine
1397 1772 1746 1841 aspiratione.
1776 1771 2019 1843 Ferrugo

2128 595 2416 665 largiente,
2460 595 2815 663 percipimus,
2836 591 2952 661 jam
2994 592 3175 649 lanam
3225 594 3350 663 agni
3380 593 3719 648 immaculati

2128 686 2195 741 de
2217 684 2608 750 coloinfusam,
2639 685 2705 738 de
2725 684 2855 739 laeva
2878 684 2934 737 in
2959 685 3206 739 dextram
3229 684 3565 754 trajicimus;
3591 686 3719 754 quia

2128 774 2193 828 de
2222 774 2377 828 bonis
2406 773 2579 827 nostri
2628 773 3030 844 Redemptoris,
3081 774 3147 845 de
3200 775 3460 844 exemplis
3492 789 3718 843 operum

2127 864 2243 935 ejus
2274 866 2467 921 stolam
2506 866 2664 921 nobis
2693 865 2876 934 gloria:
2902 866 3164 930 caelestis,
3195 880 3261 919 ac
3284 875 3489 920 vestem
3538 866 3720 920 chari-

2126 959 2256 1012 tatis
2306 958 2601 1027 nuptialem
2661 958 2908 1012 facimus.
2950 956 3149 1011 Netum
3200 958 3366 1023 enim,
3423 960 3570 1013 unde
3631 957 3719 1011 ﬁla

2127 1049 2509 1113 conﬁciuntur,
2543 1049 2778 1103 laborem
2818 1048 3072 1117 exprimit
3103 1056 3378 1101 terrenum
3412 1064 3425 1099 :
3455 1048 3602 1100 unde
3623 1048 3720 1101 ho-

2125 1140 2300 1193 mines
2342 1138 2443 1193 sibi
2500 1136 2691 1191 futura:
2746 1138 3204 1191 remunerationis
3255 1146 3523 1207 apparant
3564 1137 3718 1190 indu-

2127 1238 2390 1284 mentum.
2423 1229 2501 1284 De
2528 1244 2634 1297 quo
2680 1229 2941 1283 Dominus
2968 1228 3023 1283 in
3057 1228 3368 1300 Evangelio,
3402 1229 3593 1283 volens
3620 1244 3719 1283 nos

2127 1320 2403 1374 retrahere
2429 1335 2457 1372 a
2488 1317 2759 1373 mundana
2786 1319 3249 1389 concupiscentia,
3277 1328 3330 1373 et
3368 1320 3433 1372 ad
3477 1318 3717 1373 futuram

2124 1409 2355 1480 gloriam
2384 1424 2719 1478 prmparare,
2759 1409 2836 1462 ait
2862 1426 2873 1461 :
2904 1406 3245 1461 Considerate
3267 1408 3378 1460 lilia
3420 1409 3562 1477 agri,
3591 1424 3722 1476 quo-

2124 1502 2277 1555 modo
2307 1512 2577 1566 crescunt;
2610 1517 2713 1555 non
2737 1499 2996 1565 laborant,
3023 1516 3186 1571 neque
3208 1508 3349 1563 nent,
3367 1507 3476 1553 etc.
3497 1498 3716 1571 (Manli.

2122 1591 2235 1662 v1.)
2268 1591 2489 1646 Stamen
2519 1585 2747 1656 dictum,
2770 1592 2895 1660 quia
2929 1598 3136 1644 rectum
3166 1596 3295 1644 stat.
3325 1589 3550 1653 Trama,
3574 1588 3719 1657 quod

2122 1685 2208 1738 via
2232 1693 2379 1739 recta
2409 1686 2813 1738 transmittatur
2836 1699 2934 1753 per
2958 1682 3122 1737 telam
3150 1702 3161 1735 :
3192 1690 3276 1737 est
3296 1682 3442 1736 enim
3468 1681 3617 1735 ﬁlum
3644 1682 3722 1735 in-

2124 1785 2206 1831 ter
2219 1786 2425 1830 stamen
2450 1791 2697 1841 currens,
2714 1791 2834 1844 quzc
2854 1776 2959 1829 duo
2982 1784 3208 1844 possunt
3229 1773 3538 1843 signiﬁcare
3557 1772 3717 1825 ﬁdem

420 1862 571 1918 color
612 1873 696 1918 est
731 1879 987 1934 purpura:
1030 1864 1327 1932 subnigrae,
1372 1878 1491 1933 qua:
1541 1862 1601 1918 ﬁt
1632 1864 1686 1918 in
1718 1864 1975 1935 Hispania
2004 1882 2017 1917 :
2050 1875 2097 1934 Β
2128 1876 2332 1922 rectam
2359 1868 2662 1929 cumbonis
2688 1867 2963 1935 operibus.

417 1967 520 2010 ut:
550 1952 847 2025 Ferrugine
888 1952 1067 2009 clarus
1120 1953 1299 2008 lbera.
1341 1954 1494 2008 Dicta
1539 1962 1720 2009 autem
1768 1954 2020 2026 ferrugo,

416 2044 564 2115 quod
586 2044 765 2099 omnis
790 2059 1031 2115 purpura
1054 2044 1232 2113 prima
1262 2044 1494 2099 tinctura
1530 2043 1797 2114 ejusmodi
1825 2046 2022 2101 coloris

418 2134 637 2189 existat.
667 2134 901 2190 Coccum
931 2133 1126 2195 Grmci,
1164 2148 1264 2187 nos
1295 2134 1519 2188 rubrum
1544 2148 1639 2189 seu
1665 2136 2022 2191 vermiculum

416 2224 649 2280 dicimus
678 2239 692 2279 :
720 2232 807 2279 est
854 2225 999 2279 enim
1028 2223 1386 2278 vermiculum
1412 2239 1479 2279 ex
1501 2223 1845 2279 silvestribus
1874 2224 2023 2279 fron-

417 2299 595 2371 dibus.
630 2316 859 2381 Coccus,
890 2316 1019 2386 quia
1042 2316 1183 2387 ignis
1212 2316 1379 2371 habet
1405 2316 1665 2387 speciem,
1703 2318 1895 2371 merito
1924 2314 2019 2368 ﬁa-

416 2407 779 2479 grautissimae
809 2415 1126 2462 sanctorum
1151 2407 1433 2461 dilectioni
1468 2415 1836 2476 comparatur.
1870 2406 2019 2461 Unde

414 2508 471 2553 et
510 2497 732 2567 quidam
764 2514 829 2552 ex
869 2498 969 2564 eis,
998 2498 1089 2567 qui
1124 2498 1298 2563 hanc,
1331 2508 1599 2567 praesente
1641 2507 1695 2553 et
1724 2499 2019 2554 comitante

414 2602 598 2644 secum
652 2588 916 2654 Domino,
946 2596 1349 2656 conceperant,
1396 2588 1611 2642 aiebant
1646 2605 1657 2639 :
1693 2587 1884 2642 Nonne
1929 2604 2020 2641 cor

413 2686 651 2732 nostrum
698 2676 890 2731 ardens
944 2686 1057 2730 erat
1108 2677 1163 2729 in
1216 2677 1394 2742 nobis,
1446 2694 1565 2731 cum
1612 2677 1912 2749 loqueretur
1962 2680 2018 2732 in

412 2768 517 2833 via,
564 2776 611 2820 et
661 2768 887 2836 aperiret
937 2768 1085 2822 nobis
1132 2767 1480 2837 Scripturas?
1524 2766 1675 2839 (Luc.
1706 2768 1880 2841 xxrv.)
1917 2768 2015 2824 Cui

411 2866 601 2913 contra
645 2858 711 2913 de
745 2858 989 2927 reprobis
1034 2858 1279 2913 dicitur:
1329 2858 1396 2911 Et
1424 2861 1673 2929 quoniam
1728 2861 2015 2915 abundabit

410 2948 682 3018 iniquitas,
714 2948 1012 3018 refrigescet
1037 2948 1268 3001 charitas
1291 2947 1575 3001 multorum
1592 2947 1810 3016 (Matth.
1834 2949 2010 3017 xxiv).

411 3035 538 3091 Παῖς
564 3038 721 3107 quasi
755 3038 839 3093 bis
866 3038 1169 3108 tinguntur,
1204 3052 1327 3091 cum
1357 3052 1542 3093 amore
1576 3037 1670 3091 Dei
1695 3046 1751 3092 et
1779 3037 2012 3106 proximi

412 3126 859 3195 ﬁammcscimus,
882 3145 1006 3185 cum
1026 3128 1179 3183 illum
1204 3143 1272 3181 ex
1300 3136 1410 3184 toto
1436 3128 1597 3183 corde
1617 3168 1630 3191 ,
1662 3136 1775 3183 tota
1807 3128 2006 3191 anima,

2691 1975 2920 2031 CAPUT
2957 1972 3102 2028 XXII
3130 2013 3145 2028 .

2636 2046 2722 2099 De
2783 2054 3192 2099 ornamento.

2195 2135 2526 2192 Ornamenta
2556 2144 2682 2190 sunt
2709 2135 2873 2200 dicta,
2918 2150 2985 2189 eo
3020 2134 3166 2203 quod
3217 2148 3407 2189 eorum
3438 2134 3591 2189 cultu
3622 2149 3719 2189 ora

2120 2228 2408 2297 vultusque
2439 2228 2783 2281 decorentur.
2808 2225 2864 2278 In
2893 2225 3229 2280 ornamentis
3250 2236 3431 2279 autem
3455 2225 3721 2280 virtutum

2122 2317 2415 2373 varietates
2465 2317 2551 2371 vel
2603 2316 2833 2370 diversae
2887 2315 3279 2370 charismatum
3330 2315 3550 2384 gratiae,
3601 2330 3722 2385 qua:

2122 2410 2334 2463 animas
2363 2408 2645 2461 hominum
2677 2413 2897 2470 ornant,
2947 2405 3172 2477 intelligi
3203 2414 3461 2475 possunt;
3494 2406 3641 2460 unde
3667 2407 3722 2461 in

2120 2498 2407 2554 Ezechiele
2434 2497 2693 2552 Dominus
2716 2495 3040 2550 adJudmam
3060 2495 3221 2565 dicit:
3242 2494 3403 2549 Indui
3433 2504 3483 2548 te
3512 2495 3724 2549 subtili-

2122 2590 2238 2655 bus,
2259 2598 2306 2643 et
2330 2590 2511 2641 ornavi
2546 2598 2594 2639 te
2616 2584 2831 2658 (Ezeclt.
2859 2585 2993 2656 xvi).
3018 2585 3092 2639 Et
3120 2584 3248 2638 alibi
3274 2584 3543 2653 scriptum
3569 2602 3580 2637 :
3610 2583 3719 2637 0r-

2120 2681 2238 2733 navi
2253 2690 2301 2733 te
2317 2680 2369 2731 in
2388 2678 2670 2732 monilibus
2686 2676 2821 2748 (Isa.
2840 2677 2971 2746 LXI).
2990 2676 3032 2729 E
3056 2676 3331 2730 contrario
3348 2689 3475 2729 vero
3498 2674 3551 2728 in
3569 2674 3721 2728 Salo-

2119 2788 2279 2827 mone
2300 2772 2374 2827 ita
2397 2771 2625 2840 legitur:
2657 2770 2793 2823 Ecce
2830 2769 3019 2822 mulier
3049 2768 3104 2822 in
3131 2778 3441 2822 ornamento
3471 2769 3718 2821 meretri-

2117 2864 2197 2918 cio
2235 2860 2431 2934 (Prov.
2474 2860 2625 2932 vu),
2677 2862 2784 2916 hoc
2817 2869 2927 2923 est,
2975 2860 3230 2915 lueretica
3286 2859 3569 2930 pravitatis
3622 2874 3718 2914 so-

2116 2954 2353 3025 phistica
2378 2954 2676 3018 locutione,
2705 2961 2761 3007 et
2788 2951 2927 3007 falso
2951 2952 3211 3006 virtutum
3234 2951 3437 3007 colore.
3467 2950 3715 3005 Primum

2116 3055 2497 3103 ornamentum
2529 3055 2612 3101 est
2649 3060 2875 3111 corona,
2913 3046 3123 3115 insigne
3150 3044 3395 3099 victoriae
3422 3044 3537 3098 sive
3576 3045 3714 3113 regii

2115 3141 2339 3196 honoris
2389 3141 2635 3211 signum,
2699 3156 2820 3209 quae
2875 3141 2927 3193 in
2996 3139 3174 3209 capite
3239 3154 3427 3209 regum
3492 3138 3717 3207 ponitur

413 3229 526 3276 tota
549 3221 774 3285 virtute,
803 3220 945 3276 sicut
970 3227 1025 3274 et
1044 3235 1144 3275 nos
1165 3220 1332 3290 ipsos,
1355 3218 1647 3289 diligimus.
1676 3219 2007 3290 Hyacinthus
2113 3233 2181 3286 ad
2228 3230 2610 3302 signiﬁcandos
2648 3228 3009 3284 circumfusos
3037 3230 3089 3282 in
3133 3228 3263 3283 orbe
3301 3227 3527 3298 populos
3547 3268 3561 3290 ,
3591 3227 3715 3297 qui.

409 3313 669 3383 quoniam
738 3312 883 3367 aeris
928 3318 983 3366 et
1038 3311 1161 3365 coeli
1206 3312 1459 3380 speciem.
1482 3312 1747 3375 imitatur,
1795 3325 2013 3365 eorum-

412 3413 534 3463 dcm
569 3416 779 3461 mentes
828 3405 1124 3461 electorum
1160 3406 1309 3459 omni
1366 3420 1459 3473 spe
1502 3413 1556 3458 et
1592 3405 1861 3461 desiderio
1899 3418 2012 3458 coa-

412 3495 571 3552 lestia
602 3505 908 3566 quazrentes
939 3494 1208 3565 signiﬁcat
1226 3513 1237 3547 :
1255 3494 1407 3563 cujus
1427 3493 1580 3547 nobis
1608 3493 1807 3547 coloris
1834 3508 2012 3546 sacra-

412 3596 654 3641 mentum
706 3587 1094 3641 commendans
1141 3584 1429 3655 Apostolus
1487 3585 1564 3637 ait
1615 3600 1627 3636 :
1684 3582 1742 3637 Si
1791 3601 2011 3637 consur-

414 3678 621 3730 rexistis
651 3694 769 3730 cum
800 3676 1033 3741 Christo,
1061 3693 1177 3747 quae
1221 3693 1433 3730 sursum
1481 3686 1601 3729 sunt
1649 3677 1888 3745 qurerite,
1922 3677 2011 3731 ubi

412 3768 652 3822 Christus
683 3778 780 3833 est,
813 3767 868 3821 in
900 3768 1087 3821 dextra
1116 3768 1212 3819 Dei
1239 3768 1421 3820 sedens
1454 3765 1591 3837 (Col.
1623 3768 1729 3837 ιιι).

997 3878 1225 3933 CAPUT
1259 3877 1425 3931 XXII.

844 3948 919 4000 De
956 3949 1313 4001 instrumentis
1352 3949 1589 4001 vestium.

485 4041 615 4095 Tela
641 4056 739 4109 pro
772 4039 1108 4109 longitudine
1140 4039 1431 4093 staminum
1473 4039 1633 4102 dicta,
1684 4038 1839 4110 cujus
1865 4040 2007 4095 deri-

415 4133 653 4187 vativum
682 4140 766 4185 est
798 4130 1143 4185 telaria.Tela
1166 4146 1262 4200 pro
1284 4130 1617 4201 longitudine
1637 4122 1853 4186 dicitur.
1886 4131 2009 4185 Sta-

415 4238 537 4276 men
568 4220 839 4291 signiﬁcat
878 4227 971 4272 aut
997 4219 1461 4289 prolongationem
1494 4218 1579 4272 vel
1612 4218 2007 4273 ordinationem

407 4312 597 4382 judieii
617 4330 628 4366 :
647 4311 788 4365 unde
812 4311 1006 4382 legitur
1031 4312 1084 4364 in
1110 4310 1377 4378 Propheta
1398 4329 1410 4363 :
1430 4311 1494 4363 Et
1513 4311 1669 4363 telam
1692 4328 1851 4381 quam
1866 4312 2008 4365 ordi-

413 4415 496 4459 tus
526 4414 598 4457 est
623 4419 776 4471 super
796 4403 1065 4455 universas
1098 4402 1335 4473 nationes
1358 4411 1511 4455 terra:
1538 4400 1675 4472 (Isa.
1693 4403 1854 4472 xxv);
1881 4402 2006 4470 quia

418 4495 675 4548 Dominus
740 4494 977 4561 undique
1039 4493 1260 4561 przcmia
1307 4490 1646 4559 iudicaturus
1708 4494 2003 4547 secundum

2114 3324 2215 3378 bus
2240 3322 2521 3376 accinctus
2554 3320 2708 3390 quasi
2740 3318 3098 3390 eaput'suum
3148 3328 3465 3374 coronatur.
3496 3317 3710 3373 Nomen

2114 3429 2329 3468 corona:
2352 3413 2454 3469 hac
2483 3430 2549 3467 ex
2576 3427 2738 3466 causa
2773 3420 3047 3475 vocatum,
3075 3426 3140 3465 eo
3168 3411 3309 3479 quod
3335 3410 3389 3465 in
3418 3410 3574 3465 initio
3595 3410 3708 3464 cir-

2112 3520 2233 3559 cum
2270 3519 2395 3559 aras
2430 3512 2779 3567 curreretur,
2816 3511 2979 3571 atque
3014 3502 3079 3555 ad
3118 3501 3405 3570 imaginem
3445 3500 3711 3554 circuitus

2111 3594 2198 3649 vel
2247 3594 2396 3649 chori
2430 3602 2514 3646 est
2562 3590 2793 3645 formata
2831 3599 2885 3644 et
2931 3590 3207 3644 nominata
3250 3604 3473 3643 corona.
3526 3588 3709 3657 Impe-

2112 3692 2322 3738 ratores
2353 3681 2581 3735 Romani
2608 3690 2662 3734 et
2688 3694 2843 3750 reges
2876 3680 3095 3747 quidam
3122 3679 3362 3749 gentium
3392 3678 3575 3732 aureis
3609 3694 3708 3732 co-

2113 3778 2260 3830 ronis
2285 3784 2510 3828 utuntur
2542 3792 2554 3828 :
2582 3773 2765 3828 Persa:
2785 3773 2951 3827 tiaras
2968 3783 3182 3841 gerunt,
3206 3770 3301 3825 sed
3322 3785 3483 3841 reges
3502 3778 3703 3833 rectas,

2110 3875 2343 3935 satrapa:
2378 3867 2651 3920 incurvas.
2684 3864 2922 3933 Reperta
2953 3871 3037 3917 est
3079 3871 3259 3916 autem
3288 3863 3429 3915 tiara
3459 3878 3488 3914 a
3524 3861 3702 3915 Semio

2110 3958 2319 4012 ramide
2350 3938 2711 4027 ~Assyriorum
2742 3957 2928 4026 regina
2955 3974 2967 4009 :
2998 3955 3143 4024 quod
3190 3970 3359 4025 genus
3393 3956 3703 4010 ornamenti

2109 4048 2304 4102 exinde
2330 4062 2498 4116 usque
2538 4048 2697 4101 hodie
2744 4063 2877 4117 gens
2921 4048 3035 4116 ipsa
3089 4047 3306 4101 retinet.
3338 4046 3703 4101 Athenienses

2111 4139 2254 4191 enim
2307 4139 2522 4192 cicadas
2576 4152 2771 4192 aureas
2830 4140 3089 4207 gerebant
3134 4138 3329 4207 partim
3374 4137 3426 4190 in
3471 4139 3697 4203 vertice,

2110 4228 2352 4281 nonnulli
2384 4228 2437 4281 in
2476 4226 2673 4281 fronte.
2711 4227 2831 4282 Non
2877 4228 3022 4283 enim
3054 4227 3244 4281 eadem
3289 4236 3418 4282 sunt
3467 4228 3700 4298 insignia

2109 4318 2351 4371 omnium
2401 4333 2714 4387 regnorum.
2767 4317 3059 4373 Gentilium
3106 4325 3258 4372 vates
3305 4316 3495 4383 infula,
3544 4322 3699 4389 apice

2107 4408 2246 4477 pileo
2274 4410 2389 4463 sive
2440 4409 2626 4477 galero
2656 4408 2966 4461 utebantur.
3007 4408 3217 4462 Corona
3248 4417 3431 4463 autem
3468 4410 3701 4480 mystice

2107 4508 2322 4553 teterme
2350 4500 2533 4568 gloriae
2562 4500 2866 4553 mercedem
2888 4514 2986 4567 pro
3006 4498 3213 4566 justitia
3238 4501 3534 4571 signiﬁcat:
3554 4502 3697 4558 unde

414 4586 631 4657 propria
659 4592 927 4654 praeparat
952 4582 1164 4635 merita.
1199 4581 1409 4645 Colum,
1436 4583 1577 4650 quod
1604 4582 1743 4635 sitin
1772 4581 2004 4653 longitu-

2115 4590 2395 4660 Aposmlus
2423 4592 2497 4643 ait
2522 4609 2535 4643 :
2570 4592 2776 4644 Bonum
2804 4603 3065 4646 certamen
3090 4594 3303 4657 certavi,
3333 4611 3547 4649 cursum
3576 4612 3695 4649 con-

411 4677 535 4730 dine
579 4684 634 4731 et
674 4674 1036 4737 rotunditate,
1084 4672 1237 4741 quasi
1284 4672 1552 4726 columna.
1604 4672 1808 4735 Fusus,
1858 4672 2001 4741 quod

410 4783 508 4837 per
536 4766 708 4835 ipsum
746 4764 1021 4829 fundatur,
1065 4764 1208 4833 quod
1246 4773 1429 4817 notum
1466 4770 1568 4816 est.
1612 4762 1667 4815 In
1706 4762 1824 4817 colo
1854 4763 2000 4816 enim

410 4860 801 4927 scripturarum
824 4858 1049 4913 scientia
1078 4858 1403 4926 exprimitur
1430 4876 1441 4911 :
1476 4866 1530 4911 et
1554 4858 1606 4911 in
1632 4859 1750 4911 fuso
1771 4858 1998 4912 intentio

409 4950 757 5005 discretionis
792 4967 805 5002 :
848 4949 991 5004 unde
1037 4950 1302 5018 scriptum
1343 4959 1425 5003 est
1476 4948 1530 5003 in
1584 4949 1893 5004 Proverbiis
1932 4949 1997 5004 de

409 5042 635 5099 muliere
667 5041 794 5096 forti
833 5060 845 5094 :
891 5040 1085 5094 Manus
1115 5042 1227 5110 ejus
1266 5042 1407 5095 misit
1438 5042 1505 5095 ad
1552 5042 1730 5111 fortia,
1764 5051 1810 5095 et
1847 5041 1999 5112 digiti

408 5130 522 5200 ejus
552 5129 1002 5199 appreltenderunt
1031 5130 1207 5199 fusum
1234 5128 1415 5201 (Prov.
1437 5130 1611 5203 xxxr).
1640 5132 1825 5186 Solent
1850 5133 1995 5186 enim

408 5223 625 5279 femina:
664 5231 874 5286 nentes,
916 5221 1091 5275 fusum
1125 5223 1177 5275 in
1211 5223 1451 5287 dextera,
1485 5222 1663 5277 colum
1708 5232 1891 5278 tenere
1939 5224 1994 5277 in

408 5316 651 5371 sinistra.
674 5314 729 5370 lu
755 5314 875 5369 colo
896 5315 1040 5368 enim
1086 5313 1207 5367 lana
1232 5314 1470 5369 involuta
1492 5325 1596 5381 est,
1620 5331 1739 5384 qua:
1780 5316 1867 5370 ﬁlo
1896 5317 1994 5371 du-

408 5404 580 5460 cenda
616 5414 671 5459 et
696 5403 875 5459 nenda
900 5410 1138 5458 transeat
1161 5403 1215 5456 in
1234 5402 1431 5458 fusum.
1453 5405 1731 5473 Saepcdum
1764 5407 1819 5459 in
1842 5405 1992 5460 Scri«

410 5494 586 5565 pturis
608 5495 827 5549 dextera
845 5494 1010 5548 vitam
1029 5502 1366 5563 perpetuam,
1382 5494 1512 5547 lmva
1539 5498 1825 5563 priesentia
1851 5496 1993 5551 dona

412 5582 507 5655 Dei
540 5582 807 5652 signiﬁcat
839 5602 849 5635 :
881 5584 1211 5652 opulentiam
1245 5583 1492 5639 videlicet
1542 5600 1720 5639 rerum
1747 5629 1759 5648 ,
1808 5602 1995 5655 pacem

414 5654 748 5740 temporum,
775 5672 1089 5741 sospitatcm
1121 5689 1428 5741 corporum,
1468 5676 1747 5728 scientiam
1783 5691 1997 5744 quoque

413 5759 847 5833 scripturarum,
901 5774 955 5818 ct
1008 5766 1307 5821 caelestium
1360 5766 1760 5834 perceptionem
1813 5782 1995 5831 sacra-

2104 4683 2381 4746 sumntavi,
2422 4682 2579 4749 [idem
2606 4684 2828 4746 servari,
2863 4682 2927 4735 de
2974 4682 3170 4752 reliquo
3196 4686 3423 4752 reposita
3460 4695 3535 4740 est
3564 4688 3697 4740 mihi

2104 4787 2295 4825 corona
2330 4772 2553 4839 justitia:
2593 4771 2677 4842 (ΙΙ
2730 4771 2862 4824 Tim.
2918 4770 3013 4842 iv).
3046 4771 3325 4837 Quomodo
3366 4774 3693 4844 spiritalium

2103 4860 2442 4929 profectuum
2499 4862 2894 4915 consummatio
2955 4862 3207 4931 provehit
3267 4862 3337 4917 ad
3389 4848 3688 4918 coronam:

2104 4960 2249 5005 recte
2272 4953 2465 5007 horum
2490 4966 2703 5021 quoque
2726 4953 3089 5006 remuneratio
3116 4954 3335 5009 nomine
3357 4967 3574 5008 corona;
3595 4969 3693 5009 vo-

2100 5044 2318 5109 citatur.
2375 5044 2506 5097 Item
2549 5058 2749 5098 corona
2812 5044 3198 5114 discipulorum
3244 5042 3458 5096 Domini
3507 5043 3686 5097 ambi—

2100 5141 2210 5187 tum
2246 5133 2327 5187 vel
2361 5134 2523 5187 totius
2560 5133 2813 5189 Ecclesize
2845 5143 3170 5189 conventum
3198 5132 3266 5187 ad
3292 5132 3570 5187 Christum
3612 5136 3688 5190 si-

2098 5221 2336 5291 gniﬁcat,
2354 5222 2419 5275 de
2440 5238 2547 5290 quo
2572 5221 2851 5291 psalmista
2881 5222 2957 5275 ait
2984 5238 2999 5277 :
3033 5219 3269 5275 Posuisti
3294 5222 3349 5275 in
3377 5223 3543 5293 capite
3568 5226 3685 5294 ejus

2097 5329 2343 5365 coronam
2389 5313 2452 5366 de
2507 5313 2679 5382 lapide
2726 5314 2952 5381 pretioso
2993 5311 3180 5383 (Psal.
3217 5312 3345 5383 xx).
3399 5314 3468 5369 Et
3497 5315 3680 5369 item:

2094 5401 2413 5467 Benedices,
2466 5403 2641 5470 inquit
2668 5441 2682 5465 ,
2737 5418 2982 5455 coronam
3026 5403 3153 5455 anni
3194 5402 3527 5470 benignitatis
3576 5412 3684 5458 tua

2095 5490 2278 5563 (Psal.
2318 5494 2496 5549 LXIV).
2546 5492 2757 5545 Corona
2794 5489 2938 5545 enim
2986 5504 3093 5544 non
3148 5489 3392 5558 improbe
3440 5492 3680 5545 circum-

2094 5583 2335 5636 euntium
2387 5580 2772 5649 discipulorum
2822 5578 3035 5634 videtur
3082 5577 3391 5648 signiﬁcare
3443 5593 3683 5634 conven-

2097 5685 2206 5730 tum
2240 5694 2251 5729 :
2288 5676 2413 5743 quia
2447 5675 2620 5743 ipsum
2647 5675 2928 5729 docentem
2952 5672 3371 5727 desiderantium
3401 5671 3681 5742 apostolo-

2097 5785 2216 5824 rum
2232 5768 2491 5825 circuitus
2510 5768 2777 5826 ambiebat
2800 5785 2813 5835 ;
2839 5769 2951 5822 hzec
2965 5772 3084 5821 erat
3110 5780 3310 5821 corona
3334 5764 3548 5837 capitis,
3571 5763 3679 5821 hoc
