3918 6346
481 395 591 455 585

1127 394 1186 448 Β.
1230 391 1481 447 RABANI
1520 386 1739 444 MAURI
1776 383 2094 441 ARClllEl’.
2139 379 2775 440 MOGUNT.‘OPERUM
2812 376 2991 433 PARS
3030 376 3090 432 ll.

3653 370 3752 428 εει

476 515 731 561 uameuta
755 506 1151 576 signiﬁcant,ct
1176 503 1511 557 armillamm
1528 501 1667 554 bona
1682 494 2063 568 opera,qualia
2091 502 2141 561 Α
2166 493 2327 558 Dedi,
2375 491 2566 561 inquit,
2632 488 2869 542 armillas
2895 488 2949 540 in
2974 486 3213 539 manibus
3242 494 3373 548 tuis,
3414 492 3465 537 et
3522 491 3755 552 torquem

476 593 726 650 Baiecca
755 595 963 666 accepit
988 595 1043 649 in
1073 590 1515 664 sponsalibus:et
1541 588 1731 642 mitras
1762 586 1955 655 capitis
1973 599 2065 638 or-

482 691 735 737 namenta
765 690 821 736 et
847 680 1258 746 discriminalia,
1298 687 1371 733 ἰιι
1416 677 1678 746 judicium
1716 676 1914 730 habeat
1955 672 2067 728 sin-

477 771 748 840 gulorum,
777 777 831 825 et
868 770 1235 842 periscelidas,
1283 768 1480 838 quibus
1515 774 1703 821 noster
1731 777 1950 835 gressus
1976 775 2066 817 or-

478 863 641 911 natur
671 875 683 910 :
718 863 780 911 ut
806 858 1085 912 audimus:
1108 856 1209 911 Pes
1233 864 1353 910 tuus
1379 870 1482 909 non
1503 854 1725 922 offendet
1744 849 1927 923 (Prov.
1956 847 2062 923 ιιι).

476 959 532 1005 et
561 968 574 1003 :
604 949 769 1003 Eruet
800 950 953 1020 pedes
979 965 1119 1004 meos
1151 966 1181 1002 a
1204 948 1361 1018 lapsu
1385 944 1558 1017 (Psal.
1584 944 1755 1016 xxiv).
1780 944 1848 997 Et
1877 957 2069 997 murte-

478 1040 654 1106 nulas,
697 1054 817 1108 quae
866 1040 983 1094 auri
1036 1048 1198 1109 atque
1249 1039 1458 1109 argenti
1512 1044 1770 1092 texuntur
1817 1033 2063 1104 virgulis,

478 1143 698 1183 sensum
720 1128 971 1184 videlicet
1002 1129 1427 1200 Scripturarum.
1472 1128 1539 1182 Et
1563 1125 1919 1190 oliactoriola,
1964 1132 2019 1179 ut
2050 1142 2061 1177 :

480 1216 677 1271 Christi
709 1218 871 1273 bonus
893 1219 1023 1273 odor
1046 1219 1209 1273 simus
1240 1217 1324 1289 (Il
1355 1217 1476 1270 Cor.
1509 1218 1591 1288 ιι).
1618 1217 1685 1271 Ει
1712 1217 1949 1280 inaures,
1999 1231 2067 1269 ne

485 1308 772 1363 audiamus
788 1307 1049 1376 judicium
1077 1309 1375 1379 sanguinis,
1406 1308 1499 1363 sed
1532 1307 1742 1362 Domini
1771 1308 1955 1372 verba,
1987 1306 2067 1361 di-

478 1397 681 1453 centis:
703 1396 805 1462 Qui
821 1397 972 1451 habet
988 1414 1139 1451 aures
1157 1398 1404 1451 audiendi
1422 1398 1603 1452 audiat
1621 1396 1811 1467 (Math.
1830 1412 1902 1457 xl,
1923 1394 2063 1454 xm).

473 1487 543 1541 Et
567 1486 793 1540 annulos
806 1486 1000 1554 quibus
1016 1486 1293 1555 signamur
1306 1488 1370 1541 ad
1398 1486 1609 1540 Domini
1630 1485 1896 1551 militiam,
1913 1501 2065 1555 quem

474 1576 616 1631 Deus
630 1576 852 1646 signavit
878 1575 1041 1630 Pater
1066 1576 1246 1648 (Joan.
1270 1584 1345 1649 vi)
1370 1595 1387 1640 ;
1412 1577 1552 1631 unde
1582 1576 1779 1630 dicitur
1807 1578 1874 1632 ad
1922 1577 2068 1646 prin-

476 1667 649 1736 cipem
680 1665 808 1737 Tyri
835 1684 847 1719 :
882 1664 957 1718 Tu
987 1682 1040 1719 es
1066 1666 1399 1737 signaculum
1428 1666 1789 1720 similitudinis
1825 1666 2063 1735 (Ezech.,

436 1790 445 1799 .
472 1752 821 1825 xxvr).Filius
852 1767 1065 1822 quoque
1092 1755 1352 1825 prodigus
1373 1754 1524 1826 (Luc.
1555 1754 1647 1821 xv)
1678 1769 1799 1808 cum
1818 1752 1953 1807 stola
1977 1770 2057 1808 re-

476 1845 619 1915 cepit
648 1844 907 1899 annulum
941 1853 1014 1920 et.
1041 1845 1408 1901 calceamenta
1437 1855 1492 1900 et
1522 1850 1763 1916 gemmas
1792 1846 1845 1900 in
1894 1846 2069 1900 fronte
2098 1839 2142 1898 B

472 1934 789 2002 pendentes,
808 1934 1003 2002 quibus
1029 1940 1215 1987 nostra
1232 1948 1327 1988 ora
1347 1934 1703 2000 decorantur;
1730 1935 1795 1989 de
1818 1933 1969 2002 cujus
1984 1948 2069 1988 ca-

471 2024 601 2092 pitis
644 2032 961 2078 ornamento
992 2031 1047 2079 et
1100 2024 1153 2077 in
1204 2024 1413 2094 psalmo
1445 2024 1671 2094 legimus
1707 2043 1720 2077 ε
1760 2023 1908 2079 Sicut
1967 2042 2069 2077 un-

473 2126 721 2185 guentum
756 2120 810 2169 in
839 2117 1029 2185 Capite,
1064 2118 1202 2187 quod
1231 2118 1495 2171 descendit
1537 2119 1592 2172 in
1637 2118 1851 2171 barbam
1893 2118 2070 2170 Aaron

474 2205 647 2279 (Psal.
673 2208 899 2277 cxxxn).
957 2207 1244 2262 Mutatoria
1269 2207 1422 2275 juxta
1450 2223 1727 2278 anagogen
1781 2207 1869 2260 illa
1923 2215 2067 2272 sunt,

473 2296 540 2352 de
562 2297 758 2367 quibus
784 2298 982 2352 dicitur
1007 2316 1018 2352 :
1047 2298 1207 2353 Ibunt
1236 2299 1300 2353 de
1326 2298 1511 2354 virtute
1533 2300 1587 2352 in
1632 2298 1869 2353 virtutem
1894 2295 2065 2368 (Psal.

474 2384 728 2456 Lxxxm).
758 2386 825 2440 Et
854 2386 1187 2454 linteamina,
1232 2396 1292 2442 ut
1336 2388 1470 2443 lauti
1518 2388 1573 2442 in
1608 2388 1837 2442 Domino
1865 2386 2071 2443 deliciis

473 2470 838 2546 perfruamur,
870 2478 1164 2533 secundum
1212 2480 1340 2534 illud
1394 2480 1535 2548 quod
1566 2480 1618 2533 in
1650 2479 1871 2549 psalmis
1902 2480 2072 2549 scrip-

478 2571 592 2617 tum
621 2571 704 2618 est
739 2578 753 2618 :
793 2564 1043 2620 Torrente
1072 2567 1355 2637 voluptatis
1396 2577 1500 2623 tua:
1544 2570 1749 2634 potabis
1777 2586 1862 2623 eos
1896 2568 2068 2641 (Psal.

474 2654 661 2725 xxxv).
708 2654 835 2709 llaec
876 2647 1055 2711 autem
1096 2658 1278 2711 omnia
1338 2659 1687 2728 perdiderunt
1743 2659 1865 2714 lilia:
1914 2658 2068 2725 Sion,

478 2734 604 2813 quia
634 2746 1049 2802 ambulaverunt
1067 2755 1287 2804 extento
1306 2749 1462 2816 collo,
1479 2757 1533 2803 et
1554 2750 1833 2805 oculorum
1856 2751 2073 2805 nutibus

484 2837 793 2907 superbiam
820 2838 1135 2907 gestierunt,
1160 2847 1416 2909 putantes
1471 2856 1582 2895 suae
1628 2856 1747 2895 esse
1798 2842 2070 2909 potentiae,

480 2928 628 2995 quod
661 2928 957 2995 habebant,
992 2936 1047 2983 et
1079 2944 1189 2991 non
1219 2932 1430 2987 Domini
1461 2933 1665 3002 gratim.
1709 2932 1918 2988 [labent
1945 2946 2073 2987 acus

471 3018 762 3083 mulieres,
822 3020 1017 3088 quibus
1074 3020 1306 3076 crinium
1355 3037 1616 3091 compago
1668 3024 1952 3091 retinetur,
2005 3040 2074 3081 ne

480 3106 659 3162 laxius
720 3105 933 3174 ﬂuant,
992 3117 1047 3164 et
1096 3111 1270 3179 sparsi
1319 3110 1651 3182 dissipentur
1704 3114 1908 3183 capilli.
1962 3114 2073 3169 Ha-

2166 587 2310 641 circa
2333 584 2523 639 collum
2545 594 2692 636 tuum
2720 583 2937 653 (Ezech.
2968 580 3101 649 xw).
3133 579 3211 641 Et,
3235 579 3290 632 in
3313 577 3515 633 malam
3543 587 3757 647 partem

2166 675 2225 733 in
2252 676 2391 731 libro
2416 673 2666 730 Judicum
2697 684 2715 723 :
2740 669 2947 726 Praeter
2980 679 3185 740 torques
3216 685 3405 723 aureas
3433 668 3756 722 camelorum

2168 766 2321 840 (Jud.
2367 764 2511 835 vni),
2566 764 2668 817 hoc
2717 768 2803 816 est
2852 766 3101 814 ornatam
3153 756 3521 825 eloquentiam
3566 771 3759 826 pecca-

2165 869 2365 914 torum.
2427 854 2681 910 Armillas
2730 853 2894 907 decus
2939 850 3119 920 operis
3162 848 3249 904 vel
3301 847 3542 912 virtutis,
3591 854 3652 900 ut
3706 846 3759 899 in

2164 948 2351 1006 Exodo
2388 966 2400 1001 :
2449 946 2565 1000 Viri
2621 961 2739 999 cum
2783 942 3089 998 mulieribus
3134 940 3471 1013 prwbuerunt
3522 938 3762 993 armillas

2167 1041 2364 1113 (Exod.
2393 1037 2577 1111 xxxv).
2606 1036 3065 1107 DextraliaLrecta
3095 1034 3358 1105 operatio,
3374 1032 3466 1088 ubi
3489 1040 3545 1087 et
3570 1046 3756 1100 supra.

2167 1130 2433 1185 Discretio
2454 1128 2579 1183 boni
2600 1126 2810 1197 et’mali,
2828 1126 2919 1180 ubi
2942 1133 2997 1179 et
3020 1140 3201 1195 supra.
3227 1122 3471 1178 Annulus
3499 1122 3757 1193 (utsupra

2168 1218 2423 1293 diximus)
2474 1218 2599 1273 ﬁdei
2651 1216 2986 1285 signaculum
3015 1215 3299 1284 signiﬁcat,
3355 1223 3416 1268 ut
3463 1214 3518 1267 in
3578 1212 3756 1266 Evan-

2170 1312 2308 1383 gelio
2334 1330 2350 1366 ι
2376 1310 2509 1364 Date
2537 1308 2792 1364 annulum
2822 1308 2876 1361 in
2912 1323 3074 1360 manu
3125 1306 3239 1375 ejus
3270 1304 3422 1375 (Luc.
3465 1303 3582 1374 xv).
3626 1301 3759 1356 Item

2170 1401 2403 1456 annulus
2424 1398 2727 1467 obsignatio
2756 1414 2926 1453 sacrm
2974 1396 3105 1465 legis
3133 1404 3216 1450 est
3267 1414 3281 1448 :
3320 1411 3427 1449 non
3449 1396 3596 1449 enim
3647 1409 3762 1446 om-

2170 1496 2329 1549 nibus
2351 1499 2501 1564 patet
2525 1491 2750 1561 mystica
2776 1498 2831 1543 ct
2867 1488 3077 1545 occulta
3108 1496 3309 1542 sanctte
3333 1486 3634 1555 Scriptum:
3674 1487 3758 1539 in-

2169 1584 2458 1654 telligentia
2486 1600 2499 1647 ;
2532 1583 2674 1636 unde
2723 1581 2986 1651 scriptum
3010 1588 3092 1637 est
3133 1581 3187 1635 in
3223 1579 3545 1649 Apocalypsi
3576 1596 3589 1632 :
3640 1577 3791 1631 Vidi'

2171 1674 2360 1728 librum
2402 1674 2457 1727 in
2519 1672 2735 1725 dextera
2778 1672 3004 1725 sedentis
3036 1673 3299 1741 signatum
3336 1670 3526 1740 sigillis
3569 1679 3763 1738 septem

2175 1766 2357 1836 (Apoc.
2398 1762 2482 1835 v);
2516 1772 2571 1819 et
2628 1764 2754 1818 alibi
2788 1782 2798 1815 :
2834 1761 3016 1816 Clausi
3056 1764 3248 1831 inquit,
3286 1762 3582 1831 signatique
3637 1770 3757 1813 sunt

2172 1871 2434 1908 sermones
2461 1849 2621 1924 (Dan.
2649 1851 2770 1913 xu).
2826 1842 3055 1921 Specula
3094 1866 3307 1919 quoque
3360 1859 3635 1918 praecepta
3679 1850 3758 1901 di-

2172 1945 2295 1998 vina
2348 1944 2461 1998 sive
2509 1942 2836 2012 exemplaria
2863 1941 3277 2011 praecedentium
3300 1948 3517 2010 patrum
3562 1937 3762 1991 intelli-

2172 2042 2371 2105 guntur
2418 2053 2431 2086 :
2472 2034 2613 2087 unde
2651 2032 2912 2101 scriptum
2944 2041 3026 2085 est
3066 2031 3116 2084 in
3152 2030 3336 2085 Exodo
3370 2048 3382 2083 :
3416 2027 3563 2082 Fecit
3596 2040 3644 2082 et
3684 2029 3762 2082 la-

2172 2124 2321 2177 brum
2360 2139 2551 2177 (ereum
2579 2138 2695 2174 cum
2729 2123 2840 2174 basi
2868 2138 2965 2173 sua
3009 2121 3073 2173 de
3097 2119 3319 2184 speculis
3361 2120 3643 2174 mulierum
3675 2139 3760 2175 ex-

2172 2215 2474 2267 cubantium
2526 2214 2579 2265 in
2630 2213 2760 2265 ostio
2792 2209 3114 2264 tabernaculi
3152 2210 3350 2281 (Exod.
3382 2211 3637 2282 xxxvm),
3662 2213 3759 2266 hoc

2170 2310 2256 2356 est
2280 2310 2591 2356 sanctarum
2604 2300 2930 2365 animarum,
2954 2315 3073 2368 qua:
3094 2301 3146 2354 in
3172 2302 3516 2355 observantia
3542 2302 3761 2355 manda-

2171 2403 2348 2447 torum
2375 2393 2471 2446 Dei
2498 2391 2736 2462 quotidie
2770 2390 3015 2460 vigilant.
3069 2390 3126 2444 ln
3154 2390 3414 2460 polymito
3449 2391 3603 2443 varia
3658 2392 3762 2445 vir-

2172 2492 2344 2539 tutum
2376 2484 2703 2539 charismata
2751 2482 3146 2552 intelliguntur,
3177 2490 3236 2535 ut
3258 2491 3342 2536 est
3373 2482 3502 2536 illud
3532 2482 3589 2535 in
3632 2482 3764 2538 Eze-

2171 2578 2343 2633 chiele
2372 2594 2385 2631 :
2427 2576 2570 2630 ι]ηωὶ
2601 2587 2648 2629 te
2688 2576 2798 2629 oleo
2828 2586 2874 2628 et
2906 2576 3079 2629 restivi
3105 2584 3150 2629 te
3180 2574 3526 2629 discoloribus
3543 2574 3759 2644 (Ezech.

2170 2672 2281 2739 xvn)
2306 2684 2320 2732 ;
2348 2674 2402 2721 et
2437 2670 2492 2719 in
2545 2665 2705 2719 aliam
2736 2674 2945 2735 partem
2978 2664 3371 2735 :Negotiatores
3393 2662 3489 2727 tui,
3524 2663 3631 2716 hoc
3658 2676 3757 2727 est,

2173 2754 2323 2827 Tyri,
2352 2754 2639 2809 involucres
2695 2753 2961 2822 hyacinthi
3007 2762 3056 2806 et
3094 2752 3465 2823 polymitorum
3508 2770 3761 2823 gazarum

2171 2849 2521 2918 pretiosarum
2547 2842 2766 2916 (Ezech.
2785 2842 2978 2914 xxvn).

2745 2953 2972 3011 CAPUT
3020 2952 3186 3010 XXV.

2792 3024 2869 3079 De
2899 3025 3141 3094 cingulis.

2247 3121 2467 3177 Cinctus
2494 3127 2579 3176 est
2606 3119 2714 3173 lata
2734 3133 2893 3183 zona,
2932 3125 2985 3171 et
3010 3117 3188 3170 minus
3211 3116 3315 3169 lata
3340 3116 3757 3181 semicinctium,

480 3199 611 3255 hem
658 3208 716 3255 θῐ
750 3199 991 3270 specu”:
1030 3202 1225 3270 (ιιιίὺιιε
1267 3203 1612 3259 COD-"iidem"!
1662 3204 1864 3259 “Illum
1890 3221 2067 3270 suum.
2100 3188 2143 3249 C
2175 3223 2230 3270 et
2245 3214 2525 3282 utriusque
2546 3209 2921 3265 diminutivum
2950 3208 3240 3277 cingulum.
3260 3206 3395 3262 Nam
3416 3224 3448 3261 a
3470 3209 3651 3263 cinctu
3668 3224 3764 3278 per

483 3300 571 3357 et,
625 3293 670 3347 si
729 3293 858 3363 quid
912 3293 1101 3351 deesse
1146 3294 1413 3362 viderint,
1478 3297 1680 3352 addunt
1716 3308 2068 3355 ornamento.

481 3384 700 3439 Habent
723 3394 778 3439 et
806 3386 1089 3453 theristra,
1116 3401 1237 3457 quae
1268 3404 1367 3443 nos
1384 3387 1548 3458 pallia
1573 3404 1861 3459 possumus
1894 3392 2077 3461 appel-

479 3476 616 3543 lare,
648 3478 847 3547 quibus
869 3477 1124 3533 obvoluta
1149 3485 1233 3534 est
1279 3487 1335 3533 et
1372 3478 1640 3545 Rebecca,
1672 3489 1726 3535 et
1752 3480 1914 3536 hodie
1942 3480 2077 3536 Ara-

481 3568 585 3624 biae
613 3584 679 3624 ac
721 3568 1126 3639 Mesbpotamiae
1166 3570 1483 3639 operiuntur
1510 3563 1747 3626 feminae.
1775 3571 1924 3627 Filiae
1947 3588 2075 3643 ergo

484 3652 617 3715 Sion
678 3668 903 3731 prOpter
958 3660 1267 3730 superbiam
1316 3677 1471 3716 suam
1534 3663 1886 3731 perdiderunt
1924 3678 2073 3729 acus,

485 3750 684 3819 quibus
722 3750 966 3805 omnium
1010 3758 1406 3821 praeceptorum
1454 3751 1637 3822 regula
1667 3751 2070 3821 stringebatur;

480 3841 835 3910 perdiderunt
874 3842 1116 3910 specula,
1146 3856 1265 3910 quae
1291 3843 1602 3897 obtulerunt
1627 3843 1680 3896 in
1706 3842 1913 3909 Exodo,
1964 3858 2077 3896 ma-

483 3942 680 3987 nentes
709 3932 763 3986 in
793 3932 1001 3987 foribus
1032 3933 1389 4000 tabernaculi,
1437 3933 1693 3988 mulieres
1740 3934 1805 3988 ad
1844 3934 2075 3988 lutercm

484 4021 701 4078 Domini
759 4022 1152 4078 fabricandum.
1210 4024 1286 4078 De
1339 4024 1535 4094 quibus
1589 4034 1643 4079 et
1700 4024 1901 4078 Paulus
1951 4040 2077 4093 apo-

486 4116 661 4171 stolus
687 4116 1012 4185 loquebatur
1050 4134 1062 4168 :
1104 4115 1354 4169 Videmus
1381 4127 1553 4170 autem
1595 4132 1731 4168 nunc
1760 4132 1854 4185 per
1896 4132 2076 4185 specu-

483 4207 595 4262 lum
638 4208 698 4260 in
743 4207 1021 4276 wnigmate
1067 4205 1116 4275 (1
1146 4204 1269 4260 Cor.
1300 4206 1441 4277 xm).
1474 4206 1786 4260 Amiscrunt
1824 4206 2076 4260 sindoucs

481 4309 540 4358 et
590 4299 774 4363 vittas,
810 4298 1004 4367 quibus
1032 4298 1349 4368 Operiebant
1402 4300 1673 4361 humeros,
1721 4306 1773 4350 et
1823 4296 2074 4352 ﬂuentem

484 4393 592 4448 huc
627 4398 790 4459 atque
811 4388 936 4442 illuc
954 4388 1194 4441 animum
1218 4386 1679 4456 constringebant,
1710 4393 1766 4439 et
1800 4386 2073 4452 theristra,

484 4497 594 4552 quo
623 4480 895 4534 tutissimo
918 4480 969 4532 in
994 4477 1215 4532 testibus
1242 4478 1560 4548 tegebantur
1578 4475 1911 4531 umbraculo.
1942 4476 2072 4531 ltcm

2174 3303 2588 3360 diminutionem
2631 3300 2903 3371 cingulum
2930 3300 3290 3353 nominatum.
3341 3297 3537 3353 Cinctu
3581 3308 3761 3353 autem

2167 3393 2397 3462 juvenes
2428 3391 2483 3446 in
2526 3390 2916 3446 exercitatione
2944 3390 3232 3459 campestri
3261 3389 3567 3445 verecunda
3615 3390 3761 3445 vela-

2174 3486 2331 3548 bant,
2382 3481 2525 3537 unde
2564 3491 2617 3536 et
2639 3482 2959 3551 campestris
3000 3480 3297 3535 dicebatur.
3328 3478 3609 3549 Cingulum
3633 3495 3763 3549 ergo

2177 3572 2473 3643 Spit-ilalem
2497 3571 2868 3641 operationem
2909 3570 3224 3640 signiﬁcat,
3289 3576 3349 3623 ut
3376 3577 3463 3624 est
3511 3569 3646 3624 illud
3705 3571 3760 3624 in

2177 3664 2387 3734 psalmo
2419 3682 2432 3717 :
2463 3662 2797 3718 Prcecinristi
2823 3676 2903 3713 me
2929 3660 3134 3726 lretitia,
3163 3670 3217 3713 ut
3260 3670 3429 3714 cantet
3474 3660 3567 3714 tibi
3592 3661 3760 3731 gloria

2179 3773 2291 3809 mea
2340 3764 2394 3808 ut
2441 3770 2544 3808 non
2588 3768 2912 3822 compungar
2961 3750 3134 3823 (Psal.
3168 3750 3340 3824 xxix).
3386 3751 3605 3808 Balteus
3652 3755 3761 3808 cit»

2178 3845 2360 3913 gulum
2416 3843 2653 3899 militare
2703 3852 2806 3907 est,
2859 3843 3033 3897 dictus
3091 3858 3188 3911 per
3228 3843 3349 3908 hoc,
3393 3843 3538 3912 quod
3584 3858 3653 3899 ex
3696 3858 3762 3898 eo

2179 3937 2331 4007 signa
2361 3935 2664 4005 dependent
2704 3933 2769 3987 ad
2816 3933 3293 4001 demonstrandam
3348 3933 3576 4004 legionis
3620 3935 3763 3989 milio

2179 4026 2312 4080 taris
2340 4039 2626 4088 summam,
2652 4023 2707 4077 id
2744 4030 2842 4085 est,
2869 4038 2963 4077 sex
2993 4023 3219 4077 millium
3252 4036 3655 4089 sexcentorum,
3692 4041 3758 4079 ex

2178 4131 2283 4185 quo
2315 4130 2540 4169 numero
2571 4122 2627 4168 et
2656 4113 2757 4183 ipsi
2787 4114 3091 4168 consistunt
3123 4133 3134 4167 :
3174 4115 3314 4168 unde
3344 4123 3400 4168 ct
3434 4114 3645 4170 balteus
3674 4116 3759 4170 di-

2178 4206 2347 4268 citur;
2370 4219 2473 4258 non
2495 4212 2602 4258 tam
2625 4203 2767 4274 quod
2782 4203 3033 4273 cingitur,
3050 4204 3144 4259 sed
3158 4204 3319 4259 etiam
3334 4220 3365 4259 a
3378 4221 3486 4275 quo
3500 4221 3648 4259 arma
3672 4206 3762 4261 de-

2176 4296 2433 4367 pendent.
2458 4295 2677 4349 Balteus
2704 4311 2832 4349 vero
2858 4297 3158 4352 accinctum
3182 4299 3440 4353 virtutum
3470 4298 3756 4369 signiﬁcat,

2179 4388 2290 4442 sive
2310 4385 2852 4455 circumspectionem
2904 4388 3119 4451 mentis,
3151 4396 3212 4440 ut
3240 4388 3467 4442 estillud
3492 4389 3546 4443 in
3568 4389 3761 4445 Dente-

2180 4478 2463 4533 ronomio:
2498 4476 2727 4529 Habebis
2766 4475 3021 4545 paxillum
3054 4478 3107 4530 in
3139 4478 3305 4531 balteo
3338 4478 3517 4549 (Deut.
3572 4480 3758 4551 mu),

487 4572 707 4625 inaures
745 4568 1050 4623 obedientia
1081 4567 1196 4622 sive
1228 4566 1532 4620 intellectus
1558 4566 1611 4619 in
1649 4567 1931 4634 scripturis
1960 4582 2073 4623 rcc-
2100 4540 2151 4598 D
2183 4568 2236 4622 id
2293 4576 2379 4622 est
2412 4567 2687 4622 stimulum
2733 4568 3161 4634 compunctionis
3206 4569 3259 4621 in
3314 4540 3763 4639 multiplicatione

488 4673 574 4716 tus
604 4660 928 4728 intelligitur
964 4658 1144 4713 :unde
1190 4658 1245 4711 in
1296 4656 1484 4710 Exodo
1540 4656 1641 4709 viri
1696 4672 1818 4710 cum
1885 4657 2072 4712 mulie-

488 4756 635 4810 ribus
678 4755 1032 4823 praebuerunt
1086 4751 1327 4806 armillas
1365 4758 1418 4804 et
1458 4750 1697 4815 inaures,
1750 4751 1973 4805 annulos
2022 4762 2075 4804 ct

488 4845 773 4900 dextralia.
807 4844 864 4898 lu
901 4838 1097 4898 malam
1129 4859 1260 4897 vero
1288 4851 1501 4913 partem
1534 4841 1823 4910 aliquando
1851 4840 1966 4895 lucc
1996 4841 2069 4895 si-

488 4935 885 5007 gniﬁcationem
936 4936 1181 4999 trahunt,
1204 4942 1264 4988 ut
1289 4942 1372 4988 est
1402 4932 1552 4996 illud,
1575 4932 1718 5001 quod
1747 4931 1815 4985 ob
1848 4930 2074 4987 fornica-

490 5028 687 5082 tionem
716 5026 870 5081 vituli
902 5024 1188 5081 conﬂatilis
1218 5026 1270 5080 in
1310 5024 1495 5080 Exodo
1535 5023 1751 5094 legitur,
1796 5023 1885 5077 ubi
1940 5023 2076 5078 dixit

486 5118 667 5171 Aaron
702 5136 714 5170 :
747 5116 933 5169 Tollite
963 5117 1175 5169 inaures
1191 5132 1379 5169 aureas
1417 5114 1480 5168 de
1510 5130 1737 5168 uxorum
1762 5123 1808 5168 et
1840 5112 2073 5182 ﬁliarum

489 5216 778 5261 vestrarum
820 5205 1059 5269 auribus,
1112 5207 1296 5273 afferte
1328 5206 1396 5258 ad
1427 5222 1507 5259 me
1536 5204 1735 5273 (Exod.
1770 5204 1962 5274 xxx").
2008 5204 2075 5257 Et

492 5297 545 5350 in
586 5294 725 5349 libro
774 5294 1025 5348 Iudicum
1057 5293 1273 5347 Gedcon
1325 5294 1389 5347 ad
1437 5292 1691 5362 populum
1736 5293 1871 5347 dixit
1900 5310 1912 5346 :
1939 5292 2075 5347 Date

490 5387 618 5440 mihi
654 5387 867 5439 inaures
903 5401 967 5439 ea:
1011 5384 1192 5454 prwda
1234 5393 1400 5437 vestra
1454 5383 1605 5455 (Iud.
1648 5382 1791 5453 vtu).
1854 5383 2074 5437 lnaurcs

494 5476 639 5529 enim
672 5489 865 5530 aureas
900 5474 1200 5538 lsmaeliue,
1242 5474 1293 5527 id
1335 5481 1419 5527 est
1467 5473 1782 5528 obcdientes
1844 5474 1945 5529 sibi
1986 5474 2077 5527 ha-

494 5565 624 5618 bere
671 5572 1085 5618 consueverunt.
1146 5564 1213 5617 Et
1256 5572 1377 5632 post
1438 5579 1630 5632 pauca,
1688 5564 2076 5632 fornicatusque

494 5664 570 5710 est
604 5695 620 5722 ,
676 5655 869 5723 inquit,
924 5654 1093 5708 Israel
1154 5658 1207 5708 in
1256 5672 1314 5708 eo
1364 5652 1571 5725 (Ibid)
1629 5655 1870 5722 rl‘orques
1932 5669 2072 5724 prte-

498 5744 785 5801 dicationis
855 5744 1432 5815 decusintclligitur,
1489 5756 1547 5801 ut
1604 5746 1655 5799 in
1728 5746 2063 5802 Ezechiele:

2179 4660 2459 4712 virtutum.
2515 4658 2583 4711 Et
2626 4657 2681 4711 in
2731 4657 2892 4713 aliam
2918 4668 3130 4728 partem
3162 4658 3321 4714 baltei
3350 4660 3675 4730 signiﬁcatio
3707 4663 3763 4716 tu

2178 4751 2298 4815 Job,
2328 4751 2418 4804 ubi
2446 4750 2640 4820 legitur
2669 4762 2687 4799 :
2717 4748 2961 4801 Balteum
3009 4766 3183 4817 regum
3224 4750 3486 4814 dissolvet,
3536 4762 3585 4805 et
3608 4768 3761 4821 ,prwo

2180 4845 2347 4914 cinget
2396 4844 2518 4912 [une
2560 4859 2703 4896 renes
2758 4858 2939 4895 eorum
2985 4840 3128 4911 (Job.
3157 4844 3277 4912 xu).
3328 4843 3476 4897 Zona
3509 4844 3762 4901 Caecum

2180 4943 2283 5000 est,
2312 4939 2492 5005 quam‘
2522 4933 2596 4988 illi
2626 4932 2905 4996 zonarion,
2938 4948 3036 4987 nos
3068 4932 3338 5001 cingulum
3363 4950 3759 5005 nuncupamus.

2182 5023 2497 5093 Strophium
2548 5030 2633 5076 est
2675 5020 2950 5091 cingulum
2980 5037 3201 5075 aureum
3231 5037 3355 5075 cum
3395 5031 3638 5093 gemmis,
3692 5030 3763 5085 de

2180 5131 2286 5185 quo
2332 5116 2407 5168 ait
2445 5114 2617 5169 Cinna
2654 5133 2666 5167 :
2700 5112 2943 5183 Strophio
2980 5112 3224 5167 lactentes
3272 5116 3442 5170 cincta
3491 5118 3761 5186 papillas:

2182 5206 2272 5259 sed
2305 5205 2657 5259 Prudentius:
2689 5223 2706 5253 ι
2738 5203 2941 5257 Nomen
2966 5203 3068 5257 hoc
3094 5219 3320 5273 gemma:
3339 5207 3765 5280 strophioilliga-

2178 5306 2296 5348 tum
2313 5306 2411 5347 est.
2428 5294 2604 5347 rZona
2621 5293 2763 5347 enim
2788 5291 3053 5361 signiﬁcat
3078 5292 3544 5348 mortiﬁcationem
3569 5310 3765 5363 corpo-

2181 5385 2255 5437 ris
2273 5401 2284 5436 :
2305 5384 2446 5437 unde
2460 5378 2742 5438 choanne
2760 5382 2999 5451 Baptista
3017 5382 3069 5436 in
3088 5384 3379 5453 Evangelio
3395 5386 3590 5455 legitur
3606 5403 3619 5439 :
3638 5387 3767 5456 Ipse

2178 5481 2350 5526 autem
2398 5472 2630 5550 Joannes
2674 5473 2894 5525 habebat
2948 5474 3304 5527 vestimentum
3335 5474 3399 5527 de
3421 5474 3541 5543 pilis
3582 5492 3764 5531 came-

2176 5561 2370 5628 lorum,
2429 5554 2475 5616 et
2533 5578 2664 5615 zona
2719 5561 2933 5631 pellicea
2988 5563 3127 5615 circa
3176 5562 3377 5615 lumbos
3430 5580 3553 5618 suos
3590 5582 3610 5618 :
3641 5583 3765 5620 esca

2178 5664 2348 5705 autem
2396 5652 2511 5721 ejus
2550 5660 2660 5704 erat
2696 5650 2894 5705 locusta
2925 5660 2972 5704 et
2999 5651 3099 5705 mel
3126 5652 3360 5706 silvestre
3396 5651 3615 5723 (Matth.
3652 5668 3761 5727 ιιι).

2175 5745 2313 5801 Ecce
2358 5746 2409 5800 in
2459 5743 2665 5800 Joanne
2698 5745 2874 5800 vilitas
2904 5745 3003 5802 (ibi
3050 5754 3101 5801 et
3133 5748 3438 5804 vestimenti
3485 5749 3765 5817 laudatur,
