3918 6328
189 403 295 460 585

1187 401 1275 456 DE
1310 397 1656 455 UNIVERSO
1695 397 1873 452 LIBRI
1913 397 2075 453 XXII.
2105 428 2173 439 —
2211 398 2340 454 LIB.
2378 399 2520 453 XXI.

3347 404 3450 459 586

189 527 421 584 quorum
434 512 753 569 exercitatio
770 511 829 565 in
852 510 1015 567 divite
1038 510 1315 580 arguitur;
1343 518 1389 564 et
1403 510 1542 580 pilis,
1569 510 1764 578 inquit,
1794 512 1847 570 Α
1871 508 1999 563 setis
2037 517 2216 574 suant,
2246 509 2300 563 id
2343 519 2446 575 est,
2489 521 2771 576 consuant,
2803 514 2958 581 quasi
2982 522 3206 571 setores.
3238 517 3448 588 Caliga-

187 604 431 669 habebat,
468 618 575 658 non
603 603 668 658 de
704 603 855 669 lana;
899 603 1025 674 quia
1055 602 1199 655 aliud
1239 609 1469 656 austera:
1497 602 1658 655 vestis
1691 602 1770 653 in-

188 695 389 751 dicium
414 704 521 761 est,
546 694 693 749 aliud
721 694 945 748 luxuria:
969 693 1248 747 mollioris.
1282 692 1427 746 Zona
1453 700 1629 746 autem
1653 690 1767 761 pel-

188 783 345 849 licea,
391 800 498 854 qua
553 785 829 839 accinctus
870 784 973 837 fuit
1018 792 1073 837 et
1120 784 1287 849 Elias,
1340 785 1769 839 mortiﬁcationis

185 874 491 947 symbolum
516 884 619 930 est.
648 874 819 929 Porro
838 874 981 943 quod
1003 876 1247 945 sequitur
1280 892 1292 927 :
1323 892 1440 929 esca
1467 887 1639 931 autem
1655 878 1769 946 ejus

182 978 299 1023 erat
314 968 533 1021 locusta:
579 976 629 1020 et
668 966 770 1020 mel
811 967 1041 1021 silvestre
1081 983 1098 1020 :
1140 968 1432 1023 habitatori
1464 968 1768 1025 solitudinis

182 1071 481 1129 congruum
509 1056 611 1111 fuit
646 1075 659 1110 :
687 1066 748 1111 ut
777 1071 883 1110 non
919 1056 1138 1111 delicias
1169 1054 1437 1125 ciborum,
1461 1059 1554 1114 sed
1579 1074 1767 1115 neces-

180 1152 403 1208 sitatem
432 1152 682 1206 humanae
706 1149 889 1205 carnis
930 1149 1188 1217 expleret.
1232 1149 1627 1205 Redimiculum
1658 1161 1764 1218 est,

182 1241 333 1313 quod
368 1242 788 1297 succinctorium
815 1241 929 1295 sive
956 1240 1161 1295 bracile
1195 1257 1587 1311 nuncupamus,
1621 1244 1765 1313 quod

180 1332 624 1401 descendensper
644 1332 935 1396 cervicem,
958 1340 1015 1387 et
1039 1349 1067 1387 a
1085 1332 1344 1388 lateribus
1366 1334 1489 1388 colli
1510 1335 1763 1400 divisum,

178 1430 534 1492 utrarumque
561 1422 769 1477 alarum
785 1425 935 1480 sinus
959 1426 1127 1483 ambit
1153 1434 1314 1494 atque
1343 1427 1470 1480 hinc
1490 1427 1613 1482 inde
1644 1442 1766 1481 suc-

177 1515 370 1586 cingit,
396 1524 456 1568 ut
479 1517 854 1586 constringens
880 1515 1244 1582 latitudinem,
1272 1526 1452 1573 vestes
1480 1519 1548 1573 ad
1569 1533 1766 1589 corpus

177 1604 490 1671 contrahat,
528 1613 690 1675 atque
730 1604 1100 1677 coniungendo
1128 1617 1439 1677 componat.
1472 1607 1585 1663 Hoc
1607 1608 1765 1680 vulgo

174 1696 384 1752 bracile
412 1698 567 1767 quasi
613 1698 889 1753 hrachiale
930 1699 1149 1763 dicunt;
1188 1700 1436 1769 quamvis
1477 1716 1620 1755 nunc
1655 1715 1763 1755 non

172 1786 549 1853 brachiorum,
580 1788 676 1843 sed
708 1804 899 1843 renum
930 1790 1001 1844 sit
1033 1790 1327 1859 cingulum.
1356 1790 1525 1859 Hujus
1547 1790 1762 1844 habitus

1876 599 1985 653 rios
2010 612 2161 665 vero,
2190 614 2295 654 non
2319 616 2349 654 a
2375 602 2510 656 callo
2532 603 2750 671 pedum,
2776 604 2871 658 sed
2892 619 2923 657 a
2946 605 3081 670 calo,
3106 606 3155 659 id
3184 616 3288 672 est,
3304 609 3447 679 ligno

1872 700 2113 752 vocatus,
2148 692 2263 745 sine
2288 706 2397 761 quo
2438 694 2626 747 consui
2662 694 3030 749 calceamenta
3057 712 3162 751 non
3198 709 3446 767 possunt,

1871 795 2006 848 quos
2033 781 2207 834 Grzeci
2254 780 2541 850 calopodas
2572 781 2775 835 dicunt.
2821 782 3047 837 Flebant
3088 796 3268 839 autem
3299 787 3450 855 prius

1871 888 1938 928 ex
1964 872 2128 928 salice
2153 881 2388 937 tantum;
2419 875 2544 928 hinc
2572 883 2627 928 et
2646 874 3009 930 calceamenta
3040 876 3204 941 dicta,
3227 879 3369 945 quod
3388 878 3445 933 in

1871 962 2009 1029 calo,
2028 963 2081 1017 id
2094 962 2333 1034 estligno
2358 964 2504 1029 ﬁant,
2521 966 2602 1020 vel
2628 967 2767 1035 quod
2785 967 3074 1033 calcentur.
3101 967 3449 1025 Calceamen-

1872 1060 1924 1106 ta
1949 1066 2078 1122 ergo
2100 1054 2327 1123 mystice
2354 1055 2661 1125 signiﬁcant
2689 1055 3126 1125 praedicationem
3158 1059 3307 1127 pacis
3328 1100 3342 1125 ,
3382 1060 3450 1114 de

1870 1144 2065 1214 quibus
2106 1145 2369 1214 propheta
2423 1146 2500 1200 ait
2548 1164 2560 1198 :
2606 1144 2777 1210 Quam
2839 1147 3056 1215 speciosi
3115 1156 3233 1200 sunt
3297 1162 3454 1217 super

1868 1242 2067 1287 montes
2123 1234 2274 1302 pedes
2317 1233 2783 1303 euangelizantium
2848 1251 3047 1303 pacem,
3108 1235 3450 1304 praedicantes

1871 1321 2105 1375 bonum!
2157 1321 2290 1394 (Isa.
2334 1323 2455 1395 LII.)
2484 1323 2551 1377 Et
2592 1323 2925 1392 Apostolus:
2962 1324 3215 1387 Calceati,
3255 1323 3449 1391 inquit,

1867 1412 2021 1480 pedes
2046 1414 2101 1466 in
2126 1414 2509 1482 praeparatione
2538 1412 2811 1482 Evangelii
2834 1415 2975 1482 pacis
3002 1414 3160 1483 (Epit.
3186 1414 3284 1483 v1).
3311 1413 3449 1469 Hinc

1870 1510 1927 1556 et
1964 1502 2019 1555 in
2070 1502 2355 1557 Ezechiele
2405 1503 2669 1571 scriptum
2703 1511 2828 1556 est:
2864 1501 3181 1565 Calceavite
3228 1503 3451 1571 hyacin-

1870 1592 2038 1655 thina,
2086 1591 2140 1646 id
2187 1599 2269 1645 est
2318 1607 2413 1660 spe
2444 1591 2673 1656 caelesti,
2727 1602 2773 1644 et
2806 1592 3177 1657 calceamento,
3204 1590 3453 1659 exemplo

1868 1681 2117 1737 videlicet
2139 1684 2553 1752 praecedentium
2582 1692 2814 1753 patrum.
2845 1684 2921 1738 De
2946 1670 3130 1752 quoin
3156 1683 3355 1743 .Exodo
3378 1682 3455 1736 le—

1869 1775 2062 1845 gitur:
2100 1773 2169 1827 Et
2218 1775 2568 1829 calceamenta
2610 1775 2860 1828 habebitis
2907 1776 2961 1827 in
3009 1775 3224 1844 pedibus
3268 1772 3452 1828 vestris

174 1877 625 1933 consuetudinem
651 1879 905 1933 monachi
944 1879 1324 1935 habuerumin
1350 1878 1761 1951 Egyplo‘wm-
1786 1872 1835 1930 Β
1864 1864 2060 1935 (Exod.
2118 1864 2239 1931 xu).
2302 1864 2435 1919 Item
2486 1865 2850 1919 calceamenta
2876 1879 3039 1933 opera
3082 1872 3209 1919 sunt
3254 1871 3457 1918 morta-

172 1976 473 2033 morantes,
504 1966 579 2021 ita
604 1976 666 2021 ut
690 1967 929 2023 brachiis
960 1968 1174 2038 impigri
1203 1968 1271 2023 ad
1296 1984 1459 2024 omne
1488 1984 1640 2039 opus,
1671 1984 1765 2023 ex-

172 2060 457 2131 peditique
481 2060 859 2126 redderentur,
886 2060 1016 2116 illud
1035 2061 1278 2131 Apostoli
1298 2070 1768 2132 praeceptumstu-

171 2149 367 2206 dentes
392 2150 541 2204 omni
562 2150 765 2204 virtute
789 2149 1061 2220 complere
1085 2169 1096 2203 :
1121 2150 1260 2219 Quia
1287 2166 1391 2204 non
1419 2151 1589 2205 solum
1614 2150 1762 2216 mihi,

172 2239 268 2294 sed
294 2240 454 2293 etiam
483 2239 566 2293 his
586 2239 677 2309 qui
697 2255 899 2293 mecum
928 2248 1099 2307 erant,
1121 2241 1552 2296 ministraverunt
1576 2259 1767 2296 manus

167 2329 291 2384 istic
313 2342 333 2380 :
370 2344 535 2399 neque
558 2344 747 2399 panem
778 2329 844 2381 ab
883 2328 1060 2399 aliquo
1089 2332 1255 2399 gratis
1312 2331 1761 2396 manducavimus,

166 2421 265 2478 sed
293 2422 351 2475 in
382 2420 560 2474 labore
583 2429 632 2474 et
655 2419 965 2491 fatigatione
994 2430 1142 2475 nocte
1164 2438 1226 2474 ac
1258 2422 1343 2475 die
1368 2430 1664 2491 operantes,
1704 2439 1767 2475 ne

166 2527 328 2583 quem
382 2519 608 2564 vestrum
644 2526 983 2579 gravaremus
1032 2508 1120 2581 (II
1169 2510 1349 2565 Thess.
1405 2509 1510 2584 ιιι).
1558 2510 1627 2566 Ει
1662 2530 1674 2564 :
1708 2509 1768 2565 Si

165 2600 293 2673 quis
338 2616 443 2654 non
488 2598 595 2655 vult
623 2600 855 2665 operari,
881 2617 972 2654 nec
997 2599 1274 2654 manducet
1298 2599 1511 2671 (Ibid.).
1542 2600 1767 2655 Succin-

167 2688 413 2746 ctorium
441 2695 627 2744 autem
668 2696 942 2752 vocatum,
968 2689 1111 2757 quod
1149 2688 1233 2757 (ut
1270 2690 1475 2744 dictum
1504 2688 1611 2761 est)
1666 2690 1766 2744 suh

166 2778 417 2836 brachiis
435 2779 657 2833 ductum
686 2778 895 2832 alarum
918 2780 1095 2832 sinum
1122 2777 1291 2832 ambit
1316 2786 1479 2848 atque
1501 2779 1767 2834 hincinde

167 2869 461 2939 succingit.
525 2867 958 2924 Succinctorium
1021 2877 1200 2923 autem
1256 2869 1526 2939 signiﬁcat
1568 2870 1765 2924 solida-

167 2968 420 3014 mentum
436 2955 665 3026 justitia:
694 2965 749 3011 et
773 2958 1021 3012 veritatis
1046 2973 1061 3010 :
1093 2958 1236 3012 unde
1262 2961 1522 3029 scriptum
1576 2969 1663 3015 est
1707 2961 1765 3013 in

164 3049 309 3106 Isaia
356 3047 424 3101 de
458 3046 687 3102 Domino
722 3062 736 3099 :
767 3047 837 3100 Et
866 3048 963 3100 erit
1005 3049 1222 3117 justitia
1260 3048 1525 3119 cingulum
1557 3048 1763 3102 lumbo-

166 3150 292 3187 rum
342 3132 480 3200 ejus,
530 3142 579 3186 et
618 3131 749 3200 ﬁdes
793 3134 1102 3186 cinctorium
1132 3150 1316 3187 renum
1338 3136 1452 3203 ejus
1485 3134 1619 3203 (Isa.
1650 3135 1760 3205 x1);

166 3225 297 3293 quia
329 3222 439 3291 ipse
462 3220 635 3287 factus
662 3231 739 3275 est
769 3221 915 3275 nobis
950 3238 984 3274 a
1028 3222 1141 3276 Deo
1183 3224 1437 3293 sapientia
1468 3236 1514 3276 et
1548 3226 1766 3294 justitia

167 3322 219 3367 et
242 3311 595 3379 sanctiﬁcatio
629 3322 677 3366 et
710 3312 991 3380 redemptio
1039 3312 1088 3383 (ι
1116 3311 1238 3367 Cor.
1272 3313 1313 3383 1)
1341 3330 1354 3377 ;
1385 3315 1475 3382 qui
1508 3315 1561 3367 in
1587 3316 1765 3369 Evan-

167 3411 317 3480 gelio
338 3409 667 3479 loquebatur
701 3424 713 3459 :
739 3408 853 3477 Ego
884 3424 999 3461 sum
1026 3406 1119 3460 tua:
1141 3415 1188 3459 et
1210 3408 1313 3470 via,
1359 3407 1462 3459 vita
1486 3418 1534 3459 et
1576 3410 1766 3461 veritas

165 3502 362 3574 (Joan.
417 3500 565 3572 xw);
628 3500 696 3554 de
720 3513 826 3567 quo
863 3499 917 3551 in
950 3498 1171 3567 psalmis
1197 3497 1393 3551 dicitur
1427 3516 1437 3549 :
1476 3496 1675 3551 Veritas
1706 3498 1771 3551 de

166 3603 318 3648 terra
379 3601 495 3645 orta
539 3600 633 3655 est,
678 3598 728 3643 et
774 3588 987 3658 justitia
1031 3587 1095 3640 de
1140 3586 1263 3640 cmlo
1299 3588 1560 3656 prospexit
1592 3586 1766 3657 (Psal.

166 3681 401 3754 uxxrv)
419 3697 433 3746 ;
462 3680 607 3736 unde
619 3688 674 3734 et
686 3678 974 3749 Apostolus
988 3679 1235 3732 hortatur
1248 3676 1510 3746 Ephesios
1521 3717 1534 3741 ,
1550 3676 1734 3731 dicens
1754 3694 1766 3728 :

167 3774 322 3831 State
342 3788 466 3841 ergo
517 3771 769 3825 succincti
799 3768 1000 3821 lumbos
1049 3777 1241 3820 vestros
1286 3768 1341 3820 in
1363 3770 1592 3830 veritate,
1626 3776 1672 3819 et
1689 3768 1773 3818 in-

164 3868 287 3922 duti
324 3864 495 3917 lorica
551 3861 779 3931 justitia:
829 3858 1047 3928 (Ephes.
1108 3857 1206 3928 vi).
1262 3856 1451 3911 Fascia
1508 3867 1613 3921 est,
1666 3870 1771 3926 qua

167 3958 386 4029 tegitur
411 3962 620 4023 pectus,
650 3960 706 4006 et
732 3949 944 4020 papillae
984 3948 1436 4017 comprimuntur,
1477 3958 1639 4015 atque
1675 3947 1778 4002 eri-

166 4034 374 4118 spante
405 4042 618 4113 cingulo
659 4040 939 4112 angustius
989 4047 1175 4108 pectus
1226 4046 1485 4101 arctatur,
1531 4048 1586 4092 et
1632 4039 1775 4093 dicta

166 4138 388 4200 fascia,
442 4132 586 4211 quod
635 4132 691 4185 in
741 4130 960 4185 modum
1008 4128 1254 4183 fasciculi
1306 4144 1501 4196 corpus
1563 4128 1773 4199 alligat;

167 4228 300 4283 hinc
330 4231 395 4277 et
442 4218 697 4283 fasciola,
744 4219 942 4288 quibus
971 4217 1200 4271 vulnera
1239 4217 1528 4285 alligantur
1558 4232 1572 4269 :
1602 4225 1780 4286 potest

172 4324 365 4371 autem
399 4312 457 4365 in
480 4309 648 4364 fascia
676 4308 905 4364 sollicita
943 4307 1141 4361 mentis
1170 4307 1415 4361 custodia
1452 4300 1611 4374 erga"
1634 4306 1779 4375 cogi-

169 4403 419 4460 tationes
465 4410 751 4468 perversas
812 4405 867 4449 et
925 4395 1191 4450 desideria
1248 4397 1438 4451 nociva
1510 4395 1775 4465 intelligi,

169 4508 340 4565 quam
383 4486 606 4551 mulier,
635 4486 737 4541 hoc
774 4495 881 4552 est,
912 4486 1085 4540 ﬁdelis
1110 4488 1292 4541 anima
1323 4487 1389 4540 ad
1412 4487 1779 4541 conservatio-

1871 1955 2058 2018 litatis,
2094 1954 2179 2009 vel
2208 1954 2453 2023 exempla
2501 1969 2792 2023 pravorum
2841 1955 3140 2019 hominum,
3176 1970 3206 2007 a
3257 1954 3458 2023 quibus

1870 2044 2138 2099 Dominus
2162 2044 2449 2114 Apostolus
2476 2044 2754 2113 prohibuit
2782 2044 2837 2097 in
2876 2043 3185 2114 Evangelio,
3218 2044 3404 2098 dicens
3437 2060 3452 2096 :

1872 2129 2053 2201 Neque
2103 2131 2456 2185 calceamenla
2513 2132 2786 2200 portabilis
2840 2132 2894 2185 in
2948 2131 3030 2185 via
3110 2130 3325 2202 (Matth.
3374 2130 3453 2201 Χ).

1869 2219 2074 2283 Ocrete,
2106 2220 2312 2293 tibialia
2335 2220 2701 2275 calceamenta
2725 2229 2868 2284 sunt,
2899 2221 3042 2288 quod
3065 2235 3225 2275 crura
3255 2228 3454 2286 tegant.

1868 2305 2130 2361 Cothur‘ni
2159 2314 2308 2371 sunt,
2337 2307 2532 2375 quibus
2574 2306 2957 2362 calceabantur
2986 2308 3235 2378 tragmdi,
3270 2308 3362 2376 qui
3399 2308 3455 2361 in

1870 2396 2082 2450 theatro
2110 2396 2307 2451 dicturi
2330 2404 2507 2460 erant,
2569 2405 2624 2448 et
2645 2395 2751 2449 alta
2780 2396 3153 2463 intonantiquc
3182 2410 3312 2449 voce
3340 2410 3461 2449 car-

1870 2486 2016 2541 mina
2057 2485 2350 2541 cantaturi.
2382 2485 2480 2539 Est
2521 2485 2665 2539 enim
2690 2484 3120 2540 calceamentum
3152 2484 3207 2540 in
3236 2484 3457 2539 modum

1866 2576 2231 2644 crepidarum,
2257 2590 2364 2645 quo
2392 2576 2587 2630 heroes
2607 2575 2935 2639 utebantur;
2959 2575 3053 2629 sed
3115 2573 3220 2627 tale
3247 2582 3352 2638 est,
3399 2580 3461 2628 ut

1867 2677 1920 2722 et
1974 2668 2165 2723 dextro
2225 2676 2283 2723 et
2336 2667 2470 2723 laavo
2524 2667 2811 2723 conveniat
2862 2668 3005 2736 pedi.
3061 2666 3233 2720 Soleae
3301 2675 3459 2733 sunt,

1867 2759 2063 2829 quibus
2093 2767 2303 2813 tantum
2325 2759 2520 2829 pedum
2545 2758 2741 2828 plantae
2772 2766 3041 2826 teguntur,
3095 2758 3250 2813 dicta:
3273 2773 3304 2811 a
3347 2758 3462 2813 solo

1865 2850 2079 2919 pedum.
2110 2849 2243 2903 ltem
2281 2849 2442 2904 soleae
2483 2848 2788 2903 materiales
2835 2864 2901 2902 ex
2934 2849 3163 2903 materia
3192 2848 3342 2902 corio
3382 2849 3463 2902 in-

1870 2948 2035 2995 texta.
2067 2939 2290 3010 Mystice
2320 2940 2480 2994 solea:
2527 2939 2641 2992 sive
2680 2938 2919 2993 sandalia
2947 2936 3324 2991 discretionem
3360 2935 3460 2990 do-

1867 3030 2059 3085 Ctrinte
2088 3030 2433 3100 signiﬁcant;
2481 3028 2625 3082 unde
2654 3029 2913 3082 Dominus
2946 3030 3000 3079 in
3042 3025 3333 3095 Evanger
3378 3039 3465 3079 se-

1867 3121 2101 3175 cundum
2150 3118 2390 3173 Marcum
2422 3117 2614 3187 (Marc.
2645 3116 2749 3186 vi),
2793 3116 2958 3185 jussit
3006 3113 3295 3183 discipulos
3354 3112 3463 3167 cal-

1793 3204 1839 3266 C
1872 3210 2016 3266 ceari
2042 3209 2207 3279 pedes
2255 3207 2513 3262 sandaliis
2539 3206 2620 3261 vel
2651 3207 2812 3261 soleis
2847 3224 2857 3257 :
2886 3216 3050 3272 utpes
3086 3218 3261 3273 neque
3294 3212 3467 3257 tectus

1872 3303 1959 3367 sit,
1997 3316 2099 3355 nec
2130 3310 2274 3354 totus
2312 3299 2488 3351 nudus
2541 3298 2608 3351 ad
2648 3306 2848 3351 terram
2885 3314 2896 3348 :
2927 3295 3069 3364 quod
3115 3294 3337 3364 mystice
3387 3294 3464 3347 si-

1871 3390 2109 3463 gniﬁcat,
2134 3399 2193 3443 ut
2234 3404 2334 3441 nec
2355 3387 2653 3441 occultetur
2678 3384 3049 3454 Evangelium,
3084 3398 3183 3437 nec
3231 3387 3467 3439 terrenis

1874 3482 2174 3539 commodis
2201 3481 2483 3534 innitatur.
2511 3477 2693 3542 Socci,
2721 3474 2875 3544 cujus
2898 3475 3273 3528 diminutivum
3296 3472 3468 3526 socci-

1874 3574 1931 3638 li,
1955 3572 2208 3641 appellati
2240 3572 2385 3633 inde,
2416 3570 2558 3637 quod
2581 3580 2799 3622 saccum
2838 3566 3092 3628 habeant,
3114 3565 3165 3617 in
3192 3578 3297 3631 quo
3337 3577 3467 3633 pars

1874 3664 2071 3733 plantae
2093 3662 2349 3729 injicitur.
2369 3658 2684 3713 Caliculte...
2710 3656 2928 3727 Caligze,
2954 3654 3086 3708 vela
3109 3646 3244 3707 callo
3268 3651 3467 3720 pedum

1876 3753 2053 3817 dictae,
2081 3751 2165 3806 vel
2193 3751 2317 3819 quia
2342 3750 2572 3818 ligantur
2604 3765 2616 3800 :
2646 3762 2773 3802 nam
2796 3744 2937 3799 socci
2962 3758 3067 3797 non
3096 3743 3350 3812 ligantur,
3374 3739 3468 3795 sed

1878 3853 2087 3897 tantum
2126 3843 2578 3896 intromittuntur.
2628 3836 2853 3893 Caliculi
2884 3850 3013 3889 vero
3046 3836 3159 3889 sive
3194 3834 3378 3903 caliga:
3413 3833 3468 3887 in

1876 3935 2100 3990 Actibus
2112 3932 2474 4003 apostolorum
2492 3931 2867 3986 describuntur
2880 3928 3017 3999 (Act.
3036 3929 3155 3996 xu),
3176 3928 3263 3981 ubi
3279 3927 3471 3981 Petrus

1878 4024 2164 4095 Apostolus
2192 4023 2386 4092 legitur
2417 4022 2485 4075 ab
2513 4021 2719 4090 Angelo
2760 4021 3085 4083 admonitus,
3122 4028 3177 4070 ut
3202 4018 3471 4071 calccaret

1880 4130 1937 4167 se
1987 4112 2177 4183 caligis
2212 4112 2343 4175 suis,
2369 4120 2423 4165 et
2468 4119 2784 4179 sequeretur
2817 4124 2961 4172 eum,
2993 4108 3137 4177 quod
3181 4106 3467 4177 signiﬁcat,

1880 4214 1941 4258 ut
1966 4204 2174 4259 solutus
2204 4219 2235 4256 a
2262 4202 2491 4256 vinculis
2531 4200 2762 4254 terrenis
2802 4198 3025 4252 liberius
3055 4198 3158 4251 iret
3183 4198 3249 4251 ad
3281 4197 3470 4266 praedi-

1883 4294 2149 4349 cationem
2174 4292 2470 4359 Evangelii.
2499 4290 2757 4360 Corrigite
2792 4305 2820 4342 a
2863 4290 3024 4342 coriis
3074 4296 3355 4349 vocantur,
3387 4286 3469 4340 vel

1885 4400 1915 4438 a
1953 4381 2315 4451 colligatione,
2347 4382 2500 4447 quasi
2537 4378 2782 4447 colligite.
2814 4375 3057 4445 Corrigia
3083 4390 3213 4444 ergo
3243 4375 3468 4443 mystice

1886 4474 2194 4543 ligationem
2242 4470 2549 4540 signiﬁcant
2591 4468 2875 4538 mysterii;
2907 4468 3046 4519 unde
3093 4465 3329 4520 Joannes
3366 4465 3468 4518 lia-

325 4586 415 4637 sui
462 4547 780 4645 sibimetipsi
820 4547 1070 4641 adhibet;
1108 4576 1250 4629 unde
1299 4576 1430 4630 dicit
1470 4575 1772 4644 propheta:
1804 4547 1855 4605 D
1880 4571 2045 4638 ptista
2074 4572 2139 4623 de
2165 4568 2392 4621 Domino
2435 4567 2545 4619 ait:
2600 4563 2765 4633 Cujus
2813 4581 2913 4616 non
2942 4580 3058 4615 smn
3099 4563 3285 4631 dignus
3310 4561 3473 4613 corri—

174 4679 445 4750 Nunquid
485 4686 653 4748 potest
699 4673 929 4730 oblivisci
980 4670 1171 4724 mulier
1208 4670 1501 4723 ornamenti
1534 4668 1640 4727 sui,
1687 4673 1777 4718 aut

174 4772 363 4827 ἀπίω
386 4768 673 4841 pectoralis
697 4784 806 4822 sure
824 4768 848 4819 ?
869 4774 975 4821 etc.
1008 4762 1140 4833 (Jer.
1166 4762 1250 4832 ιι).

784 4872 1011 4930 CAPUT
1042 4871 1229 4925 XXVI.

755 4945 826 4998 De
868 4943 1248 4997 calceamentis.

247 5039 488 5097 Sntores
507 5037 806 5107 nuncupati
820 5042 967 5101 sunt,
984 5032 1126 5105 quod
1146 5032 1365 5087 insertis
1382 5030 1471 5085 ﬁlo
1494 5042 1780 5099 porcorum

518 5738 799 5798 PATIOL.
843 5730 1003 5792 CXI.

1881 4664 2018 4733 giam
2049 4660 2386 4714 calceamenti
2411 4657 2604 4711 solvere
2644 4655 2837 4727 (Marc.
2869 4656 2929 4722 ι),
2980 4654 3031 4707 id
3072 4662 3173 4716 est,
3218 4652 3470 4721 mysteria

1886 4749 2274 4804 incarnationis
2306 4748 2422 4815 ejus
2455 4746 2695 4799 revelare
2721 4761 2735 4808 ;
2767 4743 2849 4796 vel
2876 4742 3069 4795 aliter:
3098 4739 3215 4795 Non
3251 4755 3371 4793 sum
3398 4738 3474 4790 di-

1886 4856 2023 4911 gnus
2054 4841 2169 4908 ejus
2192 4841 2556 4895 calceamenta
2594 4844 2834 4906 portare,
2860 4834 2913 4888 id
2933 4841 3036 4900 est,
3062 4845 3259 4887 nomen
3291 4828 3471 4898 sponsi

1888 4942 2018 4996 mihi
2051 4949 2329 5005 usurpare.

3084 5706 3153 5763 19
