3918 6346
411 285 525 365 es:

1045 287 1108 342 Β.
1149 282 1404 342 RABANI
1442 280 1666 356 MAURI
1700 277 2022 337 ARCHIEP.
2059 273 2372 335 MOGUNT.
2411 275 2700 335 OPERUM
2736 275 2917 333 PARS
2953 276 3019 333 II.

2113 460 3696 481 ...ψη-..ψ

1271 616 1571 699 LIBER
1623 614 2195 701 VIGESIMUS
2251 606 2828 693 SECUNDUS.

1849 793 2269 821 Η

925 914 1154 980 CAPUT
1190 911 1482 974 PRIMUM.

907 1011 985 1069 De
1034 1011 1226 1067 mensis
1271 1018 1319 1064 et
1349 1006 1500 1064 escis.
1818 1078 1821 1081 _

475 1117 689 1175 Primus
708 1103 971 1167 ’Daedalus
988 1092 1246 1162 mensam
1272 1109 1327 1158 et
1354 1097 1542 1157 sellam
1571 1098 1719 1156 fecit.
1746 1093 2005 1168 Coquinm

406 1216 723 1284 apparatum
769 1201 990 1274 Apicius
1028 1198 1247 1268 quidam
1293 1192 1499 1284 primus
1541 1188 1863 1260 composuit,
1909 1182 2003 1259 qui

391 1277 563 1358 iri-eo
606 1292 896 1366 assumptis
940 1290 1099 1346 bonis
1151 1293 1327 1342 morte
1365 1280 1670 1366 voluntaria
1711 1277 1895 1351 periit,
1947 1286 2004 1333 et

403 1393 635 1456 merito,
683 1364 809 1459 quia
859 1386 906 1441 is
958 1383 1053 1454 qui
1100 1381 1237 1455 gulae
1299 1364 1463 1449 atque
1506 1374 1760 1433 edacitati
1810 1372 2000 1437 servit,

402 1492 459 1541 et
491 1482 729 1538 animam
769 1488 823 1533 et
852 1491 1049 1546 corpus
1102 1471 1380 1528 interﬁcit.
1430 1470 1514 1524 Ab
1540 1483 1638 1523 esu
1681 1474 1751 1525 et
1781 1478 2002 1520 comesu

402 1588 604 1631 mensae
642 1572 847 1627 factum
890 1564 1211 1624 vocabulum
1237 1578 1252 1617 :
1277 1561 1483 1617 nullum
1522 1550 1668 1614 enim
1714 1555 1879 1609 alium
1905 1554 2003 1607 ha-

401 1667 495 1725 bet
529 1680 708 1720 usum.
759 1662 1006 1731 Coquere
1039 1672 1169 1728 ergo
1210 1651 1479 1725 signiﬁcat
1521 1649 1747 1705 verbum
1784 1641 2002 1701 Domini

401 1754 673 1813 subtiliter
702 1754 757 1807 in
785 1749 948 1807 corde
995 1748 1192 1803 debere
1236 1741 1508 1808 meditari,
1559 1732 1663 1794 hoc
1711 1743 1810 1801 est,
1861 1750 1999 1806 qua-

399 1847 447 1902 si
497 1852 676 1901 mente
719 1844 1067 1911 decoquere:
1120 1835 1277 1905 cujus
1328 1834 1479 1890 verbi
1531 1828 1901 1901 frequentatio
1945 1827 2001 1881 in

400 1934 540 1990 libro
586 1931 813 1988 Levitici
864 1928 1153 1999 reperitur.
1227 1922 1523 1979 Comedere
1577 1918 1724 1975 enim
1772 1916 2002 1989 mystice

399 2025 670 2098 signiﬁcat
712 2024 880 2080 verba
930 2021 1108 2076 divina
1152 2016 1470 2088 spiritaliter
1524 2027 1762 2079 sumere,
1807 2019 1863 2066 et
1905 2025 2002 2081 pa-

398 2120 543 2174 nem'
566 2116 737 2180 illum,
787 2114 879 2183 qui
920 2113 987 2167 de
1021 2109 1159 2164 caelo
1193 2105 1471 2163 descendit
1499 2102 1681 2176 (Joan.
1730 2101 1808 2173 vi)
1846 2100 2001 2155 avide

400 2209 700 2272 delectare;
758 2203 902 2259 unde
942 2203 1000 2257 in
1051 2199 1202 2257 Joele
1226 2197 1545 2267 ascriptum:
1604 2193 1675 2247 Et
1717 2191 1998 2247 comedetis

2029 923 2085 981 Α
2109 902 2241 965 dicit
2263 900 2553 978 Apostolus
2582 916 2597 957 :
2629 901 2893 959 Habentes
2931 908 3107 956 autem
3149 900 3341 955 victum
3366 907 3416 955 et
3446 900 3711 969 vestitum,

2106 999 2245 1065 sive,
2286 1001 2347 1052 ut
2372 996 2429 1051 in
2457 988 2580 1050 aliis
2606 990 3005 1063 exempiaribus
3040 989 3288 1061 legimus,
3321 986 3590 1045 Habentes
3616 988 3718 1060 σιξ.

2105 1100 2283 1147 menta
2326 1098 2374 1144 et
2411 1078 2731 1159 operimenta
2775 1086 2855 1138 his
2896 1084 3125 1139 contenti
3166 1085 3330 1141 simus
3356 1083 3413 1157 (I
3441 1081 3582 1138 Tim.
3614 1079 3713 1156 vr).

2105 1183 2185 1239 Ac
2212 1183 2259 1259 sl
2297 1177 2504 1236 diceret
2541 1192 2557 1233 :
2595 1172 2807 1233 Sufﬁcit
2846 1170 2935 1230 illa
2983 1172 3207 1259 habere,
3261 1186 3382 1246 qua:
3432 1178 3502 1230 ad
3556 1189 3715 1230 usum

2107 1280 2235 1330 sunt
2283 1268 2442 1327 nobis
2488 1267 2814 1337 necessaria.
2880 1261 3006 1321 Haec
3060 1258 3203 1320 enim
3259 1260 3506 1319 fruemur
3566 1260 3714 1328 sola;

2107 1373 2303 1420 caetera
2332 1373 2465 1418 vero
2497 1356 2545 1417 si
2593 1358 2866 1415 cumulata
2915 1354 3143 1422 fuerint,
3170 1350 3292 1410 aliis
3317 1340 3717 1423 relinquamus

2107 1452 2166 1511 in
2192 1452 2434 1511 modum.
2488 1449 2765 1507 Habentes
2802 1454 2989 1506 autem
3031 1444 3284 1508 alimenta
3327 1454 3383 1500 et
3408 1445 3716 1514 operimen-

2106 1552 2184 1611 ta,
2214 1552 2271 1599 et
2296 1544 2383 1598 his
2411 1538 2651 1597 contenti
2679 1538 2855 1593 simus
2878 1548 2893 1591 :
2916 1536 3265 1606 cperimenta,
3296 1532 3572 1605 inquiens,
3606 1547 3717 1587 non

2104 1632 2432 1703 uestimenta,
2465 1640 2527 1687 ut
2578 1628 2635 1686 in
2681 1628 3002 1699 quibusdam
3050 1626 3261 1681 Latinis
3309 1619 3717 1695 exemplaribus

2104 1737 2214 1783 non
2253 1724 2473 1798 proprie
2522 1720 2873 1793 exprimitur,
2922 1720 2983 1775 id
3019 1727 3136 1785 est,
3190 1733 3311 1788 quae
3341 1727 3542 1787 corpus
3589 1729 3718 1785 ope-

2105 1820 2269 1883 riant,
2319 1826 2431 1871 non
2463 1826 2584 1885 quae
2624 1812 2855 1867 amictus
2889 1809 3062 1878 gloria
3085 1806 3452 1865 blandiantur.
3482 1802 3719 1875 Opulsu-

2106 1910 2180 1981 tia
2228 1910 2296 1965 ab
2336 1915 2437 1978 ope
2479 1900 2623 1962 dicta
2669 1910 2770 1969 est,
2817 1912 2982 1975 quam
3026 1901 3076 1955 si
3132 1894 3412 1962 discutias,
3470 1894 3719 1951 invenies

2106 2014 2226 2056 eam
2256 2006 2444 2055 tenere
2477 1995 2698 2051 modum
2726 2012 2739 2047 :
2769 2004 2895 2047 nam
2924 1992 3195 2062 quomodo
3222 1989 3541 2060 opitulatur,
3571 1986 3719 2058 quod

2103 2090 2331 2145 nimium
2378 2097 2501 2144 est:
2531 2096 2657 2142 cum
2697 2081 3093 2139 incommodius
3141 2081 3232 2146 sit,
3277 2092 3442 2149 quam
3486 2075 3720 2148 parum?

2104 2180 2404 2253 Opulentiie
2450 2174 2634 2232 autem
2684 2188 2881 2229 nomen
2925 2187 3033 2227 non
3085 2170 3261 2226 solum
3296 2168 3365 2223 ad
3405 2165 3719 2237 corporales

398 2254 700 2363 vescentes:
735 2304 784 2349 et
835 2254 1219 2356 saturabimini,
1256 2254 1325 2343 et
1354 2254 1667 2341 .laudabilis
1715 2281 2003 2336 Dominum
2030 2271 2079 2332 Β
2108 2283 2217 2338 res,
2247 2264 2347 2326 sed
2370 2268 2534 2326 etiam
2579 2267 2649 2321 ad
2691 2262 2965 2363 spiritales
2991 2260 3255 2363 pertinet
3284 2254 3413 2329 quia
3440 2270 3573 2327 opes
3601 2254 3720 2313 flio-

398 2389 570 2445 Deum
595 2376 837 2442 uestrum
863 2382 1024 2456 (laet.
1071 2380 1154 2453 ιι).
1180 2380 1356 2434 Torus
1386 2377 1586 2434 dicitur
1613 2391 1645 2429 a
1684 2373 1843 2430 tortis
1884 2374 2007 2427 her-

397 2480 505 2546 bis,
545 2492 666 2550 qua:
712 2471 1147 2533 acnumbentium
1173 2468 1416 2525 humeris
1456 2472 1852 2538 supponuntur.
1889 2459 2002 2517 Sti-

399 2571 621 2627 badium
666 2583 697 2621 a
739 2565 1015 2636 stipitibus
1062 2563 1299 2629 dictum,
1352 2559 1505 2631 quasi
1558 2557 1847 2627 stipadium
1880 2576 1893 2611 :
1926 2557 2007 2612 sic

401 2664 549 2722 enim
590 2661 743 2733 prius
780 2659 1040 2729 scriptum
1089 2662 1194 2711 est.
1244 2652 1562 2709 Convivium
1614 2651 1757 2721 apud
1785 2649 2007 2705 Graecos

400 2770 434 2810 a
478 2751 878 2823 compotatione
922 2747 1256 2818 sumposion,
1297 2744 1438 2815 apud
1494 2759 1596 2800 nos
1641 2757 1773 2798 vero
1813 2757 1846 2795 a
1874 2755 2007 2796 con-

395 2845 550 2912 victu
587 2842 793 2897 rectius
834 2837 1154 2910 appellatur,
1206 2836 1293 2891 vel
1345 2834 1472 2905 quia
1509 2834 1635 2888 vitae
1686 2830 2005 2888 collocutio-

402 2952 530 2992 nem
580 2935 766 2990 habet.
827 2920 961 2987 item
1031 2929 1340 2986 convivium
1387 2943 1419 2983 a
1471 2925 1818 2981 multitudine
1874 2938 2002 2978 con-

402 3027 739 3087 vescentium
779 3044 791 3079 :
828 3040 957 3080 nam
1006 3023 1215 3094 privata
1258 3034 1444 3076 mensa
1499 3020 1674 3074 victus
1714 3024 1830 3082 est,
1876 3031 2006 3071 eon-

402 3128 607 3185 vivium
629 3140 740 3181 non
759 3130 863 3179 est.
892 3119 1139 3178 Convivii
1168 3117 1364 3187 triplex
1391 3122 1475 3172 est
1492 3115 1685 3171 modus
1716 3130 1731 3168 :
1772 3112 2008 3168 discum-

402 3219 591 3289 horidi,
630 3215 848 3281 edendi,
869 3223 925 3269 et
943 3211 1162 3268 bibendi
1208 3207 1643 3273 :discumbendi,
1690 3213 1753 3260 ut
1798 3222 1812 3258 :
1850 3202 2009 3258 Turis

402 3310 543 3382 iussi
574 3306 919 3364 discumbere
948 3304 1128 3373 pictis.
1160 3301 1367 3356 Edendi
1403 3308 1458 3355 ct
1489 3297 1730 3363 bibendi,
1761 3304 1858 3382 ut:

536 3401 798 3461 Postquam
822 3398 970 3458 prima
996 3394 1139 3455 quies
1161 3391 1336 3461 epulis,
1362 3401 1646 3461 mensaeque
1666 3380 1872 3461 remotae
1885 3422 1900 3449 ,

537 3455 764 3514 Crateras
794 3455 998 3519 magnos
1018 3461 1259 3515 statuunt,
1288 3459 1341 3502 et
1362 3455 1474 3502 vina
1499 3456 1747 3501 coronant.

408 3545 727 3604 Convivium
782 3551 962 3597 autem
1016 3537 1240 3609 mystice
1297 3535 1411 3590 sive
1461 3542 1663 3589 sancta:
1713 3530 2008 3600 Scriptum

2110 2369 2239 2416 runt
2258 2358 2401 2431 (sic),
2429 2358 2533 2413 hoc
2557 2362 2663 2420 est,
2701 2351 2905 2408 divitiae
2932 2360 3180 2405 terrenae.
3214 2347 3476 2403 Similiter
3504 2354 3561 2400 et
3586 2356 3723 2416 opes

2108 2454 2373 2509 virtutum
2422 2450 2480 2504 in
2530 2443 2829 2517 Scripturis
2872 2444 3146 2513 leguntur,
3196 2449 3317 2511 quae
3360 2437 3535 2508 magis
3580 2433 3721 2492 divi-

2108 2552 2221 2600 tem
2250 2537 2787 2601 faciunt‘hominem,
2839 2548 3004 2603 quam
3033 2529 3235 2587 divitiae
3273 2528 3543 2593 terrente;
3587 2526 3721 2599 quia

2109 2646 2178 2689 ex
2208 2632 2435 2688 terrenis
2469 2628 2775 2691 desideriis,
2802 2639 2869 2681 ex
2900 2617 3195 2694 cupiditate
3220 2616 3469 2678 saeculari
3501 2620 3723 2676 crucia-

2111 2724 2199 2780 tur
2246 2722 2459 2777 animus
2488 2717 2769 2775 hominum
2802 2734 2815 2770 :
2850 2730 2919 2771 ex
2967 2725 3153 2769 amore
3197 2717 3380 2766 autem
3411 2710 3721 2766 caelestium

2114 2816 2420 2875 consolatur
2468 2822 2523 2866 et
2559 2811 2829 2881 pascitur;
2880 2805 3026 2862 unde
3071 2805 3365 2876 Apostolus
3412 2803 3481 2858 ad
3535 2798 3720 2857 Timo-

2113 2912 2296 2966 theum
2343 2901 2590 2962 scribens
2630 2898 2706 2955 ait
2748 2918 2760 2952 :
2802 2897 3063 2953 Divitibus
3086 2895 3247 2964 hujus
3275 2892 3456 2949 swculi
3491 2893 3722 2962 ρτωσίρε

2109 3016 2215 3055 ηοη
2235 2995 2455 3054 sublime
2475 3008 2656 3065 sapere
2677 2996 2837 3062 neque
2858 3004 3069 3063 sperare
3094 2988 3148 3041 in
3170 2986 3369 3039 incerto
3390 2982 3718 3047 diuitiarum,

2108 3082 2198 3149 sed
2219 3094 2275 3146 in
2299 3088 2409 3145 Deo
2437 3088 2587 3152 vivo,
2622 3085 2711 3156 qui
2746 3090 2961 3153 praestat
3001 3076 3149 3133 nobis
3192 3076 3369 3131 omnia
3402 3073 3607 3129 abunde
3650 3072 3720 3125 ad

2110 3182 2394 3258 fruendum
2422 3194 2439 3231 :
2475 3178 2599 3233 bene
2620 3190 2794 3245 agere,
2826 3173 3011 3225 diuites
3049 3165 3165 3238 ﬁeri
3192 3169 3248 3221 in
3283 3164 3522 3237 operibus
3546 3163 3720 3233 bonis,

2110 3270 2267 3348 facile
2311 3260 3008 3341 tribuere,gcommunicare,
3054 3251 3415 3315 thesauri'zare
3460 3258 3559 3312 sibi
3589 3256 3719 3326 fun-

2109 3368 2413 3420 damentum
2442 3359 2633 3414 bonum
2663 3357 2716 3410 in
2744 3354 3000 3425 futurum,
3036 3361 3093 3405 ut
3120 3349 3509 3420 apprehendant
3542 3363 3723 3403 ceram

2110 3462 2269 3514 vitam
2313 3454 2367 3527 (Ι
2394 3452 2528 3508 Tim.
2553 3449 2655 3522 vi).
2685 3442 2873 3519 Epulas
2902 3445 2971 3499 ab
3005 3441 3282 3512 opulentia
3311 3448 3495 3495 rerum
3535 3438 3718 3495 dicta.

2110 3540 2297 3625 Epulte
2340 3553 2522 3605 autem
2548 3539 2825 3609 simplices
2861 3536 2917 3591 in
2952 3534 3059 3590 duo
3102 3530 3412 3588 necessaria
3462 3529 3718 3584 dividun-

408 3634 816 3694 meditationem
861 3628 1148 3700 signiﬁcat,
1197 3626 1291 3681 ubi
1334 3623 1559 3695 refectio
1612 3621 1871 3693 spiritalis
1920 3635 2009 3673 su-
2035 3625 2082 3688 C
2114 3622 2225 3706 ων,
2250 3651 2447 3709 panem
2486 3642 2543 3688 ει
2566 3631 2783 3695 vinum;
2816 3634 2871 3682 et
2892 3626 2947 3681 in
2970 3624 3077 3680 duo
3106 3620 3395 3693 superﬂua,
3428 3635 3549 3692 qua.
3572 3628 3722 3676 υπη

388 3728 578 3786 ιιιίιυν
629 3742 644 3779 :
694 3723 781 3777 vel
826 3718 1319 3775 remunerationem
1366 3714 1603 3769 futuram
1650 3712 2003 3776 demonstrat,

409 3818 503 3876 ubi
550 3813 826 3887 plenitudo
872 3810 1113 3866 omnium
1162 3808 1429 3861 bonorum
1478 3802 1680 3859 sanctis
1725 3809 1787 3856 et-
1826 3799 2009 3870 dignis

410 3908 723 3968 hominibus
766 3910 1067 3975 praeparata
1111 3914 1232 3955 esse
1269 3896 1527 3953 creditur.
1578 3894 1732 3950 Unde
1768 3893 1824 3947 in
1871 3891 2007 3946 Pro-

411 4001 576 4072 pheta
600 3998 860 4065 scriptum
890 4002 975 4049 est
1003 4007 1017 4046 :
1048 3990 1449 4060 Prwparab’itur
1478 4006 1510 4042 a
1540 3986 1759 4072 Domino
1786 3982 1839 4039 in
1865 4001 2012 4038 mon-

412 4102 465 4148 te
496 4093 593 4145 hoc
616 4087 910 4143 convivium
945 4082 1238 4155 pinguium,
1276 4080 1565 4134 convivium
1602 4056 2008 4130 medullatorum

414 4192 465 4238 et
489 4179 767 4237 uindemiw
806 4174 1059 4245 defecatte
1096 4171 1232 4243 (Isa.
1269 4169 1419 4240 xxv).
1451 4168 1615 4223 Cibus
1644 4167 1854 4229 dictus,
1882 4160 2009 4234 quia

417 4273 632 4343 capitur
667 4283 798 4335 ore,
836 4267 994 4323 sicuti
1035 4279 1160 4321 esca
1203 4263 1329 4332 quia
1359 4276 1481 4316 eam
1518 4274 1579 4314 os
1617 4258 1780 4328 capit.
1822 4256 2009 4310 Victus

415 4364 638 4437 proprie
664 4368 909 4423 vocatus,
949 4357 1075 4426 quia
1102 4356 1271 4409 vitam
1304 4354 1505 4408 retinet
1532 4370 1545 4406 :
1574 4351 1717 4406 unde
1749 4357 1805 4403 et
1833 4349 1900 4402 ad
1935 4347 2012 4402 ci-

417 4458 549 4513 bum
585 4467 783 4509 vocare
822 4449 1053 4505 invitare
1115 4445 1331 4500 dicitur.
1380 4441 1648 4496 Alimonia
1685 4440 1903 4504 dicitur,
1946 4451 2012 4492 eo

418 4547 564 4619 quod
616 4546 735 4616 ejus
774 4548 992 4611 sumptu
1020 4553 1217 4608 corpus
1252 4536 1445 4591 alatur.
1477 4533 1628 4587 Hanc
1666 4530 1895 4601 juvenes
1924 4545 2014 4585 ac-

422 4640 633 4710 cipiunt
663 4636 732 4693 ad
758 4638 1175 4697 incrementum,
1215 4628 1475 4689 senesad
1503 4624 1965 4699 perseverantiam
1995 4641 2009 4677 :

423 4745 600 4802 neque
638 4728 781 4783 enim
813 4724 1107 4781 subsistere
1146 4722 1348 4792 poterit
1390 4734 1535 4782 caro,
1593 4718 1697 4773 nisi
1747 4715 2016 4772 conforte-

422 4832 514 4879 tur
562 4819 853 4875 alimentis.
901 4814 1067 4871 Cibus
1105 4813 1251 4868 enim
1290 4820 1383 4866 aut
1422 4809 1858 4882 prmdicationem
1898 4822 2014 4861 ser-

422 4911 601 4969 monis
642 4907 853 4964 Domini
886 4904 1174 4977 significat,
1212 4911 1305 4957 aut
1337 4901 1668 4963 voluntatem
1710 4900 1805 4955 Dei
1836 4918 1847 4953 :
1877 4901 2019 4955 unde

2113 3740 2169 3788 et
2214 3730 2354 3785 mari
2388 3724 2643 3782 vescendi
2684 3737 2849 3778 causa
2884 3718 3265 3792 exquiruntur.
3310 3714 3486 3783 Dapes
3535 3718 3719 3767 autem

2113 3835 2299 3893 regum
2342 3825 2487 3883 sunt,
2532 3804 2703 3885 epulae
2744 3810 3101 3881 privatorum.
3127 3804 3347 3860 Delicia:
3368 3809 3717 3872 nuncupata,

2112 3911 2258 3983 quod
2294 3910 2379 3964 his
2408 3904 2745 3962 delectentur
2791 3900 3059 3965 homines,
3109 3906 3309 3967 easque
3335 3894 3575 3951 suaviter
3614 3909 3719 3966 ap-

2113 4007 2320 4074 petant.
2370 3996 2556 4069 Epulae
2602 4002 2783 4048 autem
2813 3989 3030 4060 quando
3070 3988 3127 4043 in
3159 3989 3358 4043 bonam
3400 3988 3614 4056 partem
3638 3984 3720 4040 si-

2114 4088 2517 4163 gniﬁcationem
2569 4085 2794 4150 ducunt,
2833 4079 3077 4151 spiritale
3115 4075 3372 4150 gaudium
3402 4086 3717 4134 sanctorum

2114 4180 2172 4234 in
2209 4178 2366 4234 bonis
2402 4177 2663 4231 virtutum
2705 4181 2760 4228 et
2790 4172 3070 4243 sapientiae
3099 4172 3427 4241 exprimunt.
3477 4167 3630 4225 Unde
3659 4176 3719 4225 et

2113 4266 2403 4339 Apostolus
2445 4264 2524 4318 ait
2563 4281 2577 4316 :
2627 4259 2836 4315 Etenim
2887 4258 3097 4313 Pascha
3137 4269 3374 4314 nostrum
3412 4257 3719 4314 immolatus

2115 4370 2191 4415 est
2223 4358 2481 4413 Christus.
2513 4354 2701 4424 Itaque
2739 4351 3009 4423 epulemur
3033 4367 3138 4405 non
3164 4352 3220 4403 in
3254 4351 3507 4420 fermento
3536 4349 3716 4417 ueteri,

2118 4464 2280 4520 neque
2304 4449 2361 4502 in
2391 4444 2643 4518 fermento
2658 4444 2875 4498 malitiae
2903 4452 2951 4497 et
2973 4443 3236 4513 nequitiae,
3265 4452 3369 4497 etc.
3403 4440 3454 4510 (I
3488 4438 3612 4494 Cor.
3634 4438 3717 4511 v),

2116 4549 2222 4603 hoc
2249 4553 2351 4611 est,
2384 4543 2623 4597 laetitiam
2649 4539 2909 4595 habentes
2953 4532 3316 4592 renovationis
3360 4531 3505 4587 facta
3533 4542 3719 4588 vetera

2122 4636 2414 4701 fugiamus,
2461 4629 2860 4687 immunditiam
2902 4640 3118 4681 omnem
3145 4617 3462 4694 abjicientes
3487 4638 3518 4677 a
3536 4622 3716 4689 nobis,

2121 4741 2239 4796 quae
2265 4732 2352 4780 est
2374 4721 2645 4791 corruptio
2670 4734 2684 4774 :
2715 4718 2840 4790 quia
2870 4719 3011 4773 sicut
3044 4716 3353 4786 fermentum
3382 4724 3546 4768 totam
3576 4731 3721 4769 mas-

2121 4833 2235 4873 sam
2264 4814 2545 4884 corrumpit
2579 4811 2739 4883 (Ibid.
2769 4819 2817 4864 et
2842 4808 2961 4863 Gal.
2994 4808 3072 4879 v),
3118 4807 3193 4861 ita
3226 4814 3282 4860 et
3327 4805 3470 4859 mala
3504 4804 3615 4859 vita
3640 4814 3721 4861 to-

2122 4919 2235 4964 tum
2267 4907 2561 4964 hominem.
2587 4903 2847 4958 Similiter
2876 4908 3054 4956 autem
3071 4900 3234 4969 dapes
3252 4905 3305 4952 et
3327 4894 3536 4952 deliciae
3557 4897 3721 4966 spiri-

426 4999 689 5057 Dominus
713 4998 788 5050 ait
808 4997 862 5049 in
884 4994 1175 5065 Evangelia
1203 5012 1214 5047 :
1242 4992 1393 5047 Meus
1430 4993 1573 5046 cibus
1606 5000 1704 5057 est,
1738 5000 1791 5044 ut
1825 4990 2020 5059 faciam

2126 5003 2261 5057 tales
2285 5000 2524 5056 delicias
2571 5000 2835 5054 bonorum
2892 5004 3109 5051 actuum
3157 5002 3211 5049 et
3257 5008 3426 5049 sacrae
3470 4992 3717 5050 scientia

430 5090 748 5146 uoluntatem
798 5083 976 5138 Patris
1021 5087 1122 5138 mei
1166 5084 1346 5153 (Joan.
1381 5083 1479 5156 1v).
1523 5083 1591 5137 Et
1626 5083 1683 5137 in
1709 5082 2013 5156 Propheta:

431 5178 657 5245 Cibauit,
697 5178 893 5248 inquit,
922 5193 1007 5230 eos
1036 5192 1101 5237 ea:
1144 5150 1295 5245 adipe
1332 5150 1579 5245 frumenti
1619 5174 1789 5246 (Psal.
1817 5150 2017 5245 ius);

435 5272 579 5343 quod
616 5272 729 5326 sive
772 5283 974 5342 manna
1027 5266 1315 5338 signiﬁcat,
1383 5269 1497 5322 sive
1551 5281 1743 5343 corpus
1809 5258 2021 5322 Domini

436 5334 658 5415 Christi.
706 5334 1158 5428 Adipcm‘quip'pe
1198 5355 1426 5412 dicimus
1463 5334 1772 5411 animalium
1802 5356 2024 5427 pingue-

440 5450 619 5504 dinem
672 5449 1042 5517 corpulentam
1066 5487 1082 5512 ,
1126 5447 1268 5517 quod
1327 5460 1524 5501 nomen
1575 5447 1643 5500 ad
1695 5445 2024 5500 frumentum

442 5540 664 5595 abusive
712 5540 1029 5594 translatum
1076 5548 1177 5605 est,
1230 5549 1288 5593 ut
1341 5538 1672 5609 signiﬁcaret
1700 5538 1750 5592 ei
1799 5538 2024 5592 interius

444 5628 681 5700 aliquam
701 5644 821 5684 esse
852 5628 1071 5701 [inesse]
1118 5630 1431 5685 bonitatem.
1470 5631 1655 5686 Victus
1707 5636 1885 5684 autem
1925 5643 2020 5683 ne-

448 5727 743 5782 cessarium
792 5725 970 5783 cibum
1022 5724 1306 5796 signiﬁcat,
1341 5716 1450 5779 nan
1490 5724 1834 5791 deliciosum;
1884 5722 2025 5779 unde

2119 5090 2447 5162 signiﬁcant,
2488 5102 2607 5156 quae
2655 5094 2883 5156 pascunt
2923 5085 3176 5139 animam.
3220 5084 3543 5139 Econtrario
3584 5099 3718 5140 vero

2120 5182 2335 5254 quando
2383 5179 2623 5233 abutitur
2668 5178 2830 5232 homo
2879 5176 3110 5231 terrenis
3151 5175 3374 5240 deliciis,
3426 5183 3482 5228 et
3521 5189 3719 5245 corpo-

2121 5273 2220 5328 rali
2251 5272 2390 5335 cibo,
2437 5286 2543 5325 non
2591 5266 2841 5340 [tantum]
2872 5267 3082 5333 animae,
3119 5266 3214 5322 sed
3256 5273 3311 5319 et
3356 5266 3571 5334 corpori
3620 5264 3721 5320 de-

2125 5364 2433 5418 trimentum
2484 5361 2632 5415 facit.
2678 5358 3015 5421 Pumientum
3060 5367 3283 5414 vocatur
3316 5371 3346 5409 a
3372 5355 3543 5424 pulte,
3599 5355 3718 5410 sive

2132 5456 2275 5509 enim
2318 5453 2429 5508 sola
2460 5451 2642 5523 pultis,
2694 5450 2807 5504 sive
2852 5448 2981 5518 quid
3024 5449 3168 5503 aliud
3201 5446 3317 5517 ejus
3360 5444 3721 5516 permistione

2132 5552 2417 5600 sumatur:
2451 5542 2782 5612 pulmentum
2829 5539 3043 5609 proprie
3101 5539 3318 5593 dicitur.
3370 5535 3720 5595 Pulmentun

2131 5634 2275 5689 enim
2322 5632 2518 5701 legitur
2569 5626 2719 5701 (Gen.
2754 5629 2923 5699 μνη)
2958 5628 3106 5683 Isaac
3141 5626 3453 5697 patriarcha
3506 5624 3723 5695 expeti-

2131 5724 2273 5779 visse
2305 5722 2373 5779 ab
2415 5720 2557 5776 Esau
2585 5718 2695 5790 ﬁlio
2736 5734 2849 5785 suo,
2882 5720 3025 5789 quod
3051 5728 3230 5775 tamen
3261 5716 3429 5773 Jawb
3454 5716 3595 5774 bene
3620 5731 3723 5773 ex-
