3918 6340
1157 390 1245 445 DE
1285 389 1631 446 UNIVERSO
1668 389 1847 444 LIBRI
1885 388 2047 445 XXII.
2083 418 2158 431 —
2187 389 2317 445 LIB.
2354 388 2517 445 XXII.

3373 388 3477 444 590

214 507 412 581 pluvit;
459 508 586 577 quia
634 506 781 562 Isaac
817 505 941 561 inde
996 504 1137 559 bene
1189 501 1424 558 refectus
1472 501 1800 556 benedictio—
1824 503 2117 574 Aparavi,
2174 501 2313 553 tauri
2377 509 2425 552 et
2471 498 2642 553 altilia
2669 507 2789 559 sunt
2828 499 3020 562 occisa,
3076 506 3125 551 et
3170 501 3345 552 omnia
3384 515 3479 569 pa-

216 612 342 654 nem
382 598 583 668 pro'eo
617 597 832 667 plenam
877 595 955 650 illi
985 592 1232 665 rependit
1260 610 1275 647 :
1303 590 1446 664 quod
1486 591 1798 663 signiﬁcat:

219 696 525 744 remorante
562 688 733 759 priori
770 685 965 757 popqu
1000 685 1056 739 in
1090 682 1347 739 exteriori
1394 681 1800 747 exercitatione,

216 778 446 850 populus
490 778 729 850 gentium
769 777 878 847 Deo
914 775 1063 831 Patri
1102 775 1258 831 bonae
1296 772 1589 829 voluntatis
1636 781 1693 828 et
1723 772 1807 827 in-

217 870 482 925 nocentiae
513 869 848 940 pulmentum
881 865 1114 923 oderens
1159 874 1374 934 aeterna:
1415 864 1806 921 benedictionis

217 960 451 1031 gratiam
478 958 724 1029 accipere
740 957 1057 1029 promeruit.
1082 955 1317 1012 Satietas
1336 962 1515 1010 autem
1534 963 1589 1010 et
1607 956 1806 1010 saturi-

217 1058 400 1121 gratas
430 1050 532 1105 sibi
552 1048 822 1105 differunt.
850 1047 985 1101 Nam
1009 1047 1232 1103 satietas
1255 1054 1312 1101 et
1336 1060 1403 1100 ex
1424 1059 1534 1100 uno
1559 1044 1679 1100 cibo
1700 1044 1806 1100 dici

215 1147 396 1209 potest
442 1149 541 1209 pro
591 1154 675 1205 eo,
702 1137 863 1208 quod
900 1138 1034 1193 satis
1078 1137 1149 1192 sit
1194 1155 1207 1189 :
1256 1138 1513 1192 saturitas
1545 1144 1725 1191 autem
1775 1150 1807 1190 a

216 1239 405 1285 satura
455 1243 651 1286 nomen
680 1230 905 1299 accepit,
937 1228 1081 1299 quod
1123 1227 1274 1284 vario
1311 1236 1396 1283 est
1430 1227 1807 1283 alimentorum

216 1330 482 1391 apparatu
530 1323 904 1392 compositum.
953 1318 1186 1376 Satietas
1218 1328 1397 1375 autem
1443 1319 1730 1388 aliquando
1752 1318 1807 1373 in

216 1409 417 1467 bonam
459 1420 697 1480 partem;
732 1409 1020 1479 aliquando
1054 1424 1183 1464 vero
1211 1409 1268 1462 in
1297 1407 1625 1463 contrariam
1650 1406 1807 1477 poni-

218 1506 328 1559 tur.
381 1499 443 1554 ln
489 1502 706 1566 bonam,
768 1499 982 1568 quando
1027 1498 1409 1553 abundantiam
1463 1498 1722 1551 virtutum
1752 1496 1807 1550 in

215 1587 498 1659 praesenti,
532 1589 618 1642 vel
643 1587 1032 1658 plenitudinem
1069 1586 1518 1641 remunerationis
1544 1586 1598 1639 in
1628 1585 1809 1662 futuro

216 1678 514 1751 significat;
557 1679 699 1733 unde
718 1673 997 1748 'scriptum
1045 1685 1128 1732 est
1159 1676 1215 1731 in
1260 1675 1591 1747 Evangelio:
1624 1674 1807 1729 Satia-

215 1769 284 1824 vit
328 1769 582 1822 Dominus
622 1768 847 1839 quinque
881 1765 1047 1820 millia
1106 1766 1377 1820 hominum
1428 1765 1641 1835 (Matth.
1668 1764 1802 1835 xiv).

1909 602 2037 646 rata
2073 600 2193 646 sunt
2239 588 2454 661 (Matth.
2479 589 2636 660 xxii).
2666 588 2889 643 Cinnam
2934 596 3113 642 autem
3142 587 3304 643 tinem
3328 603 3483 642 mun-

1907 686 1962 743 di
2018 665 2320 753 intelligere
2366 696 2670 753 possumus,
2734 680 2826 735 ubi
2877 676 3138 735 Dominus
3191 680 3483 750 unicuique

1909 778 2098 833 reddet
2134 789 2298 846 opera
2328 788 2457 839 sua;
2498 771 2639 826 unde
2683 771 2740 825 in
2760 769 3079 842 Evangellca
3101 770 3378 840 parabola,
3404 770 3486 827 di-

1908 868 2029 940 gnis
2078 866 2135 922 in
2168 864 2417 920 convivio
2454 861 2908 928 recumbentibus,
2960 861 3070 927 ille,
3111 861 3203 931 qui
3239 876 3349 917 non
3390 862 3489 917 ha-

1906 956 2025 1014 buit
2056 946 2278 1013 vestem'
2309 952 2621 1024 nuptialem,
2671 950 2942 1022 prolectus
2981 959 3067 1007 est
3101 952 3169 1008 de
3211 952 3489 1008 consortio

1908 1048 2136 1103 aliorum
2178 1048 2234 1101 in
2279 1059 2491 1116 prunam
2535 1042 2637 1098 sibi
2680 1042 3003 1111 condignam
3036 1060 3051 1096 :
3108 1044 3234 1114 quia
3267 1058 3485 1099 recum-v

1907 1140 2158 1195 bentibus
2208 1137 2393 1192 electis
2439 1136 2493 1189 ln
2518 1134 2699 1205 quiete
2728 1145 2960 1203 superna
2994 1132 3093 1189 soli
3117 1134 3330 1204 reprobi
3365 1147 3491 1205 pro-

1904 1228 2160 1301 jicientur
2196 1229 2251 1283 in
2294 1228 2544 1282 tenebras
2596 1225 2915 1291 exteriores,
2952 1224 3045 1279 ubi
3091 1224 3197 1280 erit
3234 1223 3390 1280 fletus
3434 1232 3492 1281 et

1909 1320 2108 1375 stridor
2147 1319 2407 1374 dentium.
2450 1317 2613 1371 Panis
2654 1316 2848 1380 dictus,
2896 1316 3037 1386 quod
3074 1315 3130 1369 in
3179 1316 3325 1371 omni
3368 1316 3492 1372 cibo

1910 1416 2230 1478 apponatur,
2279 1407 2365 1463 vel
2411 1407 2553 1477 quod
2608 1421 2768 1461 omne
2826 1405 3025 1460 animal
3076 1420 3200 1459 eum
3250 1413 3487 1477 appetat.

1909 1497 2023 1553 Pan
2056 1499 2198 1553 enim
2242 1496 2427 1552 Graece
2458 1513 2631 1555 .omne
2679 1498 2893 1553 dicitur.
2940 1496 3189 1562 cibarius
3236 1507 3340 1564 est,
3396 1499 3491 1569 qui

1910 1589 1979 1644 ad
2025 1587 2205 1643 cibum
2248 1585 2421 1641 servis
2467 1587 2643 1649 datur,
2694 1601 2801 1641 non
2852 1588 2920 1642 ad
2950 1586 3187 1642 delicias.
3229 1586 3493 1643 Fermen-

1910 1677 2077 1732 tatius
2104 1676 2277 1747 panis,
2309 1674 2587 1731 fermentis
2610 1674 2887 1730 confectus
2914 1695 2929 1729 :
2955 1692 3192 1747 azymus,
3247 1694 3352 1733 non
3389 1678 3497 1733 ler-

1909 1773 2196 1820 mentatus.
2247 1764 2384 1819 Nam
2434 1780 2653 1835 azymos
2677 1773 2780 1830 est,
2822 1764 2941 1820 sine
2968 1764 3267 1833 -l‘ermento,
3322 1768 3496 1851 since—

214 1860 284 1917 Et
326 1861 615 1931 Propheta,
652 1859 922 1925 Satiabor,
962 1857 1159 1935 inquit,
1215 1857 1339 1910 dum
1384 1855 1808 1925 manifestabitur
1833 1852 1883 1912 B
1912 1871 2024 1910 rus.
2056 1855 2389 1925 Acrozymus
2418 1853 2606 1910 leviter
2640 1854 3013 1922 fermentatus,
3047 1860 3197 1925 quasi
3238 1873 3496 1930 acroazy-

213 1949 384 2022 gloria
423 1959 514 2003 tua
559 1946 730 2020 (Psal.
765 1947 899 2017 xvr).
936 1946 997 2001 In
1025 1947 1362 2001 contrariam
1385 1955 1563 1999 autem
1594 1952 1805 2014 partem

213 2041 437 2097 satietas
461 2039 696 2110 ponitur,
727 2040 855 2092 dum
897 2036 1177 2107 Scriptura
1201 2035 1333 2091 dicit
1366 2035 1433 2090 de
1462 2035 1673 2105 impiis:
1705 2033 1808 2089 Sa-

213 2131 487 2187 tiabuntur
522 2130 684 2201 poenis
724 2116 855 2196 suis,
894 2130 998 2185 hoc
1042 2138 1148 2196 est,
1183 2124 1531 2200 abundabunt
1571 2136 1811 2184 tormen-

213 2222 286 2279 tis
320 2220 539 2275 l'utnris.
594 2219 855 2275 Similiter
903 2227 959 2275 et
1002 2219 1259 2274 saturitas
1297 2219 1355 2273 in
1404 2220 1603 2274 bonam
1650 2227 1705 2274 et
1752 2219 1809 2273 in

211 2310 547 2367 contrariam
590 2314 799 2379 partem
854 2309 1089 2378 reposita
1138 2308 1425 2378 reperitur.
1477 2308 1537 2362 In
1588 2310 1807 2378 bonam,

212 2402 308 2458 ubi
338 2401 608 2472 Propheta
652 2401 823 2456 dicit:
856 2400 1027 2455 Edent
1055 2416 1305 2470 pauperes
1346 2409 1395 2454 et
1435 2400 1813 2455 saturabutttur

213 2488 391 2565 (Psal.
418 2490 579 2568 xxr)._
616 2490 684 2545 Et
744 2492 799 2545 in
826 2489 1115 2563 Evangelio
1165 2490 1469 2546 Dominus:
1522 2490 1673 2547 Beati
1720 2492 1812 2562 qui

211 2582 452 2637 esuriant
480 2590 528 2635 et
558 2581 739 2635 sitiunt
762 2581 1051 2651 justitiam,
1077 2582 1330 2652 quoniam
1359 2582 1461 2651 ipsi
1495 2583 1815 2636 saturabun-

217 2681 310 2727 tur
337 2671 554 2745 (Matth.
579 2672 652 2743 ν).
683 2671 743 2726 In
787 2672 984 2727 malam
1012 2686 1161 2739 vero,
1205 2672 1298 2727 ubi
1324 2673 1389 2728 de
1422 2670 1624 2729 Iudaeis
1660 2672 1813 2729 Psal-

215 2764 378 2818 mista
429 2762 557 2818 dicit
594 2780 607 2816 ;
640 2760 880 2818 Saturati
925 2772 1045 2817 sunt
1097 2763 1333 2835 porcina,
1390 2772 1440 2817 et
1494 2764 1816 2835 reliquerunt

213 2870 336 2926 qui:
389 2854 776 2924 superfuerunt,
839 2854 1071 2924 parvulis
1122 2854 1295 2928 (Psal.
1343 2855 1491 2929 xvr);
1566 2858 1817 2915 sordibus

215 2946 363 3000 enim
412 2955 763 3024 peccatorum
784 2963 1005 3003 suorum
1051 2949 1418 3019 replebantur,
1468 2949 1562 3022 qui
1601 2960 1817 3010 contra.

217 3034 292 3090 rii
336 3034 472 3097 Filio
514 3036 982 3122 Deigexstiterunt,
1012 3048 1067 3095 et
1109 3034 1528 3097 transmiserunt
1564 3042 1819 3122 reliquias

216 3128 564 3190 peccatorum
604 3120 750 3176 ﬁliis
776 3124 912 3189 suis,
957 3124 1169 3193 quando
1208 3124 1556 3181 clamabant:
1587 3120 1817 3199 Sanguis

1909 1961 2053 2002 mus.
2103 1944 2265 2000 Panis
2317 1954 2495 2000 autem
2525 1955 2579 2001 et
2617 1947 2671 2000 in
2704 1948 2897 2001 bonam
2930 1937 3176 2016 partem,
3207 1950 3343 2003 etin
3382 1966 3498 2005 ma-

1909 2038 2021 2092 lam
2058 2033 2341 2107 accipitur.
2366 2035 2430 2091 In
2464 2037 2661 2092 bonam
2690 2050 2821 2092 vero
2848 2044 3076 2106 partem,
3110 2038 3325 2108 quando
3346 2038 3501 2093 Chri-

1910 2137 2055 2186 stum
2096 2128 2381 2199 signiiicat,
2439 2128 2521 2184 vel
2562 2144 2865 2184 sermonem
2892 2128 3028 2198 ejus.
3086 2128 3239 2186 Unde
3279 2130 3393 2200 ipse
3428 2132 3503 2186 ait

1912 2221 1969 2275 in
2008 2218 2338 2292 Evangelia:
2371 2217 2486 2292 Ego
2534 2235 2651 2274 sunt
2695 2220 2847 2288 panis
2895 2220 3054 2284 vivus,
3121 2221 3210 2291 qui
3260 2221 3324 2275 de
3374 2222 3500 2276 ccelo

1913 2312 2157 2366 descendi
2198 2310 2379 2383 (Joan.
2401 2311 2502 2376 vr).
2532 2309 2600 2366 Et
2638 2313 2767 2367 item
2795 2329 2807 2366 :
2840 2308 3005 2367 Panis
3041 2328 3191 2383 quem
3218 2329 3309 2384 ego
3341 2314 3499 2379 dabo,

1914 2415 2038 2456 caro
2082 2417 2216 2456 mea-
2243 2408 2319 2477 est
2345 2417 2441 2473 pro
2478 2403 2660 2457 mundi
2687 2403 2791 2457 vita
2822 2401 3031 2475 (Ibid.).
3074 2403 3261 2459 Fidem
3301 2406 3506 2476 signifi-

1915 2500 2006 2548 cat
2046 2492 2221 2563 panis,
2272 2500 2332 2547 ut
2381 2493 2437 2547 in
2477 2492 2769 2564 Evangelio
2796 2513 2809 2565 εγ
2843 2493 2996 2560 Quis,
3038 2496 3232 2564 inquit,
3278 2500 3539 2552 vestrum”

1914 2583 2123 2638 habebit
2160 2584 2410 2655 amicum,
2445 2594 2491 2638 et
2520 2584 2614 2637 ibit
2642 2586 2713 2638 ad
2747 2583 2896 2638 illum
2926 2584 3111 2651 nocte,
3133 2598 3182 2639 et
3216 2586 3349 2641 dicet
3387 2588 3503 2643 illi:

1918 2671 2118 2739 Amice,
2164 2674 2437 2727 commoda
2479 2674 2605 2728 mihi
2653 2684 2755 2729 tres
2806 2692 2968 2745 panes
3010 2675 3161 2747 (Luc.
3199 2676 3297 2750 ιι).
3370 2677 3503 2734 Item

1916 2765 2074 2836 panis
2102 2765 2340 2821 Charitas
2372 2764 2708 2837 intelligitur,
2738 2770 2879 2823 unde
2919 2768 2972 2822 in
3003 2769 3296 2840 Evangelia
3324 2772 3505 2826 Domi-

1920 2867 2023 2910 nus
2069 2854 2145 2909 aIt
2178 2872 2190 2908 :
2225 2854 2355 2921 Quis
2402 2866 2626 2909 vestrum
2672 2864 2871 2925 patrem
2923 2858 3048 2927 petit
3093 2874 3311 2927 panem,
3371 2874 3505 2912 nun-

1920 2943 2049 3014 quid
2096 2942 2324 3014 lapidem
2374 2943 2518 2997 dabit
2571 2942 2698 2997 illi?
2761 2940 2969 3015 (Ibid)
3020 2944 3254 2999 Rursum
3314 2961 3503 3015 panes,

1924 3031 2111 3088 decem
2158 3019 2518 3103 plenitudines
2565 3032 2805 3087 omnium
2853 3041 3159 3090 sanctorum
3195 3033 3525 3106 decalogum,’

1925 3131 2205 3180 servantes
2232 3123 2604 3195 intelliguntur
2627 3142 2640 3178 :
2670 3133 2723 3179 et
2736 3138 2903 3195 panes
2924 3122 3221 3193 duodecim,
3241 3128 3331 3202 qui
3347 3142 3508 3196 super

219 3207 335 3278 ejus
378 3225 532 3278 super
572 3226 663 3264 nos
692 3221 740 3264 et
784 3212 922 3280 ﬁlios
962 3223 1164 3289 nostros
1205 3214 1417 3285 (Matth.
1453 3216 1647 3290 xxvii).
1686 3217 1820 3274 Cra-
1845 3202 1891 3269 C
1922 3232 2166 3274 mensam
2217 3218 2600 3288 propositionis
2652 3233 2753 3288 per
2799 3217 3008 3289 singula
3053 3218 3277 3273 sabbata
3326 3227 3506 3273 muta-

218 3298 347 3370 pula
384 3307 465 3353 est
510 3300 862 3356 immoderata
889 3305 1175 3371 voracitas,
1228 3307 1384 3376 quasi
1429 3308 1597 3363 cruda
1637 3309 1813 3381 epula,

220 3386 381 3456 cujus
431 3389 699 3444 cruditate
746 3387 1001 3461 gravatur
1051 3407 1164 3461 cor,
1205 3403 1261 3449 et
1313 3397 1625 3453 stomachus
1680 3398 1819 3453 indi-

220 3488 411 3551 gestus
442 3478 688 3535 eﬂicitur.
725 3482 1081 3539 lmmoderata
1120 3488 1264 3541 enim
1311 3490 1581 3544 voracitas
1628 3492 1817 3546 vitium

220 3584 311 3631 est
339 3591 354 3628 :
382 3576 478 3632 sed
524 3588 735 3633 tantum
779 3580 834 3634 id
860 3580 1045 3637 salutis
1092 3590 1195 3649 est,
1247 3593 1509 3653 quantum
1551 3594 1818 3641 sustenta—

220 3666 359 3723 tioni
425 3676 737 3739 naturaeque
805 3668 1052 3725 suiliciat.
1122 3671 1354 3743 Crapula
1420 3682 1598 3729 autem
1663 3674 1818 3743 juxta

223 3758 539 3831 allegoriam
583 3761 670 3816 vel
723 3762 1078 3834 tropologiam
1126 3764 1183 3818 in
1232 3765 1561 3821 contrariam
1608 3777 1817 3839 partem

222 3852 400 3921 magis
443 3867 607 3921 quam
632 3853 831 3908 bonam
861 3853 1142 3925 accipitur,
1198 3857 1324 3927 quia
1372 3858 1441 3913 ad
1479 3859 1669 3913 vitium
1710 3875 1819 3915 ma-

223 3942 313 4013 gis
353 3941 588 3997 refertur
643 3958 805 4013 quam
850 3946 920 3999 ad
974 3946 1222 4003 virtutes.
1268 3947 1408 4003 Hinc
1456 3949 1717 4006 Dominus
1762 3952 1819 4006 in

221 4028 522 4102 Evangelia
565 4031 840 4104 discipulis
882 4037 958 4090 ait
986 4037 1293 4095 :Attendite
1336 4050 1511 4093 autem
1553 4040 1711 4106 vobis,
1758 4058 1821 4097 ne

222 4121 366 4193 forte
394 4132 673 4191 graventur
712 4125 873 4179 corda
909 4136 1078 4181 vestra
1120 4130 1177 4181 in
1221 4129 1438 4201 crapula
1485 4140 1533 4185 et
1576 4132 1819 4189 ebrietate

224 4223 277 4268 et
319 4216 457 4268 curis
496 4215 655 4285 hujus
680 4216 816 4283 vitae,
856 4226 904 4272 et
932 4222 1257 4290 superveniat
1302 4232 1508 4291 repente
1534 4241 1693 4296 super
1732 4243 1818 4281 vos

226 4304 343 4359 dies
388 4304 516 4370 illa,
559 4313 663 4361 etc.
697 4305 850 4377 (Luc.
892 4307 1042 4381 'xx1).
1094 4308 1389 4365 Prandium
1438 4314 1507 4368 ab
1558 4324 1821 4384 apparatu

224 4394 423 4451 edendi
447 4395 671 4449 dictum.
719 4396 939 4469 PrOprie
966 4409 1143 4454 autem
1172 4410 1385 4456 veteres
1415 4406 1707 4473 prandium
1731 4424 1805 4461 vo

226 4485 429 4541 cabant
489 4485 729 4539 omnium
815 4488 1043 4542 militum
1103 4488 1283 4544 cibum
1360 4502 1485 4547 ante
1548 4509 1815 4567 pugnam;

229 4579 377 4629 unde
400 4585 482 4630 est
526 4575 654 4631 illud
688 4578 840 4632 ducis
880 4578 1171 4647 alloquium
1207 4599 1219 4633 :
1269 4553 1657 4651 Prandeaniusv,
1696 4553 1816 4641 tan;
1843 4553 1898 4614 D

225 4681 390 4736 quam
429 4667 567 4736 apud
612 4668 807 4736 inferos
854 4672 1125 4723 cwnaturi.
1176 4671 1397 4727 Coenam
1446 4677 1628 4730 vocari
1669 4675 1821 4731 aiunt

227 4775 260 4813 ιι
305 4759 681 4814 communione
728 4762 1083 4815 vescentium.
1144 4763 1350 4819 Coinon
1406 4768 1601 4837 quippe
1645 4768 1818 4826 Graeci

227 4866 521 4906 commune
582 4852 787 4918 dicunt,
841 4854 983 4910 unde
1038 4862 1093 4909 et
1147 4859 1625 4926 communicantes,
1678 4864 1820 4930 quod

228 4946 616 5010 communiter,
671 4945 724 4999 id
770 4954 873 5019 est,
918 4948 1119 5017 pariter
1147 4949 1514 5005 conveniant:
1545 4954 1684 5022 apud
1725 4970 1820 5008 ve-

231 5050 380 5096 teres
420 5041 559 5093 enim
599 5039 814 5095 solitum
849 5050 965 5095 erat
1000 5043 1055 5096 in
1092 5044 1373 5113 propatulo
1407 5047 1551 5100 vesci
1589 5057 1642 5103 et
1678 5064 1823 5103 com-

230 5130 474 5189 muniter
506 5130 733 5198 epulari,
766 5146 835 5185 ne
874 5131 1217 5201 singularitas
1253 5132 1519 5187 luxuriam
1559 5136 1821 5206 gigneret.

230 5224 337 5283 Est
384 5231 563 5277 autem
607 5237 768 5278 coena
814 5224 1151 5294 veSpertinus
1203 5225 1377 5292 cibus,
1412 5243 1573 5295 quam
1612 5245 1824 5300 vesper-

226 5328 364 5371 nam
388 5312 639 5366 dicebant
662 5314 865 5382 antiqui
905 5330 917 5367 :
950 5314 1004 5367 in
1026 5328 1129 5368 usu
1155 5315 1301 5369 enim
1328 5330 1438 5371 non
1477 5328 1633 5372 erant
1659 5336 1821 5390 pran-

225 5405 347 5462 dia.
390 5402 681 5457 Prandium
717 5405 861 5458 enim
889 5405 1114 5476 mystice
1138 5415 1348 5475 pastum
1385 5408 1652 5478 signiﬁcat
1684 5427 1820 5481 prze-

226 5494 409 5553 sentis
459 5494 737 5562 temporis,
800 5496 887 5550 ubi
934 5495 1119 5551 ﬁdeles
1162 5509 1472 5554 sanctorum
1528 5502 1817 5569 propheta-

230 5601 361 5643 rum
401 5594 455 5639 ct
481 5585 862 5655 Apostolorum
905 5588 1062 5643 dictis
1106 5599 1160 5643 et
1198 5592 1456 5661 exemplis
1505 5602 1815 5661 pascuntur.

234 5677 397 5734 Unde
435 5686 487 5731 ct
531 5677 584 5729 in
615 5679 922 5748 evangelica
971 5682 1223 5750 parabola
1274 5684 1529 5752 scriptum
1559 5694 1637 5737 est
1667 5704 1677 5737 :
1709 5684 1819 5737 Rea:

235 5771 402 5824 servis
438 5771 549 5823 suis
583 5770 693 5821 ait:
718 5769 887 5825 Dicite
912 5771 1325 5826 invitatis;Ecce
1350 5774 1624 5843 prandium
1652 5792 1818 5827 illt‘liilt

1922 3311 2124 3369 bantur
2179 3312 2376 3383 (Exod.
2407 3314 2561 3388 xxv),
2612 3313 2898 3368 duodecim
2950 3311 3314 3382 apostolorum
3370 3312 3510 3368 obti-

1922 3412 2053 3459 nent
2100 3413 2519 3460 sacramentum.
2568 3404 2627 3459 In
2666 3403 2991 3460 contrariam
3022 3416 3150 3457 vero
3174 3412 3384 3473 partem
3412 3419 3509 3474 pa—

1922 3492 2007 3546 nis
2056 3492 2297 3561 ponitur,
2332 3493 2421 3547 ubi
2452 3493 2755 3548 doctrinam
2796 3479 3177 3547 haeretiéorum‘
3201 3492 3501 3564 significat;

1922 3585 2064 3639 unde
2093 3586 2148 3639 in
2180 3584 2468 3641 Salomone
2505 3586 2766 3656 scriptum
2809 3594 2922 3640 est:
2960 3585 3123 3655 Aqua:
3151 3584 3357 3654 furtivw
3384 3586 3506 3638 dul-

1923 3674 2086 3729 ciores
2132 3686 2271 3741 sunt,
2312 3686 2358 3730 et
2394 3678 2547 3745 panis
2584 3676 2917 3730 absconditus
2957 3678 3168 3729 suavior
3197 3675 3503 3747 (Provdx).

1919 3764 2054 3821 Item
2082 3767 2157 3822 ibi
2184 3782 2198 3820 :
2230 3764 2312 3821 Ne
2339 3768 2620 3833 desideres,
2658 3767 2847 3837 inquit,
2880 3766 2944 3820 de
2985 3768 3110 3822 cibis
3149 3768 3285 3838 ejus,
3311 3769 3365 3822 in
3390 3770 3508 3841 qui-

1924 3857 2018 3910 bus
2064 3867 2137 3911 est
2177 3857 2328 3926 panis
2377 3856 2636 3910 mendacii
2666 3853 2849 3927 (Prov.
2877 3856 3056 3925 χχιιι).
3104 3857 3303 3930 Azyma
3334 3859 3509 3914 since-

1923 3944 2139 3998 ritatem
2170 3945 2368 3999 mentis
2417 3944 2720 4015 signiﬁcant
2751 3947 2953 4014 absque
2980 3946 3243 4001 fermento
3269 3948 3503 4014 malitize,

1921 4040 1984 4087 ut
2028 4032 2081 4087 in
2130 4033 2387 4103 Apostolo
2418 4053 2429 4086 :
2463 4033 2529 4088 In
2580 4036 2802 4105 azymis,
2852 4036 3045 4105 inquit,
3092 4038 3402 4094 sinceritatis
3452 4037 3505 4111 (I

1923 4124 2045 4179 Cor.
2071 4125 2147 4194 ν).
2182 4126 2462 4198 Similago,
2507 4126 2742 4182 ﬁdelium
2774 4129 3075 4193 multitudo,
3116 4133 3324 4198 puritas
3360 4148 3507 4186 men-

1922 4217 2012 4281 tis,
2054 4217 2296 4286 operatio
2323 4218 2727 4283 misericoriiaa,
2761 4228 2813 4273 et
2839 4220 3094 4275 fortitudo
3124 4222 3404 4277 charitatis
3429 4223 3507 4277 in-

1923 4305 2199 4377 telligitur.
2241 4306 2392 4362 Unde
2419 4308 2473 4362 in
2511 4308 2752 4364 Levitico
2795 4310 3050 4379 scriptum
3088 4320 3210 4367 est:
3245 4312 3303 4368 Si
3330 4324 3505 4367 autem

1924 4395 2076 4463 o/fert
2122 4412 2333 4461 munus,
2385 4396 2705 4465 sacriﬁcium
2754 4397 2862 4450 Deo
2914 4399 3155 4469 similago
3202 4401 3267 4453 sit
3316 4418 3505 4456 munus

1923 4486 2038 4555 ejus
2080 4484 2265 4557 (Leuit.
2295 4485 2388 4559 ιι).
2447 4486 2842 4544 Subcineritius
2884 4491 3038 4559 panis
3090 4492 3287 4547 dicitur
3319 4503 3507 4549 coctus

1922 4575 2024 4629 sub
2060 4576 2243 4631 cinere
2291 4585 2347 4631 et
2393 4586 2699 4633 reversatus
2726 4595 2741 4644 ;
2768 4579 2880 4648 ipse
2904 4589 2987 4636 est
3014 4578 3270 4637 focaeius.
3319 4582 3509 4640 Subci-

1921 4665 2150 4721 neritius
2214 4660 2532 4722 humilitatis
2574 4667 2921 4723 'oblationem
2976 4671 3271 4741 significat,
3339 4682 3400 4729 ut
3450 4676 3504 4730 in

1922 4755 2164 4813 Genesi:
2202 4755 2555 4825 Festinanter,
2604 4760 2703 4825 ait,
2753 4774 3029 4833 consperge
3072 4774 3176 4819 tres
3232 4782 3505 4822 mensuras

1922 4846 2255 4916 similaginis,
2298 4856 2344 4901 et
2395 4848 2480 4918 {ac
2519 4849 2910 4904 subcineritium
2939 4870 3124 4932 panem
3152 4850 3303 4925 (Gen.
3324 4856 3502 4929 xvm).

1928 4937 1997 4992 Et
2021 4938 2075 4991 in
2102 4937 2260 4991 aliam
2296 4947 2507 5008 partem
2532 4958 2545 4994 :
2578 4940 2776 4996 Factus
2807 4952 2880 4997 est
2906 4941 3181 5015 Ephraim,
3226 4948 3361 5002 sicut
3388 4950 3507 5004 sub-

1929 5028 2215 5091 cineritius,
2253 5031 2341 5098 qui
2374 5040 2668 5084 reversatur
2693 5029 2838 5101 (Ose.
2858 5032 2975 5105 vn).
3005 5033 3331 5094 Clibanicius
3352 5038 3407 5094 in
3432 5048 3507 5097 te-

1928 5129 2010 5173 sta
2036 5128 2241 5173 coctus.
2281 5120 2356 5175 De
2383 5116 2666 5177 clibanicio
2701 5138 2840 5191 pane
2880 5124 2933 5177 in
2966 5125 3204 5183 Levitico
3245 5130 3505 5201 scriptum

1926 5219 2048 5265 est:
2091 5210 2222 5277 Cum
2252 5220 2425 5265 autem
2468 5212 2713 5268 obtuleris
2750 5216 3067 5283 sacri/icium
3106 5230 3307 5274 coctum
3332 5224 3386 5280 in
3418 5222 3506 5277 cli-

1929 5300 2083 5366 bano,
2131 5302 2195 5356 de
2223 5301 2398 5355 simila
2438 5319 2597 5372 panes
2623 5304 2814 5357 scilicet
2858 5305 3047 5375 absque
3077 5308 3346 5375 fermento,
3380 5328 3502 5365 con-

1930 5409 2132 5463 spersos
2173 5393 2309 5458 oleo,
2353 5404 2398 5447 et
2438 5393 2629 5464 lagana
2676 5412 2861 5463 azyma
2909 5397 3019 5450 oleo
3057 5400 3147 5452 lita
3195 5401 3377 5471 (Lavit.
3418 5405 3499 5474 ιι).

1931 5482 2098 5537 Recte
2142 5498 2270 5553 ergo
2318 5483 2644 5537 sacrificium
2672 5484 2723 5535 in
2756 5483 2857 5538 hoc
2888 5485 3023 5550 loco,
3072 5498 3128 5540 ut
3164 5490 3505 5547 denuntiaret

1932 5573 2265 5627 nativitatem
2309 5572 2533 5636 Christi,
2600 5573 2796 5625 dicitur
2850 5584 3059 5627 Coctum
3122 5579 3345 5643 clibano,
3415 5584 3500 5637 1),γὶ

1932 5665 2205 5735 genitricis
2244 5662 2486 5717 videlicet
2526 5673 2697 5715 utero.
2743 5662 2832 5715 Ille
2873 5665 3011 5717 extim
3045 5667 3282 5733 clii,.inns
3321 5690 3430 5724 tam
3454 5708 3476 5723 ,ι

1932 5758 2069 5810 sario
2119 5758 2426 5809 nntninatau'
2466 5775 2475 5803 τ
2528 5756 2645 5824 quia
2703 5764 2752 5809 ct
2797 5772 2963 5826 [mnes
3012 5760 3288 5827 ignemque
3342 5765 3495 5820 (χρυ.
