3918 6358
427 400 522 455 591

1080 404 1138 456 Β.
1178 402 1427 457 ΒᾹΒᾹΝΙ
1465 402 1680 458 MAURI
1718 401 1978 459 ARCllllii

2083 399 2380 455 MOGUNT.
2423 400 2706 458 OPERUM
2743 404 2921 461 PARS
2957 407 3020 462 11.

3583 407 3687 464 59Ω

422 523 511 581 pet
565 508 807 565 clibanus
849 511 1086 581 suscepit
1133 529 1144 564 :
1176 512 1255 565 sic
1283 519 1336 565 et
1377 511 1469 565 Dei
1515 513 1743 582 genitrix
1775 513 2004 580 desuper
2031 513 2082 572 Α
2107 508 2370 578 guinibus,
2393 508 2557 573 Deus,
2588 509 2727 565 Deus
2756 512 2939 566 salutis
2963 530 3090 569 mea;
3113 515 3284 586 (Psat.
3304 516 3376 588 ι).
3403 516 3535 571 item
3555 531 3686 574 caro

418 599 542 652 vita:
580 615 791 669 panem,
826 600 993 655 Deum
1032 601 1280 656 videlicet
1321 595 1576 667 Verbum,
1609 603 1662 656 in
1694 618 1790 658 suo
1819 613 1994 669 utero,

418 689 700 758 ignemque
745 691 980 760 suscepit
1032 692 1331 760 praesentiae
1373 692 1612 760 spiritus.
1649 692 1822 748 Verba
1869 708 1998 763 ergo

414 777 810 846 Apostolorum,
858 794 1024 847 panes
1064 780 1278 847 accipe;
1317 781 1696 850 prophetarum
1733 796 1879 845 vero,
1921 781 1999 835 la-

414 889 569 943 gana.
619 873 887 940 Quantum
928 874 1070 928 enim
1108 890 1275 944 panes
1328 891 1358 928 a
1399 876 1608 945 laganis
1656 876 1724 928 ad
1763 876 1997 929 nutrien-

413 967 537 1020 dum
561 976 686 1021 sunt
711 967 961 1035 aptiores,
984 974 1193 1020 tantum
1213 967 1374 1020 verba
1395 966 1790 1035 Apostolorum,
1819 965 1996 1020 verbis

409 1053 823 1123 Prophetarum.
869 1053 1096 1124 Utrique
1141 1064 1320 1110 autem
1365 1056 1569 1125 azymi;
1621 1057 1745 1124 quia
1785 1072 1851 1110 ex
1891 1056 1995 1110 alia

409 1141 655 1196 doctrina
694 1142 1019 1198 fermentum
1061 1158 1166 1197 non
1198 1145 1414 1208 habent,
1448 1144 1596 1198 verbi
1653 1144 1844 1213 gratia,
1903 1160 1992 1199 sa-

407 1235 625 1303 pientiae
652 1235 944 1300 sazcularis,
978 1236 1119 1304 quod
1149 1236 1681 1306 convenitaecipere.
1727 1235 1993 1290 Placentte

412 1331 566 1386 sunt,
619 1339 737 1392 quae
791 1325 927 1378 ﬁunt
953 1325 1020 1379 de
1068 1324 1228 1389 farre,
1279 1343 1413 1394 quas
1441 1327 1528 1379 alii
1559 1327 1662 1380 liba
1710 1326 1896 1380 dicunt
1928 1341 1992 1381 eo

407 1413 549 1480 quod
597 1413 798 1468 libeant
844 1423 894 1470 et
954 1413 1221 1485 placeant.
1276 1416 1456 1470 Dulcia
1501 1425 1626 1470 sunt
1667 1430 1863 1486 genera
1913 1416 1986 1484 pi-

406 1500 558 1555 storii
600 1503 798 1572 operis,
850 1519 878 1556 a
925 1518 1115 1572 sapore
1160 1505 1334 1569 dicta;
1381 1504 1536 1558 n‘iclle
1584 1504 1727 1558 enim
1770 1519 1989 1572 aspersa

405 1601 708 1645 sumuntur.
742 1593 936 1647 Crusta
964 1604 1046 1647 est
1067 1595 1380 1663 superﬁcies
1419 1595 1594 1662 panis,
1626 1594 1738 1662 ipsa
1767 1602 1822 1646 et
1847 1592 1990 1661 frag-

407 1690 606 1747 menta,
638 1683 762 1751 quia
785 1683 1064 1748 dividitur,
1104 1694 1163 1736 ut
1191 1685 1376 1737 fracta.
1415 1686 1490 1738 De
1523 1684 1783 1753 placentis
1811 1683 1866 1736 in
1894 1682 1988 1737 Je-

404 1773 573 1826 remia
634 1773 834 1827 mentio
887 1772 967 1836 ﬁt,
1023 1775 1114 1828 ubi
1180 1776 1484 1842 increpatur
1527 1774 1771 1842 populus,
1845 1773 1987 1842 quod

2099 607 2153 651 et
2201 597 2418 666 sanguis
2468 597 2755 668 ingluviem
2785 601 2989 655 ventris
3023 612 3184 670 atque
3214 605 3482 658 luxuriam
3518 603 3682 676 signi-

2099 686 2245 749 ﬁcat,
2302 696 2362 739 ut
2403 687 2454 739 in
2501 685 2757 755 Apostolo
2796 707 2808 742 :
2856 688 2990 742 Caro
3019 699 3064 744 et
3094 695 3326 761 sanguis,
3373 693 3566 762 inquit,
3595 708 3682 749 ro-

2097 793 2253 846 gnum
2289 776 2387 830 Dei
2426 793 2530 831 non
2564 780 2895 848 possidebunt
2935 779 2987 852 (Ι
3012 781 3132 835 Cor.
3162 782 3274 853 xv).
3330 784 3566 840 Crudum
3594 783 3678 839 di-

2097 868 2255 929 citur,
2307 867 2449 936 quod
2500 868 2568 922 sit
2605 878 2917 936 cruentum;
2949 881 3030 926 est
3072 871 3216 925 enim
3253 889 3376 926 cum
3419 876 3681 946 sanguine

2097 963 2328 1009 coctum.
2364 955 2468 1010 Sed
2509 965 2562 1012 et
2588 959 2741 1014 multi
2789 961 3048 1031 temporis
3076 961 3278 1032 aliquid
3325 973 3543 1018 coctum
3588 982 3682 1021 vo-

2095 1055 2267 1100 catur.
2333 1047 2549 1113 Assum,
2601 1051 2742 1119 quod
2797 1051 3001 1115 ardeat,
3052 1058 3113 1105 ut
3166 1067 3367 1106 arsum.
3428 1053 3680 1121 Elixum,

2093 1135 2236 1204 quod
2283 1135 2338 1188 in
2376 1151 2515 1205 aqua
2570 1138 2678 1192 sola
2710 1139 3045 1207 decoquitur.
3075 1140 3208 1196 Lixa
3249 1143 3392 1196 enim
3430 1158 3569 1212 aqua
3603 1144 3681 1198 dic

2093 1226 2232 1279 citur
2283 1225 2349 1278 ab
2375 1241 2440 1280 eo
2477 1228 2619 1295 quod
2650 1228 2719 1280 sit
2745 1228 2950 1293 soluta;
2983 1230 3126 1284 unde
3173 1240 3223 1286 et
3257 1233 3454 1288 solutio
3497 1233 3680 1288 libidi-

2093 1315 2177 1368 nis
2236 1314 2416 1379 luxus,
2465 1324 2519 1369 et
2578 1312 2819 1371 membra
2867 1318 2985 1373 loco
3035 1327 3179 1373 mota
3232 1320 3353 1376 luxa
3404 1323 3679 1377 dicuntur.

2090 1406 2422 1475 Przeceptum
2471 1423 2705 1477 namque
2753 1409 2828 1463 ita
2875 1417 2959 1464 est
2990 1409 3046 1464 in
3090 1409 3206 1479 lege
3235 1412 3300 1466 de
3348 1413 3471 1482 agni
3499 1412 3683 1468 carni-

2092 1495 2194 1551 bus
2223 1497 2276 1550 in
2308 1496 2512 1551 Pascha
2558 1498 2836 1553 vescendis
2865 1516 2878 1551 :
2924 1499 3046 1552 Non
3072 1500 3352 1554 comedetis
3379 1519 3446 1555 ex
3472 1519 3534 1556 eo
3559 1519 3683 1557 cru-

2091 1587 2216 1640 dum
2248 1590 2395 1656 quid,
2441 1606 2529 1641 nec
2575 1600 2773 1642 coctum
2810 1606 2966 1659 aqua,
3009 1591 3099 1644 sed
3126 1607 3301 1644 assunt
3343 1601 3547 1645 tantum
3569 1593 3682 1663 igni

2093 1676 2286 1748 (Exod.
2313 1678 2430 1747 xu).
2464 1677 2600 1743 Quid
2649 1679 2828 1732 crudae
2879 1679 3002 1748 agni
3043 1695 3252 1745 carnes,
3295 1681 3395 1735 nisi
3437 1683 3680 1738 inconsi-

2091 1765 2332 1820 deratam
2383 1781 2446 1820 ac
2501 1767 2618 1821 sine
2672 1769 2972 1822 reverentia
3023 1769 3361 1837 cogitationis
3419 1768 3679 1837 reiectam

401 1863 679 1929 placentas
705 1862 818 1915 sive
868 1860 1103 1916 focacios
1128 1836 1343 1932 reginm-
1372 1862 1495 1916 cmli
1528 1836 1776 1916 coierint
1805 1881 1816 1915 :
1847 1836 1992 1932 quod
2017 1836 2066 1896 B
2094 1855 2236 1910 illius
2282 1856 2670 1911 humanitatem
2706 1857 3042 1928 Signiﬁcant?
3087 1836 3256 1913 omne
3310 1836 3488 1923 enimi
3535 1858 3681 1928 (ιυοᾶ

402 1948 684 2004 haereticos
722 1948 835 2003 sive
871 1949 1244 2004 schismaticos
1270 1949 1566 2019 signiﬁcat;
1613 1949 1870 2019 quidquid
1907 1965 1992 2004 sa-

401 2039 602 2109 pientia
641 2037 886 2092 saeculari
933 2039 986 2092 in
1029 2039 1218 2092 haeresi
1269 2047 1631 2107 excoquentes
1661 2047 1987 2108 praeparant,

401 2144 509 2182 non
567 2129 698 2191 Deo,
763 2129 855 2182 sed
916 2127 1162 2197 malignis
1222 2128 1501 2196 spiritibus
1553 2126 1782 2182 offerunt
1836 2127 1985 2182 illud.

397 2221 466 2275 Et
487 2221 540 2274 in
571 2219 774 2290 psalmo
799 2219 1058 2288 scriptum
1084 2235 1098 2272 :
1127 2220 1288 2273 Mittit
1313 2219 1616 2289 crystallum
1646 2237 1819 2283 suum,
1853 2220 1988 2272 sicut

399 2311 569 2379 frusta
599 2311 749 2380 panis
792 2309 962 2379 (Psal.
989 2310 1212 2380 CXLVII).
1262 2309 1512 2380 Crystalli
1565 2310 1866 2364 substantia
1890 2310 1986 2364 ob-

345 2438 347 2441 -
399 2401 615 2456 stinatis
645 2401 1015 2468 peccatoribus
1044 2402 1238 2454 merito
1270 2409 1638 2468 comparatur,
1685 2402 1776 2468 qui
1803 2400 1985 2470 algore

395 2489 632 2558 perﬁdia:
677 2489 954 2542 constricti
991 2503 1088 2558 per
1125 2489 1366 2557 singulos
1420 2489 1534 2542 dies
1581 2489 1978 2558 congelascunt.

394 2575 504 2630 llos
541 2589 752 2645 quoque
794 2575 1067 2637 Dominus,
1125 2577 1291 2629 veluti
1323 2576 1492 2629 frusta
1549 2578 1726 2644 panis,
1759 2578 1980 2642 emittit,

393 2669 607 2736 quando
652 2683 940 2723 conversos
999 2683 1093 2721 sua
1153 2667 1282 2722 facit
1339 2669 1636 2739 praedicare
1693 2670 1978 2738 magnalia,

391 2758 533 2812 unde
558 2759 787 2828 populus
815 2759 1060 2812 esuriens
1084 2757 1291 2812 ccelcsti
1323 2774 1458 2828 pane
1484 2769 1751 2813 vescatur.
1789 2759 1978 2814 Frusta

388 2846 532 2900 enim
563 2855 744 2915 partes
774 2845 1014 2914 corporis
1043 2847 1270 2900 dicimus
1301 2846 1556 2916 alicujus:
1588 2849 1802 2916 signant
1825 2849 1979 2917 quip-

387 2949 454 3003 pe
471 2936 728 2989 doctrinte
745 2937 955 2990 diversa
979 2938 1138 3000 dona,
1156 2953 1274 3005 qua:
1289 2938 1752 3006 exspectatoribus
1770 2936 1975 3008 (Forte,

386 3026 787 3098 peccatoribus]
834 3026 886 3079 in
913 3028 1113 3081 sanctis
1143 3029 1253 3080 suis
1292 3027 1548 3080 Dominus
1587 3027 1781 3096 saepius
1822 3041 1976 3081 mon—

387 3123 565 3170 strare
602 3116 849 3185 dignatus
893 3124 994 3169 est.
1048 3115 1390 3168 Fcrmentum
1443 3131 1471 3168 a
1511 3115 1720 3169 fervore
1771 3131 1977 3170 nuncu-

2094 1947 2358 2001 subtiliter
2409 1947 2727 2016 cogitamus,
2777 1947 2930 2020 quasi
2978 1954 3158 2001 mente
3213 1947 3516 2016 coquimus.
3568 1946 3679 2001 Sed

2093 2038 2216 2107 agni
2245 2051 2374 2091 caro
2421 2052 2523 2090 nec
2552 2038 2716 2091 cruda
2766 2037 2975 2094 edenda
3017 2045 3120 2102 est,
3172 2049 3272 2091 nec
3319 2051 3459 2105 aqua
3497 2047 3676 2103 cocta,

2091 2129 2218 2198 quia
2263 2127 2590 2196 Redemptor
2634 2137 2818 2182 noster
2843 2142 2946 2182 nec
2990 2143 3157 2198 purus
3209 2129 3371 2182 homo
3399 2128 3681 2182 :estiman—

2091 2218 2190 2272 dus
2231 2225 2332 2280 est,
2365 2231 2536 2284 neque
2566 2231 2662 2285 per
2710 2217 2998 2269 humanam
3048 2217 3391 2286 sapientiam,
3444 2216 3680 2284 qualiter

2089 2307 2358 2360 incarnari
2397 2307 2540 2360 Deus
2565 2305 2757 2374 potuit,
2805 2305 3138 2375 cogitandus.
3171 2303 3360 2360 Omnis
3388 2308 3557 2371 enim,
3580 2307 3677 2375 qui

2086 2395 2497 2465 Redemptorem
2523 2405 2767 2450 nostrum
2792 2410 2987 2464 purum
3012 2395 3283 2450 hominem
3317 2397 3509 2462 credit,
3542 2397 3677 2466 quid

2085 2487 2187 2540 iste
2228 2486 2392 2549 aliud,
2462 2501 2624 2556 quam
2689 2486 2812 2556 agni
2861 2500 3052 2541 carnes
3104 2485 3319 2551 crudas,
3385 2487 3671 2541 comedit:

2085 2589 2219 2644 quas
2261 2574 2512 2629 videlicet
2551 2587 2784 2643 coquere
2828 2589 2924 2644 per
2967 2574 3260 2630 divinitatis
3309 2575 3426 2643 ejus
3473 2575 3676 2629 intelli-

2085 2664 2319 2732 gentiam
2340 2663 2531 2717 noluit.
2564 2663 2751 2718 Omnis
2791 2664 2955 2728 enim,
3003 2663 3096 2732 qui
3137 2662 3526 2717 incarnationis
3550 2663 3672 2731 ejus

2082 2753 2342 2822 mysteria
2382 2750 2537 2817 juxta
2581 2752 2873 2805 humanam
2920 2752 3239 2821 sapientiam
3279 2749 3553 2808 discutere
3574 2768 3673 2807 co-

2080 2849 2258 2904 natur,
2311 2855 2501 2895 carnes
2547 2841 2670 2911 agni
2711 2855 2849 2910 aqua
2885 2841 2999 2895 vult
3035 2855 3288 2911 coquere,
3327 2841 3380 2896 id
3413 2850 3522 2907 est,
3557 2843 3672 2898 dis-

2078 2933 2409 3002 pensationis
2469 2933 2585 3002 ejus
2638 2937 2952 3003 mysterium
3021 2948 3118 3002 per
3173 2933 3487 2988 dissolutam
3548 2933 3670 2990 vult

2081 3024 2364 3079 scientiam
2389 3032 2694 3092 penetrare.
2721 3025 2942 3080 Frixum
2971 3042 3001 3081 a
3031 3041 3163 3080 sono
3191 3025 3416 3092 dictum,
3448 3027 3669 3096 quando

2081 3115 2235 3168 ardet
2281 3114 2336 3168 in
2391 3113 2530 3167 oleo.
2584 3114 2811 3168 Frixura
2859 3115 3125 3186 signiﬁcat
3170 3117 3419 3172 timorem
3464 3132 3664 3188 pinnae.

385 3215 591 3275 patum,
618 3184 759 3276 quod
811 3208 932 3277 plus
974 3224 1079 3261 una
1125 3208 1254 3260 hora
1306 3223 1410 3260 non
1453 3215 1626 3275 potest
1672 3208 1968 3272 contineri;
2002 3184 2046 3246 Ε
2081 3204 2234 3259 Unde
2271 3203 2556 3257 Psalmista
2581 3205 2695 3256 ait:
2731 3203 2865 3258 Ossa
2890 3184 3004 3258 mea
3030 3206 3162 3258 sicut
3204 3206 3259 3260 in
3293 3184 3517 3275 frixorio
3539 3223 3667 3262 cou-

384 3295 682 3358 crescendo
709 3295 853 3348 enim
885 3295 1114 3348 excedit.
1168 3295 1359 3347 Farina
1405 3304 1461 3347 et
1491 3294 1723 3348 furfures
1773 3311 1802 3348 a
1828 3296 1974 3350 farre

386 3384 565 3448 dictae,
601 3383 754 3452 cujus
783 3395 906 3437 sunt
950 3393 1322 3453 purgamenta.
1363 3383 1612 3436 Amolum
1644 3385 1741 3445 llos
1765 3382 1970 3448 farinze,

387 3473 760 3537 tenuissimum
808 3489 917 3541 pra}
950 3474 1165 3527 levitate
1212 3475 1277 3527 de
1328 3474 1465 3527 mola
1517 3482 1789 3542 egestum;
1835 3474 1975 3528 unde

386 3572 442 3616 et
487 3563 830 3631 appellatum,
876 3564 1027 3632 quasi
1077 3579 1106 3616 a
1153 3565 1312 3618 mola.
1349 3563 1693 3617 Fet-mentum
1741 3563 1872 3618 ﬁdes
1899 3564 1975 3616 in-

386 3647 643 3720 telligitur
687 3651 740 3704 in
795 3652 1099 3719 livangelio,
1157 3653 1247 3705 ubi
1297 3653 1554 3721 scriptum
1610 3662 1738 3707 est:
1781 3652 1973 3706 Mulier

386 3753 594 3813 accepto
619 3742 868 3810 fermento
885 3746 1019 3795 misit
1044 3745 1096 3794 iu
1119 3744 1305 3810 furiare
1333 3752 1446 3794 suta
1470 3743 1569 3794 tria
1595 3741 1807 3812 (JIutt/t.
1826 3742 1968 3811 xm).

387 3834 522 3888 Item
560 3833 882 3888 fermentum
935 3836 1334 3900 (ZOI‘I‘tlptiOItL‘lll
1382 3835 1580 3887 mentis
1638 3835 1816 3903 signat
1878 3849 1974 3903 per

386 3934 687 3996 peccatum,
735 3935 793 3980 ut
836 3927 888 3979 in
929 3926 1148 3979 Exodo:
1187 3925 1368 3978 Omnis
1399 3925 1589 3992 inquit,
1621 3927 1710 3991 qui
1753 3924 1971 3976 comedit

389 4017 775 4086 fermentatum,
815 4016 996 4090 peribit
1025 4018 1199 4068 anima
1227 4018 1339 4084 ejus
1372 4015 1566 4084 (Exod.
1601 4016 1719 4085 xu).
1754 4016 1968 4080 Farina,

389 4105 676 4160 multitudo
710 4105 964 4169 ﬁdelium,
993 4115 1051 4158 ut
1081 4107 1132 4158 in
1159 4106 1446 4173 Evangelio
1478 4123 1488 4155 :
1525 4104 1737 4169 Mulier,
1767 4115 1971 4174 accepto

388 4196 661 4265 fermento,
715 4196 854 4247 misit
897 4196 951 4248 in
1000 4195 1189 4263 farina:
1239 4195 1338 4247 tria
1383 4204 1495 4247 sata
1553 4193 1765 4262 (Matth.
1816 4194 1969 4262 xm);

390 4285 532 4352 quod
577 4293 661 4338 est
690 4281 969 4336 Trinitatis
1004 4282 1338 4351 mysterium.
1372 4280 1568 4334 Farina
1607 4289 1689 4333 est
1714 4295 1846 4349 opus
1881 4281 1974 4335 bo-

391 4390 520 4429 num
547 4375 632 4428 vel
663 4374 880 4435 malum,
932 4375 1071 4428 sicut
1111 4382 1192 4426 est
1245 4372 1373 4424 illud
1421 4373 1470 4424 in
1509 4372 1804 4440 prt‘mhcta:
1849 4371 1972 4424 Non

391 4476 466 4520 est
516 4464 812 4535 manipulus
860 4466 914 4517 in
969 4466 1042 4517 eis
1100 4465 1292 4532 faciens
1351 4464 1578 4530 farinam
1611 4477 1627 4512 :
1659 4465 1794 4533 quod
1837 4474 1882 4516 et
1926 4464 1970 4516 si

391 4556 591 4625 fecerit,
619 4555 776 4609 alieni
806 4555 1071 4608 comedent
1119 4571 1179 4606 ea
1209 4551 1354 4623 (Ose.
1382 4553 1521 4624 vnt).
1565 4554 1764 4607 (James
1796 4555 1969 4619 dieue,

393 4646 518 4714 quia
549 4646 726 4699 charm
763 4653 920 4706 sunt,
955 4643 1068 4697 sive
1096 4657 1124 4694 a
1156 4641 1388 4694 creando
1419 4659 1430 4692 :
1461 4643 1598 4694 unde
1628 4650 1681 4693 et
1714 4657 1743 4693 a
1773 4641 1975 4695 Grmcis

397 4750 546 4789 creas
596 4743 840 4788 vocatur.
870 4732 1009 4787 Caro
1045 4741 1439 4785 sacramentum
1481 4732 1724 4799 corporis
1763 4732 1974 4785 Domini

396 4825 449 4878 in
485 4824 811 4892 Evangelio:
849 4822 950 4886 Qui
995 4823 1274 4874 mumlucut
1310 4839 1514 4874 carnem
1557 4841 1741 4885 meum,
1775 4834 1820 4874 et
1853 4823 1974 4874 bibit

394 4931 564 4968 meum
614 4915 916 4982 sanguinem
961 4913 1138 4983 (Jouu.
1169 4914 1259 4980 η).
1311 4915 1513 4965 (larnes
1571 4914 1788 4966 historia
1845 4913 1975 4982 legis

397 5006 476 5072 (ut
505 5006 720 5074 quidam
744 5004 948 5074 volunt)
967 5005 1016 5057 in
1048 5005 1227 5056 Exodo
1255 5021 1266 5055 :
1303 5004 1378 5054 Ad
1412 5021 1670 5071 vesperum
1701 5006 1971 5057 resurmiui

395 5095 656 5157 cantibus,
689 5106 735 5146 et
775 5110 921 5146 mane
959 5094 1319 5145 stttm‘ubimiui
1361 5094 1576 5160 panibus
1619 5094 1812 5161 (la'xod.
1838 5094 1967 5164 xu),

400 5188 498 5237 hoc
534 5194 633 5248 est,
683 5193 803 5252 post
864 5182 1471 5242 illllllliltﬂllullt.‘ltllitiCi,
1523 5194 1575 5236 et
1624 5186 1969 5238 resurrectio-

398 5289 520 5326 nem
573 5274 776 5326 Domini
828 5273 995 5327 nostri
1025 5271 1150 5325 Jesu
1204 5272 1400 5325 Christi
1451 5273 1679 5341 spiritali
1731 5276 1848 5327 cibo
1878 5291 1969 5328 ve-

400 5364 639 5416 sccmini.
726 5362 864 5416 Caro
912 5365 1054 5415 enim
1088 5363 1357 5416 hominem
1396 5366 1719 5417 exteriorem
1765 5365 1964 5436 signiﬁ-

400 5463 505 5515 cat,
537 5453 674 5505 unde
704 5453 960 5520 scriptum
988 5463 1072 5507 est
1098 5453 1151 5506 in
1170 5452 1423 5521 Apostolo
1450 5475 1461 5507 :
1495 5455 1628 5508 Caro
1666 5459 1801 5510 enim
1842 5474 1966 5514 con-

402 5544 612 5611 cupiscit
655 5543 895 5595 adversus
934 5544 1195 5610 spiritum,
1225 5528 1268 5595 et
1310 5545 1516 5610 spiritus
1561 5547 1803 5600 (ulversus
1851 5566 1969 5601 car-

406 5650 516 5685 nem
569 5630 706 5698 (Gul.
760 5647 842 5700 \‘l',
901 5643 950 5686 et
1002 5636 1214 5701 sanguis
1268 5637 1628 5700 opertuionrnt
1677 5639 1965 5693 carnalem.

412 5723 557 5777 [nde
606 5723 862 5791 Propheta
918 5726 1040 5777 dicit
1084 5727 1133 5778 in
1173 5725 1373 5793 psalmo
1412 5747 1419 5777 :
1458 5726 1637 5778 Libera
1668 5745 1743 5781 me
1771 5731 1831 5781 de
1859 5749 1975 5782 sun-

2078 3293 2221 3362 frixa
2250 3304 2369 3346 sunt
2391 3291 2562 3364 (Psal.
2592 3299 2742 3361 xxx).
2795 3293 2940 3348 Sicut
2981 3295 3235 3363 opinione
3274 3309 3532 3365 prospera
3567 3297 3672 3352 bo-

2079 3397 2272 3437 norum
2299 3383 2614 3436 meritorum
2645 3397 2789 3447 ossa,
2830 3383 2882 3437 id
2919 3393 3021 3447 est,
3068 3384 3233 3438 animi
3263 3383 3522 3439 fortitudo
3544 3385 3667 3453 pin-

2076 3475 2304 3544 guescit,
2353 3475 2568 3543 quando
2608 3489 2795 3529 eorum
2843 3477 3170 3531 conscientia
3219 3476 3361 3531 felici
3405 3480 3664 3533 recorda-

2077 3565 2222 3618 tione
2251 3564 2484 3627 ltetatur,
2525 3566 2664 3619 sicut
2710 3566 2839 3619 dicit
2879 3565 3133 3620 Salomon
3176 3583 3188 3618 :
3226 3564 3432 3620 Farina
3465 3566 3662 3640 [fama]

2077 3654 2210 3707 bona
2236 3655 2526 3722 impiuguat
2547 3669 2665 3707 ossa
2687 3651 2867 3728 (Prov.
2892 3654 2982 3724 xv)
3003 3671 3017 3720 ;
3039 3656 3113 3708 ita
3136 3656 3510 3710 recordatione
3533 3674 3664 3712 con-

2076 3743 2242 3796 traria
2274 3753 2618 3812 peccatorum
2660 3745 2852 3810 virtus,
2897 3754 3154 3816 tanquam
3185 3746 3346 3811 frixa,
3379 3751 3664 3804 contrahi-

2077 3839 2186 3894 tur,
2215 3830 2341 3884 dum
2368 3831 2735 3887 oblocutiones
2769 3833 3044 3887 hominum
3084 3843 3138 3889 et
3171 3839 3517 3892 conscientia:
3548 3854 3663 3894 sum

2070 3917 2271 3985 judicia
2303 3919 2540 3987 graviter
2581 3921 2917 3987 expavescit;
2953 3924 3077 3975 sive
3105 3924 3194 3978 hic
3223 3923 3443 3995 frigitur
3467 3941 3665 3996 pecca-

2077 4017 2179 4072 tor,
2204 4008 2417 4075 quando
2444 4005 2654 4088 futuros
2675 4010 2823 4079 ignes
2840 4011 3193 4082 incendiaque
3215 4013 3470 4068 formidat
3493 4035 3505 4067 :
3533 4031 3663 4072 nam

2075 4098 2166 4166 qui
2217 4113 2275 4151 se
2306 4100 2545 4165 pavescit
2567 4115 2837 4164 arsurum,
2869 4103 3036 4170 ipsius
3058 4105 3289 4158 incendii
3322 4116 3533 4160 terrore
3544 4107 3660 4175 jam

2076 4186 2255 4257 friget.
2296 4188 2526 4252 Salsum,
2566 4192 2720 4258 quasi
2750 4191 2860 4245 sale
2894 4207 3198 4261 aspersum,
3233 4195 3466 4264 demptis
3503 4198 3663 4266 quasi

2077 4300 2107 4338 e
2137 4286 2311 4338 medio
2348 4285 2565 4353 syllabis
2598 4288 2787 4340 tribus.
2819 4288 2911 4340 Sal
2954 4289 3101 4342 enim
3136 4290 3540 4343 condimentum
3572 4306 3663 4346 sa-

2075 4374 2288 4442 picntim
2313 4373 2600 4441 signiﬁcat,
2638 4383 2696 4427 ut
2734 4375 2790 4428 in
2835 4375 3125 4445 Evangelio
3153 4376 3266 4444 ipsa
3296 4375 3513 4431 Veritas
3539 4379 3615 4432 ait
3641 4395 3660 4434 :

2087 4461 2189 4514 Vos
2237 4465 2357 4515 estis
2403 4463 2483 4514 sal
2521 4471 2674 4516 terra:
2720 4463 2935 4533 (Matth.
2983 4465 3059 4535 v).
3093 4466 3160 4519 Et
3205 4466 3338 4520 item
3375 4484 3389 4520 :
3434 4467 3661 4535 Habete,

2079 4553 2270 4620 inquit,
2302 4551 2381 4604 sal
2400 4553 2454 4604 in
2480 4552 2617 4605 vobis
2635 4551 2824 4620 (Marc.
2854 4553 2952 4627 ιχ).
2980 4554 3214 4608 Rursum
3242 4555 3321 4609 sal
3342 4556 3659 4613 infamatum

2076 4641 2379 4694 Judworum
2409 4643 2689 4695 scientiam
2724 4643 2990 4711 signiﬁcat
3021 4645 3073 4697 in
3111 4644 3349 4701 Levitico
3389 4665 3403 4700 :
3439 4646 3660 4714 Ptuam,

2078 4737 2268 4804 inquit,
2308 4751 2463 4804 super
2503 4747 2694 4788 terram
2729 4736 2876 4788 illam
2902 4737 3160 4806 pulverem
3200 4747 3248 4791 et
3283 4740 3387 4792 sal.
3431 4740 3661 4810 Salsugo

2077 4844 2288 4894 quoque
2310 4829 2487 4881 cordis
2508 4829 2974 4896 compunctionem
3005 4829 3272 4900 designat,
3309 4832 3450 4885 sicut
3476 4834 3529 4885 in
3560 4832 3663 4887 Job

2078 4923 2141 4972 de
2176 4922 2409 4986 onagris,
2447 4923 2542 4973 hoc.
2575 4929 2675 4984 est,
2712 4921 2990 4975 ntonachis
3017 4922 3216 4975 dicitur
3246 4937 3259 4974 :
3295 4921 3658 4976 Tabernarula

2078 5013 2188 5077 ejus
2220 5014 2270 5064 in
2296 5021 2432 5064 terra
2455 5010 2730 5079 sulsuginis
2759 5010 2900 5079 (Job.
2933 5012 3142 5080 xxxxx).
3176 5012 3308 5064 Item
3329 5011 3547 5082 salsugo
3577 5015 3662 5067 in-

2079 5101 2302 5154 ﬁdelitas
2327 5101 2648 5162 Judteorum,
2680 5101 2762 5154 vel
2790 5101 3013 5154 aridilas
3050 5101 3245 5155 mentis
3271 5102 3321 5153 in
3352 5101 3654 5158 Psalterio:

2081 5190 2237 5243 Terra
2281 5192 2550 5259 fructifera
2595 5193 2646 5244 iu
2685 5190 2999 5260 salsuginem
3030 5189 3208 5262 (Paul.
3240 5192 3384 5262 ενι).
3431 5191 3527 5247 Jus
3558 5209 3656 5250 co-

2076 5280 2251 5347 quimc
2290 5281 2530 5350 magistri
2577 5297 2605 5332 a
2629 5281 2750 5348 jure
2793 5291 3254 5350 nuncupaverunt,
3292 5283 3420 5350 quia
3460 5293 3546 5337 est
3570 5285 3657 5341 lex

2076 5369 2394 5422 condimenti
2421 5371 2554 5438 ejus.
2587 5369 2736 5423 Hanc
2755 5370 2923 5425 Gr:eci
2951 5387 3140 5426 zomon
3170 5381 3382 5426 vocant.
3406 5370 3658 5442 Coquere

2073 5473 2200 5527 ergo
2257 5457 2567 5528 diligentem
2623 5461 3022 5515 meditationem
3077 5461 3364 5531 signiﬁcat.
3418 5463 3658 5520 Verbum

2079 5547 2284 5601 Domini
2309 5547 2575 5602 subtiliter
2608 5549 2659 5602 in
2683 5551 2845 5603 corde
2870 5550 3136 5615 meditari,
3166 5551 3319 5618 quasi
3357 5560 3540 5606 mente
3565 5555 3658 5608 de-

2066 5635 2306 5705 coquere
2345 5646 2466 5690 est:
2500 5639 2637 5706 quod
2681 5641 2733 5692 in
2769 5640 3005 5696 Levitico
3052 5641 3123 5694 ita
3168 5643 3446 5711 probatur.
3490 5643 3656 5696 (10m-

2080 5731 2236 5784 edere
2262 5743 2342 5785 cst
2365 5732 2541 5784 divina
2562 5735 2721 5785 verba
2741 5735 3092 5804 spiritualitcr
3118 5752 3356 5795 sumere.
3382 5746 3438 5789 et
3459 5750 3660 5804 panem
