3918 6342
207 384 311 444 597

815 492 1043 550 CAPUT
1082 491 1167 548 Ill.

751 587 829 643 De
857 588 994 642 vasis
1016 584 1250 641 escariis.

269 676 382 734 Vas
411 677 615 734 dictum
645 693 675 733 a
703 678 989 744 vescendo,
1018 677 1159 746 quod
1182 676 1235 730 in
1262 691 1328 742 eo
1356 690 1494 732 esca:
1519 690 1790 746 apponan-

206 776 309 825 tur.
340 765 506 836 Cujus
533 769 910 824 diminutivum
929 808 944 832 ,
979 766 1286 834 vasculum,
1309 770 1464 838 quasi
1492 769 1785 833 vesculum.

203 856 416 914 Fictilia
434 859 596 924 dicta,
614 857 755 928 quod
779 857 975 916 fiantet
994 857 1263 930 fingantur
1277 872 1343 913 ex
1369 866 1537 913 terra.
1557 859 1790 931 Fingere

202 956 284 1004 est
305 949 450 1003 enim
478 937 681 1013 facere,
711 945 947 1003 formare
976 955 1030 1004 et
1057 947 1343 1019 plasmare.
1374 948 1529 1004 Unde
1557 959 1611 1004 et
1640 949 1789 1021 ﬁguli

204 1039 588 1096 dicuntur.,Et
623 1054 722 1094 vas
760 1038 923 1094 fictile
965 1039 1194 1105 dicitur,
1247 1056 1354 1095 non
1409 1040 1613 1106 fictum,
1658 1041 1790 1097 illud

203 1132 345 1202 quod
387 1129 727 1186 mendacium
759 1138 845 1186 est
878 1147 891 1184 :
925 1131 1018 1186 sed
1044 1131 1189 1201 quod
1227 1130 1512 1196 formatur,
1541 1141 1602 1186 ut
1639 1132 1711 1187 sit
1737 1140 1791 1186 et

203 1218 402 1275 habeat
447 1221 680 1290 aliquam
713 1220 963 1277 formam.
1004 1221 1156 1278 Unde
1195 1230 1248 1277 et
1291 1222 1583 1293 Apostolus
1611 1223 1741 1279 dicit
1772 1242 1785 1278 :

205 1310 460 1384 Nunquid
481 1313 608 1368 dicit
635 1311 938 1384 ﬁgmentum
965 1315 1014 1368 ei
1061 1315 1152 1385 qui
1179 1331 1233 1370 se
1268 1314 1424 1383 ﬁnxit
1459 1327 1477 1365 :
1511 1311 1687 1378 Quare
1716 1315 1791 1369 sic

201 1417 280 1458 me
319 1403 490 1473 fecisti
529 1403 708 1476 (Rom.
754 1404 1112 1476 ix)?Fictilia
1152 1420 1281 1460 vasa
1319 1406 1374 1460 in
1415 1403 1580 1460 Samo
1618 1405 1792 1461 insula

201 1493 351 1565 prius
381 1493 599 1550 inventa
646 1493 953 1560 traduntur,
985 1493 1126 1549 facta
1152 1511 1219 1550 ex
1253 1502 1394 1550 terra
1422 1505 1604 1551 cretea
1630 1503 1685 1550 et
1713 1497 1794 1551 in-

201 1582 400 1660 durata~
435 1585 590 1656 igne;
627 1585 771 1640 unde
800 1593 857 1640 et
878 1583 1072 1640 Samia
1109 1599 1256 1640 vasa.
1279 1575 1480 1639 “Postea
1516 1585 1808 1640 inventum‘

203 1683 307 1738 est,
339 1675 612 1730 rubricam
640 1675 857 1742 addere,
883 1684 937 1731 et
965 1692 1031 1732 ex
1060 1675 1222 1730 rubra
1256 1685 1400 1732 terra
1431 1675 1651 1748 fingere.
1675 1675 1791 1731 An-

203 1763 489 1833 tiquiorem
536 1764 703 1821 fuisse
752 1782 911 1822 usum
961 1767 1206 1824 fictilium
1253 1781 1508 1822 vasorum
1559 1775 1789 1834 constat,

203 1870 363 1928 quam
394 1855 650 1912 fundendi
672 1857 798 1914 mris
831 1866 924 1913 aut
950 1860 1182 1930 argenti.
1217 1857 1372 1929 Apud
1406 1867 1619 1913 veteres
1649 1858 1795 1913 enim

201 1960 300 2001 nec
320 1961 505 2012 aurea,
532 1963 632 2004 nec
658 1957 936 2020 argentea,
960 1950 1055 2005 sed
1078 1949 1261 2006 fictilia
1283 1965 1411 2004 vasa
1435 1949 1792 2016 habebantur;

201 2035 344 2091 sicut
376 2037 445 2091 ad
491 2037 614 2092 vina
647 2037 803 2094 doliis
831 2040 1168 2110 excogitatis,
1201 2040 1268 2094 ad
1295 2054 1465 2110 aquas
1496 2039 1793 2109 amphoris,

202 2124 415 2197 hydriis
442 2126 508 2182 ad
533 2126 744 2195 balnea,
777 2143 842 2184 ac
878 2129 1098 2199 reliquis
1127 2145 1246 2200 quae
1295 2129 1349 2184 in
1403 2129 1589 2186 usibus
1624 2130 1798 2185 homi-

201 2233 333 2273 num
377 2227 472 2274 aut
511 2228 628 2274 rota
674 2219 827 2287 fiunt,
870 2231 965 2278 aut
1007 2238 1168 2277 manu
1211 2230 1482 2293 aptantur.
1522 2221 1793 2278 Fictilium

200 2323 333 2380 ergo
370 2324 623 2366 vasorum
652 2311 820 2383 figura
851 2313 919 2368 ad
954 2315 1204 2368 humanae
1231 2313 1554 2370 conditionis
1594 2323 1795 2369 sortem

199 2400 459 2471 pertinet.
500 2400 654 2457 Unde
681 2403 940 2472 scriptum
967 2413 1053 2462 est
1090 2422 1104 2458 :
1138 2392 1407 2458 Formavit
1441 2405 1581 2459 Deus
1622 2405 1794 2458 homi-

205 2513 324 2552 nem
352 2498 417 2551 de
441 2497 565 2552 limo
607 2507 760 2554 terra:
784 2498 936 2570 (Gen.
969 2499 1054 2571 ιι).
1086 2499 1216 2567 Quae
1256 2508 1434 2554 tamen
1466 2501 1587 2570 igne
1626 2499 1799 2569 Spiri-

203 2595 291 2644 tus
318 2589 495 2665 sancti
539 2589 605 2646 ad
634 2607 828 2662 purum
861 2600 1107 2657 excocta,
1144 2606 1271 2646 vasa
1313 2591 1552 2660 pretiosa
1585 2591 1651 2646 ad
1683 2606 1799 2647 ser-

203 2679 392 2736 vitium
423 2680 519 2736 Dei
551 2681 747 2736 habilia
784 2681 939 2737 fiunt.
982 2683 1124 2739 Vasa
1161 2683 1305 2738 enim
1340 2683 1600 2752 pretiosa,
1633 2698 1798 2738 aurea

202 2779 256 2828 et
283 2781 568 2841 argentea,
607 2774 778 2829 sancti
810 2783 935 2838 sunt
969 2773 1249 2844 sapientia:
1290 2775 1575 2845 (splendore
1599 2785 1656 2830 et
1685 2757 1798 2830 eld-

203 2863 442 2933 qnentiae
486 2863 662 2925 nitore
705 2863 970 2935 fulgentes
1009 2879 1024 2918 :
1066 2865 1205 2920 sicut
1251 2866 1558 2920 econtrario
1598 2864 1793 2935 lignea,

202 2952 288 3009 vel
319 2952 506 3009 fictilia
533 2969 683 3020 vasa,
707 2955 783 3008 illi
809 2964 954 3020 sunt,
982 2956 1075 3024 qui
1101 2957 1278 3010 adhuc
1301 2955 1504 3025 aliquid
1526 2955 1706 3010 minus
1730 2957 1797 3010 de

202 3041 540 3115 perfectione
570 3044 787 3100 habent.
819 3045 971 3100 Unde
1004 3045 1295 3115 Apostolus
1325 3061 1338 3099 :
1365 3046 1432 3098 In
1467 3063 1680 3116 magna,
1718 3046 1798 3100 in-

203 3135 340 3203 quit,
384 3134 565 3201 domo,
590 3151 694 3189 non
734 3134 902 3190 solum
931 3144 1053 3190 sunt
1085 3153 1207 3190 vasa
1243 3153 1404 3190 aurea
1445 3145 1493 3189 et
1529 3145 1795 3206 argentea,

1163 376 1246 436 DE
1283 375 1629 436 UNIVERSO
1663 375 1844 432 LIBRI
1878 373 2042 430 XXII.
2082 403 2152 412 —
2189 372 2314 426 LIB.
2355 371 2515 426 XXII.

1815 491 1868 550 Α
1893 487 2086 556 quibus
2115 484 2373 553 scriptum
2401 492 2482 538 est
2513 483 2566 536 in
2597 481 2801 551 psalmo
2835 499 2846 532 :
2884 480 3057 533 Astitit
3083 493 3258 547 regina
3280 492 3311 528 a
3339 474 3469 527 deat-

3367 357 3470 415 598

1889 583 1983 636 tris
2035 580 2155 634 tuis'
2199 579 2254 632 in
2311 579 2491 632 vestitu
2536 578 2822 653 deaurato,
2855 572 3177 628 circumdata
3226 568 3475 622 varietate

1889 672 2061 746 (Psat.
2076 671 2246 742 χιιι).
2266 672 2469 726 Aurum
2492 671 2558 726 ad
2582 669 2861 726 charitatis
2881 665 3139 723 debemus
3163 671 3348 732 aptare
3375 657 3476 713 ful-

1889 779 2073 837 gorem
2098 805 2112 828 ,
2160 778 2267 835 qua
2309 761 2509 816 virtute
2552 760 2882 816 circumdata
2935 762 3122 812 sancta
3171 748 3478 821 resplendet

1889 855 2152 912 Ecclesia.
2169 853 2237 909 Et
2257 867 2324 908 ne
2339 853 2510 908 solam
2535 852 2608 906 ibi
2631 850 2959 921 intelliget-es
2981 861 3101 901 esse
3122 842 3472 902 charitatem;

1889 946 1945 1000 in
1968 947 2176 1011 vestitu,
2220 944 2377 1008 dixit,
2407 943 2660 996 deaurato
2695 956 2712 994 :
2754 955 2882 1002 non,
2926 951 3108 991 aureo.
3148 932 3474 987 Deauratum

1891 1040 2032 1096 enim
2069 1039 2297 1095 dicimus
2325 1078 2339 1102 ,
2381 1035 2598 1107 quando
2637 1034 2961 1104 superducta
2997 1029 3209 1099 species
3263 1024 3381 1079 auri
3420 1021 3476 1074 in

1891 1129 2068 1201 aliqua
2106 1129 2333 1184 materia
2389 1127 2670 1198 glutiatur.
2716 1123 2842 1179 Ideo
2877 1129 3055 1176 autem
3111 1132 3270 1190 super
3301 1114 3477 1167 virtu-

1892 1228 1976 1276 tes
2001 1220 2133 1276 alias
2156 1219 2329 1292 gratia
2360 1217 2644 1274 charitatis
2671 1214 2954 1285 apparuit;
2997 1210 3122 1281 quia
3157 1206 3338 1262 omnia
3365 1201 3482 1269 ejus

1891 1309 2069 1382 fulgor
2108 1309 2340 1366 excellit.
2385 1306 2569 1386 Addit,
2603 1305 2993 1360 circumamicta
3035 1299 3300 1354 varietate.
3349 1293 3482 1347 Per-

1894 1411 2198 1459 scrutemur
2245 1417 2341 1456 cur
2371 1399 2614 1455 Ecclesia
2642 1399 2736 1462 Dei
2776 1398 2842 1450 de
2868 1395 3035 1449 vestis
3072 1391 3337 1461 varietate
3369 1385 3484 1439 lau-

1895 1494 2070 1559 detur,
2101 1491 2187 1546 cui
2217 1498 2384 1545 totum
2414 1489 2641 1558 simplex
2670 1485 2922 1541 convenit
2967 1492 3127 1552 atque
3156 1493 3344 1534 unum.
3375 1473 3484 1530 Sed

1894 1583 1998 1637 hac
2023 1582 2289 1636 varietate
2319 1585 2412 1633 aut
2439 1579 2648 1648 linguas
2675 1574 3004 1644 multiplices
3031 1568 3328 1641 significat,
3357 1562 3484 1633 quia

1895 1673 1976 1729 sic
1994 1656 2170 1728 omnis
2197 1686 2331 1742 gens
2365 1670 2660 1725 secundum
2711 1681 2863 1721 suam
2891 1665 3122 1735 patriam
3151 1661 3206 1714 in
3236 1654 3484 1713 Ecclesia

1893 1766 2074 1837 psallit
2131 1755 2369 1828 auctori;
2437 1769 2530 1815 aut
2604 1760 2864 1813 virtutum
2933 1752 3351 1825 pulcherrimam
3407 1747 3488 1800 di-

1823 1838 1870 1897 B
1897 1856 2231 1911 versitatem.
2255 1853 2491 1909 Ornatur
2511 1851 2657 1906 enim
2679 1865 2812 1904 auro
2851 1845 3236 1917 apostolorum,
3261 1844 3487 1908 argento

1901 1946 2310 2017 prophetarum,
2353 1943 2583 2014 gemmis
2615 1941 2910 2015 virginum,
2954 1951 3120 1992 cocco
3162 1940 3487 2002 martyrum,

1900 2056 2137 2112 purpura
2165 2039 2568 2110 poenitentium.
2593 2037 2700 2092 Ista
2727 2043 2811 2091 est
2833 2048 2962 2105 ergo
2978 2033 3216 2086 varietas
3241 2025 3484 2091 unitatis,

1900 2149 2020 2204 quae
2066 2133 2238 2188 oculis
2279 2131 2493 2187 Domini
2537 2145 2604 2186 ex
2649 2128 2898 2185 omnibus
2939 2125 3188 2194 gentibus
3227 2122 3313 2192 pia
3356 2134 3486 2175 con-

1897 2223 2498 2294 versatione-placitura
2535 2220 2860 2276 contexitur.
2908 2217 3103 2272 Discus
3137 2221 3296 2268 antea
3339 2211 3488 2266 iscus

1901 2314 1970 2369 ab
2000 2313 2177 2384 specie
2202 2313 2364 2377 scuti,
2399 2312 2545 2365 unde
2575 2319 2628 2366 et
2659 2308 2882 2364 scutella
2925 2326 2938 2361 :
2968 2314 3159 2377 postea
3191 2303 3371 2357 discus
3395 2315 3492 2354 vo-

1902 2412 2076 2469 catus,
2102 2403 2246 2472 quod
2271 2401 2362 2457 det
2387 2415 2561 2464 escas,
2603 2400 2658 2455 id
2700 2408 2783 2454 est
2823 2402 3072 2468 apponat,
3107 2410 3136 2448 a
3165 2407 3273 2464 quo
3301 2399 3354 2445 et
3383 2389 3492 2444 dis—

1902 2495 2218 2551 cumbentcs
2255 2492 2383 2547 dicti
2426 2509 2437 2544 :
2481 2491 2595 2545 sive
2633 2505 2735 2560 apo
2772 2498 2860 2543 tou
2901 2472 3113 2552 diceiti,
3145 2484 3200 2540 id
3229 2491 3312 2538 est
3347 2481 3494 2551 quod

1878 2587 2120 2658 .jaciant.
2163 2587 2448 2657 Paropsis,
2493 2583 2922 2655 quadrangulum
2965 2592 3018 2637 et
3061 2579 3489 2652 quadrilaterum

1901 2694 2018 2743 vas,
2051 2678 2104 2732 id
2137 2687 2240 2742 est,
2272 2676 2495 2746 paribus
2524 2673 2747 2729 absidis.
2778 2672 3011 2736 Patena,
3044 2668 3186 2740 quod
3222 2664 3491 2736 dispansis

1899 2770 2320 2841 patentibusque
2346 2769 2418 2822 sit
2435 2767 2548 2821 oris
2577 2765 2763 2819 lancis.
2784 2765 2858 2818 De
2882 2762 3028 2818 disco
3049 2769 3103 2815 et
3121 2755 3407 2829 paropside
3439 2754 3492 2807 in

1902 2860 2197 2930 Evangelio
2236 2858 2431 2930 legitur
2473 2855 2690 2928 (Matth.
2735 2854 2868 2923 xxv),
2906 2853 3011 2907 hoc
3058 2858 3140 2905 est
3165 2850 3216 2904 in
3257 2844 3492 2902 decolla-

1903 2951 2049 3006 tione
2075 2948 2336 3012 Joannis,
2384 2947 2518 3002 disci
2556 2942 3001 3000 conuuemoratio
3037 2939 3113 2993 fit.
3154 2939 3220 2991 Et
3263 2937 3316 2990 in
3362 2948 3491 3005 pas-

1905 3043 2054 3098 sione
2085 3038 2382 3095 Salvatoris
2412 3038 2478 3092 de
2528 3036 2819 3106 pai'Opsidc
2855 3033 3050 3103 legitur
3080 3029 3296 3101 (Matth.
3319 3027 3488 3095 xxvi).

1904 3132 1962 3187 In
1991 3131 2184 3200 quibus
2227 3129 2600 3192 admonenmr,
2631 3136 2689 3180 ut
2717 3125 2995 3180 libidinem
3032 3132 3086 3176 et
3115 3120 3492 3175 crudelitatem

188 3224 293 3281 sed
322 3233 371 3276 et
395 3223 568 3292 lignea
605 3233 759 3295 atque
781 3225 970 3294 fictilia
999 3239 1018 3277 :
1048 3235 1096 3279 et
1125 3225 1366 3296 quwdam
1396 3234 1516 3279 sunt
1549 3192 1614 3278 inv
1636 3225 1798 3279 hono-
1827 3192 1872 3254 Ο
1904 3222 2194 3292 fugiamus,
2220 3229 2276 3276 et
2297 3220 2549 3274 fraudem
2573 3218 2657 3273 vel
2689 3216 3046 3287 proditionem
3070 3213 3248 3266 facere
3271 3210 3492 3264 omnino

207 3329 338 3379 rem,
381 3314 491 3367 alia
531 3330 648 3368 vero
674 3315 1131 3388 incantameliam
1170 3314 1255 3385 (II
1297 3315 1431 3370 Tim.
1469 3315 1552 3386 ιι).
1586 3315 1798 3388 Magna,

205 3400 403 3472 inquit,
431 3403 624 3458 domus
649 3385 753 3458 e'st'
769 3404 1017 3470 ecclesia,
1044 3421 1112 3462 ex
1141 3405 1326 3460 multis
1368 3385 1801 3462 consistenslno»

207 3490 466 3547 minibus.
494 3490 727 3548 Necesse
775 3501 863 3549 est
885 3507 1011 3569 ergo
1040 3509 1145 3552 non
1167 3509 1356 3551 omnes
1377 3494 1453 3550 ibi
1475 3511 1597 3552 esse
1619 3513 1803 3567 aequa-

205 3577 305 3641 les.
335 3581 476 3636 Nam
505 3583 637 3637 etin
665 3597 861 3655 magna
883 3585 1042 3640 domo
1073 3600 1179 3641 non
1207 3587 1637 3654 possunt-omnia
1667 3602 1800 3643 vasa

206 3673 406 3731 similia
449 3673 692 3744 reperiri,
731 3675 858 3730 licet
898 3675 972 3731 sit
1010 3675 1203 3731 domus
1236 3675 1394 3732 valde
1429 3692 1655 3748 magna;
1703 3678 1798 3734 sed

201 3757 355 3819 inter
376 3779 540 3819 aurea
567 3772 624 3819 et
660 3773 916 3837 argentea
943 3781 1070 3820 vasa
1098 3766 1497 3836 perspiciuntur
1523 3775 1579 3824 et
1619 3767 1799 3839 lignea

207 3864 264 3912 et
293 3855 519 3922 fictilia;
550 3864 607 3912 et
641 3856 746 3912 alia
771 3858 989 3927 quidem
1017 3857 1183 3919 multa
1225 3860 1383 3929 digna
1414 3868 1540 3914 sunt
1567 3861 1794 3926 honore,

208 3946 311 4002 alia
346 3963 480 4004 vero
499 3955 624 4003 sunt
648 3948 1070 4020 contemptibilia
1097 3957 1152 4004 et
1176 3948 1249 4003 ad
1271 3957 1477 4005 certum
1509 3965 1666 4006 usum
1694 3951 1803 4005 dis-

208 4047 385 4096 creta.
433 4037 636 4094 Deinde
686 4040 812 4108 quia
851 4040 1112 4095 naturalis
1137 4049 1256 4094 erat
1289 4055 1544 4096 vasorum
1585 4041 1797 4108 divisio,

208 4140 270 4187 nt
293 4147 365 4188 ne
378 4132 510 4202 quid
533 4130 641 4186 tale
665 4131 805 4203 apud
819 4148 918 4188 nos
940 4132 1299 4198 existimaret,
1327 4131 1550 4202 adiecit:
1577 4131 1638 4188 Si
1662 4133 1802 4188 enim

209 4223 326 4295 quis
356 4239 412 4277 se
434 4221 761 4276 mandaverit
786 4223 850 4276 ab
872 4223 973 4290 his,
1000 4223 1098 4277 erit
1127 4239 1216 4277 vas
1249 4223 1304 4276 in
1345 4223 1542 4277 honore
1567 4222 1803 4292 sanctiﬁ-

210 4321 389 4369 catum
401 4312 650 4378 Domino,
674 4320 723 4367 et
743 4312 1018 4384 optimum,
1042 4312 1112 4366 ad
1135 4329 1285 4367 omne
1307 4329 1434 4382 opus
1460 4313 1652 4367 bonum
1673 4301 1802 4382 prta;

208 4419 461 4480 paratum
491 4405 700 4479 (Ibid.).
732 4406 840 4462 Sed
859 4407 1002 4477 quod
1030 4405 1142 4462 illic
1172 4405 1400 4462 materia
1428 4405 1692 4461 naturalis
1729 4405 1803 4460 fa-

209 4499 304 4564 cit,
347 4500 455 4554 hoc
492 4499 582 4555 hic
620 4497 925 4554 arbitrium.
957 4497 1061 4566 Qui
1095 4497 1240 4556 enim
1271 4498 1335 4553 se
1369 4514 1401 4552 a
1438 4496 1798 4552 deterioribus

210 4589 603 4663 segregaverit,
633 4596 717 4646 est
735 4604 833 4645 vas
861 4587 993 4644 utile
1015 4589 1070 4644 in
1094 4589 1357 4646 honorem
1387 4587 1512 4654 Dei;
1542 4587 1645 4642 alia
1672 4601 1800 4642 vero

211 4681 268 4738 in
311 4680 718 4736 contumeliam.
765 4678 878 4736 Hoc
911 4689 1091 4736 autem
1134 4681 1189 4735 in
1235 4687 1420 4735 nostro
1460 4686 1544 4733 est
1572 4679 1805 4749 positum

211 4773 446 4829 arbitrio
490 4780 544 4826 et
583 4780 882 4843 potestate;
932 4781 1116 4827 utrum
1165 4772 1239 4839 id,
1282 4773 1424 4842 quod
1471 4771 1687 4836 melius,
1737 4785 1805 4824 an

212 4864 358 4934 quod
403 4864 642 4918 deterius
685 4871 790 4928 est,
833 4862 1114 4935 eligamus.
1159 4863 1355 4919 Caelata
1387 4878 1516 4918 vasa
1549 4869 1811 4934 argentea.

211 4955 300 5010 vel
334 4970 508 5011 aurea
549 4963 693 5021 sunt,
724 4955 892 5027 signis
916 4944 1366 5010 eminentioribus
1407 4954 1552 5010 intus
1584 4962 1807 5009 extrave

215 5057 501 5115 expressa,
527 5061 557 5098 a
584 5047 723 5102 coelo
742 5054 955 5111 vocata,
985 5045 1129 5116 quod
1157 5054 1240 5100 est
1266 5060 1436 5116 genus
1464 5043 1806 5109 ferramenti,

219 5136 363 5208 quod
429 5135 590 5207 vulgo
643 5137 893 5192 cilionem
966 5134 1180 5210 vocant.
1254 5135 1628 5206 Chrysendeta
1680 5150 1808 5190 vasa

220 5228 514 5291 deaurata,
563 5227 809 5284 Graecum
855 5238 957 5285 est.
1015 5228 1326 5301 Anaglypha
1377 5229 1522 5299 quod
1563 5230 1811 5299 superius

222 5330 353 5376 sunt
383 5320 612 5390 sculpta.
639 5319 824 5376 Graece
852 5322 994 5377 enim
1018 5337 1122 5377 ano
1144 5337 1379 5386 sursum,
1404 5321 1637 5393 glyphen
1668 5321 1812 5376 scul-

220 5419 406 5482 ptura.
439 5411 565 5467 lude
595 5411 917 5483 anaglypba,
946 5412 1000 5466 id
1034 5423 1140 5479 est,
1170 5427 1382 5469 sursum
1413 5411 1640 5480 sculpta.
1669 5413 1810 5468 Vasa

221 5501 368 5558 enim
396 5502 587 5556 caelata
610 5504 723 5559 sive
739 5503 1034 5576 anaglypha
1057 5505 1363 5575 significant
1382 5505 1813 5570 sanctos,varia-

225 5609 348 5650 rum
394 5594 663 5649 virtutum
697 5595 943 5667 insigniis
978 5594 1265 5652 distinctos
1307 5605 1468 5667 atque
1511 5595 1811 5650 decoratos.

223 5686 321 5746 Illa
349 5696 532 5743 autem
562 5703 711 5753 vasa,
743 5704 861 5759 qua:
905 5691 1159 5745 deaurata
1199 5690 1473 5756 dicuntur,
1511 5690 1819 5762 significant

227 5792 326 5841 eos
375 5795 516 5853 quos
558 5779 760 5838 donum
803 5780 1058 5853 perfectae
1115 5781 1399 5841 charitatis
1437 5783 1686 5840 adornat.
1740 5782 1817 5838 De

1905 3309 2194 3368 caveamus
2242 3326 2453 3377 omnes,
2489 3311 2580 3380 qui
2624 3309 2892 3362 luxuriam
2937 3305 3168 3362 Herodis
3209 3313 3263 3357 ct
3317 3302 3494 3356 avari-

1907 3405 2036 3460 tiam
2067 3405 2217 3460 Judre
2252 3405 2603 3460 detestamur.
2652 3400 2832 3454 Mensa
2867 3398 3012 3453 enim
3063 3414 3092 3450 a
3134 3409 3319 3450 mense
3349 3392 3493 3448 dicta

1907 3505 2020 3560 est;
2053 3497 2178 3565 quia
2206 3495 2396 3551 eodem
2426 3493 2513 3548 die
2553 3491 2799 3548 convivia
2837 3490 2943 3544 ritu
2982 3489 3221 3557 gentium
3268 3497 3490 3539 exerce-

1904 3589 2121 3644 bantur.
2176 3588 2252 3643 De
2293 3603 2478 3643 mensa
2527 3602 2656 3658 ergo
2700 3586 2963 3656 propheta
3001 3585 3125 3638 ait:
3175 3580 3387 3635 Parasti
3435 3581 3491 3632 in

1906 3688 2180 3750 conspectu
2217 3694 2330 3733 meo
2370 3693 2601 3732 mensam
2640 3675 2812 3748 (Psai.
2861 3677 3019 3750 xxn).
3069 3672 3323 3727 Ecclesiae
3355 3684 3486 3726 vero

1906 3748 2092 3825 mensa
2132 3778 2214 3824 est
2241 3770 2400 3823 beata
2429 3768 2754 3831 convivatio,
2784 3748 3019 3836 epulatio
3049 3764 3196 3827 felix,
3228 3763 3487 3816 saturitas

1909 3860 2054 3925 fidei,
2086 3875 2209 3916 esca
2232 3860 2488 3916 caelestis.
2527 3860 2726 3922 Yerum
2769 3859 2926 3913 istam
2962 3871 3201 3911 mensam
3229 3855 3489 3908 adversus

1905 3963 1998 4004 eos
2029 3958 2274 4019 paratam
2318 3962 2437 4003 esse
2479 3949 2825 4002 manifestum
2873 3955 2976 4008 est,
3019 3947 3110 4015 qui
3152 3960 3257 4000 non
3301 3943 3484 4012 aliqua

1901 4041 2255 4114 perversitate
2307 4041 2536 4096 demersi
2589 4040 2885 4096 Ecclesiam
2946 4038 3043 4092 Dei
3101 4052 3200 4094 suo
3253 4036 3495 4107 graviter

1904 4147 2093 4188 errore
2141 4131 2484 4196 contristant,
2524 4132 2590 4185 de
2635 4131 2831 4200 quibus
2870 4128 3163 4198 Apostolus
3184 4127 3356 4183 dicit:
3390 4125 3494 4194 Qui

1904 4224 2186 4278 manducat
2230 4222 2460 4292 indigne,
2489 4221 2752 4290 judicium
2797 4221 2896 4274 sibi
2926 4219 3225 4273 ,manducat
3252 4227 3300 4271 et
3342 4218 3488 4280 bibit,

1905 4332 2008 4369 non
2052 4313 2350 4384 dijudicans
2400 4329 2587 4382 corpus
2630 4311 2843 4365 Domini
2879 4309 2939 4381 (I
2983 4307 3106 4364 Cor.
3138 4308 3249 4378 ιι),
3299 4307 3486 4360 datum

1904 4402 2109 4458 scilicet
2148 4402 2214 4457 ad
2245 4402 2621 4457 remissionem
2662 4410 3027 4471 peccatorum,
3067 4406 3123 4453 et
3150 4399 3318 4452 vitam
3359 4411 3484 4465 per-

1903 4493 2541 4566 petuam'possidendam.
2567 4493 2891 4547 Mementote
2938 4499 3116 4546 autem
3140 4489 3282 4559 quod
3305 4503 3487 4543 mensa

1909 4587 1964 4641 in
1990 4587 2134 4642 bono
2164 4595 2220 4642 et
2252 4587 2306 4640 in
2348 4586 2490 4640 malo
2536 4586 2772 4655 ponitur,
2814 4584 2958 4646 sicut
2997 4582 3127 4641 dicit
3156 4580 3446 4651 Apostolus
3478 4598 3489 4632 :

1912 4678 2036 4733 Non
2073 4679 2283 4750 potestis
2324 4678 2708 4732 communicare
2746 4692 2938 4730 mensa:
2987 4674 3194 4728 Domini
3222 4681 3268 4728 et
3296 4689 3489 4726 mensw

1910 4767 2106 4822 diaboli
2139 4765 2190 4840 (Ι
2225 4764 2349 4820 Cor.
2393 4765 2472 4838 ιι).
2515 4766 2648 4820 Item
2685 4779 2868 4820 mensa
2908 4765 3078 4820 altare
3125 4773 3208 4819 est
3254 4762 3490 4826 Christi,

1913 4876 1944 4914 a
1976 4874 2082 4929 quo
2133 4858 2318 4915 fideles
2351 4859 2653 4929 percipiunt
2690 4858 2934 4928 corporis
2964 4865 3019 4913 et
3057 4855 3333 4926 sanguinis
3373 4852 3491 4922 ejus

1913 4952 2249 5024 mysterium.
2304 4947 2538 5007 Rursum
2589 4965 2771 5005 mensa
2826 4950 3040 5005 Domini
3079 4957 3160 5004 est
3207 4948 3491 5015 utriusque

1915 5045 2049 5116 legis
2070 5043 2446 5099 intellectualis
2469 5043 2725 5113 epulatio,
2751 5044 2801 5096 in
2834 5058 2938 5112 qua
2965 5040 3312 5112 convivarum
3339 5051 3491 5091 more

1916 5144 2225 5210 pascuntur,
2247 5136 2337 5207 qui
2369 5136 2586 5191 delicias
2617 5134 2829 5190 Domini
2853 5133 3110 5188 aviditate
3146 5131 3342 5186 mentis
3371 5145 3490 5184 esu-

1915 5228 2084 5294 riunt,
2109 5237 2161 5282 et
2182 5228 2353 5283 sancti
2377 5226 2606 5296 Spiritus
2620 5224 2971 5280 saluberrima
2992 5224 3254 5280 ebrietate
3279 5219 3488 5291 impleri

1917 5333 1975 5375 se
1997 5317 2324 5373 desiderant.
2366 5314 2490 5369 llaec
2521 5305 2738 5370 Judaeis'
2762 5313 2859 5369 fuit
2890 5313 2945 5368 in
2976 5312 3310 5372 scandalum,
3349 5310 3487 5364 sicut

1915 5410 2200 5466 Psalmista
2233 5417 2486 5475 testatur,
2513 5408 2694 5462 dicens
2725 5425 2736 5459 :
2770 5404 2895 5460 Fiat
2918 5423 3094 5460 mensa
3118 5421 3296 5459 eorum
3321 5420 3500 5457 coram

1915 5484 2042 5572 ipsis
2073 5503 2126 5554 in
2166 5501 2408 5572 laqueum
2444 5509 2489 5553 et
2532 5499 2586 5551 in
2618 5497 2979 5552 retributiones
3023 5505 3067 5549 et
3102 5495 3156 5548 in
3183 5493 3494 5548 scandalum

1921 5593 2091 5668 (Psal.
2136 5595 2356 5665 utvm);
2399 5591 2614 5662 quando
2653 5589 2754 5659 ipsi
2795 5588 2964 5643 Judaei
3007 5585 3208 5641 Christi
3253 5582 3498 5652 spiritale

1921 5689 2169 5744 detestati
2199 5697 2324 5741 sunt
2367 5683 2693 5739 convivium.
2727 5681 2989 5749 Prmcepit
3029 5678 3286 5733 Dominus
3327 5675 3500 5745 Moysi

1921 5784 1975 5842 in
2008 5781 2191 5841 Exodo
2227 5777 2424 5856 (Exod.
2456 5777 2606 5849 xxv),
2639 5784 2698 5835 ut
2737 5772 2942 5836 faceret
2965 5785 3208 5831 mensam
3238 5768 3306 5827 de
3331 5766 3495 5839 lignis
