3918 6352
445 338 549 395 599

1084 338 1144 392 Β.
1188 336 1438 394 RABANI
1474 339 1695 396 MAURI
1732 342 2055 399 ARCHIEP.
2099 339 2405 399 MOGUNT.
2438 338 2723 397 OPERUM
2757 339 2938 395 PARS
2976 340 3038 395 II.

3617 337 3741 395 600

445 456 664 523 sethim,
693 463 749 512 et
775 453 1081 527 pararetzin
1109 455 1470 511 ministerium
1498 456 1618 526 ejus
1639 458 1853 515 diversa
1876 474 2029 525 vasa,
2056 460 2109 521 Α
2134 471 2229 513 eos
2250 457 2340 512 bic
2356 462 2568 521 crater;
2595 471 2722 510 nam
2740 455 2933 511 Latine
2952 455 3069 510 haec
3088 462 3301 510 cratera
3322 454 3525 510 dicitur
3541 495 3557 521 ,
3581 454 3751 512 unde

443 547 547 603 hoc
573 555 676 613 est,
730 544 1030 609 acetabula,
1070 545 1301 614 phialas,
1340 546 1635 612 thuribula,
1687 558 1743 604 ct
1785 549 2028 621 cyathos,

442 638 501 694 in
524 637 722 708 quibus
745 636 1021 693 oﬁ‘erenda
1046 645 1205 691 erant
1230 637 1513 705 libamina,
1542 647 1651 695 etc.
1678 640 1861 696 Mensa
1884 640 2031 695 enim

442 730 657 786 Domini
686 730 755 786 de
790 728 950 799 lignis
989 729 1185 784 setbim
1231 727 1378 784 facta
1406 728 1691 801 Scriptura
1718 738 1805 786 est
1848 745 2027 795 sacra,

440 822 510 876 de
538 820 741 876 sanctis
781 819 913 874 viris
953 820 1185 889 prolata.
1224 818 1370 875 Vasa
1398 822 1573 889 varia,
1621 836 1743 893 quae
1782 823 1852 877 ad
1899 820 2033 877 olle-

440 907 608 964 renda
645 916 772 965 sunt
811 908 1068 965 libamina
1094 907 1263 974 facta,
1298 910 1468 965 variae
1505 920 1632 966 sunt
1652 911 2029 967 .distinctiones

438 998 639 1070 eloquii
689 998 856 1054 divini
897 1015 998 1071 pro
1036 999 1241 1069 dispari
1284 1002 1586 1071 oapacitate
1638 1002 1974 1057 audientium
2011 1017 2025 1057 :

439 1105 547 1145 non
576 1076 722 1145 enim
752 1106 861 1145 una
895 1090 1194 1163 eademque
1229 1094 1484 1149 omnibus
1524 1101 1705 1164 potest
1736 1095 2029 1151 convenire

438 1182 708 1237 doctrina.
737 1181 908 1237 Aliter
929 1198 1162 1253 namque
1185 1186 1480 1255 sapientes,
1503 1184 1661 1239 aliter
1686 1184 2025 1255 insipientes,

436 1272 599 1326 aliter
644 1273 873 1338 divites,
930 1273 1088 1328 aliter
1132 1289 1420 1345 pauperes,
1471 1274 1630 1329 aliter
1681 1275 1818 1339 sani,
1869 1275 2029 1330 aliter

438 1363 659 1429 inﬁrmi,
686 1363 844 1419 aliter
870 1380 1052 1431 senes,
1082 1364 1241 1419 aliter
1258 1366 1511 1435 juvenes,
1534 1365 1691 1420 aliter
1710 1365 1835 1429 viri,
1869 1351 2029 1420 aliter

436 1455 672 1519 feminae,
705 1454 863 1510 aliter
894 1455 1129 1519 caelibes,
1171 1456 1331 1511 aliter
1359 1455 1652 1527 conjugati,
1692 1455 1849 1510 aliter
1888 1470 2028 1526 prae-

434 1547 552 1613 lati,
590 1548 750 1603 aliter
794 1547 1024 1614 subditi,
1056 1548 1287 1604 docendi
1324 1556 1471 1605 sunt.
1510 1546 1643 1614 Quae
1682 1555 1865 1601 tamen
1896 1562 2027 1602 vasa

433 1643 614 1698 omnia
655 1643 721 1698 ad
765 1643 1042 1700 offerenda
1092 1644 1349 1700 libamina
1392 1645 1666 1713 pertinent
1700 1662 1712 1697 :
1749 1644 1876 1713 quia
1902 1659 2027 1700 cum

431 1732 675 1803 prudens
712 1734 901 1789 doctor
947 1735 1161 1790 diversa
1206 1749 1306 1803 pro
1343 1735 1658 1790 diversitate
1690 1734 2027 1791 audientium

2134 555 2191 601 et
2236 546 2461 601 Persius
2484 564 2497 599 :

2375 637 2431 689 Si
2447 639 2540 690 tibi
2562 646 2780 689 crateras
2801 640 3018 701 argenti.

2133 720 2393 791 Virgilius
2415 738 2428 774 :

2256 808 2484 859 Crateras
2506 820 2708 873 magnas
2730 814 2967 872 statuunt,
2997 816 3050 859 et
3073 809 3184 858 vina
3208 816 3458 859 coronant.

2130 913 2360 968 Fiebant
2404 920 2584 967 autem
2616 914 2854 983 primum
2899 928 2967 968 ex
2999 913 3433 969 connexionibus
3460 913 3749 984 virgulto-

2130 1020 2271 1059 rum.
2312 1004 2466 1061 Unde
2489 1013 2545 1059 et
2572 1005 2729 1061 dictae
2757 1014 2983 1061 craterae
3010 1022 3111 1074 apo
3140 1015 3232 1060 tau
3256 1007 3457 1061 cratein
3480 1047 3495 1072 ,
3536 1006 3743 1070 idest.

2130 1094 2273 1164 quod
2313 1109 2373 1150 se
2411 1094 2641 1150 invicem
2683 1105 2924 1150 teneant.
2961 1096 3155 1167 Cyathi
3190 1110 3403 1166 quoque
3431 1106 3487 1152 et
3516 1095 3743 1168 scyphi.

2130 1183 2356 1255 Cymbia
2390 1194 2446 1239 et
2497 1185 2612 1255 ipsa
2651 1186 2970 1255 poculorum
3010 1194 3135 1241 sunt
3173 1202 3404 1258 genera,
3436 1204 3504 1242 ex
3532 1188 3748 1257 quibus

2129 1276 2345 1346 cymbia
2366 1275 2557 1345 pocula
2567 1275 2711 1331 dicta
2726 1284 2853 1331 sunt
2867 1292 2930 1331 ex
2959 1276 3312 1332 similitudine
3325 1278 3533 1348 cymba:
3554 1277 3742 1332 navis.

2199 1370 2442 1442 Amystis
2472 1372 2682 1442 species
2707 1372 2909 1442 poculi,
2953 1387 3060 1441 qua
3088 1371 3313 1437 ductim,
3342 1372 3449 1428 hoc
3478 1382 3587 1437 est,
3621 1386 3742 1427 uno

2130 1459 2328 1530 spiritu
2359 1460 2583 1516 bibitur.
2621 1460 2837 1516 Bachea
2867 1461 3103 1530 primum
3144 1477 3173 1515 a
3213 1462 3446 1525 Baccho,
3476 1462 3623 1531 quod
3651 1469 3749 1517 est

2131 1554 2341 1618 vinum,
2383 1554 2661 1608 nominata
2695 1572 2708 1607 :
2745 1561 2933 1624 postea
2964 1555 3019 1609 in
3064 1554 3253 1610 usibus
3278 1554 3521 1623 aquariis
3560 1563 3750 1609 trans-

2132 1642 2212 1698 iit.
2244 1643 2455 1699 Calices
2493 1652 2548 1699 et
2582 1644 2782 1700 calathi
2819 1652 2874 1698 et
2910 1646 3141 1709 schalce,
3180 1646 3501 1715 poculorum
3539 1660 3747 1716 genera

2130 1744 2256 1789 ante
2312 1749 2378 1789 ex
2414 1735 2560 1807 ligno
2609 1734 2773 1800 facta,
2824 1744 2879 1792 et
2923 1738 3047 1791 inde
3087 1746 3299 1791 vocata.
3352 1736 3529 1792 Graeci
3585 1736 3747 1791 enim

432 1820 698 1893 loquitur,
731 1824 985 1880 universa
1013 1825 1067 1879 in
1100 1825 1290 1896 regula
1328 1839 1498 1880 sacrae
1530 1824 1828 1895 Scripturae
1869 1840 2029 1896 repe-
2055 1818 2291 1901 B'omne
2319 1825 2524 1894 lignum
2555 1824 2713 1880 calon
2743 1826 3015 1881 dicebant.
3042 1825 3194 1882 Calix
3221 1827 3493 1899 significat
3520 1842 3747 1883 sacram

431 1916 670 1981 riuntur,
704 1924 866 1986 atque
908 1916 978 1971 ad
1006 1914 1281 1972 offerenda
1321 1917 1549 1972 Domino
1591 1927 1713 1972 vota
1756 1918 2029 1973 bonorum

431 2021 657 2078 operum
684 2007 846 2063 corda
878 2007 1122 2064 excitant
1151 2007 1482 2063 auditorum.
1527 2007 1667 2062 Hinc
1702 2016 1757 2062 et
1800 2009 1854 2062 in
1890 2009 2030 2063 libro

429 2094 796 2151 Numerorum
844 2096 1106 2165 scriptum
1146 2105 1264 2162 est,
1306 2097 1451 2167 quod
1488 2096 1763 2167 principes
1800 2095 2031 2153 oﬁ‘erent

431 2187 501 2241 ad
530 2187 927 2242 dedicationem
950 2187 1139 2243 altaris
1166 2188 1380 2243 diversa
1403 2204 1556 2254 vasa,
1580 2189 1687 2244 hoc
1709 2198 1813 2255 est,
1841 2198 2027 2245 aceta-

430 2277 583 2343 bula,
630 2277 845 2348 phialas
868 2287 947 2333 ‘et
976 2278 1312 2333 mortariola.
1348 2278 1481 2345 Qua:
1514 2279 1704 2350 utique
1739 2281 2025 2352 mysticam

430 2370 881 2440 signiﬁcationem
909 2369 1131 2424 habent.
1175 2371 1421 2440 Denique
1444 2371 1752 2437 acetabula,
1782 2386 1905 2441 quae
1932 2387 2029 2426 an-

429 2472 649 2535 gustum
674 2478 737 2519 os
765 2461 989 2528 habent,
1022 2463 1326 2532 angustiam
1376 2463 1574 2519 litterae
1612 2462 1821 2535 legalis,
1848 2471 1904 2518 et
1932 2464 2029 2519 ob-

428 2553 746 2608 scuritatem
805 2553 1099 2609 locutionis
1153 2555 1487 2624 propheticae
1538 2569 1638 2623 per
1699 2555 2026 2625 mysterium

427 2643 757 2714 exprimunt.
777 2642 995 2713 Phyal'aa
1017 2660 1171 2712 vero,
1198 2660 1318 2715 quae
1338 2661 1407 2700 ex
1430 2647 1572 2700 vitro
1593 2646 1848 2715 primitus
1870 2646 2028 2702 facite

428 2733 684 2789 dicuntur
728 2734 879 2805 (nam
913 2732 1091 2791 Grieci
1136 2736 1338 2791 vitrum
1375 2736 1574 2808 hyalon
1618 2738 1925 2808 nominant)
1971 2744 2027 2793 et

426 2839 551 2880 cum
574 2839 788 2879 summo
810 2834 935 2880 sunt
970 2826 1084 2881 oris
1113 2824 1345 2894 latioris,
1370 2827 1707 2883 luciditatem
1730 2842 1796 2884 ac
1814 2830 2027 2899 perspi-

428 2915 689 2969 cuitatem
733 2914 1045 2988 Evangelici
1077 2932 1290 2983 sensus,
1320 2918 1375 2972 in
1417 2935 1526 2989 quo
1554 2921 1815 2990 mysteria
1842 2924 2024 2976 omnia

428 3005 563 3077 legis
592 3014 648 3059 et
680 3008 1068 3077 prophetarum
1100 3009 1389 3079 explanata
1421 3020 1569 3076 sunt,
1601 3019 1655 3066 et
1682 3011 1844 3081 plana
1868 3012 2025 3068 locu-

426 3098 576 3152 tione
604 3098 864 3153 doctrinae
903 3097 1250 3168 Apostolicae,
1284 3100 1337 3154 in
1368 3116 1474 3171 qua
1500 3116 1585 3167 ea,
1618 3117 1739 3172 quae
1785 3103 1938 3173 prius
1968 3103 2021 3157 in

2137 1911 2500 1984 Scripturam,
2532 1915 2585 1970 id
2616 1924 2721 1982 est,
2764 1917 2871 1971 duo
2898 1926 3220 1973 testamenta
3243 1960 3257 1984 ,
3297 1928 3354 1974 ut
3392 1921 3617 1988 quidam
3646 1934 3752 1975 vo-

2135 2004 2287 2069 lunt;
2318 2006 2459 2060 sicut
2485 2005 2541 2059 in
2571 2005 2866 2076 Evangelio
2888 2008 3184 2063 secundum
3209 2007 3411 2064 Lucam
3442 2010 3581 2065 duos
3602 2009 3752 2065 cali-

2133 2112 2246 2163 ces,
2279 2114 2447 2153 unum
2470 2106 2596 2153 ante
2618 2115 2852 2165 comam,
2883 2110 2939 2156 et
2960 2101 3124 2154 alium
3138 2108 3265 2169 post
3290 2114 3505 2155 caenam
3528 2101 3584 2155 in
3604 2100 3749 2159 Pas-

2132 2189 2235 2244 cha
2262 2189 2525 2244 Dominus
2545 2189 2806 2259 apostolis
2840 2189 3131 2246 tradidisse
3165 2190 3364 2261 legitur
3392 2189 3550 2261 (Luc.
3575 2191 3746 2263 xm).

2130 2277 2263 2332 Item
2291 2276 2430 2333 calix
2461 2277 2760 2348 ﬁguraliter
2790 2279 3048 2349 exprimit
3084 2279 3346 2350 supplicia
3377 2289 3751 2348 peccatorum

2131 2367 2187 2421 in
2214 2366 2482 2422 Psalterio
2510 2386 2522 2420 :
2554 2366 2703 2437 Ignis
2727 2376 2775 2421 et
2803 2368 3027 2437 sulphur
3050 2380 3098 2424 et
3124 2369 3338 2439 spiritus
3359 2367 3746 2438 procellarum,

2130 2472 2254 2525 pars
2277 2454 2457 2509 calicis
2479 2472 2661 2509 eorum
2695 2456 2871 2527 (Psal.
2901 2457 2980 2529 x).
3012 2457 3251 2514 Rursum
3277 2457 3418 2512 calix
3454 2458 3746 2514 tribulatio

2130 2559 2216 2606 est
2260 2551 2387 2605 vita:
2426 2552 2731 2621 praesentis,
2757 2560 2811 2605 et
2838 2551 3079 2607 vindicta
3116 2552 3174 2605 in
3212 2565 3403 2606 omnes
3442 2560 3639 2622 gentes
3682 2551 3746 2606 in

2130 2643 2370 2699 Ieremia
2405 2662 2417 2698 :
2456 2643 2647 2714 Accipe
2674 2643 2894 2698 calicem
2918 2644 3101 2709 istum,
3126 2652 3173 2697 et
3201 2642 3353 2696 dabis
3382 2660 3449 2697 ea:
3475 2660 3537 2697 eo
3567 2643 3745 2699 bibere

2131 2735 2201 2788 ad
2224 2751 2404 2790 omnes
2439 2745 2617 2807 gentes
2650 2736 2785 2808 (Jer.
2822 2734 2972 2807 xxv).
2996 2734 3246 2806 Ampulla
3270 2744 3353 2791 est
3375 2736 3535 2805 quasi
3560 2734 3745 2805 ampla

2128 2828 2313 2896 bulla;
2357 2830 2549 2886 similis
2595 2840 2682 2887 est
2714 2832 2861 2886 enim
2900 2830 3239 2886 rotunditate
3273 2830 3456 2892 bullis,
3503 2846 3630 2900 quae
3671 2844 3738 2886 ex

2131 2921 2340 2990 spumis
2384 2936 2648 2991 aquarum
2697 2922 2835 2978 ﬁunt
2886 2932 3052 2992 atque
3112 2922 3186 2976 ita
3240 2921 3501 2976 inﬂantur
3550 2931 3738 2977 vento.

2129 3011 2375 3067 Diximus
2402 3022 2582 3067 autem
2627 3013 2880 3083 superius
2911 3014 2978 3070 de
3014 3013 3245 3084 mystica
3271 3010 3540 3082 [vasorum
3570 3012 3742 3084 signi-

2130 3100 2383 3158 ﬁcatione
2414 3120 2425 3155 :
2457 3117 2560 3158 nec
2592 3117 2819 3159 necesse
2849 3111 2935 3159 est
2966 3104 3146 3158 denuo
3176 3102 3230 3157 id
3272 3110 3558 3173 repetere;
3594 3101 3741 3173 quod

424 3185 715 3258 aenigmate
741 3186 1006 3256 latebant,
1035 3190 1093 3244 in
1118 3189 1245 3252 luce
1275 3191 1487 3261 prolata
1514 3200 1569 3247 et
1597 3193 1845 3262 exposita
1873 3201 2021 3259 sunt,
2052 3216 2098 3279 ρ
2125 3189 2239 3261 iam
2272 3190 2505 3262 pleniter
2535 3198 2749 3248 constat
2781 3192 3131 3262 explanatum
3172 3205 3312 3247 esse.

427 3279 723 3334 insinuant.
751 3280 819 3334 Et
839 3280 968 3351 quid
996 3280 1050 3335 in
1078 3282 1393 3337 mortariolo
1420 3298 1609 3349 aureo,
1642 3284 1747 3339 nisi
1773 3299 1871 3339 cor
1910 3284 2022 3339 ele-

425 3378 641 3424 ctorum
676 3368 896 3440 plenum
940 3370 1121 3427 divina
1152 3372 1444 3441 sapientia,
1492 3382 1547 3429 et
1590 3382 1838 3429 aromata
1870 3374 1924 3430 in
1964 3390 2024 3431 se

423 3460 711 3537 continens
740 3462 1025 3529 virtutum,
1058 3463 1401 3534 signiﬁcatur
1425 3465 1450 3518 ?

1041 3596 1270 3654 CAPUT
1308 3597 1403 3654 IV.

946 3707 1025 3762 De
1050 3708 1187 3763 vasis
1208 3700 1501 3777 potatoriis.

495 3816 759 3874 Poculum
804 3833 837 3874 a
869 3820 1106 3891 potando
1144 3820 1485 3875 nominatum
1520 3839 1533 3875 :
1566 3830 1650 3877 est
1689 3822 1834 3878 enim
1861 3837 2024 3879 omne

421 3928 538 3976 vas,
568 3913 623 3967 in
650 3927 758 3983 quo
781 3912 999 3967 bibendi
1041 3924 1128 3967 est
1170 3916 1525 3969 consuetudo.
1569 3913 1831 3971 Poculum
1874 3916 2021 3971 enim

425 4004 655 4075 mystice
690 4002 962 4072 signiﬁcat
1003 4003 1231 4058 calicem
1282 4005 1563 4074 sanguinis
1600 4006 1835 4072 Domini,
1875 4007 2022 4076 quod

425 4097 506 4152 sic
533 4095 784 4158 inebriat,
818 4102 879 4149 ut
914 4102 1152 4149 mentem
1180 4104 1356 4161 sanet,
1395 4110 1427 4149 a
1464 4095 1676 4151 delictis
1700 4096 2019 4166 prohibens,

424 4204 534 4243 non
583 4190 651 4243 ad
685 4195 906 4257 peccata
942 4188 1267 4258 perducens.
1318 4186 1446 4243 Haec
1477 4187 1773 4243 vinolentia
1810 4188 2021 4244 sobrios

425 4278 623 4342 reddit,
656 4277 772 4331 haec
807 4276 1087 4346 plenitudo
1124 4277 1283 4333 malis
1312 4286 1571 4343 evacuat;
1606 4287 1663 4333 et
1687 4278 1778 4348 qui
1802 4278 1898 4333 illo
1926 4292 2023 4348 po-

425 4371 549 4426 culo
588 4384 695 4424 non
738 4368 903 4423 fuerit
950 4368 1205 4439 repletus,
1252 4380 1455 4425 interna
1500 4371 1746 4426 redditur
1780 4380 2021 4442 egestate

418 4461 657 4531 jejunus.
704 4460 984 4515 Invenitur
1009 4460 1173 4515 etiam
1202 4460 1257 4514 in
1294 4460 1436 4515 malo
1468 4461 1731 4531 positum,
1764 4469 1824 4516 ut
1852 4461 2020 4517 Isaias

2757 3281 2987 3339 CAPUT
3036 3282 3102 3337 V.

2469 3374 2543 3429 De
2568 3375 2705 3430 vasis
2728 3374 2948 3430 vinariis
2987 3376 3093 3429 sive
3131 3375 3388 3445 aquariis.

2194 3467 2555 3537 OEnopborus
2584 3482 2688 3522 vas
2720 3466 2902 3522 ferens
2930 3467 3137 3520 vinum.
3171 3464 3339 3522 Oinos
3374 3466 3521 3521 enim
3554 3467 3739 3523 vinum

2124 3566 2227 3613 est.
2254 3559 2332 3612 De
2356 3572 2465 3627 quo
2487 3564 2569 3611 est
2599 3555 2730 3610 illud
2763 3574 2775 3608 :

2278 3647 2506 3698 Vertitur
2527 3646 2809 3709 oenOphorls
2833 3645 3028 3707 fundus,
3060 3646 3310 3695 sententia
3340 3646 3493 3695 nobis.

2123 3727 2370 3784 Phlascae
2407 3743 2475 3784 ex
2501 3726 2693 3784 Graeco
2728 3727 2992 3783 vocabulo
3027 3728 3205 3783 dictae.
3240 3726 3335 3783 Hae
3362 3728 3739 3798 provehendis

2126 3834 2191 3876 ac
2222 3820 2582 3875 recondendis
2613 3819 2826 3891 phyalis
2854 3820 3093 3889 primum
3125 3821 3286 3876 facta:
3314 3828 3466 3887 sunt,
3508 3822 3655 3877 unde
3681 3830 3739 3878 et

2124 3922 2471 3984 nuncupatae.
2512 3913 2707 3968 Postea
2748 3915 2803 3968 in
2848 3928 3004 3969 usum
3057 3913 3165 3967 vini
3208 3913 3573 3977 transierunt,
3620 3929 3741 3969 ma-

2125 4012 2288 4058 nente
2337 4003 2528 4058 Graeco
2562 4002 2846 4067 vocabulo,
2898 4002 3041 4058 unde
3086 4011 3440 4072 sumpserunt
3490 4003 3733 4059 initium.

2123 4088 2339 4164 Lagena
2358 4102 2411 4150 et
2432 4094 2591 4149 situla
2614 4093 2805 4149 Graeca
2826 4094 3047 4149 nomina
3070 4102 3218 4158 sunt,
3243 4093 3440 4151 inﬁexa
3462 4110 3532 4151 ex
3554 4105 3737 4165 parte,

2123 4194 2184 4239 ut
2207 4185 2400 4239 Latina
2430 4185 2640 4240 ﬁerent.
2675 4185 2754 4239 Illi
2783 4186 2931 4240 enim
2962 4186 3200 4255 lagenos,
3241 4201 3341 4239 nos
3382 4186 3626 4257 lagenas,
3657 4185 3738 4240 illi

2124 4274 2300 4340 sicile,
2342 4289 2443 4330 nos
2488 4274 2708 4329 situlam
2752 4274 3003 4330 dicimus.
3053 4275 3302 4346 Lagenae,
3344 4278 3513 4332 corda
3556 4276 3736 4331 homi-

2123 4381 2278 4431 num,
2322 4366 2603 4435 sapientize
2635 4366 2822 4420 vinum
2862 4366 3179 4431 retinentia,
3222 4374 3283 4420 ut
3314 4367 3370 4422 in
3412 4368 3731 4438 propheta:

2125 4457 2313 4511 Omnis
2352 4456 2639 4527 laguncula
2684 4456 2986 4528 implebitur
3024 4460 3143 4513 vino
3172 4458 3307 4529 (Jer.
3343 4460 3495 4529 xm).
3527 4458 3736 4529 Hydria

424 4555 499 4608 ait
526 4571 538 4607 :
575 4552 761 4622 Accepi
792 4551 856 4605 de
878 4567 1039 4604 manu
1070 4560 1162 4605 tua
1189 4551 1404 4606 calicem
1437 4552 1628 4617 ruinte,
1653 4553 1901 4622 poculum
1923 4555 2018 4608 ira:
2044 4572 2099 4630 D
2125 4562 2295 4617 genus
2346 4548 2495 4603 vasis
2551 4548 2806 4617 aquatilis
2856 4562 2954 4617 per
3008 4548 3406 4603 derivationem
3468 4557 3665 4604 vocata
3713 4567 3729 4606 :

424 4654 470 4696 et
504 4642 881 4711 indignationis
913 4658 1040 4697 mete
1066 4641 1200 4712 (Isa.
1229 4641 1361 4713 ιιι).
1394 4641 1613 4697 Addidit
1636 4644 1826 4708 etiam,
1854 4658 2016 4712 quam

423 4733 747 4802 praeclarum
794 4742 879 4788 est
913 4733 1136 4803 utique,
1190 4750 1313 4789 cum
1357 4734 1483 4788 talia
1525 4734 1800 4797 conferat,
1852 4742 1913 4789 ut
1950 4736 2018 4790 ad

426 4824 690 4879 caalorum
727 4837 891 4893 regna
932 4825 1221 4892 perducat;
1269 4825 1336 4879 de
1377 4840 1484 4893 quo
1516 4824 1710 4894 poculo
1743 4825 1799 4878 in
1836 4824 2015 4878 Evan-

427 4914 566 4983 gelio
590 4913 789 4968 dicitur
817 4929 830 4967 :
866 4912 972 4978 Qui
1010 4915 1193 4969 biberit
1229 4932 1292 4969 ex
1314 4933 1450 4986 aqua
1477 4933 1636 4986 quam
1666 4934 1758 4988 ego
1787 4916 1877 4981 do,
1914 4934 2017 4970 non

427 5005 566 5057 sitiet
608 5021 864 5074 unquam,
894 5005 983 5059 sed
1022 5005 1111 5073 fiet
1142 5007 1195 5059 in
1227 5022 1286 5059 eo
1335 5006 1453 5075 fons
1492 5023 1643 5075 aqua:
1687 5006 1922 5061 salientis
1962 5006 2018 5061 in

427 5096 588 5149 vitam
607 5104 856 5148 teternmn
876 5092 1055 5162 (Joan.
1076 5096 1172 5165 iv).
1192 5096 1401 5152 Paterze
1420 5097 1633 5167 phyalae
1656 5106 1803 5163 sunt,
1827 5098 2015 5152 dictae:

428 5186 514 5240 vel
542 5187 685 5257 quod
708 5188 761 5241 in
796 5188 925 5257 ipsis
955 5195 1146 5256 potare
1182 5188 1433 5253 solemus,
1478 5190 1562 5244 vel
1591 5191 1734 5259 quod
1771 5198 2021 5258 patentes

430 5288 557 5336 sunt
581 5279 960 5350 dispansisque
983 5278 1170 5334 labris.
1197 5278 1397 5335 Phiala:
1421 5281 1671 5336 doctores
1696 5291 1821 5336 sunt
1846 5283 2021 5337 sancti

432 5373 487 5426 in
516 5371 778 5435 Ecclesia,
807 5369 985 5439 ampla
1015 5370 1241 5425 scientia
1261 5370 1465 5424 referti.
1494 5372 1570 5425 De
1598 5389 1706 5441 quo
1733 5373 1785 5425 in
1813 5373 2019 5427 Exodo.

430 5462 564 5517 Item
594 5460 804 5529 phyalae
830 5476 949 5517 sors
973 5461 1026 5515 in
1049 5462 1427 5531 peccatoribus
1462 5462 1553 5515 inc
1582 5463 1791 5525 divinae,
1821 5464 1887 5517 de
1914 5479 2022 5533 quo

432 5554 487 5606 in
518 5551 839 5621 Apocalypsi
874 5569 886 5604 :
917 5551 1144 5622 Septem,
1170 5553 1366 5621 inquit,
1392 5552 1599 5622 pliyaltv
1626 5554 1901 5607 novissime
1928 5554 2021 5608 irtc

432 5644 530 5696 Dei
556 5643 720 5711 plena:
752 5643 933 5713 (Apoc.
969 5644 1100 5714 xvi).
1130 5644 1353 5699 Cratera
1384 5645 1521 5699 calix
1553 5654 1635 5699 est
1658 5646 1791 5699 duas
1819 5646 2023 5701 habens

436 5749 615 5799 ansas,
641 5747 693 5788 et
719 5745 800 5789 est
822 5734 1072 5790 Gl‘iUCllln
1095 5752 1291 5792 nomen
1324 5751 1337 5788 :
1371 5736 1672 5792 decliuatur
1701 5737 1844 5791 enim
1880 5738 2021 5807 apud

2124 4637 2261 4692 udor
2304 4637 2451 4691 enim
2500 4636 2674 4691 Graeci
2731 4652 2929 4706 aquam
2976 4637 3182 4691 dicunt.
3240 4636 3448 4707 Hydria
3503 4654 3734 4695 carnem

2126 4727 2403 4781 hominum
2444 4727 2731 4798 signiﬁcat,
2772 4736 2833 4781 ut
2879 4727 2932 4781 in
2964 4726 3104 4781 libro
3135 4726 3388 4783 Iudicum
3421 4746 3435 4781 :
3487 4728 3558 4782 Et
3582 4730 3730 4800 dedit

2124 4818 2179 4870 in
2208 4834 2394 4872 manus
2425 4833 2607 4872 eorum
2641 4817 2857 4887 hydrias
2884 4834 3077 4871 vacuas
3106 4816 3261 4887 (Iud.
3294 4818 3418 4887 vn).
3443 4817 3514 4871 Et
3544 4819 3598 4872 in
3627 4817 3731 4875 Sa-

2127 4906 2342 4962 lomone
2394 4925 2407 4961 :
2463 4905 2809 4973 Conteratur,
2845 4908 3041 4976 inquit,
3102 4906 3291 4977 hydria
3341 4924 3503 4977 super
3552 4907 3734 4963 lacum

2128 4999 2326 5070 (Eccle.
2364 5002 2485 5073 xu),
2534 5002 2638 5056 hoc
2668 5010 2771 5065 est,
2822 5000 3057 5055 carnalis
3084 4998 3375 5069 cupiditas,
3404 4998 3472 5055 de
3518 5016 3626 5070 qua
3670 5000 3731 5057 in

2128 5079 2424 5160 Evangelio
2461 5091 2658 5163 legitur
2694 5108 2706 5144 :
2750 5089 2978 5157 Reliquit
3018 5106 3140 5161 ergo
3191 5090 3440 5160 hydriam
3469 5107 3644 5153 suam,
3672 5099 3727 5144 et

2124 5185 2252 5238 abiit
2300 5184 2354 5237 in
2398 5185 2659 5238 civitatem
2710 5180 2892 5253 (Joan.
2936 5182 3031 5254 ιν).
3086 5180 3193 5237 Sex
3236 5197 3365 5253 ergo
3419 5181 3629 5251 hydria:
3667 5180 3729 5236 in

2124 5276 2416 5347 Evangelia
2445 5274 2626 5347 (Joan.
2656 5273 2740 5345 ιι),
2789 5274 3097 5344 signiﬁcant
3136 5288 3233 5328 sex
3271 5280 3464 5327 aetates
3512 5271 3725 5338 mundi,

2129 5373 2180 5425 iu
2213 5370 2409 5439 quibus
2436 5384 2575 5437 aqua
2615 5367 2893 5437 sapientiae
2934 5366 3118 5437 legalis
3144 5380 3243 5434 per
3269 5364 3551 5419 Christum
3588 5378 3722 5419 con-

2132 5479 2285 5517 versa
2327 5471 2410 5517 est
2452 5462 2503 5513 in
2543 5460 2727 5513 vinum
2762 5460 2948 5529 gratia:
2994 5456 3275 5526 spiritalis.
3315 5454 3530 5521 Situla,
3580 5454 3728 5525 quod

2126 5555 2434 5609 sitientibus
2472 5560 2596 5621 apta
2634 5552 2703 5606 sit
2742 5551 2811 5605 ad
2857 5549 3148 5604 bibendum
3184 5566 3197 5601 :
3228 5548 3373 5618 quod
3414 5563 3513 5603 vas
3548 5545 3726 5603 Graeci

2130 5645 2323 5699 cadum
2353 5651 2569 5697 vocant.
2608 5641 2779 5695 Situla
2806 5639 3037 5708 mystice
3065 5654 3285 5695 carnem
3321 5637 3527 5695 Christi
3549 5634 3721 5706 signi-

2132 5736 2276 5790 ﬁcat.
2341 5734 2489 5788 Unde
2543 5733 2594 5786 in
2645 5732 2782 5787 libro
2840 5729 3196 5785 Numerorum
3260 5730 3527 5799 scriptum
3571 5733 3656 5783 est
3695 5738 3717 5780 :
