3918 6330
153 355 259 410 601

1152 343 1241 398 DE
1280 341 1628 399 UNIVERSO
1667 340 1845 396 LIBRI
1881 341 2048 397 X-Xll.
2092 373 2162 383 —
2200 343 2326 398 LIB.
2364 339 2534 400 XXII.

3324 342 3431 405 602

157 474 316 527 Fluit
345 488 487 542 aqua
526 469 589 522 de
617 466 779 522 situla
802 465 915 535 ejus
939 459 1126 533 (Num.
1174 458 1343 530 xxrv).
1372 457 1622 513 Catinum
1652 472 1748 511 vas
1776 462 1827 521 Α
1852 471 2071 510 suorum
2103 456 2283 527 (Joan.
2316 458 2459 529 xm),
2508 458 2780 529 signiﬁcat
2822 459 3121 514 orationem
3158 470 3428 531 sanctam,

156 566 358 629 ﬁctile,
407 562 550 633 quod
595 559 787 615 melius
830 565 1020 611 neutro
1066 566 1262 624 genere
1305 551 1536 614 dicitur,
1583 564 1745 619 quam

157 654 465 710 masculino
497 670 509 705 :
544 652 683 705 sicut
712 658 767 703 et
795 647 1023 702 salinum
1052 644 1249 699 dicitur
1274 657 1372 696 vas
1412 649 1594 709 aptum
1623 639 1744 693 sali-

154 747 282 802 bus.
315 744 564 799 Catinum
605 740 851 795 eamdem
875 734 1332 806 signiﬁcationem
1363 731 1545 794 habet,
1584 744 1745 799 quam

156 834 403 889 diximus
428 832 492 887 de
524 828 833 901 paropside,
862 827 916 879 in
955 838 1061 894 qua
1092 820 1474 877 manifestatus
1498 828 1583 875 est
1621 833 1747 889 pro-

155 924 310 978 ditor
346 921 661 977 Salvatoris.
713 917 982 987 Scyphus,
1023 915 1076 968 in
1102 928 1210 984 quo
1247 927 1442 966 manus
1480 910 1743 965 lavamus.

155 1016 429 1072 Orcarum
462 1012 655 1069 seriola
686 1018 770 1065 est
800 1009 933 1063 ordo
972 1014 1156 1061 rectus
1186 1004 1270 1059 vel
1314 1019 1409 1058 vas
1444 1002 1609 1057 ﬁctile
1635 1002 1746 1056 vini

154 1108 304 1179 apud
325 1106 563 1177 .Syriam
590 1102 824 1175 primum
854 1100 1241 1171 excogitatum,
1286 1097 1425 1153 sicut
1449 1096 1683 1150 cilicises
1716 1110 1746 1149 a

153 1199 351 1255 Cilicia
388 1204 742 1265 nuncupatas,
786 1193 928 1248 unde
972 1201 1025 1245 et
1054 1190 1289 1260 primum
1333 1187 1571 1242 advecta:
1599 1194 1741 1240 sunt.

154 1291 412 1363 Scyphus
456 1288 728 1358 signiﬁcat
762 1283 1045 1339 scientiam
1083 1282 1217 1351 legis
1250 1298 1263 1333 :
1294 1279 1435 1333 unde
1486 1278 1541 1332 in
1588 1292 1744 1332 sacco

151 1382 439 1452 Benjamin
468 1381 717 1435 inventus
753 1386 837 1433 est
865 1376 1100 1446 scyphus
1122 1373 1319 1443 Ioseph
1363 1371 1518 1442 (Gen.
1553 1368 1740 1440 xuv);

149 1478 282 1547 quia
317 1476 371 1528 in
403 1486 630 1542 corpore
672 1469 822 1525 Pauli
857 1466 1102 1521 doctrina
1129 1464 1366 1520 etelestis
1396 1461 1747 1532 praefulgebat

148 1568 379 1637 eloquii.
412 1565 552 1619 Orca
580 1573 665 1618 est
684 1561 957 1631 amphora:
978 1558 1207 1627 species,
1233 1557 1387 1625 cujus
1416 1555 1624 1609 minore
1644 1567 1742 1607 vo-

145 1660 349 1715 cabulo
372 1672 589 1719 urceus,
606 1652 927 1710 diminutivo
950 1649 1198 1705 urceolus
1219 1656 1321 1703 est.
1349 1647 1629 1702 Dolium...
1645 1645 1745 1701 Cu-

145 1768 248 1822 pos
277 1759 334 1805 et
357 1743 866 1829 cupasacapiendo,
892 1742 945 1796 id
972 1748 1073 1804 est,
1099 1740 1416 1808 accipiendo
1437 1752 1631 1807 aquam
1655 1736 1741 1791 vel

1849 563 1946 617 per
1968 561 2128 616 quam
2154 546 2326 617 gratia
2354 547 2530 603 divina
2566 558 2685 618 post
2724 550 3051 605 lavationem
3079 552 3424 621 baptismatis

1848 641 2071 695 mundat
2091 654 2255 710 opera
2284 648 2471 694 nostra
2495 655 2525 694 a
2554 642 2807 697 sordibus
2829 644 3061 698 terrenis
3092 661 3104 698 :
3134 645 3280 699 unde
3307 646 3426 715 ipse

1849 730 2108 786 Dominus
2142 730 2193 784 in
2229 730 2520 799 Evangelio
2548 731 2623 784 ait
2654 746 2667 784 :
2694 730 2807 797 'Qui
2846 731 2987 791 lotus
3008 744 3104 799 est,
3135 751 3238 789 non
3280 735 3435 791 habet

1848 838 1995 891 opus,
2033 819 2134 873 nisi
2167 818 2319 888 pedes
2347 817 2522 873 lavare
2551 832 2569 870 .'
2592 819 2681 872 sed
2703 829 2776 873 est
2804 821 3032 874 mundus
3056 831 3191 875 totus
3216 821 3429 895 (Ibid.).

1849 912 2129 980 Quomodo
2174 918 2257 967 est
2296 919 2617 980 utrumque;
2663 918 2718 963 et
2752 911 2986 965 mundus
3033 918 3218 977 totus,
3263 921 3318 967 et
3348 920 3430 967 ta-

1848 1020 1971 1060 men
2000 1005 2161 1074 pedes
2190 1002 2402 1056 lavandi
2434 1003 2591 1057 sunt?
2616 1002 2727 1057 Nisi
2754 1004 2879 1072 quia
2911 1006 3145 1059 mundus
3177 1012 3320 1059 totus
3344 1012 3428 1059 est

1849 1099 1903 1152 in
1952 1096 2168 1150 lavacro
2214 1094 2385 1149 sancti
2430 1094 2800 1163 baptismatis,
2844 1094 2938 1149 sed
2974 1094 3168 1149 iterum
3207 1095 3432 1163 pulvere

1852 1197 2080 1242 terrenae
2125 1184 2475 1238 habitationis
2528 1184 2858 1238 sordidatur.
2919 1182 3073 1239 Unde
3114 1192 3168 1237 et
3208 1197 3434 1239 necesse

1847 1275 2013 1329 habet
2057 1275 2253 1328 iterum
2296 1273 2467 1327 lavari
2520 1288 2617 1343 per
2658 1274 2888 1343 gratiam
2945 1274 3143 1328 divinas
3188 1274 3432 1342 pietatis,

1848 1372 1973 1427 licet
2022 1372 2173 1441 prius
2200 1371 2384 1425 eadem
2408 1370 2582 1439 gratia
2603 1378 2749 1424 esset
2773 1358 2916 1424 totus
2952 1370 3267 1432 mundatus,
3294 1382 3427 1437 apo-

1846 1461 1987 1518 stolo
2012 1460 2217 1515 Joanne
2244 1468 2531 1514 attestante
2557 1474 2572 1512 :
2616 1458 2673 1514 Si
2699 1458 2990 1512 dixerimus
3013 1462 3136 1528 quia
3162 1467 3433 1527 peccatum

1847 1570 1952 1608 non
1996 1553 2278 1618 habemus,
2322 1570 2414 1606 nos
2444 1553 2583 1620 ipsos
2630 1553 2937 1622 decipimus,
2971 1561 3018 1605 et
3049 1552 3239 1616 veritas
3280 1551 3337 1604 in
3374 1565 3434 1605 eo

1850 1650 2040 1724 [nobis]
2091 1668 2195 1705 non
2242 1662 2315 1705 est
2366 1650 2429 1722 (I
2462 1648 2624 1705 Joan.
2679 1649 2750 1720 1).
2794 1649 3046 1715 Quotidie
3092 1663 3221 1718 ergo
3267 1646 3435 1717 pedes

1848 1742 1994 1796 lavat
2038 1742 2213 1806 nobis,
2256 1742 2347 1811 qui
2380 1741 2690 1809 interpellat
2730 1756 2828 1810 pro
2869 1742 3061 1805 nobis;
3105 1750 3158 1794 et
3193 1737 3436 1808 quotidie

146 1845 355 1907 vinum,
391 1823 614 1895 vocatas
640 1838 829 1892 volunt
872 1854 883 1889 :
922 1834 1065 1888 unde
1089 1842 1144 1887 et
1170 1846 1458 1899 caupones.
1506 1828 1639 1883 Uter
1674 1829 1742 1883 ab
1772 1823 1818 1881 B
1846 1849 1946 1887 nos
1965 1848 2099 1902 Opus
2128 1834 2350 1898 habere,
2380 1840 2439 1886 ut
2467 1834 2633 1902 pedes
2668 1832 2934 1895 lavemus,
2965 1832 3019 1884 in
3050 1831 3166 1899 ipsa
3188 1828 3437 1883 οηηίοηο

145 1947 309 1993 utero
324 1945 547 1991 vocatus
569 1942 669 1988 est.
690 1933 765 1986 De
788 1939 908 1985 utre
926 1942 1056 1983 vero
1072 1926 1312 1997 psalmus
1332 1925 1408 1978 ait
1433 1942 1444 1977 :
1478 1923 1543 1976 Et
1572 1924 1742 1991 factus

146 2051 267 2089 sum
322 2033 456 2086 sicut
498 2039 615 2082 uter
650 2028 706 2081 in
749 2026 976 2093 pruina,
1013 2019 1421 2091 justiﬁcationes
1471 2026 1587 2070 luas
1638 2032 1743 2069 non

145 2143 268 2181 sum
298 2123 490 2177 oblitus
522 2117 694 2191 (Psal.
724 2113 934 2186 cxvut).
966 2111 1097 2167 Uter
1124 2110 1269 2175 enim
1312 2108 1366 2162 in
1408 2107 1605 2177 pruina
1642 2122 1741 2161 na-

145 2218 262 2272 tivo
304 2215 489 2272 calore
535 2219 823 2266 vacuatum
870 2205 1137 2261 beneﬁcio
1174 2201 1541 2257 conversionis
1576 2206 1744 2252 attra-

144 2309 319 2371 hitur,
350 2315 546 2361 etcum
575 2305 653 2359 sic
694 2300 856 2355 fuerit
888 2296 1030 2353 felici
1060 2305 1206 2352 sorte
1234 2301 1591 2355 maceratum,
1615 2302 1744 2359 pro-

144 2398 331 2463 venit,
392 2397 534 2467 quod
597 2394 882 2463 sequitur,
938 2398 997 2443 ut
1048 2385 1465 2458 justiﬁcationes
1526 2380 1739 2436 Domini

145 2490 459 2548 nullatenus
497 2485 669 2556 possit
716 2480 980 2537 oblivisci.
1017 2478 1151 2534 Uter
1196 2476 1341 2529 enim
1370 2487 1567 2540 corpus
1598 2485 1741 2524 mor-

144 2580 254 2636 tale
275 2576 550 2650 signiﬁcat
572 2593 584 2629 :
614 2574 806 2645 pruina
827 2569 1150 2627 beneﬁcium
1171 2563 1541 2622 conversionis
1562 2570 1744 2616 osten-

147 2672 227 2728 dit
281 2685 297 2724 :
349 2684 449 2740 per
498 2681 661 2737 quam
704 2660 905 2728 evenit,
954 2669 1015 2715 ut
1062 2674 1191 2714 caro
1238 2669 1426 2712 nostra
1479 2653 1743 2708 laciviens

145 2758 438 2816 aﬁlictione
492 2753 825 2826 paenitentiae
883 2749 1257 2805 contrahatur.
1314 2745 1547 2798 Tantum
1596 2741 1740 2795 enim

146 2849 350 2906 crescit
374 2848 523 2904 calor
552 2846 697 2910 ﬁdei,
748 2850 1011 2913 quantum
1040 2841 1105 2895 de
1143 2838 1362 2892 ﬁamma
1403 2837 1740 2890 subtractum

145 2939 312 2996 fuerit
361 2936 649 3008 corporali.
698 2934 773 2987 De
818 2932 1032 2986 utribus
1078 2942 1294 2999 quoque
1346 2926 1398 2979 in
1446 2923 1742 2994 Evangelio

145 3030 355 3086 mentio
384 3028 465 3093 lit,
496 3027 588 3082 ubi
616 3024 879 3080 Dominus
907 3022 973 3077 de
998 3018 1385 3091 praedicatione
1430 3017 1553 3071 ﬁdei
1596 3016 1744 3069 locu-

145 3132 303 3177 turus
332 3120 410 3183 ait
434 3133 449 3172 :
478 3117 647 3172 Nemo
674 3114 832 3169 mittit
862 3113 1037 3166 vinum
1059 3126 1245 3165 novum
1268 3110 1323 3163 in
1345 3118 1485 3161 utres
1512 3115 1701 3162 veteres
1722 3147 1735 3171 ,

144 3213 380 3282 alioquin
422 3216 734 3277 rumpuntur
764 3214 927 3267 utres,
968 3212 1016 3256 et
1064 3202 1241 3255 vinum
1273 3199 1567 3268 e/funditur
1600 3214 1617 3250 :
1648 3196 1737 3250 sed

144 3304 321 3358 vinum
353 3315 539 3353 novum
564 3297 621 3350 in
649 3305 788 3349 utres
812 3310 969 3347 novos
997 3291 1207 3345 mittunt
1236 3302 1253 3340 :
1282 3298 1330 3342 et
1359 3288 1511 3341 ambo
1536 3303 1741 3340 conser-

144 3396 406 3449 vabuntur
436 3390 651 3461 (Matth.
688 3388 801 3459 1x);
842 3386 897 3440 in
923 3384 1134 3438 utribus
1166 3381 1445 3437 veteribus
1488 3379 1738 3434 carnales

146 3484 398 3540 homines
425 3480 712 3551 designans
737 3486 792 3532 et
818 3478 871 3529 in
896 3468 1109 3528 utribus
1133 3471 1290 3526 novis
1320 3469 1612 3539 spiritales,
1640 3468 1735 3537 qui

145 3580 257 3650 apti
288 3586 416 3631 sunt
444 3576 511 3630 ad
535 3573 855 3643 capiendum
885 3570 1070 3624 vinum
1094 3568 1280 3637 gratim
1306 3566 1569 3621 caelestis.

216 3666 563 3737 Mulgarium,
610 3680 726 3729 vas,
771 3664 824 3715 in
861 3677 967 3731 quo
997 3660 1307 3730 mulgentur
1336 3672 1558 3727 pecora,
1594 3655 1736 3709 idem

148 3770 230 3816 est
263 3768 317 3815 et
350 3756 643 3812 mulctrum
669 3754 737 3808 ab
767 3769 832 3808 eo
866 3750 1009 3821 quod
1050 3750 1123 3804 ibi
1148 3750 1421 3819 mulgetur
1460 3748 1564 3801 lac.
1602 3744 1739 3799 Mul-

145 3850 359 3924 garium
379 3862 595 3919 quoque
615 3860 711 3900 vas
735 3853 822 3899 est
851 3842 1142 3915 pastorale,
1182 3841 1237 3895 in
1269 3855 1376 3909 quo
1396 3840 1479 3893 lae
1502 3837 1737 3891 infusum

146 3949 253 4004 est,
287 3949 343 3994 et
364 3938 634 4009 signiﬁcat
659 3944 897 3990 veterem
922 3932 1190 4001 legem,in
1223 3946 1329 3999 qua
1356 3927 1737 3983 continebatur

146 4032 236 4088 Iac
276 4030 454 4085 facilis
496 4028 761 4083 doctrinae
800 4024 1063 4093 imperitis
1100 4020 1443 4075 conveniens.
1500 4016 1737 4069 Labrum

145 4132 398 4181 vocatum
422 4136 487 4176 eo
532 4118 673 4189 quod
716 4118 772 4171 in
801 4131 865 4170 eo
910 4114 1233 4167 lavationem
1261 4109 1377 4164 ﬁeri
1408 4107 1626 4163 solitum
1655 4112 1741 4159 est

146 4214 461 4275 infantium,
505 4209 658 4278 cujus
704 4205 1111 4265 diminutivum,
1164 4199 1442 4254 labellum.
1490 4197 1635 4251 Idem
1682 4201 1737 4248 et

147 4305 383 4369 alveum,
435 4300 580 4370 quod
626 4300 678 4353 in
732 4313 797 4351 eo
832 4294 1159 4349 ablutionem
1208 4290 1325 4344 ﬁeri
1381 4287 1595 4342 solitum
1634 4294 1735 4339 est.

146 4399 390 4454 Labrum
420 4394 566 4448 enim
598 4392 653 4446 in
680 4391 864 4445 Exodo
889 4388 1127 4457 positum
1156 4383 1357 4453 legitur
1380 4389 1503 4434 ante
1534 4379 1737 4433 aditum

1849 1923 2129 1979 Dominica
2170 1923 2511 1988 conﬁtemur,
2553 1938 2675 1977 cum
2722 1922 2991 1976 dicimus:
3024 1921 3242 1974 Dimitte
3283 1920 3431 1974 nobis

1800 2057 1804 2061 .
1846 2016 2019 2070 debita
2076 2027 2253 2070 nostra
2281 2056 2295 2081 ,
2341 2017 2473 2069 sicut
2514 2026 2561 2070 et
2610 2031 2702 2069 nos
2755 2014 3064 2068 dimittimus
3112 2013 3431 2067 debitoribus

1848 2108 2039 2161 nostris
2070 2105 2288 2179 (Matth.
2319 2106 2421 2178 Vt).

2459 2197 2683 2254 CAPUT
2719 2198 2805 2254 Vl.

2374 2286 2450 2341 De
2492 2289 2629 2341 vasis
2665 2288 2892 2342 oleariis.

1891 2377 2193 2434 :Lenticula
2234 2378 2515 2433 vasculum
2545 2378 2806 2433 olearium
2845 2393 2912 2432 ex
2946 2393 3054 2432 aere
3079 2384 3173 2430 aut
3208 2382 3434 2446 argento

1843 2470 2064 2534 factum,
2110 2486 2142 2523 a
2185 2470 2422 2525 liniendo
2448 2471 2670 2525 dictum.
2706 2470 2798 2524 His
2818 2470 2964 2523 enim
2992 2484 3148 2540 reges
3176 2476 3230 2523 et
3246 2482 3431 2523 sacer-

1844 2562 1995 2615 dotes
2033 2560 2374 2615 linicbantur.
2420 2560 2701 2631 Signiﬁcat
2728 2569 2909 2614 autem
2959 2560 3298 2630 Scripturam
3335 2572 3431 2612 sa-

1845 2665 2015 2715 cram,
2061 2652 2113 2705 in
2154 2666 2257 2721 qua
2306 2652 2613 2706 continetur
2638 2652 2926 2721 promissio
2970 2650 3207 2720 Spiritus
3236 2648 3432 2714 sancti,

1844 2759 1942 2813 per
1990 2742 2140 2811 cujus
2191 2744 2420 2814 gratiam
2471 2743 2726 2811 ungimur
2771 2750 2827 2797 et
2872 2740 3280 2807 sanctiﬁeamur
3324 2741 3435 2796 Deo

1845 2834 2030 2905 (Apoc.
2066 2833 2129 2902 ι),
2164 2849 2315 2905 reges
2341 2842 2407 2888 et'
2436 2835 2747 2890 sacerdotes
2775 2832 3050 2903 spiritales
3074 2831 3356 2887 efﬁcimur.

2442 2945 2669 3002 CAPUT
2715 2945 2805 3000 VII

2164 3017 2243 3071 De
2278 3017 2415 3072 vasis
2438 3016 2756 3087 coquinariis
2783 3025 2831 3070 et
2857 3017 3111 3087 pistoriis.

1916 3109 2109 3166 Omnia
2139 3125 2268 3165 vasa
2295 3108 2563 3179 coquendi
2592 3123 2753 3163 causa
2778 3115 2970 3177 parata
3014 3106 3204 3163 cocula
3243 3106 3435 3162 dicun-

1846 3210 1952 3256 tur.
1985 3200 2216 3255 Plautus
2244 3218 2260 3254 :

1873 3301 2043 3351 )Enels
2067 3300 2247 3350 coculis
2266 3300 2383 3349 mihi
2409 3305 2612 3351 excocta
2645 3306 2722 3350 est
2744 3300 2899 3349 omnis
2922 3297 3275 3360 misericordia,
3300 3302 3397 3347 etc.

1843 3381 1960 3437 Olla
2008 3381 2150 3435 dicta
2180 3396 2279 3450 pro
2325 3395 2390 3435 eo
2433 3381 2576 3449 quod
2624 3380 2848 3436 ebulliat
2893 3379 2946 3434 in
2991 3394 3053 3434 ea
3104 3394 3265 3448 aqua,
3309 3378 3434 3448 igne

1842 3471 2106 3539 subjecto,
2151 3481 2210 3525 ut
2252 3471 2414 3526 altius
2447 3486 2615 3541 vapor
2641 3472 2958 3536 emittatur;
3008 3472 3149 3524 unde
3189 3477 3242 3523 et
3286 3467 3431 3523 bulla

1843 3563 2058 3626 dicitur,
2102 3576 2223 3632 qua:
2265 3563 2318 3615 in
2359 3577 2497 3631 aqua
2530 3562 2678 3616 venti
2724 3562 2915 3630 spiritu
2945 3567 3297 3614 sustentatur.
3322 3556 3430 3612 Pa-

1845 3655 1987 3719 tella,
2011 3655 2167 3724 quasi
2189 3652 2371 3724 patula
2406 3671 2418 3706 :
2445 3661 2526 3707 est
2552 3652 2697 3705 enim
2726 3652 2832 3705 olla
2856 3650 2968 3705 oris
3016 3649 3432 3719 patentioribus.

1844 3743 2067 3813 Mystice
2114 3758 2241 3813 ergo
2286 3742 2340 3795 in
2384 3742 2489 3796 olla
2534 3740 2748 3810 generis
2791 3739 3042 3809 prosapia
3088 3735 3171 3808 (ut
3212 3736 3433 3806 quidam

1842 3836 2051 3907 volunt)
2096 3836 2454 3903 intelligitur:
2488 3834 2630 3889 unde
2659 3834 2920 3903 scriptum
2967 3839 3051 3886 est
3082 3831 3134 3883 in
3180 3827 3428 3899 psalmo:

1842 3927 1999 3981 Moab
2030 3927 2135 3980 olla
2164 3929 2271 3996 spei
2300 3943 2428 3979 mea:
2458 3924 2628 3997 (Psal.
2663 3924 2794 3993 nx),
2827 3932 3051 3992 propter
3081 3921 3248 3975 Ruth.
3292 3919 3429 3974 Item

1839 4019 1943 4074 olla
1974 4020 2249 4073 damnatio
2292 4018 2642 4085 sempiterna,
2669 4025 2728 4069 ut
2770 4016 2823 4068 in
2860 4014 2977 4069 Joel
3016 4032 3028 4069 :
3076 4013 3266 4067 Vultus
3298 4012 3434 4067 redi-

1840 4121 2025 4181 gentur
2059 4111 2114 4163 in
2153 4108 2312 4163 ollam
2361 4107 2521 4179 (Joel.
2572 4106 2657 4176 u).
2711 4107 2947 4161 Rursum
2996 4105 3101 4160 olla
3146 4104 3301 4175 plebs
3350 4110 3434 4158 est

1838 4199 2088 4264 Iudaica,
2140 4198 2432 4267 cupiditate
2475 4197 2679 4252 carnali
2732 4212 2979 4260 accensa,
3032 4196 3097 4249 de
3141 4209 3247 4264 qua
3278 4190 3431 4248 Iere-

1841 4291 2013 4345 mias:
2054 4287 2247 4351 Ollam,
2282 4288 2474 4354 inquit,
2515 4302 2818 4339 succensum
2858 4301 2948 4354 ego
2990 4284 3137 4337 video
3183 4280 3319 4353 (Jer.
3352 4280 3421 4353 ι).

1840 4383 1971 4436 Item
2022 4382 2077 4435 in
2122 4380 2338 4434 nomine
2369 4378 2487 4433 ollae
2533 4392 2773 4447 praesens
2814 4378 3078 4441 mundus,
3125 4375 3211 4429 vel
3260 4388 3431 4446 genus

147 4489 335 4559 templi
383 4484 616 4548 Domini,
658 4482 746 4536 ubi
792 4479 1101 4534 sacerdotes
1146 4472 1400 4572 lavabant
1441 4483 1636 4524 manus
1682 4474 1737 4521 et
1765 4514 1815 4572 D
1844 4476 2160 4537 humanum,
2206 4472 2319 4525 sive
2364 4470 2617 4538 quaelibet
2646 4471 2825 4524 anima
2853 4470 3129 4540 peccatrix
3173 4470 3283 4539 igni
3326 4468 3431 4523 tri-

145 4582 334 4652 pedes,
379 4576 595 4646 quando
636 4567 928 4641 ingrcssuri
971 4573 1097 4621 sunt
1143 4560 1369 4635 [erant],
1409 4562 1735 4615 tabernacu-

145 4647 257 4727 lum
286 4664 606 4729 testimonii,
641 4671 696 4716 et
728 4659 942 4729 quando
966 4654 1238 4711 accessuri
1267 4654 1332 4707 ad
1364 4652 1566 4716 altare;
1593 4647 1735 4718 quod

144 4760 420 4831 signiﬁcat
434 4750 862 4822 compunctionis
886 4749 1248 4817 lacranarum
1277 4742 1729 4798 emundationem.

145 4830 381 4907 Duobus
400 4860 635 4915 namque
672 4842 843 4897 modis
889 4841 1251 4909 lacrymarnm
1284 4843 1337 4889 et
1366 4830 1735 4901 compunctio—

144 4957 277 4997 num
322 4946 498 4992 status
544 4934 922 5003 distinguitur;
964 4931 1087 4999 quia
1142 4929 1317 4998 primo
1366 4940 1587 4979 necesse
1625 4931 1727 4986 est,

149 5029 401 5103 quisquis
428 5028 496 5081 ad
522 5025 809 5079 Dominum
845 5036 1139 5077 conversus
1166 5032 1270 5088 pro
1299 5018 1405 5080 his,
1438 5030 1558 5085 qua:
1589 5030 1737 5070 com—

146 5127 316 5188 misit,
339 5122 600 5194 peccatis,
623 5122 835 5176 veniam
859 5119 991 5173 fusis
1012 5116 1264 5187 lacrymis
1292 5123 1572 5184 precetur;
1599 5113 1739 5183 quod

149 5219 193 5271 si
232 5213 625 5271 comitantibus
672 5213 846 5279 dignis
883 5209 1221 5281 pcenitentiae
1270 5206 1535 5260 fructibus
1582 5205 1739 5275 longo

151 5320 403 5378 tempore
438 5303 749 5374 perfecerit,
792 5310 980 5365 restat,
1022 5311 1081 5355 ut
1137 5300 1377 5355 securior
1418 5298 1483 5351 de
1516 5306 1739 5363 accepta

152 5408 507 5470 peccatorum
532 5395 687 5451 venia
712 5393 933 5449 eﬁ‘ectus
957 5392 1068 5459 jam
1094 5391 1375 5447 desideriis
1404 5387 1740 5442 initiantibus

153 5500 305 5561 optet
328 5490 515 5543 venire
543 5497 772 5555 tempus,
799 5499 904 5552 quo
926 5492 1198 5537 mercatur
1222 5484 1364 5536 inter
1394 5479 1740 5535 beatissimos

156 5582 478 5653 angelorum
524 5580 721 5633 choros
765 5577 955 5631 faciem
1000 5577 1183 5629 videre
1229 5575 1519 5629 Creatoris.
1565 5573 1743 5627 Pelvis

158 5682 373 5733 vocata,
427 5672 571 5739 quod
611 5672 773 5739 pedes
818 5670 891 5723 ibi
922 5668 1186 5721 laventur.
1222 5658 1396 5721 Pelvis
1439 5665 1603 5728 cnim,
1654 5663 1743 5717 ubi

162 5766 446 5831 Dominus,
495 5764 739 5819 immissa
780 5777 941 5831 aqua,
980 5760 1108 5816 lavit
1145 5759 1308 5828 pedes
1356 5756 1744 5826 discipulorum

1840 4563 2131 4618 bulationis
2174 4562 2419 4630 apposita
2465 4568 2707 4625 notatur,
2757 4560 2824 4614 de
2858 4574 2964 4628 quo
2998 4559 3258 4614 Dominus
3295 4558 3430 4612 dixit

1842 4659 1910 4713 ad
1954 4657 2287 4711 Ezcchielem
2314 4670 2330 4706 .'
2362 4651 2508 4707 Pone
2539 4653 2699 4707 ollam
2743 4668 2898 4722 super
2935 4668 3133 4722 prunas
3180 4665 3429 4715 vacuam,

1839 4748 2001 4800 donec
2045 4744 2322 4798 incalescat
2364 4760 2434 4796 (es
2477 4744 2589 4811 ejus
2614 4741 2830 4813 (Ezech.
2880 4740 3050 4810 XXIV).
3091 4739 3336 4794 Cacabus
3376 4745 3429 4792 et

1839 4851 2064 4891 cucuma
2092 4848 2121 4887 a
2144 4848 2277 4887 sono
2308 4831 2539 4887 fervoris
2566 4831 3034 4901 cognominantur.
3060 4829 3186 4883 Haec
3211 4829 3263 4881 in
3285 4826 3428 4881 Gne-

1839 4929 1917 4981 cis
1940 4935 1993 4981 et
2016 4925 2219 4979 Latinis
2246 4924 2549 4979 communia
2589 4922 2807 4975 nomina
2836 4921 3035 4974 habent
3066 4933 3080 4971 :
3113 4919 3207 4973 sed
3241 4926 3425 4971 utrum

1848 5016 2022 5070 Latini
2038 5030 2067 5067 a
2083 5015 2305 5077 Graecis,
2331 5028 2397 5065 an
2423 5011 2597 5066 Graeci
2620 5026 2649 5063 a
2663 5009 2871 5063 Latinis
2884 5010 2999 5063 hac
3015 5006 3273 5061 vocabula
3302 5021 3429 5059 mu-

1848 5108 2079 5171 tuarint,
2148 5106 2413 5160 incertum
2471 5112 2573 5157 est.
2643 5102 2873 5155 chetes
2922 5113 3069 5152 aenea
3122 5112 3253 5150 vasa
3308 5101 3432 5149 sunt

1848 5201 2034 5256 Graeco
2064 5212 2314 5252 sermone
2351 5202 2541 5250 vocata
2578 5212 2589 5247 :
2624 5199 2749 5246 sunt
2781 5190 2925 5245 enim
2952 5188 3072 5242 ollze
3108 5187 3348 5241 minores
3377 5185 3430 5237 in

1845 5308 2001 5347 usum
2030 5289 2291 5359 coquendi
2322 5294 2541 5357 paratae.
2577 5284 2651 5339 De
2692 5284 2865 5338 lebete
2894 5295 3025 5351 ergo
3058 5280 3111 5333 in
3144 5275 3433 5331 Ezechiele

1845 5387 1917 5441 ita
1967 5386 2223 5452 scriptum
2255 5392 2336 5436 est
2369 5399 2380 5433 :
2418 5378 2547 5432 "(ec
2598 5378 2723 5429 dicit
2770 5376 3025 5429 Dominus
3068 5371 3251 5423 Deus:
3286 5365 3432 5419 Pone

1844 5480 2074 5539 lebelem,
2101 5486 2147 5529 et
2177 5476 2320 5527 mitte
2361 5474 2415 5525 in
2443 5490 2557 5525 eam
2582 5487 2795 5539 aquam,
2823 5478 2869 5521 et
2898 5468 3041 5520 mitte
3067 5465 3120 5518 in
3152 5478 3271 5516 eam
3296 5459 3431 5512 divi-

1846 5572 2013 5625 siones
2050 5568 2245 5621 ossium
2276 5574 2322 5617 et
2369 5564 2640 5625 carnium,
2693 5571 2800 5613 etc.
2844 5558 3062 5629 (Ezech.
3109 5553 3284 5622 ΠΝ).
3330 5548 3432 5603 Ubi

1847 5663 1945 5717 sub
1972 5662 2163 5715 lebclis
2209 5656 2559 5714 similitudine
2604 5656 2795 5709 urbem
2832 5650 3133 5706 Jerusalem
3169 5639 3432 5700 describit

1846 5761 1902 5807 et
1927 5754 2025 5808 sub
2048 5750 2251 5807 ossium
2278 5758 2331 5804 et
2356 5747 2601 5803 carnium
2628 5746 2876 5802 coctione
2910 5746 3181 5799 tormenta
3205 5733 3431 5792 fortium
