3918 6398
450 385 554 443 603

1119 366 1177 435 Β.
1219 377 1471 436 RABANI
1509 376 1726 434 MAURI
1764 372 2081 431 ARCHIEP.
2122 372 2432 430 MOGUNT.
2460 369 2757 429 .OPERUM
2793 368 2973 424 PARS
3012 369 3074 423 Il.

3597 371 3701 425 ωι

449 503 507 553 et
550 493 823 566 fragilium
867 489 1126 561 exprimit
1168 490 1221 542 in
1270 503 1369 552 eo,
1409 496 1465 542 et
1500 502 1606 556 per
1650 485 2025 542 excoctionem
2053 483 2106 542 Α
2130 495 2255 536 nem
2283 480 2492 535 Domini
2541 478 2737 533 ibidem
2788 477 3077 558 signiﬁcat,
3119 484 3213 530 aut
3234 468 3479 531 sanctam
3515 475 3710 532 Eccle-

452 586 604 643 rubri
649 584 789 655 ignis
834 582 1000 653 ipsius
1048 579 1283 635 civitatis
1334 578 1752 633 destructionem
1800 581 2025 644 propter

449 678 768 750 iniquitates
814 674 939 743 ejus
963 671 1249 745 signiﬁcat.
1290 668 1452 725 Juxta
1504 668 1857 740 tropologiam
1898 680 2027 749 vero

453 767 584 825 urbs
633 768 738 823 ista
781 774 838 820 et
876 764 1023 818 lebes
1061 762 1319 816 mundum
1366 761 1529 816 istum
1563 759 1888 831 signiﬁcant,
1934 756 2027 826 qui

454 860 510 915 in
534 856 763 928 maligno
813 845 1010 925 positus
1036 863 1109 907 est
1139 851 1187 924 (I
1216 850 1378 906 Joan.
1411 850 1487 924 v).
1513 851 1613 907 Hic
1645 853 1697 906 in
1726 851 1812 906 die
1836 850 2027 920 judicii

456 948 637 1005 divino
666 947 788 1017 igne
832 944 1199 1008 succenditur,
1241 951 1295 996 et
1334 943 1524 997 civitas
1570 941 1893 1011 sanguinum
1932 954 2029 1008 po-

456 1040 605 1096 nitur
631 1052 792 1109 super
818 1035 1082 1093 carbones
1117 1034 1256 1106 ignis
1275 1074 1289 1100 ,
1320 1042 1380 1088 ut
1407 1034 1696 1103 impleatur
1722 1031 1863 1101 quod
1892 1031 2029 1085 scri-

455 1138 606 1202 ptum
633 1108 717 1183 est
745 1127 800 1182 in
832 1125 999 1181 Isaia:
1024 1108 1241 1177 I‘Iabens
1264 1124 1511 1178 carbones
1533 1122 1690 1192 ignis,
1709 1120 1919 1175 sedebat
1939 1137 2029 1173 su-

455 1236 548 1291 per
574 1234 659 1273 eos
704 1216 852 1289 (Isa.
882 1214 968 1286 L).
997 1215 1065 1269 Et
1107 1214 1393 1283 impleatur
1417 1212 1561 1282 quod
1606 1212 1865 1281 scriptum
1907 1218 2027 1264 est:

458 1308 611 1363 Nihil
634 1307 913 1369 occultum,
945 1305 1083 1377 quod
1107 1322 1211 1359 non
1237 1303 1491 1358 reveletur
1517 1300 1729 1374 (Matth.
1759 1299 1836 1372 χ).
1865 1300 2031 1355 Dicit-

458 1414 563 1468 que
583 1412 642 1452 se
665 1396 926 1453 Dominus
956 1411 1064 1450 non
1090 1394 1353 1459 misereri,
1391 1409 1493 1448 nec
1525 1391 1707 1447 mundi
1751 1390 2032 1463 prieterire

455 1496 699 1561 peccata,
739 1502 913 1558 neque
942 1501 1168 1559 parcere
1208 1486 1405 1556 impiis,
1438 1500 1542 1541 nec
1570 1485 1792 1556 placari,
1835 1490 1894 1537 ut
1929 1484 2031 1539 viae

454 1585 683 1649 pereant
729 1578 1034 1647 impiorum,
1078 1576 1375 1631 secundum
1418 1574 1547 1629 illud
1586 1574 1728 1643 quod
1765 1573 1820 1627 in
1870 1573 2030 1643 primi

450 1666 647 1737 psalmi
680 1665 785 1721 ﬁne
813 1666 1073 1737 ponitur:
1108 1665 1176 1719 Et
1215 1666 1316 1719 iter
1340 1666 1619 1734 impiorum
1645 1663 1853 1734 peribit.
1899 1664 2029 1717 Sar-

458 1766 582 1828 tago
622 1773 653 1812 a
699 1758 928 1828 strepitu
972 1758 1089 1813 soni
1153 1765 1363 1821 vocata,
1408 1758 1624 1827 quando
1675 1757 1831 1812 ardet
1871 1758 1926 1812 in
1968 1772 2032 1812 ea

2128 573 2285 639 siam,
2350 572 2404 625 in
2441 586 2546 640 qua
2591 568 2936 624 Testamenta
2980 555 3170 621 divina
3220 567 3496 622 recondita
3558 576 3710 623 sunt.

2111 653 2261 719 Item
2291 676 2417 717 arca
2446 660 2583 727 Noe,
2605 661 2749 731 quod
2768 667 2970 715 sanctae
2990 658 3248 713 Ecclesia:
3277 667 3462 727 typum
3498 662 3708 723 teneat,

2128 753 2430 810 manifestis
2463 752 2673 808 indiciis
2702 751 3100 822 comprobatur.
3154 750 3386 805 Loculus
3414 750 3481 804 ad
3506 748 3715 821 aliquid

2129 845 2434 916 ponendum
2492 845 2633 898 intra
2685 841 2861 898 factus
2913 842 3105 909 locus,
3154 856 3249 897 seu
3287 842 3355 896 ad
3400 850 3579 898 vestes
3625 840 3715 897 vel

2129 934 2420 1003 pecuniam
2468 922 2900 988 custodiendam.
2956 930 3109 987 Unde
3159 945 3259 1001 per
3302 931 3714 986 diminutionem

2130 1024 2344 1078 dicitur.
2404 1024 2630 1095 Legitur
2666 1023 2811 1079 enim
2861 1023 2929 1078 de
2958 1023 3135 1078 loculo
3180 1024 3235 1077 in
3254 1021 3473 1089 Genesi,
3526 1025 3616 1079 ubi
3648 1024 3718 1081 de

2130 1113 2377 1183 sepulcro
2408 1113 2607 1184 Ioseph
2636 1122 2911 1178 narratur,
2971 1113 3103 1167 etin
3149 1112 3439 1182 Evangelia
3463 1112 3530 1167 de
3554 1112 3719 1187 -locu-_

2132 1204 2199 1259 lis
2237 1203 2388 1259 Iudae
2432 1198 2725 1274 proditoris
2769 1203 2973 1257 mentio
3018 1201 3097 1255 ﬁt.
3133 1200 3345 1257 Scrinia
3386 1212 3515 1256 sunt
3561 1216 3716 1266 vasa,

2132 1293 2186 1347 in
2214 1294 2410 1363 quibus
2458 1302 2743 1348 servantur
2785 1292 2909 1347 libri
2941 1292 3025 1346 vel
3065 1277 3325 1346 thesauri.
3378 1290 3529 1345 Unde
3573 1289 3719 1361 apud

2134 1382 2407 1437 Romanos
2449 1382 2546 1448 illi,
2594 1382 2689 1452 qui
2723 1381 2890 1436 libros
2915 1389 2972 1435 et
2991 1380 3391 1436 ecclesiasticos
3430 1381 3721 1435 thesauros

2133 1482 2396 1541 servant,
2461 1474 2726 1529 scriniarii
2782 1482 3178 1543 nuncupantur.
3248 1473 3450 1529 Saccus
3498 1488 3529 1528 a
3581 1486 3716 1543 sago

2135 1566 2340 1632 dictus,
2398 1567 2540 1636 quod
2606 1582 2671 1622 eo
2719 1575 2945 1621 consuto
2993 1565 3276 1632 eﬁiciatur,
3323 1568 3478 1636 quasi
3529 1582 3712 1636 sagus.

2134 1654 2519 1711 Paenitentiam
2567 1657 2711 1712 enim
2745 1657 2847 1712 iste
2876 1665 2959 1712 est
2986 1657 3202 1712 habitus
3227 1668 3283 1713 et
3310 1658 3497 1711 vilium
3526 1671 3713 1712 rerum

2138 1750 2559 1805 condimentum.

452 1847 655 1903 oleum.
698 1847 830 1925 Item
882 1859 1098 1916 sartago
1137 1846 1414 1901 tribulatio
1471 1847 1595 1901 vita:
1634 1847 1942 1916 praesentis,
1979 1856 2037 1903 ut
2065 1837 2113 1896 B
2212 1840 2542 1911 Marsupium
2567 1841 2811 1896 sacculus
2832 1854 3196 1906 nummorum,
3221 1841 3363 1910 quod
3386 1840 3561 1896 Graeci
3584 1858 3725 1896 mar-

456 1936 513 1992 in
560 1937 816 2007 psalmo:
861 1946 909 1990 et
948 1952 1068 1991 ossa
1101 1952 1250 2002 mea,
1298 1938 1350 1990 id
1390 1945 1492 2003 est,
1549 1936 1717 1992 fortes
1758 1937 2035 2003 Ecclesiae,

457 2028 589 2081 sicut
624 2026 680 2080 in
727 2024 948 2095 [τίποήο
977 2023 1217 2093 confrixa
1246 2034 1364 2079 sunt
1407 2022 1580 2095 (Psal.
1616 2023 1769 2099 xxx).
1802 2026 2036 2079 Rursum

459 2124 673 2186 sartago
702 2114 848 2170 zelus
880 2114 1217 2169 rectitudinis
1246 2116 1504 2170 adversus
1527 2124 1771 2184 peccata,
1806 2124 1860 2170 et
1889 2131 2037 2170 com-

457 2206 680 2277 punctio
730 2203 982 2259 fraternae
1028 2203 1377 2259 inﬁrmitatis.
1427 2203 1487 2258 In
1531 2205 1787 2258 Ezechiel
1816 2224 1827 2256 :
1861 2204 1930 2257 Et
1958 2215 2034 2270 tu,

458 2296 538 2365 [ili
560 2297 802 2361 hominis,
831 2312 963 2365 pone
983 2296 1300 2365 sartaginem
1319 2297 1452 2349 inter
1476 2305 1524 2349 te
1550 2304 1597 2349 et
1623 2296 1759 2349 inter
1781 2296 2039 2350 civitatem

454 2385 678 2458 (Ezeclt.
716 2384 811 2457 iv).
846 2385 923 2439 De
962 2386 1063 2451 hac
1108 2384 1380 2454 sartagine
1420 2384 1659 2454 loquitur
1704 2384 2035 2455 Apostolus:

460 2478 592 2542 Qui:
613 2474 1027 2541 scandalizatur,
1053 2483 1100 2529 et
1124 2491 1217 2550 ego
1244 2492 1347 2529 non
1374 2475 1645 2547 uror?(11
1677 2474 1799 2531 Cor.
1832 2475 1933 2548 xx.)

530 2565 670 2621 Mola
721 2566 921 2621 dicitur
956 2580 986 2619 a
1022 2566 1113 2620 sui
1155 2568 1482 2622 rotunditate
1520 2575 1745 2633 vocata,
1800 2575 1858 2620 ut
1898 2566 2041 2621 mala

450 2669 775 2727 pomorum,
814 2652 958 2710 sicut
1000 2662 1059 2710 et
1104 2655 1298 2711 Graeci.
1330 2655 1434 2710 Per
1475 2656 1672 2710 molam
1720 2656 2044 2727 exprimitur

459 2747 723 2802 circuitus
743 2746 869 2802 vitae
890 2748 1195 2816 praesentis,
1218 2755 1273 2803 et
1302 2748 1455 2802 labor
1481 2756 1750 2803 terrenus.
1782 2749 1841 2803 In
1862 2748 2042 2802 Evan—

464 2836 602 2905 gelio
640 2852 655 2891 :
702 2836 806 2902 Qui
850 2836 1285 2892 scandalizaverit
1330 2856 1493 2893 unum
1533 2840 1597 2894 de
1641 2839 1846 2910 pusillis
1895 2840 2061 2906 istis,

464 2931 669 3002 expedit
696 2932 742 2985 ei
769 2944 824 2984 ut
848 2917 1197 3002 suspendatur
1223 2932 1364 2986 mola
1387 2932 1625 2986 asinai'ia
1656 2933 1711 2987 in
1744 2932 1883 2987 collo
1904 2934 2042 3003 ejus,

467 3036 514 3081 et
555 3026 887 3096 demergatur
924 3026 981 3079 in
1025 3024 1345 3094 profundum
1394 3026 1552 3079 maris
1599 3024 1816 3097 (Matth.
1862 3025 2040 3093 xvm).

464 3116 607 3173 Hinc
656 3118 711 3171 in
755 3117 890 3171 Isaia
940 3116 1201 3171 adversus
1243 3115 1570 3187 Babylonem
1622 3116 1820 3171 dicitur
1850 3134 1863 3171 :
1898 3115 2044 3172 Tolle

2140 1946 2311 2000 supon
2340 1931 2625 2000 appellant.
2659 1930 2916 2003 Quaedam
2938 1929 3129 1985 Graeca
3157 1932 3371 1986 nomina
3393 1931 3451 1985 in
3471 1932 3724 1986 Latinum

2139 2021 2298 2090 paulo
2324 2020 2691 2085 inﬂectuntur,
2721 2028 2944 2089 propter
2973 2019 3272 2075 Romanum
3316 2021 3612 2091 eloquium.
3643 2021 3729 2077 Si—

2140 2118 2325 2171 tarciae
2363 2127 2664 2179 nautarum
2712 2124 2837 2171 sunt
2885 2117 2955 2171 ab
3001 2131 3067 2171 eo
3112 2116 3255 2186 quod
3298 2126 3541 2173 consuite
3581 2124 3727 2171 sunt.

2095 2242 2104 2248 -
2139 2205 2478 2261 ln‘volucrum
2514 2206 2738 2271 dictum,
2784 2207 2928 2274 quod
2952 2205 3150 2274 aliquid
3175 2206 3229 2259 in
3259 2220 3318 2259 se
3346 2213 3532 2261 teneat
3572 2206 3726 2261 invo-

2142 2295 2335 2350 lutum.
2387 2296 2577 2355 Fiscus
2604 2294 2851 2351 sacculus
2877 2302 2959 2349 est
2991 2294 3259 2363 publicus,
3300 2297 3443 2350 unde
3470 2305 3527 2351 et
3552 2296 3729 2351 ﬁscel-

2140 2386 2506 2442 lseetﬁscinae
2546 2385 2818 2440 dicuntur.
2872 2384 3026 2440 Hunc
3062 2386 3261 2442 habent
3303 2394 3592 2441 exactores
3616 2426 3632 2450 ,
3676 2394 3729 2440 et

2142 2477 2199 2532 in
2227 2492 2293 2532 eo
2322 2478 2543 2530 mittunt
2566 2476 2803 2531 debitum
2828 2475 3125 2545 publicum,
3155 2476 3299 2546 quod
3320 2477 3569 2532 redditur
3586 2478 3726 2547 regi-

2142 2568 2264 2624 bus.
2313 2567 2501 2623 Fiscus
2542 2576 2721 2623 autem
2763 2568 2937 2637 prima
2966 2568 3161 2637 positio
3201 2578 3303 2633 est,
3357 2568 3720 2622 derivativum

2145 2658 2357 2724 ﬁscina,
2387 2659 2764 2714 diminutivum
2791 2658 3011 2714 ﬁscella.
3066 2656 3324 2715 Saeculus
3346 2661 3577 2731 mystice
3603 2662 3726 2721 the-

2146 2748 2438 2819 saurizatio
2477 2757 2562 2803 est
2585 2750 2852 2812 bonorum
2873 2763 3119 2818 operum.
3182 2751 3332 2805 Unde
3358 2750 3624 2805 Dominus
3652 2750 3728 2804 ait

2146 2836 2203 2891 in
2226 2837 2514 2909 Evangelio
2553 2858 2564 2892 :
2594 2837 2778 2893 Facite
2808 2840 2948 2893 vobis
2994 2838 3230 2893 sarculos
3269 2841 3358 2901 qui
3387 2855 3493 2893 non
3535 2848 3733 2893 vetera-

2146 2940 2297 2984 scunt
2325 2929 2476 3001 (Luc.
2515 2930 2635 3001 xu).
2686 2930 2751 2982 Et
2776 2930 2828 2984 in
2857 2929 3015 2983 aliam
3041 2936 3248 2997 partem
3295 2928 3425 2983 illud
3479 2928 3732 2998 intelligi-

2149 3028 2269 3085 tur,
2316 3021 2457 3090 quod
2507 3020 2562 3075 i'n
2595 3020 2882 3075 Salomone
2933 3020 3163 3091 legitur:
3216 3020 3573 3091 Marsupium,
3617 3022 3729 3077 sive

2150 3114 2446 3179 sacculum,
2497 3130 2767 3168 commune
2808 3113 3168 3184 possideamus
3210 3111 3390 3183 (Prov.
3415 3110 3477 3184 ι),
3528 3113 3581 3167 id
3624 3122 3729 3177 est,

466 3209 682 3275 molam,
708 3221 755 3264 et
780 3207 915 3262 mole
943 3208 1174 3277 farinam
1200 3208 1332 3279 (Isa.
1360 3184 1553 3280 ixnvu).
1592 3208 1657 3263 Et
1681 3207 1804 3262 alibi
1830 3225 1844 3260 :
1874 3204 2048 3261 Occisi
2075 3184 2120 3245 Ο
2153 3206 2455 3260 avaritiam.
2504 3205 2639 3259 Pera
2660 3204 2815 3274 juxta
2843 3204 3153 3273 allegoriam
3197 3203 3369 3257 victus
3416 3211 3503 3257 est
3533 3202 3731 3257 sollici-

468 3309 622 3355 erunt
675 3297 866 3371 [otiosi
913 3296 1127 3369 eorum]
1190 3298 1436 3353 metentes
1486 3298 1539 3351 in
1588 3298 1790 3375 minuto
1833 3313 2048 3351 numero

470 3386 675 3462 (Eccle.
698 3388 821 3462 xu).
842 3388 997 3444 Mela:
1022 3389 1159 3451 duae,
1183 3389 1289 3443 duo
1312 3396 1636 3444 testamenta
1660 3389 1794 3459 legis
1826 3386 1905 3460 (ut
1933 3388 2049 3457 qui-

472 3478 595 3533 dam
621 3477 826 3551 volunt)
854 3476 1187 3549 signiﬁcant;
1226 3479 1368 3533 unde
1392 3479 1588 3548 legitur
1621 3479 1674 3533 in
1716 3477 2007 3548 Evangelio
2032 3491 2068 3544 ε,

476 3568 622 3625 Tunc
642 3570 766 3624 duo:
790 3580 938 3625 erunt
967 3572 1022 3625 in
1051 3570 1367 3636 molendino,
1401 3588 1506 3625 una
1533 3580 1850 3635 assumetur,
1874 3579 1921 3625 et
1944 3586 2051 3625 una

473 3661 796 3734 relinquetur
840 3660 1056 3734 (Matth.
1095 3664 1266 3731 xxiv).
1312 3664 1463 3718 Molar
1503 3664 1644 3729 dua},
1688 3678 1813 3733 spes
1842 3671 1899 3718 et
1939 3662 2052 3717 for-

474 3751 656 3817 mido,
689 3760 747 3806 nt
791 3753 847 3807 in
882 3752 1340 3809 Deuteronomio:
1381 3755 1506 3808 Non
1546 3755 1773 3824 accipias
1825 3753 1938 3807 loco
1974 3754 2054 3822 pi-

476 3844 655 3914 gnoris
688 3842 989 3912 inferiorem
1018 3853 1065 3897 et
1090 3845 1408 3913 superiorem
1433 3843 1643 3901 .molam
1668 3842 1845 3915 (Deut.
1876 3841 2048 3913 xxxv).

476 3932 907 4003 Cribrum,quod
930 3933 1003 4004 ibi
1029 3943 1216 3987 currat
1238 3933 1588 3999 frumentum,
1606 3934 1761 4003 quasi
1788 3932 2054 3988 currifru—

478 4039 626 4095 gum.
666 4022 915 4078 Cribrum
952 4024 1104 4093 juxta
1137 4023 1445 4095 allegoriam
1492 4024 1765 4095 separatio
1801 4032 1887 4079 est
1931 4023 2055 4078 ﬁde-

481 4111 614 4165 lium
635 4126 666 4164 a
690 4112 947 4165 societate
984 4110 1302 4165 inﬁdelium.
1339 4113 1412 4165 De
1439 4127 1547 4179 quo
1576 4113 1629 4165 in
1652 4112 1820 4168 Amos
1850 4112 2053 4167 mentio

479 4202 541 4258 ﬁt
589 4202 769 4274 (Amos
799 4202 899 4274 Ix),
930 4209 986 4256 et
1023 4202 1077 4256 in
1114 4202 1404 4272 Evangelio
1447 4202 1705 4258 Dominus
1737 4205 1805 4258 ad
1834 4203 2057 4259 Petrum

480 4292 555 4346 ait
586 4309 599 4344 :
634 4290 767 4345 Ecce
798 4289 1023 4346 Satanas
1045 4294 1306 4361 expetivit,
1330 4303 1384 4345 ut
1412 4294 1661 4349 cribrarct
1690 4311 1775 4349 vos
1802 4297 1934 4350 sicut
1961 4296 2056 4349 tri-

483 4370 664 4451 ticum,
694 4393 802 4440 etc.
827 4383 977 4455 (Luc.
1010 4384 1167 4455 χχιι).

1066 4474 1291 4530 CAPUT
1334 4476 1465 4532 VIII.

963 4564 1041 4618 De
1074 4566 1211 4618 vasis
1238 4567 1575 4631 repositoriis.

557 4655 1008 4729 Gazophylacium
1048 4674 1175 4714 arca
1224 4665 1307 4711 est
1350 4659 1437 4712 ubi
1474 4657 1800 4729 colliguntur
1832 4663 1885 4716 in
1926 4671 2058 4719 tem-

488 4751 578 4823 plo
626 4766 687 4806 ea
742 4768 861 4821 quae
914 4754 980 4808 ad
1008 4750 1357 4823 indigentiam
1384 4766 1676 4820 pauperum
1730 4754 2053 4809 mittuntur:

488 4844 843 4911 compositum
885 4852 968 4899 est
1004 4852 1183 4898 autem
1210 4844 1275 4900 de
1315 4842 1493 4914 lingua
1529 4843 1743 4900 Persica
1770 4853 1823 4899 ct
1853 4844 2057 4902 Graeca.

488 4935 637 4991 Gaza
661 4937 804 4991 enim
826 4938 1003 5009 lingua
1033 4934 1321 4993 Persarum
1370 4936 1588 5003 divitia,
1641 4938 1857 4992 ﬁlaxion
1906 4938 2060 5011 [plm-

491 5028 673 5099 tace],
721 5028 905 5083 Graece
956 5030 1195 5084 custodia
1238 5030 1645 5100 interpretatur.
1702 5028 1924 5100 Mystice
1968 5045 2062 5083 au-

495 5128 602 5182 tem
650 5119 1083 5189 gazophylacium
1129 5122 1292 5176 corda
1334 5129 1459 5176 sunt
1502 5130 1811 5176 sanctorum
1852 5121 2063 5191 sapien-

495 5207 583 5261 tia:
631 5206 829 5261 divitiis
876 5207 1074 5276 plena:
1111 5210 1251 5277 quod
1295 5212 1349 5263 in
1395 5199 1675 5265 Ezechiele
1709 5212 1969 5279 propheta
2011 5218 2066 5265 et

496 5300 549 5356 in
592 5297 879 5368 Evangelia
920 5298 1052 5353 satis
1098 5298 1517 5355 demonstratur.
1556 5287 1695 5356 Area
1735 5302 1875 5356 dicta
1921 5303 2062 5369 quod
2109 5314 2116 5323 '

493 5396 681 5444 arceat
715 5389 889 5442 visum
932 5394 1092 5457 atque
1135 5388 1415 5457 prohibeat
1459 5405 1473 5442 :
1527 5392 1652 5445 hinc
1695 5400 1750 5447 et
1788 5392 2061 5457 arcivum,

496 5474 625 5532 hinc
673 5485 727 5530 et
768 5490 1024 5530 arcanum
1052 5516 1066 5540 ,
1108 5476 1162 5531 id
1206 5485 1288 5531 est
1335 5487 1637 5545 secretum,
1698 5482 1840 5535 unde
1888 5481 2073 5535 caeteri

498 5571 769 5619 arcentur.
800 5563 953 5619 Area:
977 5573 1156 5619 autem
1183 5567 1411 5636 mystica
1439 5569 1757 5639 signiﬁcatio
1793 5572 1848 5625 in
1885 5570 2078 5627 Exodo

496 5651 806 5724 plenissime
829 5652 1248 5720 demonstratur,
1291 5657 1379 5711 ubi
1405 5659 1468 5712 de
1493 5662 1891 5716 constructione
1930 5674 2077 5717 arcte

500 5743 806 5802 tostamcnti
848 5742 1058 5800 Domini
1108 5754 1393 5803 narratur:
1442 5752 1567 5821 quia
1596 5759 1688 5807 aut
1744 5754 2075 5813 incarnatio-

2154 3298 2301 3351 tudo.
2349 3295 2501 3351 Unde
2528 3294 2787 3349 Dominus
2817 3295 3094 3364 praecepit,
3135 3293 3358 3347 dicens:
3410 3291 3592 3348 Nolite
3615 3310 3734 3364 por-

2152 3398 2265 3443 tare
2282 3386 2556 3441 sacculum
2594 3403 2755 3458 neque
2779 3404 2957 3457 peram
2980 3388 3033 3440 in
3064 3388 3145 3441 via
3171 3386 3323 3459 (Luc.
3355 3385 3413 3457 x)

2768 3498 2995 3554 CAPUT
3033 3498 3124 3551 IX.

2758 3568 2834 3622 De
2879 3568 3127 3622 canistro.

2223 3660 2533 3716 Canistrum
2554 3658 2699 3713 ﬁssis
2715 3657 2904 3713 cannis
2928 3657 3252 3722 contexitur,
3282 3656 3425 3712 unde
3450 3666 3506 3712 et
3527 3673 3734 3713 nuncu—

2157 3759 2364 3819 patum.
2428 3750 2532 3804 Alii
2562 3749 2809 3807 Graecum
2858 3759 3124 3806 asserunt.
3190 3750 3497 3806 Canistrum
3559 3762 3735 3813 autem

2152 3838 2422 3910 signiﬁcat
2447 3841 2683 3911 linguam
2727 3841 2983 3906 doctoris,
3030 3842 3083 3895 in
3123 3856 3228 3912 qua
3277 3839 3585 3895 oﬂ'eruntur
3609 3840 3736 3911 legis

2152 3938 2424 4000 praecepto
2449 3944 2615 4001 panes
2634 3946 2970 4001 azymorum,
3018 3932 3122 3986 hoc
3149 3940 3255 3996 est,
3300 3930 3527 3985 verbum
3559 3929 3735 3983 Evan-

2154 4021 2279 4093 gelii
2304 4022 2359 4077 in
2389 4021 2714 4085 sacriﬁcium
2748 4022 2983 4087 Domini,
3014 4023 3157 4078 sicut
3181 4021 3378 4092 legitur
3406 4021 3460 4074 in
3488 4020 3737 4075 unctione

2155 4112 2341 4168 Aaron
2370 4123 2424 4169 et
2454 4114 2685 4169 ﬁliorum
2733 4113 2851 4182 ejus
2897 4112 3099 4169 factum
3150 4127 3288 4168 esse.
3340 4111 3617 4181 Cophinus
3660 4121 3741 4166 est

2156 4218 2258 4261 vas
2288 4222 2354 4259 ex
2384 4206 2630 4276 virgultis
2653 4214 2962 4261 contextum
2977 4214 3157 4274 aptum
3186 4205 3445 4259 mundare
3478 4213 3733 4265 stercora,

2155 4305 2215 4352 et
2238 4308 2436 4353 terram
2457 4309 2693 4369 portare,
2726 4300 2790 4353 de
2815 4314 2922 4368 quo
2950 4300 3078 4353 dicit
3101 4299 3384 4353 Psalmista
3411 4315 3512 4370 pro
3542 4299 3735 4355 Israel:

2158 4388 2357 4444 Manus
2372 4390 2486 4459 ejus
2514 4392 2570 4443 in
2599 4390 2815 4459 cap/tino
2856 4390 3138 4444 servierunt
3178 4387 3347 4458 (Psal.
3407 4390 3597 4459 Lux).
3656 4389 3742 4443 Di-

2160 4492 2289 4539 ctus
2312 4490 2491 4537 autem
2514 4482 2797 4552 cophinus,
2821 4482 2975 4552 quasi
3005 4496 3168 4535 covus
3190 4480 3273 4534 vel
3295 4481 3452 4559 quasi
3470 4496 3657 4537 cavus.
3681 4481 3744 4535 Et

2168 4576 2269 4629 hoc
2291 4571 2699 4642 quamvisjuxta
2721 4572 3000 4627 historiam
3022 4572 3127 4626 dici
3147 4572 3413 4637 videatur,
3434 4574 3673 4642 .quando
3692 4574 3744 4627 in

2170 4669 2400 4736 [Egypto
2442 4665 2746 4720 Iudaeorum
2792 4664 3020 4732 populus
3060 4664 3288 4719 diversis
3329 4665 3742 4720 necessitatibus

2172 4756 2439 4813 serviebat
2458 4775 2469 4808 :
2495 4755 2652 4809 modo
2668 4765 2727 4808 ut
2748 4754 2944 4808 lateres
2964 4750 3185 4819 Iaceret,
3211 4762 3267 4808 ut
3290 4764 3490 4808 terram
3503 4757 3748 4833 cpphinis

2171 4849 2333 4903 modo
2356 4848 2665 4902 exhiberet:
2691 4856 2867 4901 tamen
2890 4846 3030 4901 istud
3057 4845 3483 4901 Christianorum
3506 4847 3748 4915 patribus

2175 4938 2480 5009 diligentius
2500 4937 2828 5007 applicamus
2848 4976 2864 5003 ,
2895 4951 2924 4989 a
2955 4950 3179 5004 quorum
3203 4935 3361 4989 dorso
3389 4935 3588 4989 avertit
3608 4936 3749 4991 Deus

2176 5044 2339 5084 onera
2365 5037 2707 5097 peccatorum
2736 5068 2751 5094 ,
2783 5029 2996 5098 quando
3022 5042 3080 5082 se
3099 5026 3240 5083 felici
3274 5027 3578 5082 humilitate
3626 5043 3749 5097 pro-

2180 5127 2445 5184 sternunt,
2469 5120 2609 5173 sicut
2634 5119 2747 5188 ipse
2772 5118 2902 5172 dicit
2929 5136 2942 5171 :
2980 5118 3159 5172 Venite
3204 5118 3272 5171 ad
3299 5133 3399 5182 me,
3431 5134 3609 5171 omnes
3657 5100 3748 5186 qui

2179 5208 2428 5262 laboratis
2451 5218 2497 5263 et
2513 5209 2712 5263 onerati
2736 5210 2877 5273 estis,
2894 5218 2941 5261 et
2957 5225 3047 5279 ego
3063 5226 3147 5263 vos
3167 5209 3397 5277 reﬁciam
3415 5207 3629 5279 (ﬂatllt.
3642 5210 3744 5277 ιι).

2180 5300 2447 5369 Cophinos
2463 5310 2638 5354 autem
2656 5300 2883 5353 dicimus
2904 5314 3001 5368 per
3019 5315 3155 5369 quos
3176 5299 3411 5354 sordium
3423 5313 3748 5368 purgamen-

2184 5398 2238 5443 ta
2268 5388 2597 5458 projicimus,
2627 5398 2683 5441 ut
2718 5388 2817 5443 loci
2843 5390 3049 5457 paritas
3072 5390 3357 5443 elucescat.
3409 5388 3602 5443 Manus
3620 5402 3749 5457 ergo

2184 5495 2311 5535 suas
2355 5481 2409 5534 in
2463 5480 2542 5534 eis
2584 5485 2785 5545 tenent,
2857 5479 2949 5548 qui
3003 5487 3344 5547 peccatorum
3392 5476 3751 5532 immunditiis

2185 5582 2516 5642 occupantur
2539 5591 2552 5626 :
2585 5574 2679 5627 sed
2699 5573 2764 5627 de
2788 5573 2891 5627 hac
2918 5573 3176 5627 servitute
3206 5571 3500 5626 liberamur
3524 5587 3557 5625 a
3573 5572 3751 5627 Domi-

2186 5683 2275 5729 no,
2307 5665 2519 5735 quando
2549 5663 2809 5719 scelerum
2835 5672 3142 5718 nostrorum
3168 5663 3417 5717 sordibus
3447 5664 3747 5732 expiamur.

2185 5762 2312 5817 Item
2376 5758 2656 5817 duodecim
2706 5757 2918 5828 cophini
2966 5755 3193 5828 apostoli
3242 5755 3647 5827 intelliguntur,
3693 5755 3749 5814 in
