3918 6334
162 379 263 436 605

1136 378 1227 436 DE
1262 377 1606 439 UNIVERSO
1645 374 1823 432 LIBRI
1864 376 2024 430 XXII.
2066 405 2133 415 --
2172 374 2299 461 LIB.
2341 374 2503 429 XXII.

3287 365 3393 423 606

161 495 353 565 quibus
403 492 657 551 collecta.
690 497 814 548 sunt
878 492 1116 563 reliquiae
1176 492 1598 563 fragmentorum
1658 502 1727 543 ex
1752 490 1806 551 Α
1828 484 2175 554 lampadibus
2187 491 2364 538 autem
2390 484 2442 538 in
2472 482 2757 554 Evangelio
2783 480 2977 551 legitur
3002 477 3218 551 (Matth.
3245 479 3398 551 xxv),

159 583 397 655 quinque
445 582 675 653 panibus
719 588 774 638 et
811 583 1017 657 duobus
1068 582 1306 652 piscibus
1336 579 1552 653 (Matth.
1588 577 1725 649 xiv).

163 674 357 747 Sporta
381 672 468 729 vel
519 688 551 728 a
579 681 762 745 sparto
786 673 904 729 ﬂeri
954 672 1131 739 solet,
1181 671 1267 728 vel
1302 659 1451 743 quod'
1482 674 1731 739 exportet

162 764 382 838 aliquid.
416 763 478 821 In
503 761 790 837 Evangelia
819 753 1033 835 quoque
1060 763 1272 836 legitur,
1320 762 1464 831 quod
1493 759 1731 815 tulerunt

162 847 393 927 apostoli
412 856 481 912 de
509 854 825 928 [ﬁgmentis
864 862 1067 925 septem
1114 869 1316 932 panum
1344 859 1548 920 septem
1577 863 1730 918 spor-

162 954 245 1003 tas
268 946 458 1016 plenas
482 963 499 1002 :
532 946 676 1016 quod
701 945 971 1018 significat
997 944 1319 1016 apostolicos
1360 943 1612 1023 doctores
1638 955 1726 1005 ea,

166 1053 282 1109 Quae
305 1041 458 1112 plebs
496 1054 607 1094 non
635 1038 780 1094 valet
822 1049 1138 1093 consumere
1159 1035 1225 1091 de
1254 1032 1496 1098 mysticis
1534 1029 1733 1086 doctri-

163 1130 246 1188 nis
274 1132 512 1205 Spiritus
537 1132 730 1197 sancti,
763 1132 866 1185 hoc
889 1128 992 1199 ipsi
1018 1126 1075 1181 in
1103 1140 1162 1181 se
1183 1122 1457 1194 colligant.

762 1242 1001 1301 CAPUT
1045 1240 1134 1297 Χ.σ

598 1315 677 1370 De
712 1317 847 1369 uasis
888 1312 1311 1367 luminariorum.

221 1404 432 1467 Focum
447 1407 652 1476 antiqui
672 1405 1010 1477 appellarunt
1030 1404 1236 1473 ignem;
1264 1400 1344 1455 fos
1363 1399 1507 1455 enim
1526 1396 1731 1462 Graece,

161 1496 353 1555 Latine
387 1498 526 1570 ignis
565 1507 682 1563 est,
721 1497 864 1570 unde
907 1504 962 1552 et
992 1480 1149 1565 juxta
1183 1490 1529 1564 philosophos
1572 1501 1735 1557 quos-

163 1590 285 1644 dam
327 1596 522 1644 cuncta
550 1595 929 1658 procreantur,
957 1593 1011 1640 et
1034 1598 1220 1640 revera
1252 1582 1377 1637 sine
1398 1579 1576 1635 calore
1603 1574 1736 1631 nihil

161 1666 407 1733 nascitur
437 1696 451 1733 :
497 1677 632 1734 adeo
660 1685 720 1732 ut
758 1678 823 1732 de
854 1676 1263 1747 scptentrionea
1293 1680 1451 1743 poeta
1488 1671 1731 1727 dicatur:

161 1758 343 1823 sum;
371 1785 476 1824 non
506 1768 794 1840 quidquam
825 1767 1019 1838 frigore
1044 1767 1283 1837 gignant.
1334 1762 1506 1818 Varro
1554 1768 1735 1815 autem

1826 577 1970 646 quod
2014 575 2252 644 quinque
2310 574 2545 645 virgines
2585 574 2884 643 prudentes
2937 570 3217 639 lampades
3280 587 3404 627 suas

1826 650 2100 719 cumoleo
2146 663 2484 733 habuerunt:
2538 663 2665 731 quia
2694 662 2851 717 electi
2882 661 2935 716 in
2981 661 3240 716 cordibus
3288 661 3403 717 suis

1827 754 2002 809 oleum
2026 751 2409 809 misericordiae
2436 761 2490 807 et
2514 754 2801 813 charitatis
2826 760 3033 816 tenent,
3067 751 3211 820 quod
3239 749 3403 807 fatum

1826 844 2064 916 virgines
2110 859 2219 899 non
2271 844 2491 898 habent.
2541 841 2713 907 Unde,
2763 841 3089 896 intrantibus
3132 839 3411 911 prudenti-

1827 936 1927 992 bus
1950 937 2018 991 ad
2042 916 2288 1004 nuptias,
2311 933 2471 989 fatuae
2500 934 2829 1016 repelluntur
2853 950 2865 985 :
2912 940 2967 986 et
3003 945 3189 986 eorum
3218 945 3407 999 opera,

1828 1041 1948 1097 quae
1973 1026 2119 1079 clara
2145 1024 2453 1104 hominibus
2481 1022 3017 1092 forisapparuerunt,
3068 1020 3121 1073 in
3169 1020 3401 1074 adventu

1822 1114 2021 1186 judicis
2059 1114 2204 1168 intus
2250 1113 2626 1177 obscurantur,
2684 1118 2739 1163 et
2786 1124 2815 1162 a
2846 1109 2956 1163 Deo
2994 1105 3403 1161 retributionem

1830 1220 1938 1260 non
1982 1204 2322 1268 invenerunt,
2346 1203 2470 1272 quia
2510 1216 2609 1271 pro
2631 1200 2712 1255 eis
2742 1206 3061 1267 receperunt
3094 1198 3161 1252 ab
3189 1196 3417 1251 homini-

1830 1297 1934 1351 bus
1980 1294 2182 1358 laudes,
2231 1308 2366 1361 quas
2396 1299 2730 1346 amaverunt.
2788 1291 2915 1344 ltem
2945 1287 3220 1356 lampades
3247 1286 3415 1356 signi-

1834 1383 1997 1438 ficant
2024 1390 2335 1437 sanctorum
2360 1381 2521 1435 corda
2550 1380 2845 1450 splendida,
2898 1388 2953 1433 et
2979 1378 3221 1433 scientiae
3247 1375 3409 1430 lumi—

1833 1488 1901 1529 ne
1928 1487 2139 1542 semper
2166 1471 2384 1539 fulgida,
2412 1479 2471 1524 ut
2498 1471 2550 1524 in
2582 1468 2816 1524 Canticis
2844 1470 3173 1524 canticorum
3200 1485 3211 1519 :
3257 1466 3416 1518 Lam-

1833 1564 1992 1634 padas
2019 1563 2152 1631 ejus,
2204 1559 2469 1629 lampades
2512 1561 2645 1629 ignis
2677 1558 2829 1630 atque
2857 1561 3191 1629 ﬂammarum
3235 1554 3413 1628 (Cant.

1821 1652 1976 1723 ,vm).
2024 1651 2159 1705 Item
2205 1650 2333 1703 alibi
2370 1650 2605 1720 legitur:
2665 1649 2891 1726 Lampus
2939 1658 3229 1718 contempta
3276 1644 3417 1717 apud

1838 1744 2182 1813 cogitationes‘
2247 1740 2465 1793 divitum
2516 1737 2681 1810 (Job.
2736 1738 2897 1810 xu);
2951 1739 3094 1809 quod
3148 1736 3419 1807 signiﬁcat

159 1851 309 1911 focos
355 1854 433 1911 ait
477 1825 672 1921 dictos,
717 1825 860 1925 quod
893 1825 1122 1909 foveant
1160 1855 1331 1924 ignes.
1401 1850 1536 1904 Nam
1588 1846 1729 1919 ignis
1758 1828 1807 1889 Β
1832 1832 2082 1925 (Ξοοιοξθε
2119 1844 2237 1885 0588
2281 1836 2616 1925 εφξιθηιρῑοξ
2642 1829 2697 1925 in
2740 1825 3412 1925 οονίιξὺυεξυρθὼφυωο

158 1945 279 2017 ipsa
322 1940 539 2000 ﬂamma
589 1954 693 2001 est.
763 1945 1032 2015 Quidquid
1096 1951 1274 1999 autem
1333 1942 1512 2013 ignem
1568 1938 1730 2002 fovet.

161 2035 317 2092 locus
361 2046 610 2100 vocatur,
667 2050 781 2090 sive
822 2050 939 2100 ara,
995 2035 1109 2090 sive
1138 2034 1301 2097 aliud,
1356 2034 1410 2085 in
1441 2044 1548 2099 quo
1597 2028 1737 2098 ignis

159 2128 394 2184 fovetur.
422 2127 669 2183 Lucerna
694 2142 725 2181 a
749 2126 946 2199 lychno
974 2127 1117 2183 dicta
1147 2132 1250 2180 est.
1288 2122 1443 2180 Unde
1472 2128 1529 2176 et
1555 2119 1736 2179 brevis

158 2227 239 2275 est
258 2218 342 2284 lu,
368 2224 431 2273 ut
449 2217 668 2273 Persius
690 2234 703 2269 :

280 2315 541 2378 Disposite
562 2316 792 2378 pinguem
815 2314 1039 2365 nebulam
1060 2330 1293 2370 vomuere
1318 2318 1548 2372 lucernae.

155 2395 215 2453 Si
241 2397 393 2453 enim
421 2410 453 2451 a
478 2395 598 2451 luce
627 2396 920 2462 diceretur,
948 2413 1057 2453 non
1086 2408 1256 2456 staret
1292 2400 1500 2458 versus.
1558 2402 1736 2474 Lych-

157 2498 258 2541 nus
330 2494 509 2541 autem
573 2485 731 2554 quasi
778 2484 1011 2542 lucinius
1064 2506 1077 2541 :
1131 2498 1214 2544 est
1261 2492 1405 2544 enim
1462 2493 1735 2552 cicendela

156 2573 413 2631 lucernae.
484 2572 730 2629 Lucerna
782 2560 1059 2631 Ecclesiae.
1092 2576 1225 2633 ﬁdes
1270 2587 1390 2646 est,
1444 2580 1528 2636 vel
1574 2596 1737 2651 opera

151 2662 403 2735 iustitia.
442 2663 596 2721 Unde
629 2666 684 2719 in
715 2663 1296 2736 Salomone'scriptum
1323 2677 1408 2724 est
1435 2688 1448 2724 :
1483 2670 1735 2739 Propter-

156 2772 219 2811 ea
257 2773 367 2811 non
396 2757 754 2827 exstinguetur
781 2760 996 2810 lucerna
1025 2758 1155 2835 ’ejus
1188 2774 1280 2827 per
1321 2768 1483 2813 totam
1536 2770 1737 2817 noctem

159 2844 345 2915 (Prov.
391 2842 567 2915 xxxi).
619 2844 751 2900 Item
804 2844 1023 2899 lucerna
1057 2846 1324 2915 signiﬁcat
1367 2850 1736 2917 pr0pheticum

158 2948 472 2989 sermonem
516 2934 604 2988 vel
665 2935 1050 3005 praedicatores
1118 2936 1312 2991 divinae
1357 2930 1508 3009 legis.
1585 2938 1739 2996 Unde

156 3019 433 3092 Propheta
454 3023 532 3077 ait
561 3024 616 3077 in
635 3021 843 3092 psalmo
872 3042 885 3076 :
944 3022 1181 3079 Lucerna
1207 3027 1421 3095 pedibus
1472 3030 1599 3083 meis
1625 3046 1737 3084 ver—

159 3110 280 3165 bum
326 3120 496 3179 tuum,
533 3109 753 3167 Domine
781 3096 924 3184 '(Ps.
973 3114 1191 3187 cxvm).
1246 3116 1314 3171 Et
1352 3118 1407 3172 in
1453 3118 1741 3191 Evangelio

158 3200 225 3256 de
248 3200 465 3257 Joanne
512 3201 749 3271 Baptista
780 3204 1041 3273 scriptum
1069 3215 1187 3260 est:
1250 3206 1350 3261 Ille
1379 3220 1491 3263 erat
1520 3210 1734 3267 lucerna

156 3288 353 3341 ardens
380 3291 431 3341 et
480 3285 658 3341 lucens
690 3286 869 3357 (Joan.
898 3286 977 3360 v).
1021 3289 1416 3346 Candelabrum
1444 3310 1475 3348 a
1503 3297 1739 3354 candelis

158 3377 388 3445 dictum,
432 3379 589 3449 quasi
634 3377 1059 3446 candelaferum,
1092 3379 1234 3449 quod
1287 3384 1569 3439 candelam
1610 3386 1734 3442 fert.

155 3464 560 3528 Candelabrum
605 3479 785 3526 autem
826 3473 1051 3546 mystice
1082 3489 1293 3543 corpus
1332 3476 1589 3543 Domini,
1654 3480 1739 3535 vel

158 3570 411 3619 Sanctam
441 3556 758 3627 Ecclesiam,
787 3571 880 3617 aut
904 3563 1138 3618 divinam
1166 3565 1501 3635 Scripturam
1531 3570 1738 3641 signiﬁ-

155 3660 266 3708 cat.
303 3650 461 3708 Unde
486 3650 541 3706 in
565 3650 826 3707 Zacharia
854 3652 1050 3723 legitur
1072 3672 1084 3706 :
1119 3652 1242 3708 Vidi
1279 3673 1311 3708 a
1336 3656 1533 3711 dextris
1553 3654 1741 3715 altaris

156 3740 484 3795 candelabra
527 3741 632 3795 duo
678 3751 922 3812 argentea
971 3741 1155 3814 (Zach.
1201 3744 1295 3818 ιν).
1352 3741 1488 3802 Nam
1537 3759 1743 3819 septem

157 3828 400 3887 lucerna
424 3829 749 3888 candelabro
766 3834 1120 3904 superpositae
1142 3835 1223 3907 (ut
1241 3835 1297 3890 in
1319 3836 1504 3893 Exodo
1525 3836 1742 3912 legitur)

153 3918 496 3991 semiformis
538 3921 793 3978 Ecclesiae
834 3937 1232 3980 sacramentum
1273 3928 1327 3982 et
1358 3939 1561 3999 septem
1602 3931 1743 3987 dona

158 4009 403 4083 Spiritus
432 4013 609 4070 sancti
649 4013 974 4086 signiﬁcant.
1006 4015 1205 4073 Cereus
1228 4032 1328 4089 per
1354 4019 1743 4082 derivationem

154 4112 191 4153 a
218 4114 355 4156 cera
385 4116 588 4158 nomen
610 4101 795 4171 habet,
825 4117 895 4160 ex
923 4118 1031 4174 qua
1054 4104 1340 4177 formatur,
1386 4111 1451 4166 de
1478 4127 1585 4183 quo
1611 4115 1744 4170 dici-

156 4197 278 4247 ωτι

344 4324 844 4405 Hi2
865 4337 1104 4405 gestabo
1125 4351 1306 4405 cereus
1331 4343 1475 4405 ignes
1501 4360 1513 4396 :

416 4386 666 4441 Subducta
701 4392 829 4455 luce,
858 4386 1012 4449 altera
1036 4386 1385 4453 lu'xtibi'sun'ta.

1837 1920 1951 1975 Fax
1979 1920 2143 1983 dicta,
2191 1920 2331 1986 quod
2361 1917 2540 1973 foccos
2574 1917 2775 1973 faciat:
2812 1917 2965 1987 cujus
3008 1919 3410 1983 diminutivum,

1836 2010 2031 2066 facula.
2084 2009 2314 2063 Laterna
2366 2008 2491 2061 inde
2540 2016 2753 2072 vocata,
2803 2008 2946 2077 quod
2974 2009 3149 2062 lucem
3190 2008 3416 2062 interius

1838 2103 2037 2156 habeat
2088 2099 2350 2154 clausam.
2400 2098 2489 2151 Fit
2539 2098 2686 2152 enim
2722 2112 2785 2152 ex
2814 2093 2982 2163 'vitro,
3024 2096 3234 2153 recluso
3274 2097 3419 2152 intus

1835 2194 2077 2258 lumine,
2130 2200 2189 2245 ut
2233 2191 2379 2245 venti
2424 2189 2585 2244 ﬂatus
2634 2191 2783 2245 adire
2832 2204 2939 2243 non
2991 2190 3200 2259 possit,
3242 2178 3293 2242 et
3349 2187 3417 2242 ad

1832 2284 2178 2356 praebendum
2246 2282 2425 2337 lumen
2497 2281 2655 2337 facile
2720 2283 2921 2351 ubique
2975 2278 3413 2336 circumferatur.

1835 2374 1975 2445 Pyra
2022 2382 2123 2437 est,
2170 2387 2292 2441 quae
2336 2373 2390 2425 in
2440 2372 2657 2426 modum
2704 2386 2813 2425 arae
2856 2386 2924 2425 ex
2966 2371 3125 2441 lignis
3176 2369 3417 2426 construi

1838 2464 1994 2530 solet,
2042 2472 2104 2517 ut
2129 2464 2337 2527 ardeat.
2385 2462 2493 2517 Pur
2541 2462 2685 2517 enim
2714 2462 2854 2533 ignis
2883 2462 3098 2517 dicitur.
3154 2461 3259 2516 Sed
3287 2477 3420 2532 pyra

1838 2562 1922 2610 est
1946 2554 2213 2624 lignorum
2240 2553 2545 2623 congeries,
2592 2569 2716 2609 cum
2746 2554 2983 2609 nondum
3016 2545 3169 2607 ardet
3197 2568 3209 2605 :
3261 2566 3422 2621 rogus

1838 2651 1949 2707 est,
1975 2657 2096 2697 cum
2121 2642 2312 2697 ardere
2336 2642 2565 2712 coeperit
2596 2660 2609 2696 :
2638 2640 2854 2699 bustum
2876 2657 3004 2697 vero
3028 2641 3142 2711 jam
3172 2650 3419 2697 exustum

1839 2739 2080 2786 vocatur.
2126 2730 2335 2784 Pharus
2390 2740 2472 2784 est
2527 2731 2689 2785 turris
2740 2731 3011 2796 maxima,
3055 2746 3218 2800 quam
3268 2730 3421 2785 Grat-

1837 2823 1889 2878 ci
1915 2837 1979 2877 ac
2002 2822 2177 2875 Latini
2204 2836 2234 2874 a
2255 2822 2527 2875 communi
2561 2820 2728 2890 ipsius
2754 2821 2832 2875 rei
2860 2834 2957 2874 usu
2981 2820 3213 2890 pharum
3236 2817 3421 2889 appel-

1838 2914 2088 2968 laverunt
2111 2928 2177 2966 eo
2202 2914 2365 2981 quod
2410 2912 2750 2965 ﬂammarum
2801 2911 3001 2966 indicio
3027 2911 3183 2980 longe
3212 2924 3243 2963 a
3272 2909 3424 2964 navi-

1841 3005 2089 3074 gantibus
2135 3002 2421 3057 videatur:
2473 3003 2614 3057 sicut
2670 3016 2833 3071 supra
2882 3002 3147 3056 diximus:
3210 3000 3423 3070 qualem

1842 3093 2163 3149 Ptolommus
2196 3091 2360 3159 juxta
2393 3091 2772 3169 Alexandriam
2833 3092 3203 3147 construxisse
3246 3091 3422 3145 octin-

1766 3168 1813 3231 C
1844 3185 2019 3257 gentis
2069 3182 2287 3238 talentis
2331 3184 2592 3238 traditur.
2642 3181 2783 3239 Usus
2827 3184 2944 3254 ejus
2988 3193 3097 3251 est,
3152 3192 3418 3239 nocturno

1840 3276 2059 3331 navium
2116 3274 2299 3328 cursui
2362 3274 2511 3343 ignes
2574 3275 2860 3330 ostendere
2898 3276 2979 3330 'ad
3030 3276 3423 3345 pronuntianda

1840 3362 1978 3416 vada
2013 3370 2309 3432 portusque
2340 3361 2621 3426 introitus,
2662 3378 2730 3417 ne
2761 3363 2968 3433 decepti
3012 3364 3250 3419 tenebris
3276 3362 3428 3418 navi-

1818 3460 2030 3522 gantes
2056 3454 2110 3505 in
2136 3452 2384 3520 scopulos
2407 3452 2666 3507 incidant.
2702 3451 2834 3507 Nam
2868 3454 3191 3509 Alexandria
3223 3454 3425 3508 fallaci-

1838 3542 1941 3597 bus
1961 3542 2111 3597 vadis
2134 3542 2421 3597 insidiosos
2448 3550 2696 3599 abcessus
2715 3544 2896 3598 habet.
2919 3542 3056 3598 Hinc
3073 3557 3205 3614 ergo
3226 3544 3281 3598 in
3301 3558 3425 3614 por-

1840 3632 1986 3687 tibus
2012 3632 2291 3687 machinas
2322 3632 2390 3686 ad
2440 3633 2761 3701 prailucendi
2792 3633 3151 3712 ministerium
3178 3633 3411 3689 fabrica-

1842 3737 1928 3783 tas
1949 3729 2149 3798 pharos
2172 3726 2377 3781 dicunt.
2402 3725 2538 3781 Nam
2565 3728 2702 3797 phos
2724 3726 2838 3793 lux,
2862 3742 2989 3782 oros
3015 3727 3154 3781 visio
3184 3728 3380 3784 dicitur
3408 3747 3421 3783 :

1844 3818 1991 3872 unde
2017 3824 2073 3871 et
2097 3814 2291 3871 lucifer
2314 3814 2500 3872 Graece
2528 3816 2868 3887 pbosphoros
2893 3816 3206 3887 appellatur.

2481 3925 2705 3982 CAPUT
2739 3926 2827 3980 XI.

2371 3995 2450 4050 De
2479 3995 2625 4049 lectis
2648 4004 2696 4049 et
2725 3995 2892 4051 sellis.

1913 4086 2143 4142 Lectica:
2165 4101 2195 4140 a
2209 4085 2371 4140 lectis
2387 4085 2571 4139 herbis
2590 4093 2811 4140 vocatae.
2837 4084 3059 4142 Stratus
3083 4100 3115 4140 a
3136 4086 3424 4144 sternendo

1839 4179 2041 4244 dictus,
2087 4177 2242 4246 quasi
2271 4177 2547 4232 storiatus.
2595 4176 2653 4231 ln
2684 4178 2781 4232 his
2803 4177 2933 4233 solis
2979 4178 3187 4246 antiqui
3212 4179 3280 4233 ad
3300 4176 3426 4233 dor-

1841 4273 2115 4354 miendugn
2140 4272 2505 4336 accubabant,
2533 4271 2770 4326 nondum
2796 4272 2967 4329 laneis
3000 4273 3309 4328 stramentis
3339 4289 3426 4330 re-

1842 4363 2033 4432 pertis.
2062 4361 2263 4425 Storia,
2289 4361 2429 4430 quod
2458 4361 2527 4415 sit
2553 4372 2699 4417 terra
2732 4372 2923 4418 strata.
2954 4363 3119 4419 Carna
3138 4372 3221 4419 est
3244 4365 3424 4421 brevis

1847 4454 1904 4507 et
1946 4450 2096 4506 circa
2140 4460 2384 4506 terram:
2418 4450 2590 4507 Graaci
2622 4454 2765 4508 enim
2802 4456 2976 4510 camai
3010 4455 3172 4512 breve
3218 4458 3421 4513 dicunt.

764 4517 1249 4614 ad_ill“9'inandas
1290 4527 1542 4584 ῑθηθδτδε
1570 4532 1744 4587 noctis
1769 4501 1823 4562 Β
1847 4536 1923 4596 De
1956 4540 2111 4595 lectis
2136 4548 2191 4594 et
2229 4547 2401 4595 stratu
2436 4540 2707 4614 Pr0pheta
2730 4544 2784 4597 in
2816 4501 3183 4600 Psalteriovaivt
3209 4501 3421 4599 :25;

157 4601 502 4667 accenditur,
535 4603 806 4675 signiﬁcat
824 4609 1129 4667 doctrinam
1156 4615 1326 4673 fidelis
1350 4622 1737 4690 praedicatoris,

1846 4630 1909 4684 bo
1930 4645 2023 4698 per
2045 4628 2279 4699 singulas
2321 4639 2493 4683 noctes
2534 4630 2721 4684 lectum
2770 4648 2963 4697 meum,
3012 4633 3254 4704 lacrymis
3299 4635 3425 4689 meis

156 4690 583 4794 quae-illuminat
605 4696 822 4794 animas
840 4703 1019 4794 verbo
1066 4704 1161 4761 Dei
1192 4710 1474 4768 credentes
1517 4724 1572 4769 et
1616 4717 1743 4772 obe-
1843 4690 2065 4774 stratum
2092 4690 2261 4771 nicum
2288 4719 2467 4788 rigate
2496 4719 2668 4790 (Psat.
2718 4718 2815 4791 vi).
2866 4720 2925 4774 Si
2949 4690 3056 4776 hoc
3093 4690 3159 4777 ad
3185 4721 3420 4777 litteram

428 4783 561 4887 ne")
679 4802 804 4887 Per?
832 4792 1124 4887 iuppsalmo
1155 4801 1412 4870 scriptum
1438 4812 1527 4859 est
1552 4823 1565 4859 :
1596 4803 1742 4862 Sicut
1845 4808 1980 4865 velis
2007 4810 2274 4877 accipere,
2321 4780 2517 4865 merito
2554 4780 3016 4880 quidem'lectum,
3060 4826 3218 4880 quem
3243 4813 3418 4866 nocti-

154 4874 277 4971 ξιιξι
300 4891 435 4971 cent
461 4892 495 4930 Il
520 4877 656 4971 {acie
675 4880 833 4950 ignis,
869 4885 1204 4971 sicypcribunt
1230 4904 1525 4960 peccatores
1547 4914 1580 4950 a
1608 4898 1743 4967 facie
1846 4900 1949 4955 bus
1995 4874 2261 4969 polluerat
2283 4941 2297 4966 ,
2362 4874 2615 4971 lacrymis
2679 4902 2929 4957 abluebat
2965 4874 3124 4957 {sed
3179 4902 3419 4958 occurrit

157 4961 280 5029 Dei,
327 4973 383 5019 et
402 4965 540 5034 justi
590 4971 864 5039 epulantur
908 4970 1077 5045 (Psal.
1128 4978 1321 5052 van).
1386 4961 1647 5050 Quoniam
1696 4986 1753 5041 in

155 5053 370 5125 judicio
420 5055 516 5113 Dei
540 5073 573 5112 a
598 5059 739 5118 facie
784 5063 954 5134 ipsius
975 5067 1057 5123 sic
1098 5069 1407 5139 dispereunt
1425 5083 1752 5144 peccatores,

162 5146 628 5215 quemadmodum
650 5166 777 5207 cera
800 5159 1048 5225 proximo
1068 5159 1188 5230 igne
1205 5166 1561 5220 consumitur.
1580 5166 1750 5223 Laca-

162 5237 318 5293 naria
345 5239 639 5309 pendentia
665 5256 791 5299 sunt
816 5248 1019 5306 lumina
1048 5256 1202 5324 quasi
1228 5254 1521 5324 lucanaria,
1572 5260 1623 5313 id
1646 5268 1748 5324 est,

164 5327 223 5383 in
249 5343 383 5386 aere
406 5331 664 5389 lucentia.
709 5336 930 5395 Funalia
954 5343 1231 5413 dicuntur,
1262 5362 1380 5417 quae
1408 5349 1550 5405 intra
1571 5367 1751 5408 ceram

162 5432 317 5488 sunt,
346 5423 498 5480 dicta
526 5441 559 5481 a
584 5427 820 5498 funibus,
866 5446 1002 5502 quos
1030 5446 1158 5493 ante
1203 5455 1356 5494 usum
1385 5444 1572 5514 papyri
1624 5459 1749 5499 cera

158 5513 538 5574 cirwmdatos
600 5521 837 5579 habuere
910 5524 1143 5595 majores
1185 5546 1197 5583 :
1248 5532 1389 5587 unde
1448 5513 1503 5588 et
1558 5533 1750 5591 funera

168 5606 449 5695 dicantur.
517 5609 752 5683 Lampas
794 5613 1006 5672 ﬂamma
1052 5628 1137 5673 est
1189 5622 1241 5675 in
1295 5624 1497 5680 vertice
1541 5628 1747 5695 lucens,

159 5694 308 5755 dicta
338 5699 487 5771 quod
522 5700 755 5762 labentis
800 5716 1005 5765 motum
1029 5711 1320 5771 ostendere
1355 5717 1619 5778 videatur.
1674 5694 1749 5779 De

1853 4990 2182 5059 possibilitas
2242 4997 2302 5043 ut
2360 4998 2508 5045 tanta
2561 4991 2748 5046 fuisset
2806 4992 2963 5062 cOpia
3012 4992 3375 5064 lacrymarum
3406 5035 3419 5057 ,

1854 5094 1973 5151 qua:
1995 5096 2101 5135 non
2127 5081 2304 5135 solum
2324 5081 2537 5147 faciem,
2564 5084 2657 5137 sed
2684 5090 2738 5137 et
2764 5083 2960 5140 lectum
2993 5084 3187 5139 lavisse
3210 5084 3416 5140 dicere.

1856 5178 1961 5225 tur.
2016 5170 2359 5241 Quapropter
2406 5172 2598 5228 melius
2632 5174 2833 5229 lectum
2859 5175 3270 5230 delectationem
3302 5189 3409 5229 cor-

1850 5263 2002 5333 poris
2047 5262 2427 5332 intelligamus,
2470 5265 2525 5319 in
2558 5280 2686 5334 qua,
2748 5265 2893 5320 velut
2939 5267 2993 5320 in
3025 5266 3191 5321 cubili
3220 5275 3409 5319 nostro

1852 5356 2207 5409 marcescenti
2230 5356 2488 5426 voluptati
2529 5358 2832 5423 renitimur,
2874 5370 3036 5427 quam
3060 5363 3242 5428 potest
3260 5356 3422 5410 homo

1855 5446 2106 5518 lacrymis
2136 5450 2395 5517 quamvis
2439 5450 2628 5519 paucis
2660 5450 2862 5516 lavare,
2902 5451 2947 5505 si
2971 5464 3095 5506 eum
3142 5447 3420 5520 contingat

1854 5537 2060 5594 caelesti
2108 5538 2464 5609 inspiratione
2524 5539 2739 5596 deﬂere.
2800 5534 2989 5596 Cubile
3047 5548 3130 5596 est
3191 5537 3420 5595 cubandi

1855 5630 2022 5685 locus.
2075 5628 2368 5685 Grabatum
2413 5630 2655 5686 Graecum
2692 5642 2793 5686 est.
2836 5631 3088 5701 Bajnnola
3133 5637 3215 5683 est
3254 5628 3422 5683 lectus

1852 5726 1944 5796 qui
1974 5726 2028 5781 in
2073 5726 2265 5781 itinere
2292 5725 2573 5797 bajulatur,
2615 5741 2645 5781 a
2668 5724 2973 5797 baiulando,
3024 5724 3077 5780 id
3104 5734 3188 5781 est
3230 5724 3421 5799 depor-
