3918 6358
495 360 594 416 607

1168 373 1227 425 Β.
1272 373 1521 427 RABANI
1562 374 1781 432 MAURI
1819 372 2133 429 ARCIIIEP.
2175 373 2481 433 MOGUNT.
2522 373 2805 431 OPERUM
2841 374 3021 432 PARS
3053 376 3116 431 ll.

3652 382 3752 437 608

494 478 675 532 tando.
733 477 812 538 De
859 484 1021 540 cubili
1070 494 1248 540 autem
1299 486 1373 540 ita
1402 487 1459 540 in
1499 487 1759 556 psalterio
1805 488 2066 556 scriptum
2095 487 2366 556 Aquibus
2427 489 2664 557 peccatis
2714 489 2910 544 mortui
2957 490 3140 558 jacere
3187 491 3534 548 desiderant:
3613 494 3756 552 unde

491 574 574 618 est
618 585 631 620 :
666 567 730 622 In
771 571 1026 627 cubilibus
1067 577 1248 629 vestris
1291 579 1702 647 compuugimini
1749 577 1918 650 (Psal.
1964 578 2060 649 ιν).

490 651 748 711 Ferarum
807 659 1136 717 domicilium
1173 665 1390 733 proprie
1439 667 1613 720 cubile
1667 667 1864 722 dicitur
1903 661 1941 722 ῖι
1968 683 2066 723 cu-

487 749 685 806 bando.
732 752 1012 810 Ferociurn
1062 773 1189 828 ergo
1236 761 1591 830 cogitationes
1634 772 1755 833 apte
1802 764 1937 819 dixit
1965 780 2062 819 cu-

487 837 615 893 bilia
651 854 667 894 :
716 845 962 910 quamvis
989 846 1257 901 interdum
1295 857 1348 903 et
1396 849 1448 903 in
1495 851 1637 905 bono
1667 853 1887 906 abusive
1921 852 2067 923 lega-

489 935 579 982 tur
625 941 977 1003 assumptum,
1033 944 1090 990 ut
1118 939 1292 992 estde
1323 940 1567 995 sanctis:
1621 941 1965 996 Laztabuntur
2011 946 2066 997 in

487 1021 740 1078 cubilibus
762 1026 872 1078 suis
893 1025 1063 1096 (Psal.
1097 1031 1298 1100 chtx).
1334 1029 1469 1084 Nam
1495 1033 1638 1100 quod
1662 1034 1812 1098 dicit,
1843 1034 1896 1086 in
1923 1034 2065 1086 cubi-

485 1107 621 1165 libus
665 1115 842 1167 vestris
872 1119 1298 1187 compungimini,
1346 1122 1636 1189 signiﬁcat,
1691 1123 2063 1194 paenitentiam

486 1204 646 1274 agite.
717 1206 849 1261 Nam
902 1213 1314 1280 compunctione
1373 1216 1604 1284 quadam
1654 1218 1956 1272 animarum
2007 1218 2066 1270 ﬁt

484 1304 667 1363 Optata
721 1302 1036 1354 conversio:
1091 1319 1153 1357 ac
1208 1305 1252 1357 si
1283 1305 1526 1360 diceret:
1579 1307 1822 1362 Deserite
1866 1323 2066 1377 pravas

485 1387 838 1453 cogitationes
881 1401 1131 1458 vestras,
1183 1405 1472 1465 antequam
1530 1397 1736 1452 scelera
1786 1408 2066 1468 perpetre-

485 1477 575 1530 tis.
620 1476 917 1534 Grabatum
946 1484 1088 1538 enim
1121 1486 1389 1556 signiﬁcat
1421 1488 1790 1543 suﬁ'erentiam
1817 1491 2059 1544 charita-

485 1569 554 1623 tis
581 1568 852 1627 fratcrnze.
884 1573 1036 1628 Unde
1063 1580 1323 1646 scriptum
1352 1590 1436 1634 est
1463 1581 1515 1635 in
1554 1580 1863 1649 Evangelio,
1913 1583 2062 1650 quod

484 1659 744 1717 Dominus
773 1664 969 1720 dixerit
989 1668 1287 1740 paralytico
1313 1686 1342 1724 a
1370 1687 1427 1725 se
1457 1679 1648 1726 sanato
1673 1689 1686 1724 :
1721 1671 1908 1742 Surge,
1942 1671 2066 1727 tolle

482 1751 757 1820 grabatum
787 1763 955 1820 tuum,
989 1769 1037 1809 et
1059 1759 1269 1812 ambula
1299 1760 1512 1830 (Matth.
1545 1760 1644 1831 Ix),
1689 1762 1740 1816 id
1770 1771 1871 1828 est,
1900 1763 2065 1819 relin-

2169 591 2292 630 cum
2321 576 2579 630 Dominus
2600 576 2769 631 voluit
2788 577 3054 633 suscitare
3079 588 3373 648 mortuum,
3419 581 3585 652 jussit
3606 590 3760 643 stare

2167 663 2426 720 feretrum
2471 683 2484 718 :
2542 667 2668 736 quia
2717 668 2888 723 vetuit
2953 668 3321 726 adulationum
3387 673 3656 744 decipulis
3699 674 3760 734 in

2167 756 2404 825 peccatis
2443 755 2646 812 diutius
2688 760 2911 814 morari.
2970 757 3202 814 Scamna
3239 770 3397 828 sunt,
3437 779 3559 834 quae
3604 765 3760 824 lectis

2167 848 2450 904 altioribus
2495 859 2854 920 apponuntur,
2911 853 3053 907 dicta
3081 869 3111 908 a
3144 855 3494 911 scandendo:
3528 857 3661 914 hinc
3706 866 3764 914 et

2168 941 2402 997 scabella
2447 942 2600 998 lectis
2642 944 2822 1012 parvis
2866 945 2951 1000 vel
2993 945 3139 1002 sellis
3167 947 3234 1002 ad
3267 962 3554 1003 ascensum
3595 964 3763 1020 appo-

2167 1039 2386 1086 nuntur.
2432 1030 2737 1088 Scabellum
2779 1042 2960 1088 autem
2999 1043 3053 1089 et
3092 1037 3502 1107 suppedaneum
3533 1039 3755 1094 dicitur.

2167 1121 2301 1175 Nam
2341 1121 2512 1177 Graeci
2568 1125 2871 1194 upopodion
2917 1125 3144 1191 dicunt,
3191 1125 3367 1182 Latini
3426 1129 3760 1194 scabellum,

2168 1213 2255 1266 alii
2283 1214 2705 1281 suppcdaneum,
2749 1216 2892 1284 quod
2919 1217 3016 1270 sub
3049 1217 3279 1285 pedibus
3309 1218 3400 1272 sit.
3449 1217 3761 1274 Scahellum

2167 1301 2576 1356 humiliatorum
2636 1303 3031 1372 subjectionem
3093 1306 3400 1377 signiﬁcat,
3452 1316 3512 1362 ut
3562 1316 3649 1362 est
3701 1308 3758 1363 in

2165 1392 2415 1461 psalmo:
2456 1393 2633 1447 Donec
2681 1412 2872 1464 ponam
2901 1396 3138 1451 inimicos
3167 1407 3282 1452 tuos
3327 1398 3620 1452 scabellum
3666 1415 3758 1469 pe-

2166 1483 2290 1535 dum
2321 1492 2530 1536 tuorum
2561 1483 2734 1554 (Psal.
2759 1488 2891 1553 crx).
2919 1485 3088 1541 Sedes
3111 1487 3276 1551 dicta,
3308 1490 3570 1557 quoniam
3612 1486 3759 1558 apud

2169 1581 2384 1625 veteres
2414 1571 2690 1628 Romanos
2715 1589 2822 1627 non
2850 1583 2969 1628 erat
3017 1590 3148 1630 usus
3184 1578 3564 1640 accumbeudi,
3614 1576 3761 1630 unde

2167 1671 2221 1716 et
2243 1662 2534 1717 consedere
2569 1663 2920 1717 dicebantur:
2961 1674 3242 1734 promeret
3267 1664 3359 1737 (ut
3389 1666 3466 1720 ait
3494 1667 3674 1720 Varro
3693 1666 3761 1721 de

2168 1751 2290 1806 Vita
2337 1753 2519 1822 populi
2572 1754 2835 1826 Romani)
2882 1757 2984 1810 viri
3038 1757 3379 1812 discumbere
3449 1767 3758 1827 coeperunt,

483 1857 589 1910 que
629 1853 850 1912 ρροοηιει
898 1848 1148 1915 pristina,
1207 1851 1618 1914 necessitatibus
1666 1852 1894 1908 fratrum
1937 1838 2064 1910 suc-
2093 1830 2142 1891 B
2171 1843 2425 1899 mulieres
2451 1845 2638 1900 sedere
2665 1864 2677 1897 :
2706 1846 2831 1915 quia
2875 1848 3047 1916 turpis
3073 1847 3224 1901 visus
3253 1848 3308 1900 in
3333 1848 3566 1902 muliere
3595 1863 3762 1902 accu-

483 1947 682 1989 curre:
737 1946 791 1990 ct
819 1939 871 1991 in
901 1940 1168 1994 universis
1223 1957 1343 2011 quae
1395 1943 1527 2013 agis,
1560 1944 1704 2010 vide,
1756 1960 1822 1999 ne
1866 1945 1920 1999 in
1962 1946 2066 2002 hoc

485 2025 682 2079 saeculo
711 2037 948 2082 mentem
999 2030 1154 2100 ﬁgas,
1206 2033 1300 2086 sed
1328 2033 1397 2087 ad
1423 2034 1709 2089 videndam
1743 2035 1939 2090 faciem
1989 2038 2064 2091 tui

489 2113 713 2172 festines
744 2119 1154 2190 Redemptoris:
1179 2137 1358 2194 surge,
1395 2124 1537 2178 bona
1561 2127 1836 2195 operando
1865 2133 2066 2196 :‘porta

488 2206 770 2274 grabatum
823 2217 972 2264 tuum
998 2249 1013 2275 ,
1055 2211 1323 2280 diligendo
1369 2214 1711 2282 proximum:
1743 2223 1798 2270 et
1827 2217 2062 2281 ambula,

484 2301 849 2367 exspectando
871 2299 1085 2356 beatam
1113 2319 1260 2372 spem
1284 2311 1339 2358 et
1366 2305 1654 2359 adventum
1677 2306 1860 2373 gloriae
1883 2309 2064 2378 magni

486 2385 601 2441 Dei.
637 2388 769 2443 Nam
793 2389 948 2457 juxta
972 2384 1282 2463 allegoriam
1307 2396 1477 2450 lectus
1502 2405 1595 2450 aut
1623 2399 1864 2466 requiem
1897 2400 2066 2471 signi-

487 2477 612 2535 ﬁcat
672 2482 725 2535 in
770 2480 1026 2547 Christo,
1078 2492 1171 2537 aut
1214 2485 1683 2555 contemplativam
1730 2489 1917 2552 vitam,
1973 2499 2067 2544 aut

485 2570 855 2626 inﬁrmitatem
894 2590 1228 2644 corpoream,
1262 2586 1354 2631 aut
1381 2577 1548 2632 vitam
1597 2578 1927 2647 opulentam,
1973 2587 2067 2635 aut

485 2661 862 2718 haereticorum
912 2666 1280 2735 dec‘eptioncm
1308 2709 1322 2733 ,
1370 2678 1464 2724 aut
1493 2671 1893 2726 tribulationem
1939 2655 2066 2728 vitae

487 2748 698 2805 futurte.
749 2751 945 2808 Lectus
983 2757 1126 2810 enim
1155 2757 1408 2814 Ecclesiae
1463 2759 1676 2828 requies
1704 2769 1789 2815 est
1818 2762 1873 2815 in
1908 2761 2065 2816 Chri-

483 2847 590 2905 sto,
616 2849 674 2894 ut
696 2851 780 2896 est
809 2843 936 2898 illud
969 2845 1020 2898 in
1052 2845 1274 2901 Cantico
1305 2849 1636 2903 canticorum
1662 2867 1674 2902 :
1711 2849 1849 2904 Ecce
1874 2850 2062 2904 lectum

486 2928 786 2986 Salomonis
849 2934 1119 3002 sexaginta
1170 2935 1329 3003 fortes
1374 2937 1608 2991 ambiunt
1664 2934 1860 3009 (Cant.
1933 2941 2060 3011 ιιι).

487 3017 618 3072 [tem
645 3021 815 3076 lectus
848 3024 1061 3091 requies
1086 3026 1367 3094 spiritalis,
1399 3028 1502 3081 hoc
1527 3035 1627 3091 cst,
1679 3028 1790 3082 vita
1821 3038 2064 3084 contem-

484 3110 686 3180 plativa
738 3114 792 3167 in
846 3113 1170 3170 Salomone:
1224 3116 1290 3170 In
1338 3116 1526 3171 lectulo
1571 3135 1684 3171 meo
1730 3135 1822 3187 per
1863 3129 2062 3172 noctem

483 3203 698 3271 φείεείιή
723 3243 736 3268 ,
786 3220 936 3273 quem
961 3205 1225 3260 desiderat
1260 3207 1439 3261 anima
1486 3224 1602 3261 mea
1645 3207 1854 3277 (Ibid.).
1901 3208 1969 3261 Et
2008 3208 2061 3261 in

485 3290 802 3362 Evangelio:
836 3293 976 3348 Tunc
1001 3297 1104 3349 duo
1133 3308 1284 3351 erunt
1318 3299 1371 3351 in
1400 3297 1549 3364 lecto,
1579 3315 1716 3352 unus
1745 3308 2060 3365 assumetur,

483 3390 532 3435 et
585 3399 723 3437 unus
774 3383 1098 3454 relinquetur
1144 3386 1313 3457 (Luc.
1362 3388 1533 3460 xvu).
1588 3389 1824 3444 Rursum
1868 3389 2061 3456 lectus,

483 3471 720 3527 hominis
757 3489 976 3543 corpus,
1029 3476 1113 3530 vel
1166 3477 1454 3534 inﬁrmitas
1485 3481 1664 3533 carnis
1714 3480 1768 3533 in
1814 3480 2061 3548 psalmo:

487 3559 740 3618 Dominus
791 3581 936 3634 apem
985 3566 1120 3634 [erat
1159 3567 1238 3619 illi
1285 3585 1440 3637 super
1467 3568 1653 3622 lectum
1712 3566 1908 3624 doloris
1950 3572 2064 3640 ejus

484 3651 675 3724 (Psal.
717 3654 846 3727 XL
893 3657 960 3710 Et
1004 3658 1171 3712 alibi:
1224 3658 1430 3713 Lavabo
1477 3678 1567 3730 per
1613 3660 1846 3731 singulas
1893 3672 2064 3716 noctes

484 3744 672 3796 lectum
710 3761 881 3798 meum
917 3747 1088 3815 (Psal.
1113 3747 1210 3819 vr).
1243 3748 1439 3803 Lectus
1469 3751 1576 3804 vita
1607 3751 1890 3821 opulenta:
1921 3753 2065 3806 sicut

485 3833 539 3886 in
593 3832 758 3887 Amos
787 3849 886 3902 pro
930 3836 1184 3891 divitibus
1228 3838 1388 3908 hujus
1429 3840 1612 3894 seaculi
1664 3840 1899 3894 dicitur:
1953 3841 2058 3906 Qui

481 3922 719 3978 dormitis
764 3927 821 3979 in
865 3926 1010 3981 lectis
1055 3929 1294 3982 eburneis
1345 3931 1540 3998 (Amos
1592 3947 1644 3985 vr
1763 3931 1962 3988 Lectus
2010 3935 2062 3988 in

482 4013 724 4069 Ecclesia
763 4016 1139 4072 haereticorum
1179 4018 1444 4088 deceptio,
1480 4021 1544 4075 de
1576 4036 1682 4089 quo
1711 4021 1762 4075 in
1814 4021 2062 4079 Salomo-

484 4118 553 4158 ne
574 4105 832 4172 scriptum
857 4113 942 4159 est
964 4124 976 4158 :
996 4106 1211 4159 Interrui
1235 4108 1422 4162 lectum
1452 4127 1620 4162 meum
1644 4112 1853 4178 funibus
1877 4113 2059 4183 (Prov.

481 4196 603 4265 vn),
630 4197 734 4250 hoc
754 4205 859 4260 est,
889 4197 1118 4253 vinculis
1160 4209 1527 4267 peccatorum.
1584 4201 1785 4257 Lectus
1835 4205 2058 4260 tribula-

480 4290 556 4344 tio
600 4290 725 4344 vitre
770 4288 981 4343 futurae.
1031 4289 1168 4344 Hinc
1196 4291 1394 4346 dicitur
1423 4292 1476 4345 in
1510 4291 1832 4362 Apocalypsi
1865 4312 1877 4347 :
1923 4294 2063 4350 Ecce

480 4379 628 4433 mitto
666 4377 814 4432 illum
840 4378 894 4432 in
923 4379 1112 4432 lectum
1147 4396 1164 4432 :
1194 4391 1240 4433 et
1267 4381 1355 4450 qui
1384 4381 1672 4434 moechatur
1717 4399 1836 4434 cum
1875 4400 1956 4448 ea,
2006 4385 2063 4439 in

479 4484 671 4538 magna
702 4468 1032 4522 tribulatione
1074 4479 1223 4522 erunt
1254 4469 1438 4540 (Apoc.
1472 4471 1555 4541 ιι).
1608 4472 1862 4526 Pulvinar
1891 4473 2062 4530 lectus

481 4557 706 4614 divitum
736 4565 820 4611 est
845 4575 856 4610 :
888 4556 1013 4610 inde
1041 4566 1096 4610 et
1132 4557 1400 4626 pulvillus.
1440 4557 1703 4613 Pulvillus
1733 4561 1877 4614 enim
1903 4563 2061 4632 signi-

465 4646 605 4703 .ﬁcat
656 4646 1021 4716 deceptionem
1065 4648 1446 4714 adulatorum;
1489 4651 1630 4704 unde
1674 4650 1935 4719 scriptum
1979 4663 2060 4708 est

479 4744 535 4798 in
562 4741 865 4810 prepheta:
902 4739 994 4793 Va:
1023 4742 1184 4806 vobis,
1230 4742 1322 4811 qui
1346 4744 1623 4796 consuistis
1678 4742 1922 4812 pulvillos
1962 4745 2057 4797 sub

480 4833 621 4887 omni
649 4829 826 4883 cubitu
853 4846 1060 4894 manus,
1091 4840 1139 4884 et
1170 4833 1445 4887 cervicalia
1482 4834 1551 4887 ad
1582 4834 1786 4887 animas
1811 4833 2060 4903 diripien-

477 4924 574 4976 das
605 4920 821 4992 (Ezech.
845 4919 988 4990 xm).
1021 4918 1237 4989 Sponda
1268 4932 1451 4977 autem
1482 4923 1720 4977 exterior
1746 4939 1874 4993 pars
1903 4923 2053 4990 lecti,

478 5013 690 5082 pluteus
743 5015 983 5070 interior.
1036 5015 1284 5071 Geniales
1328 5015 1453 5071 lecti
1494 5015 1709 5084 proprie
1748 5024 1905 5082 sunt,
1969 5017 2063 5086 qui

479 5113 796 5160 sternuntur
821 5107 1010 5174 puellis
1057 5107 1379 5162 nubentibus
1408 5126 1419 5160 :
1459 5107 1588 5161 dicti
1629 5117 1808 5160 autem
1833 5122 1863 5160 a
1895 5122 2029 5178 gene

480 5197 667 5250 raudis
716 5196 920 5252 liberis.
986 5196 1258 5252 Cunabula
1312 5207 1437 5254 sunt
1493 5197 1711 5264 lectuli,
1764 5200 1817 5252 in
1867 5201 2061 5267 quibus

474 5283 711 5339 infantes
751 5285 936 5354 jacere
982 5298 1405 5353 consueverunt,
1467 5289 1642 5350 dicta,
1680 5288 1822 5356 quod
1883 5289 2058 5356 partui

479 5377 858 5444 adhibeantur,
901 5381 1053 5448 quasi
1080 5381 1361 5450 cynabula.
1399 5380 1531 5434 Nam
1573 5381 1730 5433 cuein
1766 5390 1846 5433 est
1873 5379 2057 5441 Graece

482 5469 646 5521 eniti:
680 5469 796 5524 hzec
844 5485 985 5539 saepe
1020 5471 1238 5525 abusive
1278 5486 1374 5539 pro
1422 5470 1689 5523 infantum
1721 5471 2055 5524 nutrimento

482 5565 778 5627 ponuntur.
827 5557 1110 5613 Feretrum
1130 5558 1327 5613 dicitur
1376 5573 1438 5612 eo
1489 5559 1630 5625 quod
1668 5557 1723 5610 in
1753 5573 1817 5611 co
1863 5559 2054 5611 mortui

482 5651 815 5706 deferantur.
850 5649 1083 5720 Quod_‘et
1103 5650 1214 5718 jam
1247 5649 1469 5720 mystice
1511 5648 1780 5717 signiﬁcat
1810 5647 2056 5700 adulato-

481 5761 601 5801 rum
630 5744 863 5799 favores.
913 5741 996 5796 vel
1022 5742 1192 5797 malas
1221 5740 1637 5797 consuetudines
1677 5739 1975 5805 hominum,
1999 5738 2055 5792 in

2085 4504 2139 4562 D

2167 1931 2330 1985 bitus.
2357 1932 2526 1986 Sedes
2545 1941 2724 1987 autem
2741 1935 2966 2003 mystice
2980 1934 3247 2004 signiﬁcat
3263 1935 3507 1990 habitum
3529 1950 3765 2006 regnan-

2168 2023 2388 2095 tislsive
2428 2024 2741 2093 judicantis.
2793 2024 2947 2081 Unde
2993 2011 3193 2082 dicitur
3221 2028 3274 2081 in
3305 2027 3552 2097 psalmo:
3596 2026 3762 2083 Sedes

2167 2121 2258 2165 tua
2297 2115 2354 2166 in
2378 2113 2632 2167 sceculum
2673 2113 2854 2169 surculi
2887 2114 3060 2186 (Psal.
3092 2115 3260 2186 χιιι)
3310 2123 3364 2168 et
3392 2117 3588 2172 iterum
3615 2133 3628 2168 :
3663 2113 3762 2171 Se-

2165 2202 2276 2265 des,
2328 2203 2521 2270 inquit,
2570 2221 2726 2272 super
2763 2206 3029 2268 thronum,
3080 2206 3171 2274 qui
3191 2206 3406 2272 judicas
3457 2199 3759 2274 (equitatem

2167 2288 2335 2361 (Psal.
2393 2292 2490 2362 rx).
2543 2291 2611 2346 Et
2639 2292 2693 2346 in
2740 2292 3031 2362 Evangelio
3077 2293 3335 2347 Dominus
3365 2293 3623 2362 apostolis
3651 2292 3760 2348 ait:

2164 2380 2404 2434 sedebitis
2426 2397 2581 2451 super
2601 2381 2768 2447 sedes,
2779 2381 3080 2451 judicantes
3103 2381 3378 2435 duodecim
3398 2381 3563 2436 tribus
3586 2378 3763 2435 Israel

2166 2469 2382 2542 (Matth.
2426 2471 2564 2542 xxx).
2596 2472 2880 2526 Cathedra:
2903 2473 3050 2526 enim
3099 2471 3258 2527 sedes
3294 2473 3572 2527 doctorum
3605 2477 3759 2536 sum,

2166 2572 2220 2617 et
2247 2563 2552 2634 signiﬁcant
2580 2563 2808 2633 mystice
2856 2564 3083 2620 docendi
3135 2572 3479 2633 potestatem,
3541 2570 3636 2616 aut
3663 2562 3761 2618 do-

2166 2653 2391 2707 ctrinam
2417 2651 2550 2723 legis
2577 2652 2767 2723 Moysi,
2816 2653 2930 2709 sive
2964 2653 3127 2708 etiam
3155 2653 3532 2708 haereticorum
3559 2650 3737 2707 doctri

2165 2757 2310 2796 nam.
2379 2740 2512 2794 Nam
2562 2741 2818 2796 cathedra
2867 2743 3111 2796 doctrina
3155 2741 3238 2795 vel
3281 2749 3524 2810 potestas
3570 2747 3658 2793 est
3699 2738 3760 2794 in

2163 2833 2421 2904 psalterio
2445 2851 2459 2887 :
2493 2833 2757 2887 Cathedra
2795 2835 3060 2887 seniorum
3083 2833 3261 2887 laudet
3284 2849 3400 2886 eum
3425 2829 3596 2902 (Psal.

2165 2925 2434 2979 Cathedra
2471 2925 2718 2979 doctrina
2743 2924 2878 2993 legis
2915 2923 3085 2994 Moysi
3117 2924 3172 2978 in
3198 2923 3491 2993 Evangelio
3519 2942 3532 2976 :
3581 2922 3761 2992 Super

2166 3015 2470 3069 cathedram
2531 3015 2702 3085 Moysi
2729 3015 2975 3070 sederunt
3023 3014 3207 3068 scriba:
3254 3023 3300 3068 et
3357 3014 3654 3067 sacerdotes
3708 3021 3759 3067 et

2168 3104 2429 3160 Pharisaei
2453 3105 2673 3177 (Matth.
2702 3105 2880 3177 nui).
2930 3105 3201 3160 Cathedra
3244 3103 3618 3159 haereticorum
3661 3102 3761 3158 do-

2170 3203 2367 3267 ctrina,
2394 3211 2455 3256 ut
2483 3202 2538 3255 in
2559 3201 2806 3271 psalmo:
2858 3200 2927 3254 Et
2951 3201 3007 3253 in
3039 3197 3288 3254 cathedra
3313 3196 3621 3268 pestilentiae
3648 3211 3758 3250 non

2169 3294 2300 3346 sedit
2330 3289 2505 3365 (Psal.
2537 3291 2599 3362 ι).
2633 3291 2834 3346 Sedere
2867 3291 3012 3344 enim
3036 3289 3235 3344 docere
3263 3295 3364 3342 est.
3421 3285 3647 3349 Solium,
3697 3281 3757 3338 in

2169 3399 2276 3452 quo
2325 3397 2483 3451 reges
2534 3382 2726 3436 sedent
2776 3390 2996 3451 propter
3036 3378 3306 3434 cautelam
3353 3374 3596 3445 corporis
3642 3372 3755 3438 sui,

2168 3473 2464 3526 secundum
2523 3471 2784 3540 quosdam
2845 3485 2874 3523 a
2927 3469 3140 3525 solidite
3206 3468 3410 3522 dictum
3453 3465 3608 3534 quasi
3657 3479 3753 3521 so-

2167 3567 2334 3621 dium.
2383 3565 2689 3621 Secundum
2739 3564 2874 3617 alios
2917 3577 3014 3631 per
3054 3561 3415 3624 antistichon,
3462 3557 3618 3626 quasi
3657 3569 3754 3611 so-

2166 3657 2336 3723 dium,
2391 3672 2421 3710 a
2448 3655 2721 3710 sedendo:
2760 3655 2900 3708 unde
2929 3661 2983 3706 et
3011 3651 3163 3716 sella,
3202 3651 3358 3721 quasi
3387 3649 3545 3712 seda,
3603 3647 3754 3703 dicta

2166 3756 2267 3811 est,
2313 3754 2366 3800 et
2406 3745 2676 3809 subsellia,
2721 3745 2876 3815 quasi
2931 3742 3198 3798 subsedia.
3247 3739 3450 3795 Solium
3499 3738 3644 3792 enim
3691 3735 3749 3791 in

2168 3837 2462 3906 Scripturis
2491 3837 2662 3891 sacris
2703 3835 2980 3904 regnantis
3008 3833 3252 3887 habitum
3276 3841 3331 3886 et
3359 3830 3554 3884 divina:
3581 3827 3753 3898 maje-

2166 3928 2320 3983 statis
2367 3926 2738 3981 excellentiam
2772 3925 2970 3994 signat.
3023 3922 3177 3978 Unde
3213 3920 3476 3975 Dominus
3505 3919 3560 3971 in
3606 3915 3750 3972 Isaia

2164 4027 2220 4074 et
2265 4018 2319 4072 in
2351 4016 2558 4072 Michea
2586 4016 2780 4084 legitur
2809 4015 3012 4070 sedisse
3058 4027 3220 4082 super
3247 4011 3440 4066 solium
3469 4007 3748 4064 excelsum

2164 4118 2220 4164 et
2264 4109 2531 4164 elevatum
2581 4108 2726 4180 (Isa.
2786 4106 2900 4177 vt).
2946 4105 3115 4159 Filius
3158 4104 3300 4159 enim
3345 4101 3442 4156 Dei
3486 4101 3750 4156 Dominus

2164 4207 2349 4254 noster
2396 4198 2553 4252 Jesus
2598 4198 2844 4252 Christus
2889 4197 2990 4251 hac
3038 4195 3308 4250 sententia
3359 4193 3414 4247 in
3465 4190 3748 4262 regnantis

2165 4287 2353 4342 habitu
2396 4287 2834 4348 demonstratur,
2877 4285 2969 4352 qui
3011 4290 3206 4352 regnat
3249 4281 3304 4334 in
3353 4288 3644 4345 aeternum,
3692 4284 3751 4332 et

2163 4379 2313 4433 sedet
2341 4392 2502 4445 super
2540 4375 2720 4429 sedem
2763 4383 3005 4428 sanctam
3050 4385 3224 4425 suam.
3274 4368 3541 4438 Tripodes
3569 4381 3719 4421 scam

2166 4467 2292 4521 uelli
2320 4473 2467 4530 sunt,
2518 4465 2780 4518 habentes
2820 4472 2929 4516 tres
2960 4459 3165 4530 pedes:
3210 4456 3305 4512 sed
3334 4465 3390 4511 et
3415 4455 3746 4512 candelabra

2167 4558 2375 4627 tripoda
2399 4565 2541 4621 sunt,
2573 4554 2698 4624 quia
2727 4551 2974 4608 similiter
2999 4559 3109 4604 tres
3130 4547 3336 4603 habent
3357 4547 3548 4617 pedes.

2759 4663 2987 4718 CAPUT
3030 4662 3143 4715 XII.

2759 4732 2835 4786 De
2878 4731 3144 4786 vehiculis.

2233 4824 2458 4880 Carrum
2490 4839 2520 4877 a
2570 4823 2789 4879 cardine
2827 4831 3070 4876 rotarum
3109 4819 3332 4883 dictum,
3377 4820 3522 4873 unde
3544 4830 3600 4874 et
3626 4834 3748 4874 cur-

2165 4931 2256 4968 rus
2299 4914 2446 4978 dicti,
2475 4911 2617 4982 quod
2645 4920 2790 4966 rotas
2825 4911 3026 4966 habere
3067 4909 3338 4965 videntur.
3392 4907 3532 4962 Rota
3561 4917 3746 4966 autem

2165 5005 2327 5069 dicta,
2345 5004 2487 5073 quod
2515 5012 2654 5065 ruat,
2680 5003 3037 5058 etrotundum
3062 5017 3090 5055 a
3116 5009 3232 5055 rota
3254 5005 3530 5054 vocatum.
3551 4997 3742 5053 Rheda

2165 5111 2330 5166 genus
2371 5093 2600 5148 vehiculi
2641 5102 2874 5163 quatuor
2910 5101 3188 5146 rotarum:
3221 5090 3319 5144 has
3358 5089 3570 5158 antiqui
3595 5096 3745 5142 retas

2163 5185 2429 5250 dicebant,
2473 5192 2692 5252 prepter
2715 5183 2858 5252 quod
2898 5180 3159 5235 haberent
3194 5185 3362 5232 rotas.
3405 5177 3741 5245 Carpentum

2160 5277 2520 5347 pompaticum
2543 5275 2771 5331 vehiculi
2801 5288 2991 5343 genus,
3036 5271 3188 5342 quasi
3209 5283 3427 5326 carrum
3474 5265 3745 5336 pompati-

2163 5382 2303 5420 cum.
2333 5365 2636 5419 Plaustrum
2659 5362 2962 5416 vehiculum
2983 5364 3207 5416 duarum
3232 5367 3495 5420 rotarum,
3543 5355 3744 5426 quibus

2163 5475 2328 5512 onera
2353 5458 2666 5512 deferuntur
2706 5473 2717 5504 :
2753 5465 2807 5508 et
2828 5443 3030 5509 dictum
3067 5452 3387 5522 plaustrum,
3419 5449 3548 5518 quia
3577 5445 3747 5501 volvi-

2166 5559 2287 5601 tur:
2326 5547 2477 5615 quasi
2516 5547 2723 5599 diceres
2759 5543 3060 5613 pilastrum.
3111 5541 3246 5594 Rota
3289 5546 3471 5592 autem
3501 5536 3742 5607 mystico

2163 5637 2545 5707 signiﬁcat‘aut
2576 5635 2780 5697 orbem,
2812 5640 2904 5684 aut
2931 5632 3094 5684 vitam
3108 5629 3437 5689 .humanam,
3468 5635 3565 5680 aut
3595 5623 3746 5678 voln-

2163 5730 2426 5785 bilitatem
2453 5727 2665 5791 animae,
2690 5734 2781 5779 aut
2807 5721 3212 5783 instabilitatem
3236 5721 3486 5774 humana:
3518 5712 3742 5770 mentis.
