3918 6334
133 408 235 469 609

1091 407 1180 463 DE
1219 401 1565 461 UNIVEBSO
1599 400 1779 457 LIBRI
1814 399 1977 454 XXII.
2022 431 2089 441 —
2125 400 2253 455 LIB.
2294 400 2461 456 XXII.

3283 400 3386 459 610

134 502 269 560 Nam
318 509 373 562 in
423 508 630 578 psalmo
678 506 935 573 scriptum
963 509 1083 556 est:
1142 497 1253 551 Vox
1293 496 1508 549 tonitrui
1537 496 1613 547 tui
1662 494 1716 545 in
1744 502 1796 560 Α
1820 492 2156 545 circumdato
2186 494 2335 546 exire
2364 493 2540 557 liceat,
2564 494 2853 549 observare
2878 505 3191 549 noscuntur.
3219 490 3391 553 Scalas

136 605 248 647 rota
273 596 447 666 (Psal.
474 594 676 663 Lxxw).
701 593 759 646 ln
786 600 902 646 rota
927 605 1075 660 ergo,
1108 588 1159 642 id
1182 597 1283 650 est,
1308 586 1359 639 in
1386 584 1586 638 mundo
1613 598 1716 636 vox

136 688 359 740 tonitrui
410 685 526 753 ejus
591 700 808 755 egressa
868 690 987 745 est,
1055 677 1271 747 quando
1336 674 1716 745 praedicatores

134 776 336 830 Christi
381 774 645 829 circulum
698 774 863 828 totius
912 769 1057 825 orbis
1106 767 1287 820 verbis
1338 762 1716 818 intonantib‘us

135 866 517 935 impleverunt.
581 865 636 919 In
682 861 965 917 Ezechiele
1012 866 1192 911 autem
1234 853 1608 923 multipliciter
1653 852 1719 906 de

136 957 273 1010 rotis
304 955 639 1025 disputatum
672 965 776 1016 est,
804 951 894 1004 ubi
924 948 1118 1024 legitur
1149 945 1367 1017 (Ezech.
1399 960 1440 1009 ι,
1464 942 1541 1016 x),
1572 941 1718 1012 quod

136 1046 477 1115 apparuisset
515 1044 667 1113 juxta
692 1039 942 1094 animalia
990 1046 1107 1092 rota
1146 1049 1251 1088 una
1282 1047 1445 1103 super
1492 1041 1715 1096 terram,

135 1143 337 1205 etpost
386 1136 605 1189 modum
652 1134 718 1187 de
772 1139 999 1202 quatuor
1047 1128 1180 1183 rotis
1221 1133 1428 1191 narrat,
1491 1139 1719 1194 quarum

136 1233 390 1293 aspectus
420 1232 539 1279 erat
568 1231 620 1277 et
648 1236 832 1292 opera,
860 1220 1014 1289 quasi
1045 1218 1116 1272 sit
1140 1224 1257 1271 rota
1282 1216 1337 1270 in
1362 1214 1540 1269 medio
1565 1221 1716 1268 rotae.

137 1312 196 1369 Si
228 1314 351 1383 quis
382 1320 554 1368 rotam
584 1326 908 1380 cursumque
935 1308 1240 1365 considerat
1266 1316 1526 1376 tempore,
1568 1305 1718 1359 vide-

135 1406 217 1461 bit
249 1407 527 1461 “mundum
572 1422 692 1461 esse
720 1404 1047 1475 completum
1094 1412 1347 1456 sermone
1397 1397 1717 1469 apostolico.

139 1496 277 1551 Rota
310 1511 523 1573 quoque
570 1497 625 1549 in
678 1504 797 1550 rota
848 1494 934 1549 vel
980 1494 1210 1547 duorum
1251 1489 1507 1558 iunctura
1535 1485 1723 1540 Testa-

136 1594 447 1640 mentorum
474 1594 577 1651 est,
606 1588 748 1656 quod
769 1585 970 1640 indicat
998 1583 1139 1638 scala
1169 1577 1498 1651 Jacob(Gen.
1525 1575 1722 1645 xxvut)

138 1684 193 1730 et
228 1674 443 1744 forceps
488 1676 639 1735 Isaiae
685 1675 818 1747 (Isa.
858 1674 967 1745 vr),
1021 1682 1076 1727 et
1128 1672 1332 1742 gladius
1382 1670 1466 1724 his
1512 1676 1722 1733 acutus,

138 1766 224 1820 vel
272 1767 597 1838 Evangelica
627 1767 727 1821 sibi
775 1766 1125 1829 cohaerentia,
1179 1777 1404 1833 quorum
1435 1775 1626 1816 cursus
1672 1767 1728 1813 et

1820 590 1946 635 sunt
1968 591 2279 637 sanctorum
2303 584 2593 652 profectus,
2624 597 2685 639 ut
2711 586 2765 639 in
2795 584 2987 639 Genesi
3018 586 3211 655 legitur
3250 605 3262 639 :
3302 587 3394 643 Vi-

1819 672 1993 742 ditque
2020 673 2183 727 Jacob
2222 675 2277 727 in
2300 677 2513 729 somniis
2540 677 2738 729 scalam
2761 687 2982 731 stantem
3002 696 3157 745 super
3179 690 3395 749 terram,

1818 771 1867 814 et
1896 778 2141 816 cacumen
2168 762 2311 816 illius
2340 774 2555 833 tangens
2585 767 2767 819 caelum
2797 768 2947 838 (Gen.
2972 770 3186 838 xxvm).
3211 769 3400 839 Scopa:

1820 867 1963 906 curae
1990 861 2117 908 sunt
2150 855 2536 922 superstitiosae
2564 872 2661 925 per
2698 874 2890 913 vanam
2930 861 3177 931 gloriam,
3214 871 3271 916 ut
3316 873 3400 917 est

1820 942 1950 997 illud
1972 943 2339 1014 evangelicum
2367 960 2380 999 :
2421 944 2492 997 Et
2517 948 2724 1000 veniens
2746 949 2935 1003 invenit
2960 951 3173 1004 domum
3214 969 3402 1006 vacan-

1822 1042 1944 1099 tem,
1994 1037 2162 1105 scopis
2216 1036 2524 1090 mandatam
2553 1046 2599 1090 et
2632 1049 2873 1092 ornatam
2910 1041 3061 1110 (Luc.
3114 1044 3211 1112 χι).
3250 1044 3316 1097 Ει
3346 1045 3405 1099 in

1821 1124 1981 1179 aliam
2005 1134 2238 1195 partem,
2268 1135 2329 1181 ut
2359 1128 2414 1182 in
2439 1127 2613 1183 Isaia:
2655 1127 2724 1181 Et
2763 1130 2983 1197 scopabo
3047 1148 3164 1184 eum
3223 1150 3404 1203 scopa,

1821 1225 1989 1269 terens
2025 1215 2160 1288 (Isa.
2211 1215 2346 1289 xw),
2389 1217 2443 1272 id
2489 1226 2594 1282 est,
2634 1217 3002 1273 satisfactione
3051 1222 3403 1289 poenitentiae.

1890 1306 2129 1361 Forfices
2159 1308 2453 1363 secundum
2477 1310 2855 1380 etymologiam
2884 1312 2981 1365 sia
3012 1312 3102 1366 filo
3131 1315 3404 1380 dicuntur,

1822 1396 1849 1465 f
1864 1397 2103 1465 ponitur,
2129 1406 2189 1451 ut
2218 1396 2451 1464 forfices,
2483 1414 2602 1467 quae
2632 1410 2757 1453 sunt
2793 1409 3065 1455 sartormn
3101 1404 3181 1456 :si
3213 1420 3242 1457 a
3274 1404 3403 1472 pilo,

1821 1504 1854 1557 p
1883 1495 1941 1540 ut
1970 1486 2221 1556 forpices,
2248 1504 2367 1558 quae
2388 1498 2514 1542 sunt
2536 1498 2835 1555 tonsorum,
2859 1492 2905 1544 si
2930 1493 2996 1547 ab
3023 1494 3357 1562 accipiendo,
3380 1511 3408 1548 c

1824 1585 1885 1631 ut
1911 1576 2161 1646 forcipes,
2190 1592 2255 1631 eo
2280 1578 2423 1646 quod
2462 1576 2697 1634 formum
2721 1580 2955 1649 capiunt,
3010 1597 3128 1651 quze
3171 1592 3296 1638 sunt
3330 1584 3410 1638 fa-

1824 1667 2066 1723 brorum.
2124 1668 2382 1723 Formum
2412 1670 2557 1724 enim
2600 1670 2848 1726 dixerunt
2878 1674 3086 1741 antiqui
3129 1674 3359 1729 calidum
3394 1691 3407 1726 :

1827 1758 1968 1812 unde
2018 1767 2073 1812 et
2101 1759 2387 1814 formosus.
2430 1759 2699 1816 Novacula
2734 1771 2819 1821 est
2848 1762 2901 1815 in
2936 1764 3170 1832 quadam
3203 1766 3413 1819 subtili-

140 1866 352 1914 statura
383 1860 553 1913 tendit
580 1858 648 1912 ad
677 1856 872 1912 caelum
920 1855 1103 1927 (Apoc.
1132 1854 1194 1923 ι).
1252 1854 1329 1906 De
1379 1852 1638 1920 plaustris
1669 1850 1720 1902 in
1751 1848 1799 1907 B
1828 1857 1935 1903 tate
1987 1859 2194 1905 tensum
2245 1852 2407 1907 latius
2450 1851 2659 1907 ferrum
2706 1856 2962 1910 radendis
3011 1857 3136 1926 pilis
3167 1858 3414 1913 acutissi-

138 1949 340 2006 Genesi
362 1951 622 2020 scriptum
649 1956 733 2004 est
754 1946 905 2018 (Gen.
934 1945 1081 2017 xcv),
1118 1945 1260 2015 quod
1286 1943 1496 1997 miserit
1513 1942 1727 1996 Pharao

138 2055 239 2111 per
270 2040 467 2110 Ioseph
493 2040 795 2110 plaustrum
826 2038 893 2092 ad
921 2035 1329 2091 subvehendum
1349 2047 1535 2087 senem
1561 2030 1730 2086 Jacob

138 2141 197 2188 et
232 2131 485 2202 parvulos
508 2132 625 2199 ejus
660 2148 673 2182 :
704 2131 759 2183 in
785 2144 892 2199 quo
921 2128 1167 2198 signatur
1197 2124 1390 2179 solatia
1421 2130 1729 2192 opportuna

136 2221 440 2294 przebuisse
488 2220 735 2274 doctores
763 2217 995 2272 infirmis
1045 2214 1401 2275 auditoribus,
1460 2227 1567 2281 quo
1598 2209 1733 2265 faci-

138 2309 248 2364 lius
307 2308 514 2378 possint
546 2307 652 2360 iter
703 2306 987 2374 praisentis
1020 2303 1143 2357 vita:
1188 2300 1441 2355 transire.
1495 2299 1631 2352 Item
1676 2298 1733 2352 in

138 2398 312 2454 Amos
340 2398 603 2469 propheta
629 2396 827 2467 legitur
856 2394 1142 2449 Dominum
1188 2391 1427 2447 dixisse:
1462 2388 1598 2442 Ecce
1639 2402 1732 2457 ego

140 2487 371 2542 stridebo
412 2502 569 2557 super
589 2501 698 2551 vos,
748 2484 883 2537 sicut
928 2481 1109 2534 stridet
1143 2478 1439 2549 plaustrum
1488 2487 1733 2531 onustum

142 2577 292 2647 feno,
330 2585 377 2630 et
416 2574 599 2645 peribit
625 2575 752 2643 fuga
780 2590 813 2625 a
840 2570 1029 2637 veloce,
1088 2579 1194 2625 etc.
1252 2569 1450 2640 (Amos,
1507 2571 1590 2638 ιι).
1634 2565 1735 2621 Ubi

141 2669 590 2729 demonstratur,
650 2663 938 2717 Dominum
1003 2659 1262 2728 conqueri
1329 2672 1387 2712 se
1446 2666 1730 2726 gravatum

141 2770 271 2812 esse
320 2755 613 2811 sceleribus
640 2752 967 2817 Judaeorum,
1018 2766 1117 2819 pro
1145 2748 1343 2819 quibus
1366 2729 1446 2802 eis
1490 2746 1735 2801 velocem

143 2847 362 2902 induxit
399 2846 710 2901 vindictam.
758 2842 892 2898 Item
936 2851 1069 2898 rota:
1098 2842 1375 2905 circuitus,
1428 2840 1552 2893 vita:
1594 2853 1735 2908 prae-

144 2939 321 2995 sentis
341 2938 493 2993 labor
518 2938 572 2992 in
601 2935 890 2991 Salomone
916 2953 927 2988 :
957 2934 1028 2987 Et
1053 2933 1419 3001 confringatur
1443 2939 1557 2982 rota
1579 2945 1730 2993 super

144 3030 452 3093 cisternam,
494 3036 541 3081 et
566 3041 773 3079 rursum
796 3041 954 3095 pones
988 3040 1073 3077 eos
1114 3032 1166 3075 ut
1193 3031 1361 3074 rotam
1387 3018 1585 3091 (Eccle.
1612 3018 1735 3088 xu).

749 3132 977 3188 CAPUT
1016 3131 1149 3185 XIII.

448 3224 527 3278 De
555 3222 788 3294 reliquis,
820 3238 936 3293 qua:
959 3222 1014 3274 in
1042 3238 1140 3275 usu
1171 3221 1448 3273 habentur.

205 3315 442 3371 Baculus
458 3331 487 3369 a
502 3314 715 3369 Baccho
728 3322 1005 3383 repertore
1024 3312 1149 3365 vitis
1166 3310 1337 3366 fertur
1350 3311 1618 3375 inventus,
1636 3326 1742 3379 quo

145 3407 400 3462 homines
422 3407 556 3459 moti
589 3404 715 3459 vino
743 3404 1074 3459 niterentur:
1106 3403 1244 3456 sicut
1279 3409 1461 3456 autem
1480 3402 1743 3457 aBaccho

146 3496 403 3561 baculus,
429 3496 500 3549 ita
521 3510 552 3547 a
574 3493 767 3548 baculo
788 3492 1040 3547 bacillum
1066 3506 1163 3560 per
1190 3490 1619 3545 diminutionem.
1643 3490 1745 3545 Ba-

150 3586 315 3642 culus
337 3593 518 3640 autem
544 3583 992 3639 sustentationem
1007 3581 1393 3636 imbecillitatis
1408 3581 1655 3635 humana:
1673 3582 1744 3635 si-

146 3677 396 3751 miﬁcat.
419 3676 573 3731 Unde
585 3675 846 3745 propheta
864 3674 931 3727 ad
946 3672 1231 3726 Dominum
1258 3671 1361 3724 ait:
1390 3670 1551 3741 Virga
1566 3682 1679 3736 tua,
1696 3680 1743 3724 et

150 3767 380 3823 baculus
397 3766 652 3833 tuus,illa
666 3782 747 3819 me
766 3764 1035 3818 consolata
1048 3772 1188 3816 sunt.
1217 3761 1387 3835 (Psal.
1405 3764 1563 3833 xxn).
1580 3763 1746 3833 Virga

148 3863 305 3917 enim
321 3861 561 3931 pertinet
587 3858 653 3913 ad
662 3857 932 3929 justitiam
956 3854 1394 3911 etfortitudinem
1406 3854 1621 3909 Domini
1645 3854 1748 3909 sal-

149 3949 383 4012 vatoris,
408 3948 550 4002 sicut
573 3948 629 4001 in
649 3946 858 4016 psalmo
877 3945 1101 3999 dicitur:
1127 3942 1287 4011 Virga
1301 3944 1583 4013 tequitatis,
1600 3944 1746 4011 virga

151 4040 308 4110 regni
323 4039 398 4091 tui
421 4038 723 4109 (Psamv).
742 4035 975 4090 Baculus
1002 4036 1070 4090 ad
1096 4034 1423 4102 adjutorium
1450 4034 1746 4086 humanum

153 4133 407 4202 respicit,
450 4146 558 4200 quo
594 4138 648 4184 et
669 4144 763 4199 pes
792 4136 947 4189 caute
975 4127 1316 4197 deligitur,et
1340 4132 1511 4178 totum
1551 4138 1749 4192 corpus

153 4224 210 4277 in
250 4223 387 4276 sude
412 4218 999 4290 superincumbentium
1033 4217 1350 4270 sustinetur.
1378 4212 1489 4267 Hoc
1512 4213 1595 4266 usi
1625 4218 1751 4266 sunt

152 4313 510 4384 patriarchae,
537 4322 596 4366 ut
617 4312 921 4367 dicitJacob
944 4329 956 4363 :
978 4311 1041 4363 In
1069 4308 1251 4362 baculo
1268 4325 1379 4361 meo
1406 4306 1751 4361 transiviJor—

153 4405 356 4459 danem
406 4404 564 4456 istum
602 4398 753 4472 (Gen.
798 4402 993 4471 xxx").
1032 4400 1163 4454 Item
1202 4400 1254 4451 in
1293 4398 1474 4452 Exodo
1523 4397 1600 4450 ait
1648 4396 1751 4449 Do—

155 4496 351 4552 minus
377 4494 503 4548 liliis
527 4492 693 4549 Israel
721 4510 733 4545 :
766 4491 935 4545 Renes
964 4500 1156 4543 vestros
1182 4490 1482 4558 accingetis,
1510 4498 1555 4542 et
1581 4499 1752 4541 tenen-

152 4586 473 4643 tesbaculos
517 4588 573 4636 in
606 4584 845 4637 manibus
899 4583 1173 4635 comedetis
1215 4581 1516 4649 festinantes
1550 4580 1745 4651 (Exod.

151 4680 287 4751 xu).
326 4677 522 4732 V'cctes
566 4675 719 4738 dicti,
772 4675 915 4743 quod
970 4673 1218 4726 manibus
1268 4679 1568 4735 vcctentur,
1610 4671 1751 4725 unde

153 4770 305 4827 ostia
346 4782 587 4836 saxaque
617 4764 938 4820 evelluntur.
971 4764 1165 4817 Veetes
1199 4764 1342 4816 enim
1374 4763 1660 4831 aliquando
1682 4762 1753 4815 si-

155 4859 430 4932 gnificant
461 4866 677 4911 sanctos
698 4856 967 4919 doctores,
1001 4854 1194 4922 quibus
1217 4852 1371 4921 juxta
1416 4852 1753 4906 constitutio-

157 4968 291 5007 nem
323 4950 558 5005 divinam
607 4948 901 5001 vehebatur
949 4959 1073 4998 arca
1123 4942 1397 5007 Ecclesiae,
1428 4942 1541 4996 sive
1566 4956 1750 4995 mensa

155 5042 407 5105 Domini,
428 5049 488 5094 ut
516 5040 568 5092 in
600 5039 783 5092 Exodo
814 5037 1073 5104 scriptum
1104 5044 1205 5087 est.
1252 5033 1386 5087 Item
1428 5041 1609 5087 vectes
1650 5031 1751 5085 ali-

158 5132 387 5202 quando
417 5129 724 5201 significant
751 5128 982 5183 claustra
1021 5127 1177 5179 fortia
1208 5124 1427 5189 inferni,
1470 5124 1583 5178 sive
1630 5137 1753 5192 pec-

160 5234 405 5288 catores,
444 5236 579 5292 quos
606 5222 866 5275 Dominus
897 5219 1093 5288 legitur
1121 5216 1469 5285 confregisse,
1498 5214 1650 5283 juxta
1691 5212 1754 5266 il-

161 5316 257 5371 lud
284 5332 300 5368 :
334 5315 526 5369 Portus
559 5328 731 5367 teneas
758 5311 1019 5374 contrivit,
1050 5319 1098 5363 et
1121 5316 1285 5362 vectes
1316 5305 1511 5375 ferreos
1551 5304 1755 5373 confre-

161 5411 261 5480 git.
288 5406 461 5477 (Psal.
492 5404 621 5474 ενι).
651 5404 825 5458 Ροιιερ
852 5409 977 5456 sunt
998 5415 1178 5465 mirere,
1216 5397 1495 5452 hominum
1525 5409 1752 5448 consue—

165 5501 386 5555 tudines
417 5500 645 5563 vitiosm,
674 5512 793 5565 qua:
819 5509 915 5548 nos
942 5494 1015 5547 ita
1038 5493 1090 5547 in
1115 5500 1460 5561 peccatorum
1487 5487 1641 5540 atriis
1673 5501 1756 5539 re-

165 5590 411 5652 cludunt,
463 5598 524 5642 ut
574 5585 805 5643 exeundi
854 5594 1124 5652 nequeant
1173 5582 1413 5651 prtebere
1458 5575 1751 5631 licentiam.

168 5680 369 5734 \‘ectes
391 5689 570 5734 autem
598 5679 805 5733 ferreos
819 5675 1040 5744 spiritus
1062 5671 1363 5726 immundos
1384 5684 1491 5722 non
1515 5666 1759 5733 improbe

171 5771 419 5825 videmur
469 5770 740 5837 accipere,
788 5768 877 5837 qui
924 5765 1042 5819 illas
1069 5763 1263 5832 januas
1292 5768 1659 5830 peccatorum,
1689 5770 1755 5808 ne

1832 1956 1978 1995 mum
2022 1951 2402 2010 praeparatum,
2449 1944 2595 2011 quod
2624 1944 2748 1998 licet
2794 1946 2978 2000 barbae
3013 1956 3252 2016 segetem
3295 1964 3413 2003 me-

1832 2038 1913 2085 tat
1961 2032 2314 2101 impressum,
2378 2031 2618 2100 corporis
2673 2040 2853 2086 tamen
2908 2034 3267 2090 substantiam
3332 2051 3418 2091 re-

1830 2122 2024 2192 linquit
2055 2122 2298 2177 illaesam.
2330 2124 2390 2177 In
2417 2124 2679 2179 novacula
2714 2140 2929 2195 quoque
2977 2125 3126 2183 fraus
3170 2138 3225 2183 et
3264 2128 3420 2185 dolus

1832 2214 2152 2269 Antichristi
2172 2216 2512 2283 exprimitur.
2548 2216 2699 2272 Unde
2723 2218 2777 2271 in
2799 2218 3007 2287 psalmo
3026 2220 3285 2290 scriptum
3300 2229 3416 2276 est:

1834 2303 2163 2373 Injustitiam
2187 2305 2429 2374 cogitavit
2450 2306 2629 2375 lingua
2662 2315 2774 2371 tua,
2802 2310 2936 2361 sicut
2962 2309 3218 2363 novacula
3240 2321 3418 2376 acuta,

1837 2392 2007 2461 fecisti
2031 2393 2211 2447 dolum
2238 2392 2411 2464 (Psal.
2437 2394 2534 2465 LI).
2564 2394 2964 2451 Convenienter
2984 2413 3115 2469 ergo
3139 2399 3423 2457 saevissimi

1837 2486 2071 2541 hominis
2093 2486 2275 2541 dolum
2303 2495 2472 2542 acutae
2494 2488 2772 2543 novaculae
2784 2492 3141 2560 comparavit,
3169 2494 3293 2562 quia
3312 2494 3423 2549 sic-

1838 2587 1897 2632 ut
1937 2577 2026 2631 illa
2070 2578 2349 2633 hominem
2402 2594 2511 2634 non
2548 2580 2713 2645 laedit,
2773 2581 2847 2637 ita
2886 2597 2987 2649 nec
3039 2583 3142 2638 iste
3187 2585 3424 2639 animam

1833 2666 1968 2736 justi
2026 2668 2127 2723 sub
2172 2670 2365 2738 quavis
2410 2668 2699 2725 aﬂlictione
2738 2672 3002 2740 percellit.
3056 2673 3241 2729 Potest
3277 2675 3424 2730 enim

1842 2761 2034 2815 radere
2105 2761 2288 2815 omnia
2318 2801 2333 2826 ,
2396 2776 2517 2831 quae
2580 2772 2706 2817 sunt
2771 2764 3074 2819 forinsecus
3142 2766 3425 2834 attributa,

1839 2848 1994 2918 quasi
2048 2849 2187 2917 pilos
2231 2866 2243 2903 :
2290 2850 2385 2904 sed
2423 2852 2616 2905 animae
2654 2852 2868 2907 interna
2906 2866 3036 2909 tunc
3059 2856 3231 2927 magis
3267 2854 3428 2911 eﬂicit

1841 2939 2172 3008 pulchriora,
2212 2941 2429 3009 quando
2465 2941 2516 2996 ei
2546 2941 2739 2995 nititur
2777 2943 2994 2999 auferre
3015 2946 3309 3000 mundana.

1914 3028 2094 3084 Clavis
2120 3030 2285 3097 dicta,
2314 3032 2458 3101 quod
2495 3031 2709 3087 claudat
2739 3041 2794 3087 et
2821 3035 3047 3103 aperiat.
3081 3034 3426 3104 Catenatum,

1845 3120 1989 3189 quod
2016 3122 2280 3191 capiendo
2305 3131 2505 3178 teneat.
2541 3123 2717 3178 Clavis
2743 3125 2888 3178 enim
2934 3128 3160 3195 mystice
3195 3128 3429 3199 adaper-

1766 3181 1815 3244 c
1851 3214 2050 3267 tionem
2079 3214 2339 3283 spiritalis
2365 3229 2555 3268 sensus
2578 3214 2865 3284 significat.
2910 3181 3063 3271 Unde
3092 3181 3349 3274 Domintis
3374 3221 3432 3275 in

1846 3306 2139 3373 Evangelio
2165 3307 2232 3360 ad
2259 3306 2599 3376 legisperitos
2620 3306 2697 3359 ait
2720 3323 2732 3358 :
2757 3306 3037 3375 Accepistis
3060 3307 3253 3362 clavem
3268 3310 3433 3364 scien-

1846 3398 1953 3461 tiw,
1980 3406 2026 3449 et
2043 3397 2141 3466 ipsi
2177 3413 2281 3450 non
2316 3398 2591 3461 introistis,
2625 3406 2673 3449 et
2696 3412 2802 3460 eos,
2828 3397 2916 3465 qui
2942 3398 3230 3462 intrabant,
3254 3400 3434 3469 prohi-

1847 3489 2031 3541 buistis
2055 3487 2207 3559 (Luc.
2238 3486 2337 3559 χι).
2362 3488 2430 3541 Et
2461 3489 2534 3541 ita
2568 3487 2997 3553 clavisjustitite,
3030 3488 3433 3555 misericordiae,

1844 3579 2173 3648 pietatisque
2201 3580 2427 3634 virtutes
2451 3580 2696 3649 designat
2724 3578 2777 3631 in
2803 3578 3119 3648 Evangelio,
3144 3580 3232 3633 ubi
3253 3578 3434 3632 Domi-

1846 3684 1948 3723 nus
1972 3668 2135 3723 Pett'o
2159 3669 2236 3723 ait
2266 3688 2278 3722 :
2308 3667 2421 3721 Tibi
2447 3668 2581 3721 dabo
2604 3666 2771 3720 claves
2796 3668 2938 3734 regni
2954 3666 3201 3719 ctelorum
3216 3665 3433 3735 (Matth.

1847 3762 1983 3832 xvr).
2025 3760 2159 3815 Item
2203 3759 2403 3823 claves,
2446 3766 2617 3812 acutze
2667 3762 2979 3810 sanctorum
3023 3757 3437 3826 praedicationes

1849 3853 2013 3907 corda
2067 3850 2345 3905 hominum
2412 3848 2807 3918 transfigentcs,
2870 3855 2929 3899 ut
2990 3846 3044 3900 in
3108 3847 3434 3902 Salomone:

1863 3938 2027 3994 Verba
2054 3938 2386 4007 sapientium,
2422 3946 2476 3989 ut
2505 3935 2725 3997 stimuli,
2758 3945 2805 3987 et
2836 3935 2985 4004 quasi
3016 3935 3149 3988 clavi
3174 3938 3230 3988 in
3270 3935 3437 3989 altum

1849 4030 2007 4097 deﬁxi
2056 4027 2255 4100 (Eccle.
2287 4030 2407 4097 xu).
2434 4026 2611 4079 Clavis
2640 4022 2891 4086 cnim,‘ut
2916 4024 3168 4090 diximus,
3204 4025 3439 4094 apertio-

1851 4136 1975 4176 nem
1992 4128 2304 4175 sanctarum
2330 4118 2756 4186 Scripturarum,
2781 4114 2863 4168 vel
2890 4122 3211 4182 potestatem
3238 4114 3439 4183 ligandi

1852 4222 2013 4283 atque
2038 4212 2299 4274 solvendi,
2329 4225 2420 4265 seu
2446 4210 2535 4277 jus
2575 4206 2949 4261 introdueendi
2986 4206 3053 4258 ad
3093 4207 3281 4270 vitam,
3327 4207 3439 4261 sive

1852 4301 2136 4371 dejiciendi
2159 4302 2227 4354 ad
2255 4309 2508 4359 mortem,
2540 4296 2683 4348 sicut
2708 4307 2805 4359 per
2841 4292 3035 4345 Isaiam
3063 4293 3129 4345 de
3159 4291 3439 4347 Salvatore

1854 4393 2053 4448 dicitur
2091 4408 2102 4442 :
2137 4388 2283 4441 Dabo
2308 4386 2503 4439 clavem
2540 4384 2725 4435 domus
2775 4381 2942 4433 David
2986 4396 3142 4448 super
3193 4380 3436 4434 humero.

1855 4486 1990 4554 ejus,
2019 4491 2065 4534 et
2099 4480 2311 4549 aperiet,
2345 4485 2391 4530 et
2422 4492 2523 4528 non
2552 4484 2625 4525 est
2653 4473 2740 4541 qui
2768 4471 2981 4524 claudat
3015 4468 3148 4540 (Isa.
3176 4471 3336 4541 xxu).
3376 4471 3443 4527 Et

1855 4578 1908 4630 in
1924 4572 2242 4643 Apocalypsi
2268 4588 2279 4621 :
2304 4568 2483 4620 [Iubeo
2503 4567 2672 4619 claves
2694 4565 2873 4617 mortis
2893 4572 2938 4616 et
2959 4562 3151 4630 inferni
3168 4563 3352 4633 (Apoc.
3377 4564 3439 4635 1).

1854 4662 2163 4731 llorologia,
2188 4660 2328 4727 quod
2346 4658 2414 4711 ibi
2438 4657 2599 4709 horas
2622 4655 2883 4724 legamus,
2912 4654 2965 4707 id
2986 4652 3442 4723 est,colligamus.

1855 4758 1949 4811 Est
1973 4755 2115 4810 enim
2140 4754 2191 4805 in
2219 4750 2429 4804 solariis
2471 4748 2727 4815 positum,
2768 4746 2859 4798 ubi
2892 4761 2920 4798 a
2949 4744 3103 4799 clavo
3143 4760 3240 4814 per
3276 4745 3446 4799 lineas

1857 4846 2029 4903 currit
2055 4843 2264 4905 umbra,
2290 4848 2348 4893 ut
2379 4854 2756 4907 quamcunque
2798 4839 2904 4892 diei
2939 4839 3125 4891 horam
3170 4836 3439 4892 ostendat.

2429 4952 2655 5007 (ZAPLT
2693 4951 2828 5005 XIV.

2295 5023 2372 5077 De
2400 5024 2754 5076 instrumentis
2782 5022 2991 5075 rusticis

1931 5124 2186 5176 Aratrum
2216 5119 2282 5171 ab
2306 5118 2509 5171 arando
2530 5124 2729 5169 terram
2754 5122 3027 5175 vocatum,
3044 5111 3199 5181 quasi
3227 5120 3441 5164 arater-

1866 5218 2022 5271 rium.
2070 5215 2266 5267 V'omer
2295 5211 2487 5273 dictus,
2522 5208 2666 5278 quod
2690 5208 2744 5261 vi
2782 5207 3008 5260 humum
3038 5210 3213 5267 eruat,
3240 5215 3337 5255 seu
3375 5199 3444 5255 ab

1863 5308 2160 5364 evomendo
2191 5314 2411 5359 terram.
2439 5302 2513 5356 De
2545 5314 2654 5369 quo
2681 5296 2964 5352 Lucretius
2989 5311 3003 5344 :

2743 5388 2901 5437 Uncus
2925 5388 3076 5435 aratri

1985 5463 2201 5512 Ferreus
2215 5455 2408 5508 occulte
2428 5454 2669 5503 decrescit
2700 5462 2869 5499 vomer
2903 5449 2950 5495 in
2974 5448 3119 5496 arvis.

1867 5564 2149 5629 Sumitun
2184 5570 2280 5623 per
2319 5550 2645 5604 detrimenta
2682 5545 2961 5613 fulgorem.
3007 5540 3257 5605 Ligones,
3297 5534 3442 5604 quod

1868 5627 2288 5712 terramlcvent,
2308 5644 2462 5715 quasi
2492 5644 2726 5694 levones.
2758 5638 3009 5689 Aratrum
3038 5633 3181 5685 enim
3214 5627 3440 5697 mystice

1868 5748 2133 5819 significat
2161 5758 2294 5811 opus
2317 5734 2715 5809 praedicationis
2744 5726 3083 5798 evangelicm,
3114 5724 3167 5776 in
3195 5720 3301 5790 quo
3326 5716 3439 5773 cul-
