3918 6360
468 408 596 484 su

773 408 850 465 .B.
890 402 1143 463 RABANI
1181 401 1399 459 MAURI
1434 397 1718 457 OPERUM
1753 392 1937 452 PARS
1971 392 2035 447 II.
2076 389 2165 453 DE
2203 388 2550 466 UNIVEBSO
2585 388 2769 444 LIBRI
2805 389 2947 447 XXII
2984 422 3055 433 —-
3090 391 3218 449 LIB.
3260 392 3426 450 XXII.

3632 390 3741 449 819

498 536 587 584 tus
617 526 732 598 agri
753 514 1018 580 Dominici
1047 527 1349 583 exercetur,
1378 516 1453 570 ita
1473 522 1535 568 ut
1553 526 1771 568 vomere
1797 508 1950 564 verbi
1975 507 2061 563 di-
2089 509 2143 569 Α
2168 502 2298 598 (.Ier.
2332 502 2428 598 ιι).
2460 502 2676 569 Acervi,
2709 502 2950 598 collectio
2981 502 3232 598 fidelium;
3247 505 3315 560 ad
3342 518 3527 598 aream

489 615 608 676 vini
626 616 987 687 exstirpentur
1008 610 1136 665 vitia
1156 608 1337 675 simui,
1359 615 1415 662 et
1433 603 1945 662 eradicenturnoxia
1972 602 2064 657 de-

496 707 717 772 sideria,
741 705 922 774 sicque
939 710 1270 773 praeparetur
1282 709 1424 754 terra
1441 698 1686 755 cardium
1706 695 2066 761 humanarum

500 801 571 855 ad
598 797 908 870 accipienda
939 796 1143 851 semina
1167 794 1447 859 virtutum.
1480 789 1587 845 Sed
1624 788 1892 844 studiosus
1918 785 2067 855 quis-.-

494 903 618 960 que,
642 895 889 943 aratrum
913 883 1153 956 spiritale
1180 891 1387 947 tenens,
1413 881 1481 936 ad
1501 879 1767 936 anteriora
1792 876 2067 931 attendere

495 980 675 1043 debet,
702 986 762 1032 ut
785 978 945 1032 faciat
970 967 1175 1030 sulcum
1194 980 1423 1037 rectum,
1448 980 1501 1026 et
1526 985 1635 1025 non
1654 973 1927 1032 avertatur
1948 972 2064 1019 tra-

493 1071 626 1127 mite
646 1069 906 1125 veritatis.
926 1067 1077 1123 Unde
1097 1066 1356 1121 Dominus
1370 1064 1445 1118 ait
1468 1063 1521 1117 in
1538 1058 1828 1131 Evangelia
1854 1072 1868 1111 :
1894 1056 2064 1111 Nemo

492 1166 699 1221 mittens
737 1176 950 1217 mnum
971 1158 1124 1219 suam
1154 1159 1208 1211 in
1232 1165 1489 1219 aratrum,
1518 1162 1565 1207 et
1591 1152 1865 1221 respiciens
1903 1156 2063 1214 retro,

492 1262 643 1323 aptus
660 1261 734 1305 est
758 1267 913 1320 regno
934 1250 1032 1302 Dei
1055 1246 1204 1319 (Luc.
1231 1244 1328 1317 ix).
1352 1242 1605 1298 Vomeres
1617 1240 1759 1295 enim
1781 1249 1836 1326 et
1858 1237 2069 1309 ligones

492 1343 749 1400 exercitia
779 1339 1220 1410 praedicationum
1252 1343 1399 1399 sunt,
1423 1333 1564 1387 unde
1590 1331 1855 1401 propheta
1880 1328 1945 1382 de
1971 1328 2064 1382 do.

492 1432 730 1487 ctaribus
767 1430 842 1482 ait
867 1444 882 1482 :
906 1425 1219 1496 Conﬂahunt
1254 1424 1456 1494 gladios
1491 1438 1612 1475 suos
1642 1422 1697 1473 in
1735 1434 1982 1482 vomeres,
2014 1426 2064 1471 et

489 1519 699 1575 lanceas
727 1534 851 1577 suos
886 1517 943 1571 in
976 1515 1137 1586 falces
1172 1513 1306 1585 ('Isa.
1336 1513 1420 1583 rt).
1453 1511 1711 1571 Similiter
1733 1518 1790 1564 et
1822 1509 2065 1566 sarculos

490 1608 633 1664 idem
649 1608 934 1679 significat,
951 1613 1009 1660 ut
1029 1618 1188 1674 supra
1199 1602 1260 1656 in
1280 1602 1420 1657 Isaia
1438 1618 1454 1653 :
1472 1592 1683 1667 Omnes,
1708 1602 1901 1670 inquit,
1914 1617 2063 1654 mon-

489 1706 565 1751 tes
590 1698 678 1766 qui
703 1697 763 1749 in
777 1692 983 1757 sarculo
1000 1694 1291 1747 sarrientur
1316 1690 1452 1762 (Isa.
1482 1690 1599 1761 vn).
1621 1690 1790 1746 Arare
1812 1691 1977 1755 enim,
2000 1698 2062 1745 ut

486 1785 741 1850 diximus,
760 1784 846 1838 vel
869 1783 1072 1847 fodere,
1102 1781 1497 1851 praedicationis
1519 1791 1597 1836 est
1623 1795 1758 1848 opus
1779 1794 2057 1836 exercere.

2166 596 2278 661 site,
2307 594 2419 649 sive
2448 602 2754 650 sanctorum
2779 595 3085 665 praedicatio
3112 596 3379 664 perfecta;
3404 594 3544 651 sicut
3567 591 3742 649 inJob

2167 689 2233 744 de
2270 688 2537 743 haereticis
2578 689 2774 744 dicitur
2805 707 2817 742 :
2849 687 2999 743 Inter
3032 705 3240 744 acervos
3268 704 3447 743 eorum
3474 683 3744 743 meridiati

2164 790 2285 834 sunt
2316 777 2458 849 (Job.
2492 778 2662 850 niv).
2698 780 2977 843 Triticum,
3001 781 3169 834 sancti
3190 779 3277 834 vel
3301 780 3453 835 electi
3484 780 3537 834 in
3560 778 3744 833 Evan-

2167 869 2333 941 gelia:
2351 868 2422 922 Et
2444 869 2771 939 congregabit
2792 870 3023 923 triticum
3045 869 3099 934 in
3122 870 3365 923 horreum
3389 869 3607 940 (Matth.
3628 865 3738 939 ιιι).

2166 960 2518 1018 Frumentum
2560 973 2755 1028 corpus
2805 958 3027 1027 Christi,
3071 962 3155 1017 vel
3192 961 3533 1032 evangelicus
3560 975 3742 1016 sermo

2167 1052 2221 1108 in
2250 1052 2458 1122 psalmo
2484 1050 2713 1106 :Cibavit
2729 1068 2816 1106 eos
2830 1068 2894 1105 ea:
2913 1053 3064 1123 adipe
3084 1054 3331 1124 frumenti
3344 1050 3517 1124 (Psal.
3546 1051 3738 1120 Lux).

2166 1141 2405 1197 Granum
2433 1142 2708 1207 frumenti,
2744 1140 2995 1197 Christus
3022 1144 3076 1197 in
3106 1144 3393 1214 Evangelia
3423 1160 3437 1196 :
3469 1141 3591 1195 Nisi
3618 1156 3743 1211 gra-

2166 1251 2288 1289 num
2306 1234 2554 1303 frumenti
2578 1234 2767 1287 cadens
2787 1234 2845 1288 in
2865 1243 3056 1288 terram
3076 1246 3341 1289 mortuum
3364 1234 3543 1303 fuerit,
3567 1234 3744 1301 ipsum

2165 1323 2333 1377 solum
2359 1333 2533 1377 manet
2559 1310 2739 1395 (Ioan.
2782 1324 2901 1394 ιιι).
2932 1323 3303 1389 Frumentum,
3341 1320 3759 1392 praedicationis

2165 1428 2344 1470 sermo
2368 1415 2423 1470 in
2453 1415 2767 1470 Salomone:
2797 1413 2900 1480 Qui
2928 1415 3247 1469 abscondunt
3270 1414 3555 1483 frumenta,
3577 1411 3745 1465 male-

2165 1495 2473 1556 dicentur'in
2493 1502 2698 1573 populis
2718 1502 2898 1574 (Prov.
2931 1501 3031 1573 ιι).
3060 1501 3322 1556 Horreum
3338 1515 3563 1571 regnum
3578 1498 3744 1554 C(elo—

2163 1608 2284 1647 rum
2314 1594 2368 1647 in
2408 1594 2699 1665 Evangelia
2730 1612 2742 1648 :
2776 1591 3120 1664 Congreqabit
3158 1594 3388 1647 triticum
3414 1592 3470 1644 in
3496 1592 3741 1644 horreum

2163 1699 2316 1737 suum
2354 1680 2568 1754 (Matth.
2621 1684 2726 1755 ιιι).
2767 1682 3005 1749 Prelum,
3041 1683 3218 1739 trabes
3256 1697 3364 1752 quo
3390 1697 3496 1736 uva
3534 1679 3741 1734 calcata

2163 1773 2459 1842 premitur,
2490 1788 2520 1828 a
2548 1774 2844 1843 premendo
2872 1783 3120 1828 vocatum
3143 1813 3157 1837 ,
3194 1772 3347 1843 quasi
3382 1770 3737 1841 pressorium.

488 1868 643 1930 Unde
661 1871 952 1942 agricultor
976 1870 1105 1925 dicit
1140 1871 1195 1923 in
1220 1866 1510 1938 Evangelia
1543 1886 1563 1931 ε,
1590 1868 1833 1934 Domine,
1859 1868 2059 1922 dimitte
2084 1851 2138 1913 Β
2160 1861 2395 1937 Prelum,
2428 1878 2534 1932 quo
2561 1864 2826 1932 premitur
2858 1862 3058 1918 oleum.
3103 1862 3297 1939 Lacus,
3334 1876 3442 1931 quo
3473 1860 3743 1930 liquatum

484 1958 699 2016 illam“
721 1962 819 2014 hoc
833 1975 992 2025 anno,
1006 1974 1167 2028 usque
1185 1957 1310 2011 dum
1326 1956 1527 2025 fodiam
1541 1957 1680 2009 circa
1696 1955 1864 2020 illam,
1878 1966 1926 2010 et
1942 1957 2061 2009 mit-

484 2052 593 2107 m
613 2059 847 2105 stercora
862 2048 1012 2120 (Lua.
1034 2047 1177 2120 xm).
1201 2047 1268 2101 Et
1286 2049 1341 2103 in
1367 2047 1781 2103 Denteronomio
1799 2047 2060 2115 scriptum

483 2149 568 2197 est
602 2157 617 2194 :
644 2138 766 2194 Non
809 2129 985 2194 orabis
1008 2138 1063 2194 in
1094 2138 1217 2190 bove
1242 2135 1400 2191 simul
1427 2145 1477 2189 et
1508 2136 1655 2189 asino
1685 2134 1863 2204 (Deut.
1895 2133 2053 2206 nu).

482 2231 619 2288 Huic
639 2232 757 2288 loco
780 2228 1045 2287 sententia
1070 2228 1161 2283 illa
1191 2228 1256 2283 de
1283 2227 1422 2282 libro
1448 2226 1550 2282 Job
1572 2227 1823 2296 congruit
1848 2244 1864 2279 :
1893 2226 2056 2279 Boves

480 2321 731 2387 orabant,
753 2331 803 2375 et
827 2322 991 2374 asina
1026 2316 1370 2388 pascebantur
1409 2315 1551 2385 (Job.
1579 2314 1642 2387 ι).
1686 2314 1896 2369 Nomen
1930 2328 2059 2383 ergo

479 2410 736 2467 stercoris
767 2408 948 2478 plures
976 2399 1392 2473 significatitines
1430 2403 1610 2456 habet.
1660 2402 1798 2454 Nam
1834 2410 2057 2455 stercus

479 2509 604 2555 sunt
651 2497 916 2557 sacriﬁcia
969 2494 1297 2551 «Iudaeorum.
1351 2493 1501 2549 Unde
1544 2494 1599 2548 in
1626 2491 1764 2548 Isaia
1792 2492 2055 2562 scriptum

478 2598 564 2649 est
589 2608 602 2643 :
643 2587 810 2647 Facta
848 2597 966 2645 sunt
986 2587 1262 2641 morticina
1283 2601 1462 2639 eorum
1485 2584 1619 2638 sicut
1643 2591 1843 2638 stercus
1872 2583 1927 2634 in
1952 2597 2058 2635 ines-

478 2679 566 2738 dio
589 2678 880 2748 platearum
927 2675 1061 2745 (lsa.
1090 2674 1168 2745 v).
1195 2674 1332 2730 Item
1363 2682 1572 2730 stercus
1597 2673 1901 2737 recordatio
1924 2687 2054 2741 pec-

479 2775 744 2832 ceterum.
779 2764 1211 2834 delinquentibus
1239 2763 1308 2819 ad
1333 2763 1568 2821 radicem
1585 2763 1765 2819 cordis
1788 2761 2050 2831 apposita.

474 2853 616 2919 Eine
648 2856 845 2915 dicitur
875 2855 928 2911 in
965 2853 1293 2923 Evangelia:
1334 2850 1510 2922 Usque
1526 2852 1655 2908 dum
1682 2851 1880 2920 fodiam
1913 2853 2053 2908 circa

475 2948 710 3015 illam,ct
729 2949 934 3004 mittam
951 2955 1177 3009 stercora
1206 2943 1357 3016 (Luc.
1395 2940 1537 3014 nu).
1569 2940 1815 3007 Stercus,
1844 2942 2054 3010 peccati

475 3040 711 3104 luxuria,
740 3039 805 3095 de
829 3051 936 3105 quo
962 3035 1154 3104 legitur
1202 3048 1217 3087 :
1256 3033 1695 3103 Computruerunt
1713 3031 1954 3100 jumenta
1996 3030 2053 3082 in

474 3138 699 3185 stercore
719 3144 812 3185 suo
844 3126 1002 3197 (Joel.
1037 3125 1098 3196 ι).
1127 3123 1349 3179 Stercus
1381 3123 1643 3189 hominis,
1666 3123 1800 3177 odor
1820 3121 2051 3178 deterri-

474 3230 597 3279 mus
633 3225 979 3286 peccatorum
1014 3213 1323 3282 :siquidem
1359 3224 1518 3267 omne
1563 3218 1843 3278 peccatum
1878 3210 2050 3264 fetens

473 3315 586 3373 est;
620 3306 748 3361 hinc
769 3312 851 3359 est
879 3304 947 3359 ad
974 3302 1315 3359 Ezechielem
1346 3318 1359 3354 :
1401 3301 1468 3354 Et
1495 3311 1714 3365 stercus,
1742 3300 1880 3370 quod
1904 3316 2049 3369 egre-

474 3398 645 3457 dietur
666 3397 729 3450 de
751 3396 973 3458 homine,
1003 3394 1208 3463 operias
1226 3394 1282 3446 in
1307 3383 1473 3446 oculis
1495 3407 1675 3446 eorum
1702 3389 1919 3461 (Ezech.
1950 3391 2046 3461 ιν).

474 3486 686 3547 Cultelli
709 3500 739 3539 a
765 3485 976 3541 cultura
1012 3482 1141 3540 dicti
1175 3481 1409 3551 ecquod
1452 3496 1519 3536 ex
1556 3480 1687 3550 ipsis
1715 3480 2049 3549 putationem

473 3584 683 3636 veteres
706 3576 761 3632 in
791 3574 1013 3636 arbores
1043 3581 1100 3627 et
1128 3572 1265 3629 vites
1298 3571 1590 3639 faciebant,
1609 3572 1922 3641 priusquam
1950 3568 2050 3625 fal-

474 3674 565 3728 cs‘s
588 3674 774 3723 essent
804 3672 1049 3734 repertae.

542 3756 677 3811 Falx
713 3764 817 3821 est,
838 3741 944 3825 qua
979 3755 1199 3809 arbores
1220 3762 1476 3822 putantur
1498 3760 1554 3813 et
1574 3754 1731 3809 vites.
1766 3751 1929 3809 Dicta?
1952 3766 2048 3811 au-

475 3855 583 3906 tem
604 3845 771 3902 falces
789 3885 808 3911 ,
832 3845 973 3913 quod
1011 3844 1095 3899 his
1128 3844 1360 3913 primum
1382 3843 1580 3897 milites
1608 3842 1831 3898 herbam
1855 3840 2047 3909 ﬁlicem

474 3935 722 3995 solebant
740 3935 1080 4000 abscindere,
1108 3935 1249 3989 unde
1273 3940 1356 3989 est
1381 3933 1511 3987 illud
1544 3952 1556 3985 :

595 4048 700 4098 Pas
726 4058 806 4096 me
828 4052 963 4095 certa
982 4045 1122 4094 ducis
1140 4043 1353 4105 placidos
1373 4044 1593 4093 curvavit
1615 4045 1663 4093 in
1686 4055 1817 4094 usus.

658 4107 896 4168 Agricola:
918 4118 1043 4158 nunc
1063 4118 1188 4166 sum,
1211 4105 1373 4154 militis
1393 4112 1506 4154 ante
1530 4104 1611 4153 fui.

472 4203 812 4266 Falcastrum
838 4224 868 4261 a
896 4206 1243 4261 similitudine
1267 4204 1421 4260 falcis
1441 4212 1712 4271 vocatum,
1745 4212 1828 4260 est
1863 4212 2043 4260 autem

472 4294 859 4353 ferramentum
889 4310 1110 4349 curvum
1145 4310 1266 4355 cum
1302 4295 1585 4353 manubrio
1612 4295 1793 4364 longo,
1825 4295 1893 4350 ad
1918 4295 2055 4350 dena

473 4391 691 4448 sitatem
708 4391 951 4459 veprium
981 4388 1377 4443 succidendam.
1415 4388 1483 4442 Hi
1503 4399 1559 4444 et
1596 4406 1862 4446 runcones
1886 4392 2041 4458 dicti,

2136 1950 2421 2031 profluat,
2448 1960 2504 2006 et
2532 1967 2637 2021 quo
2666 1952 2737 2006 ab
2764 1952 2885 2009 uvis
2919 1952 3007 2008 vel
3032 1951 3188 2007 olivis
3219 1950 3519 2022 torquendo
3558 1950 3741 2007 oleum

2160 2042 2453 2112 vinumque
2481 2043 2735 2113 exigitur.

2757 2130 2984 2190 CAPUT
3018 2130 3136 2190 XV.

2556 2221 2635 2276 De
2654 2222 3013 2275 instrumentis
3037 2222 3326 2275 hortorum.

2229 2313 2385 2376 Rata,
2413 2312 2557 2382 quod
2587 2313 2747 2381 quasi
2776 2305 2897 2365 ruat
2928 2328 2942 2365 :
2973 2319 3056 2366 est
3084 2312 3230 2368 enim
3260 2310 3513 2367 machina
3536 2311 3603 2366 de
3627 2322 3742 2381 qua

2159 2416 2191 2456 e
2208 2401 2428 2456 ﬂumine
2447 2417 2585 2472 aqua
2613 2402 2933 2457 extrahitur.
2957 2401 3278 2460 Lucretius:

2286 2505 2342 2555 la
2364 2505 2538 2556 ﬂuvios
2555 2516 2756 2556 versare
2776 2507 2909 2554 rotas
2931 2489 3080 2567 atque
3099 2503 3294 2555 haustrs
3314 2503 3553 2555 videmus.

2157 2588 2393 2644 Haustra
2411 2596 2606 2651 autem,
2633 2588 2685 2643 id
2704 2595 2787 2643 est
2808 2596 2948 2654 rota,
2968 2588 3361 2644 ab‘hauriendo
3375 2602 3545 2657 aquas
3564 2577 3731 2643 dicta.

2157 2677 2428 2749 Girgillus,
2453 2675 2596 2755 quod
2616 2677 2671 2729 in
2691 2691 2881 2745 gyrum
2902 2684 3149 2731 vertatur
3186 2693 3200 2729 :
3231 2684 3317 2731 est
3339 2675 3483 2732 enim
3525 2675 3731 2746 lignum

2157 2766 2211 2821 in
2239 2769 2542 2820 transversa
2567 2765 2771 2835 pertica
2799 2765 3017 2830 mobile,
3046 2779 3115 2821 ex
3133 2780 3243 2835 quo
3262 2766 3406 2821 funis
3428 2780 3550 2820 cum
3572 2765 3735 2821 situla

2154 2849 2240 2909 vel
2264 2863 2381 2909 utre
2403 2855 2454 2908 in
2480 2861 2701 2923 puteum
2721 2854 3021 2910 demittitur
3033 2855 3345 2911 haurienda
3368 2871 3521 2926 aquae
3543 2871 3729 2911 musa.

2154 2943 2298 2998 Rata
2332 2945 2478 2998 enim
2520 2958 2737 2999 cursum
2769 2944 2895 2998 vitae
2920 2945 3206 3014 significat.
3237 2944 3392 3001 Unde
3415 2954 3500 3001 est
3522 2944 3657 3000 illud
3677 2946 3735 3001 in

2155 3033 2480 3088 Ecclesiaste
2518 3050 2530 3085 ;
2566 3032 2856 3103 Antequam
2908 3044 3187 3105 rumpatur
3227 3022 3497 3103 funicului
3541 3051 3733 3105 argen-

2156 3132 2291 3189 teus,
2323 3132 2370 3177 et
2403 3132 2637 3176 recurrat
2678 3123 2803 3179 vitta
2826 3123 3010 3189 aurea,
3036 3135 3084 3181 et
3111 3133 3409 3179 conteratur
3436 3141 3592 3195 super
3614 3124 3734 3193 fon-

2154 3220 2257 3266 tem
2271 3212 2478 3281 hydria,
2496 3220 2544 3266 et
2568 3212 2932 3282 confringatur
2951 3222 3067 3266 rota
3086 3230 3243 3282 super
3266 3212 3456 3277 locum,
3486 3223 3533 3267 et
3557 3230 3733 3267 rever—

2154 3309 2300 3357 tatur
2320 3299 2489 3370 pulvis
2511 3314 2667 3369 super
2691 3309 2883 3354 terram
2910 3316 3059 3377 suam
3086 3299 3285 3370 (Eccle.
3310 3300 3431 3371 ιιι).
3463 3300 3731 3367 Quoniam

2152 3387 2297 3447 enim
2316 3388 2525 3458 hydria,
2538 3402 2655 3467 quae
2674 3388 2991 3454 conteritur,
3021 3398 3202 3465 cessat
3220 3390 3443 3446 haurire
3466 3407 3479 3444 :
3506 3400 3564 3447 et
3586 3400 3730 3459 rota,

2149 3494 2249 3549 per
2274 3496 2437 3550 quam
2472 3481 2693 3537 delacu'
2716 3489 2771 3536 et
2810 3482 2971 3551 puteo
2997 3498 3149 3551 aquae
3174 3482 3440 3549 levantur,
3478 3482 3526 3538 si
3563 3483 3732 3540 fuerit

2151 3574 2448 3641 confracta,
2487 3590 2640 3644 aqum
2674 3589 2802 3629 usus
2841 3574 3180 3645 intercipitur
3209 3593 3223 3628 :
3254 3576 3331 3631 ita
3351 3582 3553 3631 etcum
3579 3575 3728 3629 funi-

2149 3664 2302 3720 culus
2336 3665 2546 3736 argenti
2582 3662 2747 3721 fuerit
2768 3664 3123 3734 interruptus,
3151 3672 3207 3723 et
3232 3665 3425 3722 anima:
3463 3664 3610 3722 rivus
3642 3678 3729 3720 re-

2150 3754 2384 3813 currerit
2414 3753 2481 3809 ad
2507 3752 2708 3819 fontes,
2734 3754 2981 3809 interibit
3009 3756 3192 3811 homo.

2726 3862 2952 3918 CAPUT
3006 3863 3144 3918 XVI.

2553 3929 2633 3986 De
2653 3932 3015 3991 instrumentis
3040 3949 3309 4003 equorum.

2217 4019 2462 4078 Phalerea
2488 4028 2804 4079 ornamenta
2832 4033 3092 4089 equarum
3136 4031 3285 4088 sunt,
3314 4030 3372 4082 et
3394 4032 3480 4079 est
3503 4024 3727 4089 Grecae

2143 4125 2345 4167 sermo.
2378 4108 2552 4167 Frena
2578 4109 2739 4173 dicta,
2776 4110 2919 4180 quod
2942 4124 3111 4179 equas
3136 4110 3369 4166 fremere
3396 4116 3613 4183 cogant,
3636 4115 3726 4172 vel

2148 4202 2289 4269 quod
2322 4200 2437 4255 haec
2475 4199 2599 4269 equi
2629 4198 2898 4265 fraudant,
2922 4200 2979 4255 id
3005 4209 3109 4267 est,
3138 4201 3450 4271 imprimunt
3474 4203 3725 4261 dentibus

2147 4297 2202 4344 et
2221 4288 2589 4344 obmordeant.
2609 4288 2760 4343 Unde
2774 4297 2828 4341 et
2852 4288 3136 4343 nefrendes
3156 4290 3304 4355 dicti,
3330 4291 3508 4346 adhuc
3529 4292 3725 4348 lacten-

2147 4389 2229 4435 tes
2241 4379 2466 4449 porculi,
2483 4380 2625 4449 quod
2640 4378 2873 4433 nondum
2890 4379 3378 4450 aliquidfrendant,
3394 4383 3444 4438 id
3459 4391 3566 4449 est,
3578 4399 3724 4440 com-

471 4480 669 4551 quibus
717 4492 909 4548 vepres
954 4485 1223 4541 secantur,
1268 4493 1298 4531 a
1333 4480 1611 4533 runcando
1655 4481 1802 4535 dicti.
1850 4481 2113 4551 Falces_
2152 4471 2394 4531 minuant
2418 4470 2685 4531 dentibus.
2702 4469 2839 4529 Illuc
2856 4478 2912 4537 et,
2931 4469 3052 4530 faba
3068 4469 3230 4537 fresa.
3257 4485 3382 4540 quae
3404 4472 3588 4528 molita
3613 4481 3719 4532 est.

470 4540 615 4627 enim
639 4540 1049 4640 pmdicationes
1088 4540 1215 4623 sunt
1244 4576 1550 4623 sanctorum
1582 4570 1848 4639 superﬂua
1894 4572 2041 4627 ante.
2066 4540 2125 4600 Β
2150 4562 2353 4632 Lupata
2377 4570 2501 4621 sunt
2527 4561 2664 4620 freni
2694 4562 2996 4631 asperrimi.
3018 4561 3158 4617 Dicti
3180 4570 3358 4617 autem
3382 4563 3565 4633 lupata
3590 4565 3724 4621 alu-

470 4670 675 4727 rentes,
711 4670 786 4726 ct,
830 4674 949 4729 quae
988 4659 1297 4714 necessaria
1324 4670 1475 4723 sunt,
1495 4659 1877 4729 relinquentes.
1909 4660 2041 4715 Item

469 4753 636 4807 falces
669 4750 900 4805 succisio
941 4750 1231 4819 est_carnis
1266 4764 1362 4818 per
1400 4757 1649 4821 mortem,
1682 4751 1766 4805 vel
1804 4752 1919 4821 ipsa
1948 4753 2041 4807 Di-

470 4840 669 4895 vinitas
691 4837 1139 4907 circumplectens
1159 4838 1359 4903 omnia,
1376 4846 1536 4907 atque
1548 4840 1873 4909 dijudicans;
1901 4843 2043 4898 unde

466 4931 726 4999 scriptum
742 4936 823 4982 est
850 4928 904 4981 in
927 4924 1044 4981 Joel
1076 4946 1087 4979 :
1118 4926 1267 4980 Mitte
1293 4926 1524 4995 falces,et
1551 4929 1803 4984 vindemia
1841 4932 2041 4985 vineam

468 5030 619 5075 terra:
652 5019 811 5091 (Joel.
840 5019 946 5088 ιιι).
990 5018 1059 5072 Et
1104 5016 1158 5071 in
1207 5018 1525 5089 Apocalypsi
1557 5036 1576 5074 ε
1611 5021 1681 5073 Ει
1727 5022 1973 5075 habebat:
1990 5025 2045 5076 in

469 5125 627 5164 manu
674 5124 775 5162 suo
814 5106 999 5176 falcem
1026 5116 1231 5161 acutam
1269 5105 1449 5178 (Apoc.
1500 5107 1632 5178 xrv).
1674 5110 2044 5181 ventilabrum

470 5200 617 5254 enim
642 5198 910 5267 signiﬁcat
927 5210 1151 5251 examen
1170 5194 1421 5264 iustitiae:
1449 5200 1587 5253 unde
1600 5198 1653 5251 in
1673 5198 1960 5269 Evangelia
1979 5201 2047 5255 de

469 5306 534 5347 eo
554 5290 751 5360 legitur
775 5307 787 5339 :
817 5289 979 5356 Cujus
994 5286 1332 5343 ventilabrum
1351 5290 1406 5341 in
1427 5306 1584 5343 unum
1609 5306 1727 5354 sua,
1743 5290 2047 5359 etpermunv

468 5384 806 5440 dabitaream
831 5398 1003 5446 suam,
1030 5391 1077 5434 et
1100 5381 1421 5450 congregabit
1445 5383 1673 5434 triticum
1700 5384 1753 5434 in
1777 5382 2041 5447 horreum,

472 5475 649 5545 paleas
669 5484 839 5528 autem
855 5472 1112 5525 comburet
1142 5473 1249 5541 igni
1275 5472 1901 5546 inea<stinguibili(Matth.
1928 5478 2034 5547 ιιι).

2144 4652 2286 4723 pinis
2302 4652 2571 4719 dentibus,
2592 4653 2682 4721 qui
2708 4652 2997 4721 inaequales
3021 4662 3163 4718 sunt,
3191 4653 3330 4710 unde
3348 4654 3511 4710 etiam
3534 4671 3726 4717 eorum

2146 4757 2357 4797 morsus
2383 4744 2729 4797 vehementer
2750 4742 2903 4797 obest
2928 4743 3068 4797 cani.
3094 4744 3339 4813 Capistra
3375 4762 3406 4800 a
3435 4748 3611 4814 capite
3633 4747 3727 4817 ju-

2144 4851 2267 4890 men
2275 4843 2451 4891 tarum
2465 4835 2627 4889 dicta.
2646 4834 2788 4889 Sella
2800 4851 2828 4888 a
2846 4835 3097 4900 sedendo,
3114 4838 3267 4905 quasi
3282 4836 3469 4892 sedda.
3484 4837 3719 4905 Antella,

2145 4929 2299 4999 quasi
2322 4928 2655 4982 ante'sellam
2687 4946 2698 4979 :
2731 4927 2869 4981 sicut
2893 4934 2949 4982 et
2966 4928 3191 4996 pastella
3216 4936 3338 4996 post
3362 4927 3570 4983 sellam.
3597 4928 3725 4988 Cin-

2150 5020 2330 5091 gulum
2355 5019 2629 5074 hominum
2662 5018 2874 5088 generis
2901 5019 3078 5073 neutri
3107 5036 3119 5069 :
3148 5032 3272 5070 nam
3300 5018 3610 5077 animalium
3631 5035 3725 5090 ge-

2150 5113 2297 5168 neris
2316 5111 2555 5165 feminini
2578 5119 2678 5164 est.
2694 5110 2930 5165 Dicimus
2950 5110 3090 5164 enim
3107 5110 3206 5164 has
3220 5110 3480 5179 cingulas.
3500 5110 3722 5183 Sagma,

2150 5219 2270 5273 qute
2296 5210 2543 5269 corrupte
2564 5202 2721 5271 vulgo
2743 5202 2939 5257 dicitur
2960 5215 3145 5255 sauma
3167 5200 3247 5254 vel
3266 5201 3456 5267 saluta,
3484 5218 3515 5255 a
3544 5210 3724 5259 stram

2152 5308 2399 5364 sagarum
2442 5302 2648 5347 vocata.
2686 5291 2835 5348 Unde
2873 5301 2929 5345 et
2960 5290 3199 5347 caballus
3225 5293 3546 5362 sagmarius,
3575 5295 3722 5351 mula

2150 5385 2416 5456 sagmaria
2456 5384 2670 5438 dicitur.
2702 5380 2959 5451 Capulum
2988 5380 3130 5437 funis
3162 5398 3194 5437 a
3232 5384 3494 5453 capiendo
3530 5398 3546 5438 ε
3577 5387 3725 5455 quod

2145 5499 2210 5539 eo
2236 5472 2493 5536 indomita
2513 5476 2756 5545 jumenta
2788 5477 3331 5547 comprehendantur.
3365 5476 3609 5532 Calcaria
3636 5478 3724 5532 di-

464 5562 605 5617 Area
629 5562 865 5617 Ecclesia
902 5562 956 5616 in
987 5563 1275 5633 Evangelia
1312 5581 1322 5615 ε
1364 5562 1432 5614 Et
1477 5564 1837 5631 permundabit
1861 5584 2037 5620 aream
2144 5584 2250 5639 αθ,
2278 5572 2403 5641 quia
2424 5570 2476 5625 in
2503 5568 2651 5624 calce
2680 5567 2914 5623 hominis
2941 5568 3195 5639 ligantur,
3221 5567 3275 5622 id
3312 5577 3415 5635 est,
3445 5569 3501 5623 in
3521 5569 3721 5639 pedum

464 5668 615 5706 suam
639 5650 849 5723 (Hart).
876 5652 1003 5705 ltcm
1034 5669 1155 5707 area
1182 5663 1495 5722 prrcscntcm
1528 5656 1803 5719 mundum,
1838 5659 1901 5710 dc
1930 5674 2035 5727 quo
2130 5662 2425 5735 posteriori
2456 5669 2608 5732 parte
2638 5661 2705 5715 ad
2734 5660 3083 5715 stimulandos
3109 5674 3276 5729 equos
3302 5660 3355 5715 in
3400 5662 3597 5731 quibus
3626 5668 3727 5718 aut

466 5744 659 5813 leg-itur
682 5748 733 5799 in
760 5749 1013 5816 propheta
1046 5766 1057 5801 :
1090 5747 1191 5803 Fili
1206 5769 1222 5802 't
1244 5750 1522 5819 Babylonis
1548 5769 1667 5803 (ῖνρλ
1691 5754 1890 5807 tritura'
1909 5771 2031 5809 mea:
2142 5754 2482 5825 pugnandum
2508 5760 2590 5807 est
2612 5752 3060 5817 autcurrendum,
3078 5760 3295 5823 propter
3310 5754 3585 5824 pigritiam
3604 5753 3725 5809 ani-
