3918 6398
209 380 316 440 015
420 384 484 439 Β.
526 384 683 442 RAB.
721 383 939 442 MAURI
974 382 1263 444 OPERUM
1300 382 1483 457 PARS
1518 347 1604 440 lll.
1641 383 2029 443 EXCERPTIO
2051 388 2153 443 DE
2191 388 2378 445 ARTE
2413 390 2872 451 GRAMMATICA
2908 395 3267 458 PRISCIANI.
3376 402 3482 460 θη

206 496 437 551 malium
462 503 557 552 aut
592 496 859 552 timorem.
888 495 1025 552 Nam
1053 505 1109 553 et
1130 512 1197 553 ex
1234 498 1434 552 timore
1472 497 1557 552 vel
1588 512 1619 551 a
1657 498 1796 569 Stigo
1825 517 1877 576 Α
1902 516 2002 557 nec
2024 504 2145 571 iste,
2172 505 2369 573 quibus
2405 509 2660 565 oneribus
2684 510 3021 580 ingravetur,
3050 513 3321 586 intelligit.
3349 515 3483 571 Pro-

205 587 416 644 stimuli
454 594 855 658 nuncupantur.
899 586 1149 659 Strigiles
1173 602 1204 642 a
1231 589 1513 658 tergendo,
1542 603 1608 643 eo
1650 590 1794 658 quod

200 677 294 736 his
316 678 443 750 equi
469 687 771 748 terguntur.
802 678 1099 735 Character
1127 686 1212 734 est
1235 662 1439 735 ferrum
1477 680 1715 736 candens
1739 688 1793 735 et

200 767 459 843 ignitum,
486 780 594 838 quo
621 774 763 825 notae
801 770 1091 839 pecoribus
1137 768 1444 825 inuruntur.
1494 770 1793 827 Character

186 866 388 915 autem
415 858 628 927 Graece,
647 855 838 931 Latine
865 858 1042 914 forma
1062 857 1279 915 dicitur.
1304 858 1795 930 Cauteriumquasi

197 948 512 1023 cantur-ium
538 964 553 1004 :
581 949 707 1019 quia
726 956 872 1015 urat,
896 958 951 1003 et
969 950 1193 1020 provida
1219 946 1290 1006 sit
1321 950 1373 1005 iu
1398 965 1465 1006 eo
1492 964 1790 1022 severaque

196 1039 407 1105 cautio,
438 1047 499 1093 ut
536 1040 663 1096 dum
700 1038 934 1107 videtur,
962 1039 1116 1109 cujus
1144 1041 1237 1107 sit,
1277 1040 1504 1096 avaritia
1543 1040 1791 1104 refrene-

197 1134 289 1181 tur
310 1144 325 1183 :
349 1127 494 1197 quod
520 1126 793 1183 interdum
816 1142 917 1198 pro
933 1129 1107 1200 signo,
1126 1130 1397 1186 interdum
1417 1146 1515 1202 pro
1536 1146 1667 1187 cura
1691 1133 1789 1188 ad-

195 1214 511 1280 hibetur,ut
535 1216 621 1271 vis
646 1217 821 1272 morbi
852 1218 995 1288 ignis
1019 1220 1215 1276 ardore
1243 1221 1495 1276 siccetur.
1537 1220 1794 1278 Habenas

195 1305 266 1360 ab
296 1306 547 1361 habendo
573 1305 764 1373 dictas,
810 1308 955 1377 quod
984 1309 1073 1364 his
1109 1321 1277 1378 equos
1320 1310 1640 1377 habeamus,
1684 1304 1795 1368 hoc

191 1381 300 1461 est,
326 1403 607 1453 teneamus
631 1416 644 1452 :
670 1398 813 1453 unde
840 1407 896 1454 et
914 1400 1039 1469 equi
1067 1400 1279 1475 habiles
1302 1402 1431 1457 dicti
1455 1420 1467 1455 :
1494 1404 1608 1458 haec
1628 1412 1683 1458 et
1700 1419 1787 1459 re-

191 1483 431 1544 tinacula
459 1504 491 1544 a
520 1486 820 1546 retinendo.
852 1490 1086 1546 Lora....
1123 1493 1182 1547 ln
1215 1494 1301 1549 his
1335 1509 1467 1566 ergo
1501 1497 1789 1564 speciebus

192 1578 478 1656 disciplina
504 1585 1188 1657 designatur'insolentium
1216 1598 1271 1643 et
1295 1590 1578 1645 brutorum
1601 1592 1781 1646 homi-

186 1690 320 1730 num
348 1694 361 1729 :
393 1675 535 1731 unde
560 1675 846 1732 Psalmista
872 1679 948 1732 ait
983 1697 995 1732 :
1030 1676 1208 1734 Nolite
1230 1680 1348 1749 ﬁeri
1374 1672 1509 1735 sicut
1548 1699 1712 1753 equus
1730 1693 1781 1737 et

183 1764 589 1836 mulus,quibus
613 1782 717 1820 non
731 1776 805 1821 est
828 1766 1119 1822 intellectas
1134 1780 1152 1819 :
1169 1770 1224 1822 in
1251 1782 1399 1823 camo
1421 1779 1469 1823 et
1492 1770 1641 1839 frena
1661 1789 1776 1827 ma-

1899 593 2049 650 hibet
2067 611 2197 667 ergo
2220 598 2590 668 hujuscemodi
2613 602 2863 659 homines
2890 603 3170 661 diabolicis
3197 604 3479 663 fraudibus

1897 683 2138 754 insideri,
2168 696 2225 743 et
2251 689 2507 745 vitiorum
2545 694 2802 749 oneribus
2840 694 3203 773 praegravari,
3239 710 3308 750 ne
3340 695 3482 753 male

1896 778 2195 835 obediendo
2222 781 2489 864 superbiae
2522 784 2695 855 magis
2716 784 2967 859 partibus
2993 783 3330 841 addicantur.
3371 785 3481 841 Ve-

1894 886 2014 926 rum
2047 873 2167 928 istis
2192 873 2391 929 talibus
2417 876 2546 945 quid
2571 877 2916 948 dicituresse
2952 876 3299 937 faciendum?
3327 878 3479 934 scili-
3503 907 3507 909 λ

1893 972 1980 1020 cet
2001 965 2144 1033 quod
2172 965 2499 1021 animalibus
2530 966 2984 1037 imprudentibus.
3020 967 3116 1023 His
3149 968 3293 1024 enim
3314 983 3478 1023 com-

1889 1055 2263 1124 parationibus
2292 1055 2485 1112 stultos
2513 1057 2760 1115 homines
2788 1057 3006 1123 veritati
3044 1058 3225 1115 subdit
3257 1058 3474 1115 invites.

1890 1144 2027 1199 Nam
2057 1146 2204 1215 quod
2225 1146 2322 1211 ait,
2352 1147 2407 1199 in
2439 1146 2605 1215 freno,
2637 1147 2706 1202 ad
2745 1162 2945 1217 equum
2966 1148 3217 1216 pertinet.
3238 1147 3476 1203 Frenum

1889 1233 2034 1289 enim
2060 1249 2090 1287 a
2118 1232 2232 1288 fero
2252 1235 2536 1289 retinendo
2560 1235 2764 1291 dictum
2791 1243 2875 1291 est
2902 1254 2917 1289 :
2949 1235 3127 1291 ferum
3158 1238 3355 1308 quippe
3381 1252 3476 1291 an-

1890 1322 2025 1393 tiqui
2060 1311 2326 1387 caballum
2363 1324 2617 1379 dixerunt
2646 1342 2659 1377 :
2688 1325 2743 1377 in
2770 1341 2937 1389 camo,
2971 1324 3039 1379 ad
3070 1324 3274 1379 mulum
3300 1325 3473 1395 respi-

1886 1416 1981 1470 cit.
2006 1414 2149 1485 Ergo
2176 1416 2291 1472 haec
2313 1417 2568 1472 animalia
2610 1418 2924 1500 supradicta
2942 1416 3197 1476 cohibent
3222 1419 3324 1474 ista
3347 1420 3477 1475 reti-

1885 1506 2101 1571 uacula,
2132 1514 2192 1560 ut
2215 1508 2287 1561 ad
2303 1507 2586 1562 arbitrium
2603 1506 2844 1576 jubentis
2864 1508 3139 1574 incedant,
3157 1524 3224 1564 ne
3246 1510 3360 1566 suis
3378 1525 3475 1566 vo-

1884 1597 2185 1652 luntatibus
2212 1596 2523 1653 efferantur.
2553 1597 2779 1655 Maxilla:
2810 1615 2939 1657 vero
2989 1599 3317 1656 adminicula
3346 1611 3476 1658 sunt

1884 1686 2223 1753 animalium,
2265 1687 2460 1757 quibus
2496 1702 2621 1743 esca
2656 1690 2949 1763 manditur,
2977 1697 3036 1745 ut
3078 1690 3319 1760 corporis
3349 1690 3473 1745 vita:

1882 1787 2228 1846 procuretur.
2256 1778 2406 1850 lpsas
2441 1791 2571 1848 ergo
2608 1778 2858 1843 maxillas
2892 1794 2990 1851 per
3012 1779 3239 1849 ﬁguram
3266 1778 3467 1850 allego-

180 1854 347 1912 xillas
384 1872 564 1912 eorum
604 1851 924 1929 constringe,
959 1862 1048 1930 qui
1084 1874 1191 1914 non
1228 1863 1597 1931 approximam‘
1630 1864 1699 1917 ad
1729 1872 1777 1918 te
1807 1885 1854 1943 Β
1884 1867 2052 1922 ricam
2084 1867 2216 1921 dicit
2243 1868 2681 1924 inobedientibus
2702 1869 2899 1924 debere
2927 1868 3330 1953 constringuid
3363 1876 3465 1935 est,

178 1947 370 2020 (Ptol.
401 1952 588 2022 xxxx).
618 1948 756 2005 Hinc
774 1950 887 2020 jam
913 1953 1238 2023 generaliter
1265 1968 1433 2024 genus
1474 1954 1773 2023 humanum
1881 1958 2065 2027 copias
2085 1958 2346 2012 vietuales
2371 1959 2590 2026 parcius
2619 1959 2758 2025 dari,
2795 1966 2856 2012 ut
2878 1947 3207 2031 jej‘uniorum
3237 1957 3471 2015 necessi-

181 2046 497 2098 eommonet
532 2058 600 2097 ne
628 2043 779 2112 vagis
816 2044 1076 2098 subdatur
1114 2046 1409 2100 erroribus.
1452 2044 1773 2100 Scrutemur

174 2143 353 2200 quare
380 2130 497 2184 istae
519 2133 948 2200 comparationes
969 2134 1076 2188 sint
1096 2134 1305 2204 positae.
1322 2135 1507 2205 Equus
1527 2137 1644 2191 sine
1661 2137 1771 2191 dis-

173 2218 423 2275 cretione
444 2221 674 2277 sessoris
689 2219 864 2276 fertur
879 2223 1126 2291 arbitrio,
1145 2233 1200 2279 et
1218 2240 1250 2279 a
1261 2235 1583 2294 quocunque
1603 2225 1765 2280 ﬁterit

172 2321 461 2377 ascensus,
481 2313 741 2367 excurrit.
760 2312 934 2370 Mutus
946 2324 1126 2370 autem
1141 2317 1413 2385 patienter
1431 2317 1627 2386 accipit
1651 2333 1765 2371 sar-

173 2398 354 2465 cinas,
390 2402 587 2471 quibus
617 2401 781 2459 fuerit
808 2416 1065 2461 oneratus
1094 2423 1107 2459 :
1140 2416 1195 2461 et
1220 2408 1287 2463 ad
1322 2408 1425 2463 hoc
1446 2407 1662 2476 utrique
1686 2409 1768 2463 iu-

170 2490 460 2547 tellectum
481 2506 592 2549 non
610 2494 847 2551 habent:
863 2498 990 2566 quia
1009 2512 1109 2553 nec
1131 2497 1222 2552 ille
1236 2497 1408 2569 eligit,
1420 2498 1507 2552 cui
1519 2497 1763 2552 obediat:

181 2674 2361 2705 Win-n—w

1881 2057 1991 2103 tate
2010 2036 2274 2113 conclusi,
2300 2048 2575 2105 Creatoris
2602 2051 2900 2105 subdantur
2923 2048 3167 2118 imperio.
3199 2048 3467 2119 Allegoria

1879 2148 1965 2195 est
1988 2140 2153 2203 enim,
2195 2141 2334 2194 sicut
2358 2124 2502 2209 saepe
2539 2140 2740 2195 dictum
2777 2148 2884 2205 est,
2920 2140 3135 2210 quando
3162 2138 3309 2194 aliud
3332 2137 3469 2194 dici-

1875 2237 1985 2292 tur,
2015 2236 2069 2283 et
2090 2227 2235 2282 aliud
2253 2228 2608 2298 significatur.
2642 2229 2712 2283 Et
2728 2228 2984 2298 quoniam
3006 2228 3261 2293 diximus,
3284 2226 3338 2281 in
3362 2228 3465 2283 hac

1874 2326 2028 2389 parte
2055 2318 2340 2372 Dominum
2374 2317 2659 2373 Christum'
2682 2317 2829 2388 loqui
2863 2336 2876 2372 :
2918 2317 3214 2387 constringe
3252 2314 3463 2371 scilicet

1876 2409 2073 2463 dicitur
2111 2407 2299 2462 Patri:
2330 2415 2531 2463 sanctae
2558 2417 2741 2463 tamen
2779 2408 3064 2465 Trinitatis
3090 2422 3259 2463 unum
3298 2405 3457 2475 velle,

1870 2508 1981 2553 una
2005 2505 2268 2568 potestas,
2293 2512 2402 2552 una
2425 2499 2736 2569 cooperatio
2757 2506 2857 2555 est.

2388 2679 3453 2710 ———————-——-‘

764 2833 1346 2953 ΒΕΔΤῙ
1421 2838 1766 2949 BA!

1871 2832 2177 2955 IN!
2248 2831 2868 2951 MAURI

904 3048 1295 3106 FULDENSIS
1329 3046 1621 3103 ABRATlS
1655 3031 1744 3102 ET
1780 3045 2168 3104 MOGUNTlNl
2204 3044 2725 3106 ARCHIEPISCOPI

407 3220 1090 3341 OPEBUM
1192 3218 1862 3337 OMNIUM
1973 3220 2385 3335 PARS
2489 3221 3196 3368 TERTIA,

1735 3436 1876 3481 ειη

436 3564 696 3647 Scripta
733 3566 882 3629 dum
930 3565 1444 3645 archiepiscopus
1490 3573 1698 3645 ageret
1746 3570 1809 3631 et
1837 3562 1969 3625 alia
2005 3566 2138 3626 sine
2173 3565 2472 3645 temporis
2505 3573 2661 3629 nota
2683 3568 2757 3631 ab
2796 3570 2934 3649 ipso
2967 3569 3155 3633 edita.

542 3854 1104 3988 Excurrit
1188 3855 1322 3983 DE
1390 3855 1669 3985 Atri
1740 3846 2424 3984 GRAMMATIGA
2474 3852 3030 3985 PBISClANl.

1554 4079 2116 4110 -—_——_‘

835 4194 915 4249 De
940 4211 1082 4250 voce.

226 4288 546 4348 Auctoritas
584 4286 1031 4359 philosophorum
1082 4284 1321 4341 ostendit
1365 4284 1753 4355 proprietatem

159 4385 305 4440 vocis
350 4384 409 4437 in
453 4381 597 4438 aeris
637 4379 988 4448 percussione
1023 4393 1168 4443 esse,
1236 4392 1557 4447 quocunque
1595 4378 1753 4432 modo

161 4474 299 4531 ictus
348 4472 465 4528 flat.
528 4470 702 4535 Quam
745 4469 907 4522 etiam
952 4470 1251 4523 diviserunt
1288 4468 1341 4522 in
1367 4476 1600 4537 quatuor
1633 4482 1754 4535 spe-

162 4568 291 4632 cies,
347 4561 717 4625 articulatam,
767 4558 1189 4624 inarticulatam,
1238 4557 1538 4612 litteratam
1582 4558 1638 4611 'et
1684 4556 1750 4609 il-

161 4656 480 4712 litteratam.
555 4649 661 4705 Sed
708 4648 774 4704 de
822 4648 909 4703 bis
954 4648 1072 4702 duae
1112 4646 1437 4716 conjunctae,
1499 4646 1752 4701 videlicet

163 4745 449 4803 articulata
504 4748 559 4796 et
601 4740 862 4804 litterata,
909 4737 1235 4808 pmipuam
1279 4736 1750 4805 commodamque,

162 4838 271 4894 imo
330 4834 720 4898 necessariam,
806 4844 994 4884 vocem
1040 4828 1254 4883 ellicere
1336 4828 1481 4899 haud
1530 4825 1751 4880 dubium

162 4936 264 4993 est,
334 4926 468 4996 quia
526 4923 643 4994 ipsa
681 4919 1021 4977 solummodo
1081 4918 1386 4971 litterarum
1434 4924 1489 4971 et
1538 4915 1751 4970 intelle-

162 5027 281 5075 ctus
332 5029 511 5087 caan
571 5025 690 5070 esse
764 5012 1129 5083 dignoscitur;
1180 5018 1390 5063 (κεῖθι-ω
1442 5008 1498 5061 in
1541 5014 1751 5061 tantum

162 5109 319 5165 utiles
343 5122 455 5162 non
482 5114 640 5167 sunt;
674 5104 798 5174 quia
826 5102 987 5158 simul
1014 5109 1208 5156 natura
1244 5108 1300 5155 et
1334 5097 1606 5153 intellectu
1631 5095 1753 5169 capi

166 5217 269 5256 non
292 5203 525 5270 possunt
550 5215 562 5248 :
592 5210 783 5249 verum
825 5194 1055 5249 invicem
1085 5206 1182 5263 per
1207 5190 1446 5259 singulas
1473 5195 1748 5253 coeuntes,

163 5307 208 5348 sx
236 5294 359 5363 quis
390 5290 669 5359 inquirere
688 5286 940 5351 voluerit,
968 5287 1083 5341 sine
1109 5285 1271 5341 dubio
1298 5281 1533 5338 inveniet
1567 5296 1751 5336 vocem

166 5390 255 5436 eas
285 5381 516 5436 reddere
564 5380 678 5433 sine
708 5376 1097 5441 intellectione;
1127 5374 1174 5431 si
1198 5382 1379 5429 tamen
1407 5387 1471 5427 ea
1505 5379 1749 5437 utuntur,

165 5468 356 5525 litteris
398 5476 634 5535 carent;
685 5466 828 5537 quod
875 5470 1036 5535 supra
1083 5465 1239 5520 dictis
1284 5478 1388 5519 non
1423 5462 1703 5532 contingit.

808 5557 891 5635 ‘De
920 5556 1108 5610 littera.

239 5642 442 5707 Littera
479 5658 564 5705 est
589 5664 718 5719 pars
742 5647 964 5702 minima
987 5645 1138 5699 vocis
1158 5643 1476 5709 articulatm,
1516 5644 1617 5698 hoc
1639 5651 1743 5709 est,

181 5756 287 5810 quae
328 5722 542 5800 constat
584 5739 972 5811 compositione
1002 5737 1304 5793 litterarum
1334 5755 1345 5789 :
1372 5736 1594 5791 minima
1644 5752 1740 5789 au—

1782 4197 1829 4259 c
1863 4201 1993 4257 tem,
2037 4196 2299 4261 quantum
2326 4189 2397 4244 ad
2416 4198 2586 4246 totam
2621 4193 3157 4264 comprehensionem
3191 4197 3340 4255 vocis
3362 4199 3450 4258 lit-

1856 4290 2066 4337 terataa.
2120 4280 2260 4335 Nam
2300 4296 2401 4337 vox
2435 4290 2518 4338 est
2568 4282 2827 4353 quidquid
2867 4284 3157 4355 loquimur,
3194 4296 3254 4342 ut
3286 4299 3440 4361 puta,

1854 4372 1901 4426 si
1939 4373 2087 4428 dicas
2124 4390 2136 4424 :
2178 4372 2372 4426 Orator
2409 4373 2542 4425 venit
2569 4380 2616 4425 et
2639 4372 2861 4439 docuit;
2897 4390 3024 4429 nam
3054 4384 3233 4447 potest
3267 4377 3441 4437 solvi:

1856 4461 2053 4517 Orator
2087 4463 2243 4524 venit,
2295 4472 2345 4518 et
2384 4464 2562 4517 docuit
2605 4476 2703 4533 per
2731 4464 2937 4534 singula
2976 4468 3171 4531 verba;
3202 4466 3318 4537 ipsa
3344 4484 3445 4524 au-

1854 4560 1965 4608 tem
2011 4555 2178 4615 verba
2223 4554 2277 4608 in
2321 4555 2581 4625 syllabas,
2625 4566 2734 4614 oet
2754 4573 2836 4621 ra,
2882 4566 3002 4619 tor;
3045 4556 3173 4627 ipsa:
3226 4556 3447 4631 syllaba

1855 4644 1910 4698 in
1933 4643 2176 4709 litteras;
2210 4643 2393 4697 littora
2416 4658 2631 4715 quoque
2657 4646 2772 4716 ipsa
2800 4644 3025 4700 minime
3050 4652 3230 4715 potest
3252 4646 3443 4713 dividi,

1853 4732 1996 4786 unde
2049 4734 2162 4787 haec
2184 4747 2215 4786 a
2242 4732 2575 4803 philosophis
2611 4743 2812 4789 atomos
2841 4733 3059 4798 dicitur,
3112 4732 3169 4789 id
3202 4742 3305 4803 est,
3357 4735 3443 4790 in-

1852 4822 2158 4877 divisibilis.
2232 4820 2472 4878 Scaurus
2515 4812 2607 4879 'sic
2638 4839 2757 4880 eam
2809 4820 3054 4878 deﬁnivit
3083 4839 3097 4876 :
3123 4822 3326 4878 Littera
3368 4834 3446 4881 est

1852 4915 2014 4979 vocis,
2046 4930 2162 4984 qua:
2188 4914 2345 4968 scribi
2371 4924 2558 4985 potest,
2589 4919 2778 4985 forma.
2812 4913 3147 4969 Elementum
3184 4922 3265 4968 est
3298 4914 3442 4971 enim

1855 5006 2079 5060 minima
2117 5006 2219 5072 vis,
2272 5015 2355 5060 est
2385 5006 2726 5061 indivisibilis
2771 5005 2997 5059 materia
3040 5005 3192 5084 vocis
3237 5007 3444 5061 articu-

1854 5097 2016 5164 latm;
2049 5106 2105 5151 et
2138 5097 2562 5169 uniuscujusque
2593 5097 2673 5152 rei
2715 5097 2947 5163 initium,
3004 5112 3034 5151 a
3064 5112 3169 5166 quo
3211 5097 3444 5152 sumitur

1856 5186 2276 5254 incrementum,
2327 5198 2383 5244 et
2436 5191 2489 5243 in
2519 5190 2660 5259 quod
2712 5188 3015 5255 resolvitur,
3066 5188 3226 5260 hujus
3268 5188 3440 5260 ﬁgura

1852 5278 2035 5333 littera
2074 5288 2323 5335 vocatur.
2375 5280 2596 5337 Veteres
2624 5280 2786 5341 etiam
2815 5279 3024 5334 litteras
3065 5278 3328 5335 elementa
3360 5276 3442 5334 di-

1854 5377 2073 5436 xerunt,
2120 5371 2187 5426 ad
2232 5370 2637 5427 similitudinem
2677 5366 2863 5426 mundi
2912 5369 3437 5434 elementorum;eo

1855 5462 1997 5530 quod
2032 5462 2171 5516 sicut
2194 5462 2284 5517 illa
2316 5463 2562 5517 coeuntia
2594 5476 2752 5516 omne
2776 5460 3058 5531 perﬁciunt
3100 5474 3315 5529 corpus,
3356 5450 3436 5512 sic

1776 5545 1831 5605 D
1856 5553 2016 5608 etiam
2044 5552 2144 5606 ista
2173 5554 2458 5623 conjuncta
2487 5553 2784 5607 orationem
2814 5558 3133 5607 conservant
3152 5558 3207 5605 et
3235 5546 3416 5615 disjutt

1856 5655 1941 5701 cta
1992 5644 2311 5699 dissolvunt.
2363 5645 2477 5700 Hoc
2527 5660 2658 5715 ergo
2696 5644 2921 5698 interest
2986 5641 3127 5695 inter
3169 5640 3431 5694 elementa

1850 5746 1905 5793 et
1928 5736 2153 5801 litteras,
2184 5736 2326 5804 quod
2354 5736 2615 5790 elementa
2649 5734 2859 5805 proprie
2883 5731 3131 5786 dicuntur
3159 5730 3286 5798 ipsm
3306 5740 3403 5797 pro
