3918 6358
454 388 560 445 615

1118 388 1179 444 Β.
1221 386 1477 445 RABANI
1518 389 1739 447 MAURI
1780 388 2101 446 ARCHIEP.
2145 390 2456 448 MOGUNT.
2499 392 2788 453 OPERUM
2826 396 3007 454 PARS
3045 399 3133 454 lli.

3645 400 3745 454 616

447 503 837 567 nuntiationes,
880 502 933 557 id
980 508 1079 567 est,
1136 504 1218 557 vis
1246 484 1405 568 'soni,
1452 519 1571 571 qum
1601 504 1817 558 auditur
1855 519 1921 558 ac
1954 505 2034 557 in-
2066 510 2114 567 Α
2141 506 2325 565 virtus,
2372 506 2500 570 vita,
2546 508 2649 559 vix.
2726 506 2770 561 U
2810 516 3011 571 autem,
3073 508 3320 577 quamvis
3378 516 3740 574 contractum,

449 595 746 665 telligitur;
784 594 967 666 figurae
1015 608 1146 649 vero
1193 610 1378 650 earum
1413 595 1627 660 litterze,
1672 616 1703 649 (ι
1734 612 1862 650 vero
1898 606 1951 650 et
1987 597 2035 660 b,

446 698 503 742 et
550 706 597 752 c,
642 696 696 742 et
736 687 840 740 alia
884 686 1159 756 quaelibet,
1210 702 1402 741 nomen
1432 696 1515 743 est
1546 697 1600 743 et
1643 688 2038 757 pronuntiatio-

446 779 550 843 nis,
590 786 642 832 et
678 776 902 848 ﬁgurae:
929 776 1129 849 legitur
1175 778 1525 845 elementum,
1585 780 1903 849 intelligitur
1953 780 2042 834 lit-

444 875 583 933 tera,
636 868 896 923 scribitur
925 877 979 922 et
1019 869 1348 923 nominatur.

517 961 722 1017 Littera
748 960 895 1016 dicta
930 962 1087 1030 quasi
1132 961 1347 1032 legitera
1375 1002 1390 1027 ,
1420 962 1544 1032 quia
1572 963 1767 1035 legitur
1801 972 1857 1017 et
1895 964 2041 1033 quod

446 1051 753 1122 legentibus
788 1050 894 1104 iter
946 1050 1208 1115 ostendit,
1249 1059 1304 1103 et
1344 1066 1375 1104 a
1417 1050 1578 1105 litura
1608 1066 1770 1119 quam
1810 1052 2035 1121 patitur,

438 1154 493 1199 et
519 1146 663 1215 quod
691 1144 918 1215 legendo
952 1144 1197 1200 iteratur.
1230 1144 1431 1200 Omnes
1458 1160 1587 1215 ergo
1616 1144 1809 1199 litterae
1842 1146 2037 1216 quibus

439 1233 619 1289 Latini
649 1242 891 1299 utuntur,
944 1234 1133 1305 viginti
1173 1242 1227 1288 et
1260 1244 1371 1289 tres
1407 1242 1570 1289 sunt:
1612 1250 1846 1304 quarum
1887 1235 2038 1290 ditl‘e-

441 1326 631 1381 rentiae
671 1334 783 1381 tres
810 1333 956 1379 sunt.
1005 1326 1184 1379 Prima
1216 1326 1517 1381 ditl‘erentia
1550 1326 1837 1395 qualitates
1873 1328 2037 1383 habet

440 1415 597 1480 duas,
651 1430 773 1484 qua:
815 1425 908 1469 aut
952 1414 1159 1469 Latina:
1220 1424 1364 1479 sunt,
1416 1423 1511 1469 aut
1559 1414 2034 1471 GraeczezLatinaa

436 1514 565 1561 sunt
632 1520 741 1559 una
789 1514 846 1560 et
879 1504 1100 1576 viginti;
1150 1504 1375 1569 Graecae,
1424 1505 1562 1570 duas,
1591 1522 1624 1574 y
1652 1504 1873 1567 vocalis,
1916 1513 1971 1558 et
2002 1521 2033 1557 z

436 1594 800 1660 semivocalis,
853 1610 972 1665 quae
1020 1596 1072 1649 in
1118 1610 1276 1649 usum
1333 1608 1522 1649 eorum
1576 1602 1798 1662 propter
1841 1592 2031 1647 Graeca

435 1687 657 1742 nomina
693 1696 981 1742 venerunt.
1014 1687 1155 1742 Sunt
1185 1695 1240 1739 et
1282 1686 1400 1740 alia:
1441 1684 1697 1754 quinque,
1731 1699 1865 1753 quas
1910 1692 2033 1755 post

434 1778 838 1849 perceptionem
877 1778 1173 1833 Dominicm
1204 1776 1346 1840 ﬁdei,
1390 1783 1444 1829 et
1471 1774 1515 1829 si
1542 1790 1648 1829 non
1681 1774 1735 1827 in
1759 1773 2030 1843 alphabcti

2147 594 2396 648 eumdem
2426 601 2626 659 tamen,
2656 596 2758 650 hoc
2783 604 2866 650 est
2891 614 2945 667 y,
2978 612 3169 651 sonum
3201 597 3384 661 habet,
3423 599 3567 652 inter
3588 616 3639 667 q,
3693 610 3747 653 et

2146 702 2193 749 e,
2222 691 2276 739 ct
2304 686 2341 749 i,
2377 694 2431 739 et
2460 701 2527 748 α’,
2557 686 2925 755 diphthongon
2954 686 3193 755 positum
3226 696 3401 757 atque,
3432 688 3568 757 quis,
3596 704 3746 757 quae;

2146 790 2357 829 necnon
2392 776 2534 830 inter
2562 792 2594 845 g
2630 783 2684 829 et
2710 777 2930 830 easdem
2970 774 3203 838 vocales,
3264 790 3388 829 cum
3419 776 3475 829 in
3502 792 3609 831 una
3635 776 3746 846 syl-

2142 863 2264 917 laba
2304 864 2384 918 sic
2427 865 2793 930 inveniuntur,
2847 873 2908 918 ut
2939 882 2951 917 :
2986 865 3224 934 pingues,
3270 866 3477 934 anguis,
3527 865 3746 934 linguw.

2143 952 2175 1007 Ι
2197 962 2377 1009 autem
2398 970 2499 1024 pro
2522 954 2721 1023 duplici
2752 964 3086 1010 consonante
3120 954 3333 1008 videtur
3353 970 3495 1020 esse,
3526 956 3751 1025 quando

2142 1042 2283 1097 inter
2311 1045 2447 1098 duas
2476 1046 2690 1100 vocales
2718 1055 2801 1099 est
2825 1046 3021 1114 posita,
3066 1046 3295 1114 ideoque
3346 1060 3564 1115 semper
3600 1047 3751 1117 prio-

2141 1148 2257 1187 rem
2286 1134 2550 1203 syllabam
2586 1134 2717 1190 facit
2764 1135 3013 1205 longam;
3038 1143 3096 1188 ut
3125 1150 3139 1188 :
3174 1136 3367 1200 maius,
3400 1138 3571 1205 peius,
3599 1138 3738 1201 eius,

2140 1227 2264 1294 quia
2316 1242 2421 1280 non
2476 1226 2632 1281 aliter
2675 1227 3017 1296 pronuntiari
3065 1236 3266 1295 potest,
3316 1241 3480 1296 quam
3522 1228 3569 1281 si
3618 1242 3747 1281 cum

2138 1314 2306 1383 priori
2327 1314 2526 1385 syllaba
2554 1316 2760 1384 priori,
2791 1324 2995 1370 etcum
3021 1316 3270 1385 sequenti
3299 1316 3470 1371 altera
3494 1300 3748 1384 profera-

2138 1415 2256 1470 tur;
2281 1413 2337 1459 et
2359 1405 2481 1460 ideo
2499 1407 2707 1476 antiqui
2732 1406 2787 1461 in
2806 1406 2894 1462 bis
2918 1407 3101 1461 verbis
3117 1407 3223 1462 duo
3245 1408 3283 1459 ii
3308 1422 3522 1478 semper
3542 1407 3748 1462 scribe-

2136 1494 2285 1549 bant.
2311 1494 2355 1548 V
2368 1510 2496 1551 vero
2518 1496 2636 1551 loco
2657 1497 3004 1551 consonantis
3024 1498 3221 1571 posita.
3249 1498 3492 1552 eamdem
3516 1513 3747 1566 prorsus

2136 1584 2191 1638 in
2210 1586 2462 1641 omnibus
2481 1588 2588 1640 vim
2611 1585 2775 1641 habet
2797 1589 2939 1655 apud
2961 1586 3184 1641 Latinos
3204 1601 3367 1655 quam
3386 1587 3527 1654 apud
3551 1586 3747 1641 IEolos

2136 1674 2429 1744 digamma,
2465 1682 2520 1729 et
2547 1674 2686 1743 ipsiu
2722 1674 3024 1743 sdigamma
3051 1689 3186 1728 voce
3222 1691 3323 1727 vau
3356 1672 3601 1743 profecta
3630 1681 3744 1737 est,

2134 1778 2233 1832 pro
2262 1778 2369 1834 qua
2389 1763 2575 1818 Caesar
2612 1764 2751 1818 hanc
2775 1762 3026 1834 ﬁguram,
3063 1764 3117 1818 id
3138 1772 3222 1819 est
3252 1761 3326 1827 F,
3354 1764 3520 1818 scribi
3546 1763 3743 1817 voluit.

433 1869 625 1924 ordine
654 1869 941 1939 recipiunt,
975 1869 1171 1924 divinis
1204 1878 1384 1922 tamen
1418 1866 1632 1937 paginis
1663 1866 1862 1921 inditas
1896 1881 2029 1921 con-
2058 1858 2108 1918 B
2138 1855 2420 1927 Digamma
2470 1856 2615 1910 enim
2656 1855 2944 1925 aliquando
2987 1869 3084 1925 pro
3136 1855 3395 1923 simplici,
3448 1854 3746 1923 aliquando

434 1958 630 2026 tinent,
667 1960 724 2025 h,
754 1976 946 2031 proper
986 1976 1172 2015 nomen
1212 1960 1408 2025 lhesu;
1447 1968 1488 2015 Δ
1522 1968 1577 2014 et
1596 1968 1660 2023 Ω,
1686 1967 1909 2029 propter
1940 1973 2034 2011 au-

432 2050 745 2107 ctoritatem
769 2050 939 2104 divini
975 2051 1266 2115 sermonis,
1298 2049 1409 2120 Ego
1436 2065 1553 2103 sum
1583 2048 1714 2120 ἄλφα
1746 2059 1800 2103 et
1839 2051 2031 2121 ὠμὶγα,

435 2149 492 2197 et
511 2149 735 2210 prOpter
762 2154 961 2194 nomen
994 2150 1111 2194 XPl.
1144 2138 1394 2193 Secunda
1426 2137 1728 2192 dillerentia
1758 2137 1818 2210 in_
1838 2136 2033 2192 litteris

432 2208 726 2301 qualitates
765 2242 920 2298 aeque
948 2228 1082 2283 duas
1131 2228 1315 2291 habet,
1355 2242 1476 2295 qua:
1525 2235 1619 2280 aut
1646 2208 1862 2281 vocales
1907 2236 2033 2281 sunt

434 2329 529 2376 aut
552 2324 935 2376 consonantes.
961 2317 1094 2372 Item
1121 2317 1280 2371 tertia
1302 2315 1605 2371 diﬁ‘erentia
1627 2324 1715 2381 est.
1740 2318 1884 2371 inter
1902 2332 2032 2371 con-

433 2418 713 2475 sonantes,
753 2408 899 2478 quod
943 2408 1187 2478 quadam
1213 2415 1343 2462 sunt
1380 2406 1755 2472 semivocales,
1781 2410 2032 2477 quamam

432 2510 615 2564 mutas,
649 2502 895 2570 quaidam
946 2500 1184 2568 liquidae,
1224 2509 1277 2553 et
1306 2500 1553 2567 quaedam
1582 2499 1847 2568 duplices.
1891 2498 2033 2554 Sunt

432 2598 615 2647 tamen
648 2589 865 2645 vocales
890 2589 1152 2660 quinque,
1184 2588 1412 2655 scilicet,
1440 2578 1494 2655 a,
1527 2606 1575 2654 e,
1607 2590 1647 2653 i,
1675 2606 1725 2655 ο,
1756 2605 1831 2653 u;
1865 2589 2031 2643 semi-

431 2679 650 2736 vocales
675 2688 903 2750 septem,
938 2678 979 2744 ι,
1010 2695 1083 2745 m,
1113 2696 1168 2744 η,
1201 2694 1244 2742 r,
1272 2694 1318 2742 s,
1341 2695 1398 2743 π,
1423 2695 1469 2731 z.
1522 2678 1682 2733 Muta:
1726 2676 1940 2744 novem,
1979 2679 2029 2745 b,

432 2785 483 2836 ο,
514 2770 571 2835 d,
606 2769 650 2838 ι’,
686 2786 738 2839 g,
765 2768 815 2835 k,
846 2785 903 2833 p,
926 2784 958 2838 q
1011 2775 1067 2821 et
1103 2776 1141 2821 ι.
1189 2765 1419 2821 Vocales
1481 2767 1639 2822 dictae
1690 2775 1815 2821 sunt
1875 2768 2031 2837 quasi

432 2868 700 2923 sonantes,
754 2856 883 2927 quia
911 2864 966 2911 et
991 2870 1179 2911 vocem
1203 2871 1299 2926 per
1323 2871 1383 2910 se
1427 2854 1649 2920 faciunt,
1708 2864 1762 2910 et
1785 2855 1904 2910 aliis
1932 2870 2028 2909 vo-

431 2964 551 3005 cem
579 2956 872 3019 praestant;
904 2956 1266 3003 consonantes
1287 2948 1527 3017 quidem,
1560 2947 1703 3018 quod
1730 2955 2032 3003 consonant

426 3038 708 3094 vocalibus
738 3056 751 3092 :
778 3046 833 3093 et
862 3038 1003 3093 bene
1036 3036 1292 3092 dicuntur
1320 3048 1689 3105 consonantes,
1733 3040 1878 3108 quod
1921 3041 2027 3097 duo

428 3128 548 3183 soni
604 3126 765 3182 simul
831 3136 1046 3182 sonant.
1118 3126 1482 3182 Semivocales
1523 3128 1825 3197 appellatae,
1884 3130 2029 3198 quod

425 3220 643 3291 plenam
669 3233 860 3274 vocem
910 3234 1019 3274 non
1049 3219 1273 3283 habent,
1320 3227 1380 3272 ut
1416 3218 1657 3273 semiviri
1706 3227 1762 3273 et
1812 3219 2025 3274 semidii
2054 3206 2098 3268 C

425 3310 699 3375 dicuntur,
751 3323 859 3363 non
886 3309 1029 3379 quod
1059 3309 1289 3373 dimidii,
1338 3310 1602 3378 sedquod
1651 3309 1797 3379 pleni
1829 3310 1903 3365 dii
1967 3319 2024 3365 et

422 3401 569 3473 pleni
602 3401 703 3455 viri
732 3415 839 3455 non
865 3401 973 3455 sint
1002 3417 1017 3465 ;
1048 3401 1134 3455 his
1155 3402 1200 3455 si
1221 3399 1477 3455 detrahas
1510 3402 1779 3467 vocalem,
1822 3404 2024 3459 habent

425 3500 609 3547 tamen
654 3499 712 3546 et
740 3498 959 3546 tenuem
987 3505 1182 3545 sonum
1235 3499 1290 3545 et
1331 3491 1551 3546 sibilum
1602 3493 1930 3561 quemdam;
1963 3502 2040 3548 ut'

423 3582 471 3636 si
506 3581 677 3645 dicas,
727 3592 753 3620 ι
786 3579 913 3634 tolle
959 3580 1083 3635 inde
1119 3580 1359 3634 vocalem
1406 3598 1450 3645 e,
1508 3591 1666 3635 sonat
1696 3592 1873 3638 tamen
1903 3586 2021 3653 qui-

422 3672 548 3727 dam
592 3670 783 3726 sibilus
831 3686 896 3725 ac
949 3671 1123 3725 tenuis
1171 3686 1357 3726 sonus.
1416 3670 1575 3725 Muta:
1617 3680 1799 3726 autem
1837 3674 2019 3741 dictae,

422 3777 529 3816 non
574 3761 717 3829 quod
740 3761 963 3814 omnino
984 3775 1115 3815 voce
1150 3771 1395 3827 careant,
1454 3762 1549 3817 sed
1579 3764 1723 3832 quod
1762 3764 1829 3818 ad
1873 3778 2021 3817 com-

421 3854 761 3926 parationem
814 3852 951 3906 bene
998 3853 1342 3918 sonantium,
1408 3854 1660 3924 exiguam
1729 3855 2019 3921 quamdam

419 3952 629 4014 partem
674 3943 823 3997 vocis
849 3944 1127 4007 habeant;
1178 3943 1323 3997 velut
1368 3944 1609 4011 informis
1658 3944 1853 3998 dicitur
1902 3960 2018 3999 mu-

420 4032 543 4098 lier,
589 4048 695 4087 non
725 4047 846 4101 quae
893 4040 1046 4087 caret
1073 4031 1269 4098 forma,
1318 4033 1413 4087 sed
1443 4048 1563 4102 qua:
1598 4033 1739 4087 male
1782 4042 1865 4087 est
1914 4034 2020 4088 for-

422 4133 601 4187 mata;
625 4130 680 4176 et
709 4121 961 4190 frigidum
998 4122 1227 4176 dicimus
1255 4137 1377 4176 cum
1409 4124 1498 4190 qui
1521 4141 1627 4178 non
1657 4125 1871 4191 penitus
1919 4140 2014 4178 ex-

421 4227 549 4282 pers
570 4222 654 4269 est
693 4210 913 4276 caloris,
962 4212 1057 4267 sed
1087 4212 1178 4279 qui
1208 4212 1435 4266 minimo
1464 4212 1566 4267 hoc
1594 4213 1785 4283 utitur.
1840 4212 2016 4266 Latini

420 4320 610 4362 omnes
641 4303 856 4359 vocales
896 4303 1186 4357 dichronas
1213 4303 1435 4367 habent,
1479 4304 1530 4357 id
1573 4312 1677 4367 est,
1732 4320 1851 4372 qua:
1898 4320 2018 4359 cor-

420 4398 523 4467 ripi
550 4407 777 4467 possunt
800 4403 856 4449 et
875 4395 1119 4464 produci,
1172 4395 1624 4463 quemadmodum
1659 4394 1833 4449 Graeci
1885 4404 2012 4461 tres,

2137 1958 2238 2014 pro
2286 1943 2485 2013 duplici
2525 1952 2859 1999 consonante
2884 1944 3027 2013 apud
3066 1942 3256 1998 Eolos
3283 1944 3560 1997 invenitur
3604 1944 3749 1999 scri-

2136 2042 2248 2102 pta,
2297 2034 2484 2102 sicque
2517 2042 2763 2089 nostrum
2800 2050 2829 2087 υ
2882 2032 3057 2089 locum
3086 2032 3348 2103 simplicis
3395 2032 3612 2087 videtur
3641 2033 3748 2087 ha-

2134 2124 2267 2179 bere
2290 2124 2664 2190 consonantis,
2699 2132 2762 2178 ut
2790 2141 2803 2177 :

2202 2235 2265 2284 At
2284 2234 2455 2286 Venus
2477 2235 2606 2285 haud
2631 2237 2793 2285 animo
2814 2236 3144 2299 nequidquam
3168 2238 3413 2287 exterrita
3436 2242 3626 2300 mater;

2135 2336 2365 2407 duplicis
2394 2352 2611 2407 quoque
2660 2353 2784 2392 cum
2811 2338 2868 2392 in
2906 2337 3181 2407 praeterito
3207 2336 3451 2407 perfecto
3498 2348 3553 2393 et
3584 2338 3743 2407 plus—

2134 2443 2296 2498 quam
2349 2430 2593 2500 perfecto
2638 2430 2814 2486 tertiae
2863 2440 2920 2485 et
2952 2438 3161 2500 quartae
3204 2430 3623 2501 coniugationis,
3682 2430 3744 2485 in

2136 2521 2333 2590 quibus
2364 2522 2383 2573 i
2414 2530 2539 2575 ante
2565 2537 2593 2574 v
2622 2529 3013 2576 consonantem
3036 2522 3212 2590 posita
3231 2559 3247 2585 ,
3288 2521 3611 2589 producitur
3640 2536 3744 2575 ea-

2135 2611 2366 2679 demque
2391 2611 2670 2665 subtracta
2687 2610 3001 2679 Corripitur,
3029 2619 3089 2663 ut
3113 2610 3302 2679 cupivi,
3337 2610 3501 2678 cupii,
3527 2610 3740 2678 cupive-

2134 2714 2273 2764 ram,
2322 2698 2624 2767 cupieram;
2683 2697 2886 2762 audivi,
2924 2698 3095 2762 audii,
3159 2697 3487 2762 audiveram,
3548 2698 3742 2752 audie-

2134 2804 2271 2845 ram.
2311 2789 2617 2859 Aliquando
2643 2804 2773 2845 vero
2806 2790 3022 2845 metrici
3068 2789 3171 2843 hac
3217 2789 3512 2858 digamma,
3562 2807 3591 2843 v
3624 2798 3684 2845 et
3719 2791 3741 2843 i

2134 2877 2254 2933 loco
2272 2879 2624 2934 consonantis
2646 2879 2844 2949 posita,
2873 2894 2974 2949 pro
3001 2887 3251 2947 correpta
3278 2878 3452 2934 vocali
3478 2888 3736 2945 utuntur,

2132 2978 2194 3023 ut
2234 2969 2509 3036 Horatius,
2562 2970 2706 3025 silvw
2750 2970 3123 3040 trissyllabum
3179 2970 3406 3041 protulit
3462 2970 3517 3024 in
3556 2972 3738 3041 epodo

2136 3060 2238 3115 hoc
2287 3076 2450 3116 versu
2479 3076 2493 3113 :

2380 3149 2629 3211 Nivesque
2649 3149 2902 3200 deducunt
2916 3150 3100 3211 Jovem

2380 3211 2519 3261 Nunc
2540 3210 2696 3270 mare,
2723 3224 2849 3260 nunc
2868 3210 3025 3261 silva.

2126 3294 2223 3350 Est
2267 3295 2412 3349 enim
2458 3295 2746 3350 dimetrum
2796 3294 3086 3349 iambicum
3113 3294 3462 3364 coniunctum
3494 3296 3733 3366 penthe-

2125 3386 2353 3439 mimere
2396 3386 2635 3441 heroico.
2696 3385 2765 3439 Et
2802 3384 3057 3439 Aurelius
3117 3384 3445 3440 Prudentius
3497 3385 3554 3440 in
3594 3383 3734 3458 Psy-

2125 3477 2446 3532 chomachia
2491 3492 2507 3529 :

2280 3586 2495 3650 Egregia
2518 3589 2746 3663 comitata
2767 3590 2868 3636 viro
2893 3600 2905 3635 :
2934 3599 3045 3636 nam
3072 3588 3319 3648 proximus
3342 3587 3443 3638 Iob.

2125 3687 2522 3757 Sciendumque
2565 3688 2708 3757 quod
2736 3686 2881 3741 Aioli
2913 3672 3185 3757 digamma
3233 3673 3401 3743 causa.
3430 3691 3728 3761 aSpiratio-

2122 3779 2227 3841 nis,
2291 3786 2352 3831 ut
2386 3776 2687 3847 effugerent
2732 3778 2959 3847 spiritus
3008 3778 3403 3841 austeritatem,
3450 3789 3508 3833 et
3553 3795 3726 3836 causa

2122 3867 2301 3921 hiatus
2326 3866 2616 3932 devitandi,
2658 3866 3028 3922 assumebant.
3101 3866 3210 3922 Nos
3241 3877 3421 3922 autem
3453 3870 3508 3923 in
3535 3871 3725 3927 multis

2121 3957 2359 4027 quidem,
2393 3972 2501 4011 non
2529 3966 2710 4011 tamen
2760 3958 2816 4011 in
2838 3958 3092 4013 omnibus
3133 3958 3255 4012 illos
3304 3961 3607 4029 sequimur,
3658 3971 3724 4017 ut

2120 4062 2244 4101 cum
2280 4047 2584 4101 devitantes
2611 4047 3000 4116 aspirationem
3048 4047 3302 4111 dicimus,
3331 4064 3565 4117 vespera,
3617 4050 3718 4115 vis,

2121 4136 2303 4199 vestis;
2347 4136 2579 4200 hiatum,
2633 4145 2729 4188 ut:
2760 4136 2965 4199 clauus,
3016 4137 3256 4205 argiuus,
3302 4153 3466 4205 pauo,
3539 4154 3716 4203 orum,

2122 4225 2250 4287 ovis,
2286 4223 2453 4276 bouis.
2505 4224 2584 4277 Ex
2638 4226 3058 4279 consonantibus
3108 4239 3237 4293 ergo
3285 4235 3411 4279 sunt
3454 4226 3474 4278 ι
3512 4228 3714 4282 etrli-

2120 4313 2315 4382 quidm,
2358 4314 2552 4381 quibus
2578 4314 2799 4382 quidam
2842 4315 3045 4369 addunt
3092 4331 3143 4366 m
3168 4323 3222 4368 et
3250 4332 3315 4379 n;
3352 4315 3434 4369 ha:
3492 4325 3714 4384 postpo-

2120 4405 2235 4458 sitae
2274 4404 2319 4473 ι’,
2348 4405 2659 4459 scmivccali
2696 4415 2751 4459 et
2786 4420 2880 4460 sex
2931 4406 3112 4470 mntis,
3160 4406 3211 4459 id
3238 4415 3339 4469 est,
3394 4407 3442 4469 ιι,
3475 4422 3523 4471 c,
3570 4408 3624 4469 ά,
3655 4422 3711 4475 g,

419 4511 475 4554 α,
508 4511 525 4544 ι
548 4496 603 4542 et
634 4503 696 4554 υς
732 4509 752 4542 ε
780 4500 910 4541 vero
944 4496 999 4597 et
1042 4508 1069 4541 ο
1102 4501 1316 4597 semper
1343 4485 1516 4541 Graeci
1571 4488 1762 4541 breves
1780 4487 2012 4597 lhabent,
2041 4539 2093 4597 D
2119 4517 2173 4568 ρ,
2229 4509 2267 4563 ι,
2324 4514 2422 4567 pro
2453 4499 2678 4554 arbitrio
2705 4509 2897 4569 poem,
2953 4500 3272 4568 plerumque
3298 4501 3353 4553 in
3390 4508 3567 4574 metro
3601 4502 3709 4554 vim

418 4589 475 4633 et
514 4600 543 4636 η
570 4586 625 4631 et
661 4600 702 4631 ω
740 4590 954 4645 semper
984 4575 1190 4645 longas.
1246 4574 1446 4629 Breves
1494 4584 1619 4628 sunt
1644 4574 1877 4637 vocales,
1906 4582 2005 4626 ut:

418 4684 589 4732 amor,
620 4668 740 4733 erit,
773 4668 893 4731 iter,
927 4668 1120 4735 operis,
1155 4668 1374 4734 utique;
1404 4666 1576 4735 longm
1616 4682 1628 4717 :
1658 4682 1785 4730 (cra,
1815 4675 2005 4731 erecta,

417 4762 535 4829 ivit,
592 4753 765 4824 omen,
814 4758 959 4811 utile.
1031 4757 1111 4811 Ex
1167 4758 1251 4811 his
1286 4757 1449 4827 igitur
1512 4757 1787 4811 vocalibus
1833 4758 1849 4811 ἱ
1886 4766 1940 4811 et
1974 4773 2008 4809 u

418 4864 705 4911 transeunt
766 4854 821 4908 in
862 4854 1273 4907 consonantium
1323 4859 1680 4919 potestatem;
1740 4866 1863 4906 cum
1918 4860 2012 4905 aut

418 4948 548 5017 ipsa:
588 4947 731 5000 inter
763 4960 822 5000 se
874 4945 1237 5014 geminantur,
1272 4952 1332 4996 ut
1364 4958 1377 4995 :
1411 4941 1575 5007 Juno,
1619 4946 1758 5008 vita;
1791 4953 1884 4996 ant
1912 4958 2006 4996 vo-

418 5034 626 5090 calibus
654 5035 1011 5103 applicantur,
1042 5044 1102 5085 ut
1130 5052 1140 5084 :
1172 5041 1330 5095 vates,
1381 5031 1553 5096 velox,
1583 5048 1699 5097 vox,
1747 5033 1765 5083 i
1815 5041 1873 5084 ut
1936 5032 2008 5084 ie-

418 5140 533 5188 cur,
571 5125 737 5186 iocus,
797 5123 879 5175 lue
927 5123 1091 5175 etiam
1115 5122 1306 5175 medice
1339 5123 1613 5186 dicuntur,
1669 5124 1921 5190 quoniam
1951 5122 2005 5175 in

419 5213 742 5282 quibusdam
772 5212 1097 5267 dictionibus
1157 5211 1391 5264 medium
1432 5226 1620 5265 sonum
1648 5212 1867 5276 habent,
1908 5227 2007 5267 nec

421 5305 743 5368 naturalem,
791 5319 891 5357 nec
919 5302 1216 5373 proprium,
1268 5302 1361 5356 sed
1386 5302 1621 5356 alternos
1655 5302 1793 5355 inter
1821 5319 1879 5356 se
1915 5318 2003 5355 so-

416 5412 522 5455 nos
546 5397 905 5461 contundunt,
935 5405 1020 5450 ut:
1046 5398 1124 5449 vir
1143 5397 1387 5465 optimus.
1418 5393 1483 5447 Et
1505 5396 1521 5446 i
1547 5395 1763 5463 quidem
1789 5395 2004 5464 quando

416 5498 542 5563 post
576 5508 607 5542 η
643 5497 1028 5544 consonantem
1056 5487 1174 5541 loco
1208 5487 1476 5557 digamma
1527 5484 1765 5541 functam
1814 5476 2009 5540 Aiolicl

421 5582 659 5652 ponitur,
696 5580 873 5633 brevis
903 5589 1020 5643 est;
1050 5587 1307 5647 sequente
1338 5580 1391 5643 d,
1427 5586 1480 5631 et
1503 5595 1573 5641 m,
1604 5586 1658 5632 et
1687 5594 1733 5642 r,
1780 5587 1831 5631 et
1875 5588 1913 5642 t,
1956 5587 2009 5631 et

428 5690 480 5737 τ,
512 5687 701 5726 sonum
730 5688 761 5739 y
789 5670 975 5725 Graece
1020 5670 1233 5724 videtur
1257 5669 1481 5734 habere,
1524 5677 1582 5723 ut
1613 5682 1627 5721 :
1662 5669 1829 5733 video,
1872 5669 2001 5733 vim,

496 5798 522 5826 ι
564 5785 724 5839 Deest
744 5783 962 5854 aliquid.

2120 4588 2464 4639 consonantis
2494 4588 2768 4651 amittunt,
2795 4598 2849 4641 et
2888 4588 3105 4642 brevem
3131 4587 3390 4658 syllabam
3434 4582 3707 4653 rcdduﬁl;

2119 4690 2183 4727 ac
2231 4675 2351 4728 ideo
2392 4674 2703 4729 Priscianus
2749 4676 2950 4739 docuit,
2996 4677 3025 4745 f
3067 4678 3239 4747 magis
3283 4688 3489 4731 mutam
3544 4694 3710 4747 esse,

2120 4764 2147 4802 δ
2171 4764 2262 4832 qui
2290 4765 2334 4817 si
2359 4773 2441 4817 est
2468 4772 2616 4817 muta
2647 4765 2901 4833 quaelibet
2930 4766 3149 4835 liquidis
3178 4768 3513 4836 praeponitur
3543 4778 3601 4824 et
3630 4769 3712 4824 lo-

2119 4870 2240 4908 cum
2271 4854 2460 4907 litterae
2483 4878 2514 4928 φ
2542 4854 2744 4909 Grmcae
2788 4865 2949 4909 mutae
2987 4857 3125 4926 apud
3159 4873 3259 4913 nos
3293 4859 3526 4922 obtinet,
3570 4872 3712 4933 pra-

2117 4952 2200 4997 ter
2225 4944 2369 5013 quod
2406 4943 2527 4997 lixis
2557 4943 2740 5009 labris,
2779 4946 3050 5013 quomodo
3078 4970 3131 5019 φ,
3166 4946 3562 5017 pronuntianda
3593 4961 3707 5003 non

2111 5041 2231 5099 est;
2271 5032 2301 5085 k
2324 5034 2468 5087 enim
2498 5042 2552 5087 et
2577 5052 2627 5103 q,
2661 5037 2907 5103 quamvis
2952 5036 3125 5103 ﬁgura
3156 5043 3211 5089 et
3238 5036 3457 5090 nomine
3481 5036 3709 5091 videan-

2111 5134 2198 5178 tur
2262 5126 2496 5195 aliquam
2540 5124 2738 5178 haberc
2794 5124 3156 5177 ditferentiam
3217 5140 3341 5179 cum
3392 5142 3441 5190 c,
3516 5135 3705 5181 tamen

2110 5217 2351 5270 eamdem
2402 5224 2510 5269 tam
2538 5217 2589 5269 in
2620 5231 2751 5269 sono
2792 5230 2982 5269 vocum
3024 5230 3183 5284 quam
3239 5217 3293 5269 in
3320 5225 3494 5270 metro
3546 5226 3703 5286 pote-

2109 5316 2303 5361 statem
2330 5309 2638 5371 continent;
2671 5318 2725 5360 et
2775 5306 2804 5356 k
2845 5306 3060 5375 quidem
3102 5306 3319 5375 penitus
3364 5320 3700 5374 supervacua

2112 5403 2212 5455 est,
2267 5396 2407 5450 nulla
2440 5398 2583 5450 enim
2637 5395 2848 5449 videtur
2888 5395 3027 5449 ratio
3059 5410 3156 5449 cur
3204 5412 3235 5446 a
3288 5404 3548 5463 sequente
3580 5396 3701 5453 hac

2114 5486 2277 5541 scribi
2317 5488 2546 5541 debeat:
2572 5485 2841 5556 Carthago
2878 5485 3021 5539 enim
3062 5494 3115 5538 et
3162 5473 3320 5552 caput
3356 5484 3468 5539 sive
3493 5501 3593 5557 per
3640 5486 3697 5553 Ιι,

2112 5579 2226 5633 sive
2264 5593 2361 5646 per
2392 5595 2417 5629 ε
2458 5578 2784 5641 scribantur,
2841 5577 3040 5629 nullam
3087 5574 3295 5629 faciunt
3343 5590 3445 5631 nec
3470 5579 3525 5632 in
3561 5592 3698 5633 sono

2114 5685 2211 5723 nec
2255 5670 2305 5721 in
2331 5676 2594 5737 potestate
2628 5668 2869 5736 ejusdem
2899 5665 3245 5721 consonantis
3282 5662 3645 5721 diﬁ‘erentiam
3673 5679 3692 5732 ;

2184 5783 2210 5821 ι)
2238 5782 2408 5835 Locus
2436 5781 2772 5849 depravatus.
