3918 6324
221 318 316 373 617

1022 318 1413 377 EXCERPTIO
1445 321 1533 377 DE
1566 318 1751 374 ARTE
1788 318 2241 376 GRAMMATICA
2279 318 2637 377 PRISCIANI.

3360 330 3462 388 618

222 454 247 506 ιι
291 450 420 489 vero
459 442 684 502 propter
724 435 855 489 nihil
897 435 1040 490 aliud
1081 437 1363 491 scribenda
1404 436 1617 493 videtur
1645 451 1785 499 esse,
1816 439 1863 497 A
1892 436 2075 503 ptione
2110 436 2443 501 litterarum;
2478 422 2840 510 ἁυλλαμϐανειν
2876 438 3018 494 enim
3064 440 3261 497 dicitur
3285 437 3438 501 conci

220 528 317 580 nisi
362 533 421 578 ut
446 526 694 578 ostendat
724 536 1037 595 sequentem
1078 545 1104 579 v
1144 537 1267 583 ante
1298 528 1523 583 alteram
1554 528 1792 583 vocalem

220 615 269 669 in
305 614 493 669 eadem
539 614 742 684 syllaba
791 616 1021 684 positam
1065 618 1296 684 perdere
1350 619 1457 672 vim
1503 618 1692 673 litterae
1740 619 1792 672 in

218 715 407 761 metro.
463 704 516 757 II
549 702 725 759 autem
755 706 1094 774 aspirationis
1116 716 1199 762 est
1230 716 1378 773 nota,
1410 717 1463 761 et
1489 708 1620 761 nihil
1651 708 1791 760 aliud

217 795 373 850 habet
403 796 596 850 litterae
629 797 731 850 nisi
762 794 1003 864 ﬁgurant,
1069 806 1129 851 ut
1160 798 1465 851 Priscianus
1487 798 1633 851 dicit.
1685 797 1793 850 Ali-

215 889 298 958 qui
345 898 522 943 tamen
573 889 909 958 grammatici
963 888 1193 943 litteram
1239 905 1358 944 eam
1415 903 1534 944 esse
1582 890 1785 948 dicunt.

215 981 329 1050 quia
360 996 509 1034 more
542 980 886 1034 consonantis
913 980 1106 1034 litterte
1134 982 1185 1035 in
1209 992 1383 1036 metro
1408 996 1548 1049 saepe
1570 981 1785 1035 brevem

212 1074 464 1145 syllabam
500 1074 712 1143 longam
751 1074 942 1127 reddit.
991 1074 1134 1137 Haec,
1182 1074 1224 1127 si
1257 1092 1283 1127 c
1306 1082 1467 1127 mutae
1507 1072 1784 1139 subiuncta

209 1163 386 1228 fuerit,
432 1186 473 1235 χ
517 1172 669 1217 notat
706 1163 979 1229 Graecam;
1022 1165 1066 1219 si
1107 1182 1139 1233 p
1168 1163 1457 1233 prmposita
1510 1161 1692 1226 fuerit,
1753 1186 1783 1233 φ

209 1254 490 1321 signiﬁcat.
534 1256 663 1309 ltem
696 1255 739 1309 si
770 1255 927 1309 fuerit
963 1266 981 1307 t
1011 1255 1296 1324 prmposita
1335 1253 1651 1322 aspirationi
1689 1250 1797 1321 pro'

206 1346 491 1413 Oponitur.
553 1346 609 1401 Si
642 1364 700 1416 ps
734 1345 889 1401 simul
935 1346 1139 1415 posit:e,
1172 1346 1209 1415 ψ
1247 1343 1489 1399 Graecam
1540 1353 1786 1397 asserunt

205 1434 454 1500 litteram,
498 1445 550 1491 et
597 1438 711 1490 haec
758 1437 811 1489 in
846 1435 1144 1505 peregrinis
1188 1434 1527 1495 dictionibus,
1575 1441 1631 1486 ut
1666 1432 1787 1486 Chi-

204 1540 382 1588 mcera,
419 1525 778 1594 philosophus,
815 1524 1083 1595 tltelesfor,
1126 1524 1561 1594 psalmigraphus.
1614 1522 1785 1578 Ctete-

202 1630 313 1669 rum
354 1616 386 1667 Ιι
410 1615 686 1670 vocalibus
718 1631 992 1685 nunquam
1022 1616 1339 1685 supponitur
1380 1614 1481 1668 nisi
1524 1614 1577 1667 in
1618 1614 1785 1667 inter-

194 1707 444 1777 iectione,
494 1718 582 1773 an,
611 1710 695 1773 ali,
732 1724 851 1778 qua:
883 1708 1226 1763 obturbantis
1270 1716 1327 1761 et
1347 1706 1576 1761 dolentis
1607 1706 1779 1775 signi-

1894 525 2225 593 perezunde
2271 539 2396 580 vere
2445 534 2527 580 est
2574 526 2659 580 illa
2702 526 2920 597 syllaba,
2952 545 3069 598 quae
3106 547 3172 587 ex
3222 532 3463 603 pluribus

1895 617 2136 671 nascitur
2152 615 2366 671 litteris.
2399 617 2444 671 A
2481 617 2700 688 singulis
2749 627 2927 675 tamen
2957 622 3215 692 incipiens
3235 627 3461 698 syllaba,

1893 720 1996 759 non
2025 706 2147 774 plus
2173 721 2335 775 quam
2382 708 2449 762 ad
2501 722 2591 763 sex
2638 708 2845 764 litteras
2885 712 2938 765 in
2982 711 3184 769 Latino
3211 731 3463 777 sermone

1888 794 2180 862 procedere
2208 803 2401 865 potest,
2434 805 2493 849 ut
2523 814 2578 860 α,
2626 798 2711 862 ab,
2755 810 2849 864 est,
2892 818 3051 866 mars,
3082 813 3246 871 stans,
3285 810 3460 880 stirps.

1887 884 2250 941 Etsciendum
2279 896 2361 941 est
2389 889 2529 958 quod
2562 889 2704 943 nulla
2746 891 2947 961 syllaba
2980 901 3090 949 tres
3122 898 3337 953 vocales
3365 902 3462 955 ha-

1885 977 2011 1031 beat
2041 997 2051 1032 :
2081 981 2222 1033 unde
2250 997 2279 1032 ιι
2303 981 2396 1034 eti
2427 997 2531 1035 non
2578 982 2736 1036 aliter
2758 984 3057 1054 junguntur
3091 988 3460 1063 diphthongis,

1886 1065 1990 1118 nisi
2016 1065 2147 1130 loco
2178 1069 2367 1137 positae
2398 1073 2835 1138 consonantium,
2866 1083 2923 1127 ut
2952 1076 3145 1141 silum,
3185 1078 3388 1149 Troiw;
3424 1100 3459 1137 ts

1888 1164 2093 1210 tantum
2122 1159 2272 1231 jungi
2322 1171 2499 1229 potest
2540 1164 2892 1235 diphthongo,
2943 1182 3063 1221 cum
3110 1172 3305 1226 amittit
3348 1175 3457 1229 vim

1886 1245 2095 1312 litterae,
2133 1259 2207 1311 ιιι,
2239 1267 2374 1320 quw,
2402 1252 2627 1321 linguce;
2658 1263 2711 1307 et
2737 1270 2875 1324 srepe
2901 1273 3006 1315 una
3034 1261 3238 1315 vocalis
3265 1265 3461 1332 produ-

1886 1342 1973 1387 cta
2014 1335 2283 1391 invenitur
2304 1352 2403 1406 pro
2435 1340 2767 1412 diphthongo
2798 1346 2992 1412 posita,
3026 1357 3083 1400 ut
3128 1350 3333 1418 inquiro
3362 1369 3461 1421 pro

1885 1440 2087 1491 qurero,
2128 1425 2357 1489 includo,
2396 1442 2494 1494 pro
2526 1428 2734 1495 claudo,
2768 1434 2945 1485 occido
2984 1451 3082 1504 pro
3106 1439 3270 1501 ca'do,
3312 1442 3459 1496 illido

1884 1526 1983 1579 pro
2010 1511 2163 1577 lredo,
2195 1512 2352 1568 Nilus
2392 1516 2490 1583 pro
2540 1505 2744 1583 Neilus,
2791 1538 2939 1575 musa
2965 1534 3063 1593 pro
3109 1543 3320 1596 moysa;
3350 1540 3405 1585 et
3429 1548 3462 1588 e

1885 1602 2157 1655 contrario
2184 1618 2279 1672 pro
2313 1604 2468 1675 longa
2514 1608 2682 1662 voeali
2732 1610 2824 1686 ﬁet
2872 1612 3254 1685 diphthongus,
3282 1628 3342 1673 ut
3373 1622 3455 1676 la-

1886 1706 1995 1753 vor,
2025 1691 2237 1756 lautus;
2268 1694 2437 1762 faveo,
2466 1697 2678 1765 fautus;
2707 1702 2833 1764 avis,
2876 1719 3081 1773 auceps.
3129 1704 3233 1763 Sed
3261 1716 3313 1764 et
3355 1711 3461 1771 hoc

200 1796 359 1852 ﬁcant
399 1797 670 1853 alTectum.
718 1798 755 1853 S
790 1814 1002 1877 quoque
1035 1797 1321 1868 singularis
1345 1805 1430 1851 est
1471 1797 1775 1865 potestatis,
1808 1780 1854 1840 B
1884 1783 2175 1837 “Olandum
2213 1794 2295 1838 ρει
2328 1788 2470 1855 quod
2516 1790 2561 1842 si
2596 1792 2916 1845 antecedant
2946 1802 3058 1849 tres
3101 1811 3460 1861 consonantes

196 1904 308 1960 qua:
361 1890 416 1943 in
438 1899 611 1944 metro
632 1890 740 1943 vim
772 1906 921 1943 suam
947 1890 1254 1958 frequenter
1279 1889 1496 1943 amittit.
1540 1887 1665 1941 llmc
1686 1888 1781 1941 ali-

193 1982 424 2051 quando,
486 1982 541 2035 in
586 1983 759 2052 capite
809 1983 960 2036 verbi
1012 1982 1297 2051 praeposita
1341 1981 1523 2035 alterm
1582 1996 1775 2035 conso—

193 2074 362 2137 nanti,
418 2074 771 2143 praecedentis
809 2074 958 2127 verbi
1017 2073 1366 2127 novissimam
1408 2072 1668 2142 syllabam
1722 2073 1773 2125 in

192 2162 406 2217 brevem
462 2164 701 2218 vocalem
752 2163 1083 2218 desinentem
1144 2163 1416 2232 producit,
1484 2162 1775 2230 aliquando

194 2262 490 2320 correptam
550 2252 821 2321 relinquit.
890 2251 1043 2305 Hanc
1084 2263 1136 2305 et
1179 2250 1466 2320 aliquando
1495 2250 1549 2303 in
1594 2250 1773 2305 medio

191 2344 351 2397 verbo
378 2343 531 2397 alteri
558 2344 872 2397 consonanti
902 2344 1246 2413 praepositam
1271 2342 1591 2411 liquentium
1623 2356 1772 2396 more

192 2433 451 2503 disperire
498 2434 713 2503 quidam
749 2434 953 2497 dicunt,
1007 2443 1065 2487 ut
1100 2435 1152 2487 in
1188 2432 1277 2486 illo
1317 2431 1526 2502 Virgilii
1559 2448 1574 2486 :

307 2531 545 2581 Hortatur
572 2532 843 2591 Mnesteus,
872 2530 1025 2589 Nunc,
1049 2544 1175 2579 nunc
1194 2531 1435 2592 insurgite
1459 2531 1629 2579 remis.

188 2607 233 2661 X
261 2611 455 2680 duplex
493 2613 650 2665 modo
688 2626 787 2680 pro
815 2628 889 2675 cs,
937 2612 1095 2665 modo
1123 2626 1221 2680 pro
1246 2628 1302 2680 gs
1348 2610 1627 2679 accipitur,
1668 2618 1765 2663 ut:

184 2717 329 2769 apex,
353 2704 541 2771 apitis,
566 2718 710 2771 grex,
737 2703 939 2771 gregis;
970 2701 1164 2754 transit
1194 2710 1372 2754 tamen
1399 2700 1682 2769 aliquando
1712 2700 1765 2752 in

183 2806 211 2845 ιι
236 2800 644 2853 consonantem,
694 2800 795 2845 ut:
839 2793 951 2855 nix,
993 2792 1145 2855 nivis,
1183 2804 1282 2845 nec
1326 2806 1435 2844 non
1476 2792 1531 2844 in
1562 2800 1630 2855 ἐ,
1660 2798 1760 2844 ut:

184 2896 303 2943 nox,
348 2882 551 2944 noctis;
588 2882 729 2935 subit
760 2881 922 2935 etiam
957 2881 1074 2933 loco
1109 2881 1475 2949 aspirationis,
1524 2888 1584 2933 ιιι
1617 2881 1761 2943 veho,

180 2970 309 3033 veri,
348 2973 521 3034 traho,
557 2972 727 3035 traxi;
760 2973 853 3025 sed
876 2973 988 3027 haec
1028 2980 1213 3026 contra
1244 2972 1479 3041 regulam
1508 2971 1763 3026 declinari

183 3059 445 3115 videntur.
476 3060 517 3112 Ζ
548 3062 602 3114 in
632 3063 823 3131 grumis
854 3062 1225 3116 tantummodo
1267 3064 1484 3130 ponitur
1513 3062 1762 3117 dictioni-

1883 1874 2148 1940 vocalem,
2188 1892 2293 1930 non
2335 1890 2557 1948 possunt
2592 1882 2694 1935 nisi
2737 1884 2841 1937 duo
2881 1891 3159 1957 consequi,
3204 1902 3263 1946 ut
3310 1913 3458 1949 mou-

1882 1975 2076 2031 strans,
2100 1970 2295 2023 scrobs.
2325 1968 2435 2025 Nec
2470 1973 2665 2027 iterum
2696 1975 2754 2051 si
2780 1985 3200 2047 conseQuantur,
3232 2000 3458 2053 possunt

1880 2058 2199 2111 antecedere
2246 2060 2347 2113 nisi
2392 2062 2530 2127 duae,
2563 2075 2622 2116 ut
2663 2066 2838 2133 stirps.
2886 2068 3018 2123 Tres
3050 2082 3231 2127 autem
3264 2092 3455 2133 conso-

1878 2156 2070 2202 nantes
2097 2164 2202 2202 non
2232 2162 2461 2219 possunt
2494 2154 2653 2207 aliter
2675 2154 2827 2225 jungi
2853 2158 2905 2210 in
2935 2160 3201 2232 principio
3238 2167 3456 2237 syllabze

1877 2242 1931 2293 ni
1962 2242 2032 2294 sit
2060 2244 2231 2311 prima
2256 2261 2279 2297 s
2306 2253 2361 2299 et
2385 2248 2621 2301 secunda
2654 2257 2776 2316 post
2802 2266 2826 2303 s
2848 2251 2932 2304 vel
2956 2268 3003 2315 c,
3030 2254 3113 2307 vel
3140 2273 3193 2323 p,
3226 2258 3306 2312 vel
3331 2270 3370 2322 t,
3403 2270 3457 2315 et

1876 2333 2036 2386 tertia
2067 2332 2084 2384 ι
2106 2334 2188 2388 vel
2214 2351 2241 2387 r
2267 2326 2363 2388 :ut
2382 2337 2638 2406 sculptile,
2665 2339 2956 2407 splendens,
2982 2345 3173 2410 scriba,
3206 2358 3451 2417 stratum,

1872 2426 2083 2493 sprevit.
2118 2424 2172 2478 ln
2206 2426 2310 2482 line
2346 2444 2477 2483 vero
2509 2429 2759 2485 dictionis
2779 2442 2967 2487 contra
3021 2436 3319 2494 invenimus
3346 2446 3457 2512 pri-

1872 2530 2018 2568 mam
2044 2515 2303 2585 liquidam
2332 2531 2644 2589 sequentem
2678 2532 2906 2588 mutam,
2941 2535 3271 2593 postremam
3305 2550 3345 2595 s,
3372 2546 3451 2598 ut,

1872 2608 2015 2675 urbs,
2048 2611 2237 2680 stirps:
2266 2609 2492 2666 duarum
2540 2614 2701 2683 igitur
2744 2622 3152 2675 consonantium
3197 2624 3355 2679 simul
3393 2628 3445 2680 in

1870 2698 2075 2767 syllaba
2112 2702 2407 2770 positarum
2460 2705 2562 2758 ista
2608 2708 2747 2761 ratio
2785 2719 2886 2764 est.
2928 2710 3291 2771 Semivocales
3328 2720 3449 2775 aliis

1870 2789 2280 2877 semivocalibus
2315 2804 2700 2864 praeponuntur
2752 2800 2803 2852 in
2860 2802 3047 2856 eadem
3095 2805 3319 2875 syllaba,
3363 2816 3444 2877 ut,

1871 2876 2159 2950 Mnesteus,
2190 2884 2379 2948 amnis,
2422 2882 2702 2954 Smyrna,-
2722 2892 3064 2960 smaragdus;
3098 2910 3222 2948 nam
3252 2898 3443 2953 vitium

1868 2965 2078 3022 faciunt
2108 2974 2198 3039 qui
2236 2989 2319 3025 2m
2364 2975 2638 3040 scribunt;
2670 2992 2943 3047 nunquam
2979 2983 3123 3036 enim
3170 2986 3363 3055 duplex
3391 2991 3446 3044 in

1869 3056 2055 3147 capite
2088 3059 2302 3128 syllaba:
2344 3071 2524 3129 potest
2566 3079 2687 3118 cum
2734 3065 2836 3120 alia
2865 3067 3015 3139 jungi
3068 3087 3401 3133 consonante
3426 3122 3442 3147 ,

179 3156 306 3219 bus;
339 3171 441 3225 pro
478 3156 578 3209 hac
624 3164 864 3210 veterum
912 3157 1128 3224 quidam
1162 3157 1179 3206 ἰ
1212 3155 1450 3209 vocalem
1489 3155 1762 3218 dixerunt,

1870 3146 2010 3213 quod
2038 3126 2286 3204 Lucanus
2313 3126 2545 3207 ostendit
2583 3154 2636 3208 in
2668 3126 2883 3212 decimo
2903 3177 2914 3211 :

177 3246 390 3315 quidam
422 3247 554 3300 duas
597 3263 647 3299 ss
688 3246 924 3300 scribere
976 3245 1256 3299 solebant:
1286 3244 1429 3297 unde
1451 3244 1640 3313 iugum
1682 3244 1763 3297 di-

176 3345 317 3389 ctum
359 3346 457 3393 est,
485 3336 632 3389 velut
677 3352 867 3405 zugon,
914 3344 968 3388 et
1009 3334 1216 3404 Jupiter
1258 3334 1404 3388 velut
1454 3345 1758 3404 zeuspater;

177 3427 301 3481 item
328 3426 665 3489 Messentius,
692 3433 746 3479 et
780 3420 1047 3494 petissare,
1082 3433 1136 3477 et
1162 3410 1452 3489 tablissar'e,
1480 3433 1533 3478 et
1567 3433 1757 3479 caetera

176 3514 480 3583 hujusmodi
533 3529 689 3567 usum
738 3522 976 3568 veterem
1024 3512 1389 3567 declarabant.
1446 3499 1582 3567 lllud
1621 3531 1819 3584 prre-VV

176 3614 321 3660 terea
361 3606 521 3659 nobis
574 3604 928 3658 intimandum
979 3613 1065 3658 est
1109 3604 1250 3673 quod
1291 3604 1530 3658 omnium
1570 3619 1759 3660 conso-

172 3699 415 3751 nantium
458 3696 760 3750 litterarum
797 3698 899 3750 ista
938 3704 1129 3749 natura
1178 3697 1269 3760 sit,
1306 3704 1365 3749 ut
1408 3696 1757 3751 semivocales

171 3802 355 3843 omnes
382 3790 452 3842 ab
478 3806 505 3841 e
534 3789 807 3857 incipiant,
851 3797 904 3843 et
942 3789 995 3842 in
1046 3804 1103 3843 se
1132 3787 1401 3853 desinant,
1437 3798 1659 3858 excepta
1697 3806 1754 3853 ετ,

170 3896 285 3949 qua:
312 3883 382 3935 ab
414 3882 431 3931 i
471 3881 692 3948 incipit;
724 3888 779 3933 et
823 3890 985 3935 mutae
1010 3894 1199 3934 omnes
1228 3895 1256 3932 a
1289 3895 1347 3934 se
1388 3880 1669 3949 incipiant,
1702 3890 1757 3934 et

170 3970 220 4022 in
249 3988 275 4023 ε
311 3956 590 4034 desinant,
637 3972 875 4040 exceptis
900 3972 929 4022 k
958 3980 1013 4024 et
1037 3989 1069 4040 g
1099 3980 1153 4024 et
1193 3972 1245 4023 Ιι.
1297 3971 1577 4027 Postremo
1626 3972 1755 4027 illud

166 4060 466 4113 notandum
498 4069 580 4113 est
614 4061 754 4128 quod
790 4060 1075 4128 unicuique
1106 4061 1300 4114 litterae
1340 4062 1592 4116 accidunt
1622 4074 1751 4129 tres,

166 4152 215 4205 id
236 4162 337 4216 est,
372 4170 593 4217 nomen,
634 4169 740 4222 quo
781 4153 1088 4207 nominatur
1136 4162 1189 4206 et
1218 4154 1637 4222 pronuntiatur;
1686 4156 1750 4209 ﬁ-

163 4260 315 4313 gura,
348 4260 458 4312 qua
493 4245 691 4313 scripta
720 4244 981 4312 aspicitur
1006 4253 1059 4298 et
1080 4253 1326 4309 notatur;
1359 4238 1629 4314 potestas,‘
1644 4262 1750 4315 qua

162 4335 225 4388 ad
248 4338 642 4404 proprietatem
674 4351 827 4388 suam
862 4351 891 4387 a
936 4335 1158 4403 reliquis
1188 4335 1239 4388 in
1274 4336 1495 4390 metrica
1544 4336 1751 4390 ratione

1992 3248 2155 3312 Terga
2186 3251 2395 3301 sedente
2419 3254 2592 3302 crebro
2613 3256 2812 3304 macula:
2834 3258 3056 3310 distincta
3076 3266 3356 3330 smaragdo;

1868 3348 1990 3387 nam
2025 3334 2129 3387 nisi
2159 3343 2303 3389 esset
2330 3353 2354 3390 s
2376 3346 2502 3391 ante
2537 3356 2608 3402 in,
2652 3340 2898 3395 subtrahi
2928 3343 2979 3396 in
3020 3354 3194 3402 metro
3223 3351 3445 3407 minime

1864 3425 2158 3493 potuisset;
2186 3426 2372 3480 senim
2430 3428 2483 3481 in
2536 3438 2709 3485 metro
2754 3447 2893 3502 saepe
2948 3435 3053 3488 vim
3099 3444 3445 3497 consonantis

1864 3514 2082 3578 amittit,
2114 3523 2237 3569 ante
2281 3514 2440 3569 aliam
2472 3530 2862 3575 consonantem
2913 3524 2963 3577 in
3006 3529 3192 3582 eadem
3236 3532 3440 3601 syllaba

1863 3602 2058 3671 posita,
2096 3620 2125 3655 ι
2155 3611 2333 3658 autem
2365 3622 2471 3660 non
2524 3608 2627 3662 nisi
2668 3621 2926 3678 sequatur
2951 3627 3252 3687 correptam
3282 3637 3438 3677 voca-

1862 3691 1989 3755 lem,
2029 3700 2084 3746 et
2125 3692 2310 3760 altera,
2342 3710 2463 3749 mox
2512 3698 2611 3752 sibi
2665 3710 2940 3769 sequatur.
2977 3703 3033 3757 ln
3067 3707 3173 3760 line
3221 3726 3439 3781 quoque

1862 3780 2078 3849 syllabae
2113 3798 2300 3836 omnes
2340 3784 2554 3853 liquidae
2582 3788 2757 3843 solent
2797 3799 2921 3844 ante
2948 3809 2972 3846 s
2998 3795 3141 3862 poni,
3177 3807 3254 3862 ιιι,
3294 3802 3433 3868 pals,

1860 3886 1964 3930 ars,
2014 3871 2209 3940 hyems,
2237 3888 2386 3941 pons.
2438 3872 2699 3929 Similiter
2742 3888 2866 3932 ante
2890 3896 2927 3932 at
2965 3893 3209 3952 excepta,
3241 3902 3312 3951 ιη,
3357 3898 3432 3951 ιιι,

1860 3959 1990 4027 falx,
2042 3961 2188 4026 lanx,
2224 3979 2340 4016 arx.
2386 3964 2443 4017 ln
2475 3966 2661 4020 multis
2704 3978 2881 4022 autem
2913 3984 3295 4041 praeponuntur
3330 3980 3357 4031 b
3386 3988 3441 4033 et

1855 4066 1907 4119 g,
1943 4050 2197 4119 sequente
2221 4052 2275 4117 ά,
2302 4062 2381 4117 ιιι,
2424 4054 2681 4125 bdelyros,
2710 4057 2973 4124 bdellium,
3006 4078 3173 4131 genus
3216 4065 3432 4136 lapidis,

1856 4142 2228 4211 mygdonides;
2252 4160 2278 4195 ε
2303 4158 2433 4197 vero
2455 4152 2507 4197 et
2534 4162 2566 4213 p
2596 4157 2981 4215 praeponuntur
3004 4164 3260 4221 sequente
3289 4166 3327 4221 t,
3351 4167 3432 4223 ιιι,

1855 4231 2037 4299 lectus,
2068 4244 2238 4303 aptus.
2276 4234 2624 4290 Semivocalis
2648 4238 2789 4291 nulla
2820 4244 3148 4311 praeponitur
3172 4248 3335 4303 mutis
3376 4250 3432 4304 in

1854 4325 2029 4391 capite
2058 4323 2328 4389 dictionis,
2356 4327 2458 4380 nisi
2481 4344 2504 4379 s
2536 4338 2794 4395 sequente
2831 4330 2879 4394 b,
2911 4340 2964 4384 et
2991 4349 3039 4397 ο,
3071 4344 3125 4388 et
3147 4352 3200 4405 q,
3222 4347 3275 4391 et
3300 4357 3351 4408 p,
3378 4350 3434 4395 et

162 4435 480 4494 segregatur
503 4434 555 4477 et
588 4424 922 4493 intelligitur,
954 4434 1133 4477 utrum
1164 4424 1233 4478 sit
1261 4426 1481 4489 vocalis,
1519 4441 1586 4479 an
1615 4443 1745 4480 con-
1774 4464 1780 4472 .

1867 4425 1894 4477 ‘,
1919 4424 1999 4477 ut,
2028 4416 2277 4478 asbestus,
2311 4426 2536 4479 scutum,
2569 4419 2833 4487 squalens,
2886 4433 3082 4492 sperat,
3119 4436 3282 4479 stans.
3319 4428 3431 4481 Mu-

159 4531 381 4580 sonans,
409 4532 480 4569 an
516 4516 733 4585 duplex,
778 4533 844 4569 an
886 4516 1243 4579 semivocalis,
1274 4532 1339 4568 an
1387 4525 1551 4577 muta,
1582 4532 1647 4570 an
1680 4517 1745 4570 li-

157 4609 339 4674 quida.
371 4608 590 4661 Accidit
619 4608 780 4659 etiam
809 4610 1104 4661 secundum
1138 4607 1345 4676 aliquos
1375 4619 1625 4663 auctores
1660 4610 1748 4663 lit-

160 4701 288 4752 teris
313 4701 474 4760 ordo,
508 4714 613 4768 quo
657 4698 761 4751 alia
807 4701 1081 4767 przecedit,
1116 4701 1217 4753 alia
1267 4697 1633 4770 subsequitur,
1670 4705 1743 4758 ita

157 4795 212 4839 ut
240 4806 270 4839 (ι
295 4789 453 4856 prior
480 4792 569 4851 sit,
618 4790 951 4857 subsequens
974 4790 1021 4852 b,
1057 4790 1213 4843 tertia
1254 4808 1299 4854 ο,
1332 4806 1395 4845 ac
1421 4793 1613 4846 teleinde
1640 4808 1744 4847 ete-

158 4886 284 4930 terre
314 4878 368 4930 in
398 4880 647 4932 ordinem
680 4880 892 4933 litterte.
926 4880 968 4931 A
994 4888 1170 4933 autem
1202 4881 1256 4932 in
1295 4882 1545 4936 omnibus
1574 4885 1744 4953 genti-

157 4970 251 5025 bus
284 4971 408 5026 ideo
440 4972 591 5040 prior
616 4982 698 5025 est
725 4974 1044 5037 litterarum,
1072 4990 1167 5043 pro
1196 4990 1259 5029 eo
1286 4977 1427 5043 quod
1458 4976 1569 5044 ipsa
1592 4978 1741 5045 prior

158 5064 512 5118 nascentibus
548 5078 733 5117 vocem
772 5066 963 5134 aperit.

779 5157 854 5210 De
892 5159 1116 5227 syllaba.

228 5248 449 5317 Syllaba
479 5258 560 5303 est
585 5248 799 5318 proprie
840 5250 1185 5319 congregatio
1213 5259 1303 5303 aut
1331 5250 1739 5318 comprehensio

158 5335 484 5403 litterarum,
515 5339 613 5392 sub
642 5353 749 5392 uno
775 5346 997 5392 accentu
1031 5348 1085 5391 et
1114 5355 1223 5393 uno
1264 5340 1449 5409 Spiritu
1486 5340 1689 5408 prolata
1718 5359 1731 5406 ;

158 5427 376 5481 abusive
423 5436 606 5482 tamen
652 5429 812 5484 etiam
862 5427 1212 5498 Singularium
1272 5431 1525 5485 vocalium
1575 5446 1737 5485 sonos

159 5517 384 5588 syllabas
424 5522 766 5576 nominamus
798 5520 1036 5589 :syllaba
1072 5519 1281 5586 Graece,
1314 5522 1504 5577 Latine
1557 5537 1738 5575 conce-

152 5609 280 5675 ptio,
323 5610 439 5663 sive
478 5611 764 5679 complexio
796 5611 1009 5665 dicitur.
1053 5610 1190 5664 Nam
1220 5613 1419 5682 syllaba
1460 5612 1604 5667 dicta
1654 5621 1737 5667 est

161 5699 360 5757 ἀπὸτοῦ
400 5702 769 5765 συλλαμξάνιιν
799 5707 861 5758 τὰ
884 5706 1184 5777 γράμματα,
1233 5703 1286 5757 ill
1316 5712 1419 5769 est,
1466 5719 1495 5758 a
1538 5722 1731 5763 concc-

597 5794 864 5856 ΡΑτιιοι..
902 5798 1058 5859 CXI.

1853 4512 1919 4558 ue
1945 4521 2155 4575 quoque
2195 4520 2381 4560 omnes
2409 4520 2543 4575 pene
2573 4510 2822 4563 omnibus
2861 4524 3244 4579 prmponuntur
3277 4518 3433 4586 liqui-

1850 4597 1951 4658 dis,
1986 4604 2061 4661 ut,
2120 4596 2563 4662 blandus,claret,
2588 4598 2803 4653 abodlas
2831 4602 2954 4670 (hoc
2978 4612 3059 4655 est
3088 4620 3281 4659 nomen
3306 4608 3433 4661 bar--

1849 4684 2088 4755 barum),
2118 4685 2331 4753 glacies,
2362 4686 2571 4751 tlemus,
2599 4688 2805 4757 planus,
2834 4692 3021 4758 ﬂavus,
3056 4688 3257 4759 abnuo,
3306 4697 3431 4751 Cni-

1848 4782 1993 4845 dum,
2024 4781 2274 4845 Ariadne,
2299 4780 2490 4846 Gneus,
2528 4782 2769 4848 AE'tnam,
2801 4787 3133 4853 contempnit,
3162 4785 3427 4855 Brennus,

1846 4872 2041 4935 creber,
2074 4872 2325 4936 Drances,
2351 4884 2553 4941 gratus,
2580 4873 2763 4941 frater,
2794 4886 3021 4943 pratum,
3047 4886 3262 4930 tractus.
3283 4879 3428 4935 Ante

1847 4983 1897 5017 ιιι
1922 4970 2099 5019 autem
2141 4965 2487 5020 inveniuntur
2510 4976 2715 5019 tantum
2747 4984 2791 5031 c,
2818 4968 2874 5030 d,
2909 4984 2959 5037 g,
2990 4977 3028 5031 t,
3055 4976 3112 5021 ut
3140 4968 3422 5037 Alcmence,

1848 5058 2119 5120 Admetus,
2154 5058 2395 5126 dragma,
2442 5058 2723 5126 rhythmos.
2763 5056 2855 5110 Sin
2908 5066 3087 5112 autem
3130 5058 3334 5129 syllaba
3370 5062 3423 5115 in

1847 5150 1982 5203 duas
2014 5150 2209 5203 desinit
2240 5159 2623 5214 consonantes,
2651 5165 2869 5204 necesse
2895 5160 2977 5205 est
2999 5152 3231 5221 priorem
3261 5153 3422 5220 liqui—

1847 5242 1968 5296 dam
1994 5257 2114 5295 esse
2136 5249 2190 5294 et
2211 5250 2545 5308 sequentem,
2574 5258 2597 5293 s
2623 5249 2677 5293 et
2704 5264 2768 5311 χ,
2797 5250 2851 5293 ιιι
2879 5258 3039 5309 supra
3064 5243 3420 5309 ostendimus,

1847 5341 1973 5396 etc,
2000 5342 2105 5386 ett
2154 5333 2505 5386 antecedente
2549 5350 2602 5395 η,
2654 5340 2733 5396 ιιι,
2778 5333 2916 5398 hinc,
2966 5332 3164 5399 dicunt,
3212 5347 3419 5401 amant,

1848 5426 2021 5490 hunc;
2049 5439 2147 5479 nec
2186 5441 2290 5479 non
2318 5434 2418 5479 ets
2464 5425 2732 5478 antecedit
2775 5435 2816 5489 ι,
2861 5434 2919 5478 ιιι
2963 5426 3015 5480 in
3044 5429 3421 5496 prazpositione

1846 5528 1979 5588 post,
2012 5526 2066 5573 et
2088 5519 2138 5572 in
2165 5518 2538 5588 conjunctione
2562 5528 2663 5583 ast,
2686 5526 2739 5571 et
2763 5518 2812 5570 in
2838 5519 3001 5571 verbo
3024 5520 3251 5573 anomali
3284 5520 3415 5589 [Al.,

1845 5610 2024 5664 verbis
2051 5610 2360 5685 anomalisj,
2412 5618 2489 5672 ιιι,
2526 5627 2659 5673 sum,
2702 5626 2773 5672 es,
2825 5620 2917 5662 est.
2946 5608 3079 5663 Nam
3124 5618 3176 5662 et
3226 5608 3344 5664 loco
3378 5612 3417 5681 ψ

1845 5707 2044 5761 Grmue
2099 5701 2152 5753 bs
2182 5710 2233 5755 et
2282 5719 2339 5770 ps
2376 5702 2657 5761 scribitur,
2706 5719 2798 5770 pro
2846 5701 3051 5754 ratione
3080 5698 3319 5769 genitivi,
3358 5709 3416 5755 ut

2886 5797 2965 5856 20
