3918 6364
482 369 587 426 619

1084 361 1147 418 B.
1191 356 1441 417 nsum
1479 342 1696 417 usuin
1730 344 2045 413 ARCHIEP.
2084 346 2393 414 uocum.
2416 340 2702 427 opsum!
2742 345 2918 408 rans
2949 348 3035 406 ιιι.

3627 348 3735 407 esu

483 483 651 539 Arabs
670 521 687 549 ,
739 481 955 543 Arabis;
1020 476 1209 548 Pelops
1228 452 1257 542 ,ι
1283 474 1518 547 pelopis;
1566 473 1767 541 caelebs,
1822 468 2055 536 cwlibis;
2083 475 2135 535 Α
2162 472 2375 541 quando
2396 477 2517 541 post
2536 469 2779 526 vocalem
2819 475 3012 522 natura
3042 464 3258 536 longam
3281 464 3402 522 duae
3429 478 3738 521 consonan-

479 578 737 648 princeps,
766 569 1034 643 principis.
1066 554 1397 635 Quibusdam
1429 554 1630 632 tamen,
1670 572 1731 619 ut
1769 578 1929 633 supra
1957 562 2054 617 do-

480 666 712 730 cuimus,
760 662 875 716 non
923 659 1079 715 aliter
1124 657 1335 712 videtur
1380 655 1418 727 ψ
1458 656 1644 713 Grteca
1692 654 1795 709 nisi
1822 670 1881 725 ps
1919 651 2053 707 scri-

477 754 692 829 benda;
719 765 1022 826 quanquam
1050 748 1191 804 enim
1236 748 1375 802 ratio
1402 747 1623 819 genitivi
1650 761 1811 816 supra
1852 742 2051 812 dictam

479 834 661 917 exigat
698 841 1039 910 scripturam,
1069 847 1249 892 tamen
1294 837 1666 908 cognationem
1697 833 1812 889 soni
1844 832 1909 887 ad
1949 832 2053 887 hoc

476 931 853 1005 procliviorem
881 945 905 982 s
931 928 1109 993 aiunt;
1141 926 1243 981 hoc
1269 933 1449 981 tamen
1481 923 1757 979 sciendum
1792 930 1875 976 est
1908 922 2054 990 quod

477 1022 798 1095 principium
828 1018 1043 1091 syllaba
1086 1017 1233 1073 omni
1278 1015 1435 1071 modo
1470 1028 1570 1083 pro
1594 1034 1639 1083 χ
1668 1028 1727 1081 ps
1757 1011 1914 1066 debet
1955 1010 2052 1064 ha-

466 1116 626 1181 bere,
665 1122 756 1179 ut,
793 1113 1069 1183 psittacus,
1112 1106 1417 1179 pseudulus,
1456 1106 1582 1175 ipse.
1642 1103 1795 1157 Nubo
1833 1117 2047 1171 quoque

477 1194 669 1275 nupsi,’
685 1202 874 1265 scribo,
902 1199 1084 1269 scripsi
1127 1196 1351 1261 faciunt,
1383 1194 1628 1265 quamvis
1669 1192 1912 1262 analogia
1951 1206 2049 1261 per

478 1296 505 1347 li
530 1292 672 1363 eogit
710 1280 967 1355 scribere,
998 1287 1107 1342 sed
1132 1286 1399 1357 euphonia
1443 1290 1687 1351 superat,
1736 1297 1855 1351 quae
1882 1280 2047 1335 etiam

474 1393 707 1455 nuptam,
736 1396 841 1435 non
874 1380 1107 1444 nubtaiii,
1135 1387 1190 1431 et
1208 1377 1456 1446 scriptum
1496 1391 1602 1429 non
1631 1374 1880 1428 scribtum
1901 1388 2048 1428 com-

472 1474 623 1545 pellit
648 1486 742 1543 per
770 1490 823 1542 p,
871 1486 979 1524 non
1025 1484 1122 1539 per
1147 1470 1199 1535 b,
1232 1467 1413 1525 dicere
1454 1477 1509 1521 et
1555 1467 1814 1521 scribere.
1844 1464 2044 1521 Omnes

470 1563 700 1633 denique
725 1560 943 1634 syllabas
963 1568 1056 1614 aut
1081 1559 1253 1630 longae
1276 1566 1419 1623 sunt,
1446 1566 1536 1610 aut
1558 1558 1763 1621 breves,
1790 1564 1881 1609 aut
1897 1571 2044 1610 com-

470 1664 681 1707 munes.
726 1649 924 1720 Longae
974 1646 1223 1703 dicuntur
1265 1662 1395 1729 quae
1426 1660 1636 1714 semper
1675 1644 1844 1715 longae
1884 1654 2041 1710 sunt;

467 1742 687 1805 breves,
710 1753 828 1808 quae
869 1753 1083 1807 semper
1124 1738 1317 1792 breves
1353 1744 1508 1801 sunt;
1560 1750 1894 1802 communes,
1924 1752 2043 1805 qua:

2159 574 2240 619 tes
2278 570 2595 633 sequuntur,
2626 570 2681 616 et
2730 576 2834 615 una
2876 558 3093 629 duplex,
3136 564 3198 611 ιιι
3236 574 3406 623 mons,
3450 574 3576 625 rex;
3604 570 3740 628 qua-

2154 665 2279 710 tuor
2319 663 2559 723 tempora
2600 659 2741 715 sunt,
2773 659 2835 706 ut
2874 657 3001 720 puta
3045 648 3235 718 siquis
3265 649 3427 703 simul
3466 657 3631 719 ponat
3678 648 3737 704 in

2153 763 2312 803 versu
2341 746 2424 799 lex
2452 744 2622 815 prima
2649 750 2704 796 et
2725 740 2819 795 tua:
2846 740 3015 805 clara,
3044 747 3101 794 et
3121 754 3227 809 pax
3260 736 3435 808 plena,
3463 747 3519 794 et
3545 739 3632 793 his
3657 738 3735 794 si-

2155 837 2320 892 milia.
2356 833 2566 889 Vocalis
2592 831 2737 888 enim
2758 838 2953 886 natura
2976 831 3136 902 longa
3161 836 3245 885 est
3271 826 3327 883 in
3356 826 3404 881 le
3428 837 3485 883 et
3510 828 3566 882 lu
3595 826 3651 884 et
3680 830 3737 885 in

2151 946 2239 999 pa,
2263 934 2318 983 et
2351 927 2458 981 duo
2495 932 2739 1003 tempora
2790 924 2974 988 habet,
3007 923 3123 977 haec
3160 921 3427 990 excipitur
3465 921 3534 976 ab
3570 937 3608 975 π
3634 922 3736 976 du-

2150 1015 2295 1087 plici,
2344 1029 2464 1087 quae
2507 1029 2676 1070 unum
2718 1021 2931 1084 tempus
2985 1013 3169 1077 habet,
3216 1026 3380 1083 quam
3431 1021 3737 1081 sequuntur

2149 1115 2299 1162 muta
2323 1114 2379 1162 et
2410 1106 2633 1176 liquida,
2665 1121 2785 1175 qua:
2812 1106 2941 1160 item
2972 1118 3070 1174 per
3109 1117 3168 1158 se
3194 1118 3360 1159 unum
3397 1110 3611 1171 tempus
3639 1102 3740 1157 ha-

2148 1198 2278 1253 bent
2300 1205 2357 1253 et
2380 1197 2667 1267 complent.
2706 1196 2801 1252 Ha:
2823 1210 2952 1265 ergo
2982 1209 3172 1251 omnes
3197 1194 3355 1250 simul
3377 1194 3576 1265 junctae
3600 1207 3739 1263 qua-

2150 1297 2274 1344 tuor
2303 1288 2541 1359 teinpora
2589 1287 2817 1355 faciunt,
2860 1299 3042 1343 tamen
3089 1288 3143 1341 in
3194 1296 3368 1342 metm
3397 1300 3622 1342 necesse
3651 1297 3740 1340 est

2148 1361 2586 1449 unamquamque
2611 1378 2885 1452 syllabam
2920 1384 2974 1433 ει
3008 1377 3168 1431 unius
3198 1383 3255 1430 et
3280 1375 3508 1431 duorum
3554 1372 3734 1443 accipi

2149 1476 2468 1538 temporum.
2511 1466 2717 1522 Caetera
2760 1482 2975 1537 quoque
3022 1474 3264 1537 tempora
3296 1480 3417 1536 quae
3457 1465 3734 1531 accidunt,

2147 1556 2413 1628 superﬂua
2445 1572 2475 1611 a
2500 1557 2738 1613 metricis
2760 1558 3092 1630 iudicantur.
3119 1558 3387 1615 Numerus
3421 1558 3735 1614 litterarum

2148 1648 2342 1703 accidit
2367 1646 2603 1719 syllabae,
2630 1649 2779 1718 quia,
2810 1657 2870 1703 ut
2904 1662 3067 1718 supra
3110 1649 3367 1715 diximus,
3400 1663 3505 1703 non
3551 1649 3737 1705 minus

2146 1750 2308 1805 quam
2329 1735 2509 1804 unius,
2529 1752 2630 1792 nec
2653 1736 2773 1807 plus
2793 1752 2955 1806 quam
2977 1752 3071 1793 sex
3093 1738 3394 1793 litterarum
3424 1738 3567 1808 apud
3583 1736 3738 1791 Lati-

410 1830 429 1849 ‘
467 1831 627 1887 modo
660 1830 855 1885 breves
887 1836 1033 1895 sunt,
1066 1828 1226 1883 modo
1273 1827 1463 1898 longae,
1496 1836 1656 1896 prout
1688 1827 2042 1883 versificatori
2071 1830 2119 1890 B
2146 1840 2244 1881 nos
2273 1832 2451 1895 potest
2478 1826 2714 1881 inveniri
2736 1826 2961 1897 syllaba,
2989 1826 3227 1897 illudque
3260 1826 3619 1908 intimandum
3647 1833 3738 1883 est

464 1919 750 1989 placuerit.
782 1913 888 1973 Sed
924 1917 1092 1990 longa:
1128 1917 1335 1973 duobus
1370 1912 1543 1973 modis
1578 1916 1731 1981 ﬁunt,
1765 1926 1957 1971 natura
1989 1925 2043 1972 et

463 2010 732 2081 positione
763 2029 776 2064 :
803 2009 995 2065 natura
1030 2008 1244 2078 quidem
1286 2008 1511 2075 bifariae,
1565 2017 1657 2062 aut
1691 2009 2041 2079 productione

463 2104 717 2159 videlicet
755 2103 1105 2174 singularium
1132 2104 1422 2167 vocalium,
1448 2112 1528 2167 ut,
1574 2103 1741 2167 navis,
1776 2102 1942 2167 sedes,
1976 2102 2041 2171 fi-

464 2195 564 2257 ssis,
605 2209 773 2258 omen,
826 2208 1000 2256 unus;
1053 2200 1145 2247 aut
1190 2193 1416 2253 duarum
1461 2187 1865 2269 conjunctione,
1896 2191 2037 2262 quod

462 2281 827 2353 diphthongon
884 2291 1111 2348 vocant;
1166 2281 1482 2353 diphthongi
1540 2291 1718 2337 autem
1788 2283 2039 2338 dicuntur

458 2371 603 2442 quod
644 2371 798 2426 binos
835 2371 1156 2441 phthongos,
1208 2366 1312 2427 hoc
1340 2368 1441 2438 est,
1494 2388 1655 2429 voces
1690 2373 2040 2443 comprehcn-

461 2460 630 2516 dant:
661 2475 784 2515 nam
817 2460 1037 2532 singulae
1078 2461 1288 2517 vocales
1327 2478 1453 2518 suas
1498 2479 1660 2518 voces
1704 2465 1923 2530 habent,
1958 2473 2037 2531 ut,

457 2566 643 2615 avum,
670 2567 842 2620 ptena,
872 2562 1145 2621 augustas,
1183 2570 1357 2616 eurus,
1412 2556 1481 2619 ei,
1519 2555 1663 2623 quod
1692 2564 1772 2609 est
1819 2556 2039 2627 interje—

454 2639 566 2694 ctio
594 2636 824 2694 dolentis
844 2647 899 2693 et
927 2640 1182 2705 timentis,
1220 2647 1276 2695 ut
1304 2642 1490 2713 Virgil.
1522 2659 1560 2697 ιι
1593 2642 1789 2698 Ᾰίιιειιι
1817 2664 1828 2697 :

584 2726 641 2777 Ei
676 2728 816 2791 mihi,
845 2728 1001 2791 qualis
1025 2738 1154 2792 erat,
1178 2737 1410 2793 quantum
1435 2740 1653 2783 mutatus
1679 2736 1739 2782 ab
1764 2734 1877 2796 illo;

450 2820 507 2866 et
532 2828 594 2865 ae
622 2813 837 2881 quando
862 2812 914 2867 in
946 2814 1178 2884 genitivo
1215 2830 1339 2869 casu
1385 2831 1415 2869 a
1455 2818 1628 2887 poetis
1653 2832 1753 2886 per
1782 2817 2034 2872 diazrcsin

451 2900 745 2973 profertur,
779 2904 1070 2957 secundum
1097 2904 1313 2960 Graecos
1336 2920 1433 2977 per
1455 2925 1486 2959 a
1514 2916 1568 2961 et
1592 2908 1608 2960 i
1638 2907 1892 2961 scribitur
1918 2908 2033 2961 sive

451 2995 504 3047 in
526 2994 764 3064 propriis
788 2994 1112 3061 nominibus,
1153 2997 1369 3064 ίΕηεαὶ,
1402 3000 1683 3063 Anc/risui,
1706 3000 1818 3053 sive
1858 3000 1913 3052 in
1938 3015 2033 3068 ap-

448 3083 740 3153 pellativis,
792 3086 851 3139 ut
895 3086 1074 3155 pictai,
1126 3087 1307 3153 aulai;
1367 3099 1589 3160 utraque
1628 3090 1773 3145 enim
1830 3090 2026 3162 longa:

450 3173 708 3244 Virgilius
731 3175 784 3228 in
810 3191 871 3228 ιιι
892 3194 904 3228 :

639 3260 780 3313 Anlai
817 3266 979 3314 medio
1003 3265 1216 3315 libabant
1237 3267 1406 3330 pocula
1428 3268 1623 3333 Bacchi,

446 3356 547 3410 pro
574 3342 745 3408 aulw;
776 3344 830 3398 et
853 3344 1041 3422 Cicero
1068 3364 1080 3397 ε

630 3430 792 3494 Atque
815 3432 983 3484 oculos
1008 3442 1155 3498 urget
1181 3438 1683 3504 pedibuspectusqne
1704 3440 1866 3508 nopal,

446 3525 546 3580 pro
578 3529 745 3581 nopte,
774 3514 827 3568 id
852 3525 957 3580 est,
988 3520 1204 3587 scorpii.
1232 3519 1505 3577 Positione
1533 3540 1663 3579 vero
1690 3525 1861 3597 longa:
1893 3527 2027 3583 [lunt

448 3602 663 3672 syllaba:
707 3605 878 3660 tribus
920 3608 1094 3662 modis
1125 3623 1138 3661 :
1177 3626 1299 3665 cum
1329 3623 1574 3682 correpta
1604 3619 1803 3671 vocalis
1833 3628 1925 3673 aut
1972 3621 2029 3674 in

445 3692 582 3748 duas
605 3694 803 3750 desinit
828 3709 1211 3766 consonantes,
1246 3710 1303 3756 ut
1331 3713 1433 3768 ast,
1462 3713 1552 3758 aut
1581 3706 1632 3759 in
1661 3716 1822 3762 nuam
1855 3710 2029 3779 dupli-

445 3798 584 3851 cem,
614 3794 693 3852 ut,
728 3787 854 3852 dux,
886 3798 979 3843 aut
1027 3791 1078 3843 in
1108 3808 1269 3846 unam
1301 3794 1495 3848 desinit
1525 3808 1930 3863 consonantem,
1971 3809 2028 3856 et

446 3875 713 3943 excipitur
744 3877 811 3930 ab
852 3876 1043 3944 altera,
1076 3889 1153 3946 ut,
1178 3898 1325 3948 arca,
1352 3890 1445 3937 aut
1474 3869 1739 3954 excipitur
1772 3889 1839 3942 ab
1860 3905 1894 3942 π
1923 3890 2023 3944 du-

444 3964 572 4035 plici
616 3978 969 4035 consonante,
1016 3980 1092 4036 ut,
1135 3973 1271 4037 axis,
1323 3982 1416 4027 aut
1457 3976 1721 4045 excipitur
1762 3980 1829 4032 ab
1860 3981 1877 4031 i
1904 3982 2021 4035 loco

444 4058 793 4112 consonantis
835 4059 1030 4127 posita,
1067 4068 1126 4115 ut
1176 4062 1514 4133 Troja.'Quae
1555 4066 1748 4135 positio
1780 4086 2035 4124 nonnuns

446 4158 609 4214 quam
665 4146 722 4201 in
756 4147 945 4204 metris
986 4150 1042 4204 in
1083 4158 1195 4206 tres
1241 4152 1500 4207 dividitur
1529 4152 1787 4224 syllabas,
1836 4167 1895 4213 ut
1940 4169 2024 4215 est

445 4233 580 4291 illud
603 4252 621 4291 :

575 4348 719 4399 Arma
743 4352 897 4399 virum
919 4350 1191 4415 tabulaeque
1216 4360 1269 4404 et
1291 4353 1434 4405 Troia
1459 4359 1572 4419 gaza
1597 4373 1684 4422 per
1709 4364 1893 4426 undas;

444 4459 539 4506 aut
570 4450 769 4506 desinit
812 4450 863 4507 in
914 4464 1319 4523 consonantem,
1344 4468 1437 4514 aut
1464 4455 1731 4531 excipitur
1762 4466 1829 4519 ab
1860 4484 1889 4519 u
1918 4476 1972 4522 et
2002 4486 2020 4522 ι

2145 1917 2289 1987 quod
2319 1919 2498 1973 omnis
2523 1918 2729 1990 syllaba
2762 1919 2951 1990 incipit
2976 1920 3178 1976 habere
3205 1921 3470 1976 rationem
3496 1937 3527 1974 a
3557 1920 3738 1976 voeali

2143 2018 2326 2065 utrum
2353 2011 2509 2082 longa
2537 2012 2628 2077 sit,
2654 2027 2723 2065 an
2763 2012 2962 2067 brevis.
2995 2011 3199 2067 Deinde
3224 2021 3279 2067 et
3304 2012 3637 2067 considerari
3664 2011 3738 2067 de

2143 2102 2585 2167 consonantibus,
2616 2102 2987 2172 sequentibus,
3027 2117 3135 2156 non
3178 2102 3245 2157 de
3277 2103 3732 2171 praecedentibus.

2141 2190 2515 2247 Praecedentes
2536 2192 2681 2247 enim
2709 2201 3068 2248 consonantes
3096 2207 3202 2247 non
3235 2192 3337 2261 ipsi
3362 2202 3591 2263 prosunt
3609 2207 3736 2262 qua

2143 2282 2406 2352 sequitur,
2456 2281 2550 2338 sed
2590 2284 2848 2338 anteriori
2894 2284 3090 2349 vocali,
3142 2282 3291 2338 verbi
3338 2284 3532 2354 gratia,
3574 2292 3643 2337 ut
3682 2282 3735 2338 si

2143 2372 2261 2441 quis
2291 2372 2450 2427 simul
2482 2373 2646 2438 dicat,
2678 2391 2820 2444 gens,
2862 2375 3039 2443 stirps,
3070 2390 3104 2428 η
3126 2374 3271 2429 enim
3305 2382 3359 2428 et
3384 2374 3489 2428 duo
3517 2390 3568 2427 ss
3606 2388 3734 2428 cum

2141 2474 2158 2517 t
2188 2464 2356 2535 priori
2386 2462 2579 2529 vocali,
2627 2465 2679 2519 id
2712 2474 2793 2520 est
2835 2482 2879 2528 e,
2914 2479 3070 2520 suum
3105 2450 3327 2534 tempus
3352 2465 3633 2528 tribuunt;
3675 2470 3739 2518 et

2140 2555 2271 2609 item
2308 2570 2351 2620 r,
2376 2571 2427 2624 p,
2456 2572 2501 2619 s,
2542 2556 2865 2624 praecedenti
2899 2568 2957 2609 se
2989 2556 3007 2608 i
3038 2555 3370 2611 consociant.
3402 2554 3733 2610 Communes

2141 2652 2317 2697 autem
2360 2636 2576 2713 syllaba:
2604 2644 2777 2698 modis
2806 2642 2941 2697 ﬁunt
2972 2659 3186 2709 novem,
3217 2626 3413 2714 quibus
3439 2654 3533 2698 aut
3571 2652 3734 2697 natu-

2138 2734 2326 2788 raliter
2354 2734 2527 2804 longa:
2549 2734 2746 2803 poetali
2778 2733 2996 2789 licentia
3018 2735 3071 2788 in
3104 2734 3314 2798 breves,
3341 2730 3734 2790 autﬁiaturali-

2138 2832 2221 2878 ter
2264 2824 2455 2878 breves
2506 2823 2908 2879 transferuntur
2965 2826 3018 2878 in
3064 2824 3269 2893 longas.
3304 2824 3519 2878 Primus
3562 2825 3736 2895 igitur

2136 2912 2329 2967 modus
2356 2921 2439 2967 est
2478 2913 2599 2967 cum
2650 2923 2897 2983 correpta
2934 2913 3139 2969 vocalis
3182 2914 3234 2967 in
3275 2916 3463 2969 eodem
3494 2916 3661 2969 verbo
3696 2927 3735 2969 a

2136 3002 2345 3059 duobus
2386 3003 2657 3073 excipitur
2697 3006 3137 3071 consonantibus,
3189 3021 3418 3074 quarum
3457 3004 3734 3075 posterior

2135 3094 2205 3147 sit
2232 3089 2475 3162 liquida;
2508 3100 2593 3147 est
2619 3093 2765 3147 enim
2792 3102 2985 3147 natura
3023 3093 3202 3148 brevis
3238 3095 3293 3147 in
3322 3095 3445 3158 hoc,
3478 3111 3623 3149 mem
3650 3104 3730 3148 te-

2059 3178 2105 3260 ρ
2139 3186 2309 3243 nebris
2341 3188 2565 3241 obscura
2592 3190 2737 3253 suis;
2769 3198 2851 3244 est
2876 3190 3142 3260 positione
3170 3189 3329 3262 longa
3352 3191 3405 3245 in
3435 3191 3559 3258 hoc,
3584 3209 3730 3248 mor-

2132 3279 2299 3349 tisque
2332 3280 2577 3333 tenebris.
2603 3279 2670 3333 Et
2711 3277 2992 3336 sciendum
3022 3283 3165 3351 quod
3197 3296 3302 3337 non
3341 3283 3515 3338 solum
3551 3284 3726 3340 ante!

2136 3370 2213 3424 vel
2248 3387 2291 3435 r,
2332 3370 2425 3425 sed
2454 3371 2619 3425 etiam
2668 3382 2793 3426 ante
2836 3390 2883 3425 m
2914 3373 2997 3427 vel
3048 3390 3081 3425 η
3127 3374 3316 3444 posita
3352 3385 3539 3441 mutat,
3578 3376 3726 3446 apud

2128 3459 2339 3529 priscos
2377 3469 2566 3529 poetas
2598 3460 2805 3515 faciunt
2830 3477 3143 3518 communes
3192 3463 3442 3534 syllabas,
3499 3474 3559 3519 ut
3596 3464 3725 3522 Ovi-

2131 3549 2253 3603 dius
2276 3564 2290 3602 :

2200 3638 2548 3703 Piscosamqne
2574 3639 2758 3693 Cnidon
2781 3644 3128 3706 gravidamque
3154 3644 3446 3698 Amathunta
3482 3648 3710 3698 metallis.

2132 3719 2409 3776 Secundus
2441 3724 2630 3777 modus
2653 3733 2737 3778 est
2767 3739 2888 3779 cum
2920 3736 3167 3795 correpta
3201 3727 3404 3780 vocalis
3436 3728 3490 3782 in
3517 3745 3713 3785 conso-

2130 3819 2346 3865 nantem
2378 3812 2594 3878 desinit,
2641 3823 2697 3867 et
2724 3815 2992 3884 excipitur
3033 3816 3101 3871 ab
3125 3817 3158 3871 h
3195 3818 3413 3885 littera;
3464 3830 3548 3875 est
3570 3822 3722 3877 enim

2130 3911 2326 3956 natura
2360 3904 2539 3957 brevis
2570 3904 2621 3957 in
2649 3904 2751 3959 hoc
2785 3924 2798 3958 :

2227 3993 2481 4043 Porcinum
2507 4003 2713 4046 tenuere
2732 4009 2960 4061 gregem,
2982 4002 3141 4062 niger,
3162 4001 3395 4065 hispidus,
3415 4005 3652 4070 horrens;

2130 4075 2287 4147 longa
2314 4077 2367 4130 in
2398 4077 2498 4132 hoc
2521 4098 2532 4130 :

2221 4187 2305 4237 Vir
2329 4188 2522 4237 humilis
2547 4198 2718 4240 moesto
2742 4193 2967 4255 deiectus
2990 4194 3174 4245 lumine
3195 4202 3392 4247 terram.

2122 4267 2345 4324 Tertius
2374 4271 2563 4324 modus
2601 4282 2682 4327 est
2725 4275 2943 4344 syllaba:
2972 4280 3297 4345 communis;
3332 4297 3455 4336 cum
3488 4286 3713 4339 verbum

2126 4360 2342 4429 aliquod
2371 4361 2421 4414 in
2449 4362 2687 4418 vocalem
2730 4365 2981 4421 desinens
3027 4379 3349 4439 correptam,
3389 4374 3661 4442 excipitur
3685 4390 3713 4429 a

2126 4452 2334 4505 duabus
2366 4455 2805 4521 consonantibus,
2838 4472 3067 4526 quarum
3092 4462 3241 4531 prior
3275 4462 3389 4516 sits
3412 4476 3431 4515 :
3458 4474 3545 4519 est
3570 4466 3713 4521 enim

445 4542 634 4612 positis
670 4542 723 4596 in
773 4542 889 4596 loco
936 4548 1365 4613 consonantium,
1408 4560 1465 4603 ut
1512 4552 1737 4616 aduena,
1785 4556 2025 4612 adiutor.
2047 4554 2101 4614 D
2127 4552 2317 4596 "illum
2346 4544 2524 4598 ὺτενίδ
2551 4546 2602 4598 in
2632 4547 2731 4600 hoc
2755 4547 3035 4604 Fortunali
3062 4566 3077 4605 ε

446 4633 648 4688 Breves
678 4648 807 4688 vero
855 4641 980 4687 sunt
1018 4634 1233 4705 syllabae
1256 4653 1373 4705 quae
1402 4640 1590 4694 horum
1641 4644 1770 4697 nihil
1819 4643 2021 4698 habue-

444 4725 573 4780 rint.
600 4723 809 4780 Accidit
842 4727 1126 4795 unicuique
1156 4728 1371 4798 syllabae
1402 4739 1574 4797 tenor,
1609 4735 1855 4801 spiritus,
1886 4744 2021 4790 tem-

444 4830 566 4886 pus,
592 4830 850 4893 numerus
871 4816 1193 4871 litterarum.
1226 4817 1402 4873 Tcnor
1424 4831 1633 4887 acutus,
1654 4833 1707 4877 et
1734 4826 1933 4893 gravis,
1967 4834 2022 4880 et

445 4896 840 4974 circumﬂexus,
874 4910 967 4981 qui
1010 4910 1064 4963 in
1091 4926 1410 4982 unaquaque
1450 4916 1684 4970 dictione
1714 4928 1860 4971 certa
1898 4934 2019 4973 cer-

445 5010 533 5055 tus
577 5015 696 5055 esse
746 4999 923 5054 debet.
972 4998 1233 5055 Similiter
1281 5005 1500 5073 spiritus
1550 5022 1709 5077 aSper
1758 5019 1811 5063 et
1860 5010 2014 5065 lenis.

447 5089 682 5159 Tempus
716 5106 879 5144 unum
907 5100 961 5145 et
987 5091 1123 5157 duo;
1153 5101 1245 5145 aut
1269 5093 1429 5147 etiam
1455 5094 1535 5165 (ut
1558 5098 1877 5165 quibusdam
1903 5099 2017 5169 pla-

446 5181 552 5250 cet)
585 5172 750 5234 nnum
801 5176 964 5236 semis
988 5190 1043 5235 et
1087 5182 1192 5236 duo
1234 5184 1419 5249 semis,
1454 5194 1507 5250 et
1548 5188 1648 5241 tria
1680 5198 1731 5242 et
1764 5198 2012 5258 quatuor.

449 5265 646 5335 Unum,
678 5270 723 5324 si
744 5258 943 5325 vcealis
972 5270 1147 5327 brevis
1168 5288 1266 5344 per
1292 5290 1371 5340 se,
1400 5284 1453 5330 et
1475 5277 1519 5331 si
1552 5294 1673 5332 eam
1698 5297 1800 5333 una
1828 5298 2017 5337 conso-

447 5372 582 5412 uatis
612 5345 835 5428 simplex
864 5371 1241 5429 consequatur,
1270 5372 1328 5417 ut
1353 5375 1531 5434 caput.
1567 5366 1741 5421 Unum
1768 5371 1931 5423 semis
1962 5372 2014 5427 in

446 5438 822 5525 communibus
843 5450 1077 5521 syllabis,
1101 5452 1165 5506 de
1201 5452 1395 5523 quibus
1425 5466 1613 5526 postea
1644 5460 1901 5529 dicemus,
1936 5474 2015 5529 ut,

446 5536 710 5611 lacrymre.
742 5536 799 5594 In
823 5539 995 5613 longis
1020 5551 1211 5595 natura
1244 5552 1298 5599 et
1317 5548 1584 5615 positione
1608 5551 1713 5605 duo
1733 5561 1858 5606 sunt
1889 5562 2021 5609 tein-

446 5639 599 5698 pora,
633 5637 691 5683 ut
711 5630 801 5693 da,
827 5639 906 5682 ast
929 5648 947 5695 ;
974 5626 1078 5685 duo
1107 5632 1290 5699 semis,
1322 5642 1379 5688 ut
1398 5638 1611 5704 quando
1633 5649 1752 5708 post
1778 5643 2017 5698 vocalem

449 5724 643 5773 natura
667 5719 878 5787 longam
906 5722 1147 5790 sequitur
1171 5740 1274 5778 una
1310 5742 1633 5797 consonans,
1662 5743 1717 5787 ut
1747 5736 1855 5799 sol;
1889 5738 2011 5802 tria,

2314 4657 2577 4706 Ordinibus
2604 4661 2743 4707 variis
2768 4642 2872 4709 alba
2898 4663 3180 4723 smaragdus
3203 4666 3349 4717 inest.

2128 4760 2222 4815 Est
2238 4762 2509 4830 positione
2537 4763 2689 4833 longa
2726 4766 2775 4817 in
2802 4767 2901 4820 hoc
2933 4766 3134 4822 Sedulii
3159 4786 3170 4821 :

2313 4874 2553 4923 Adveniet
2579 4888 2786 4936 regnum
2808 4878 2905 4939 jam
2927 4879 3123 4941 jamque
3144 4881 3331 4931 scilicet
3355 4881 3489 4931 illud.

2134 4974 2257 5029 Hzec
2297 4992 2511 5045 quoque
2539 4996 2562 5031 s
2590 4979 2803 5043 littera,
2846 4979 2964 5034 aliis
3006 4982 3211 5037 duabus
3261 4986 3712 5053 consonantibus,

2130 5067 2181 5121 id
2206 5076 2287 5121 est
2317 5080 2475 5121 innec
2495 5079 2548 5122 et
2585 5070 2818 5138 liquidee,
2853 5071 2904 5123 in
2933 5073 3197 5142 principio
3227 5075 3447 5144 syllabte
3473 5091 3713 5145 sequen-

2131 5159 2198 5212 tis
2221 5161 2540 5228 1prteposita,
2588 5162 2933 5215 inveniuntur
2964 5181 3302 5221 communem
3336 5168 3598 5238 syllabam
3631 5170 3716 5226 fa-

2126 5265 2271 5329 cere,
2302 5260 2360 5304 ut
2387 5251 2663 5314 Horatius,
2695 5250 2939 5307 Sermon.
2979 5256 3070 5311 lib.
3103 5273 3118 5311 1
3146 5277 3156 5310 :

2283 5360 2566 5422 Linquimus
2590 5363 2745 5411 insani
2773 5362 2995 5414 ridentes
3018 5372 3209 5428 premis
3234 5372 3429 5420 scribe.

2129 5463 2223 5518 Est
2260 5472 2438 5519 autem
2478 5466 2667 5518 modus
2707 5474 2934 5534 quartus
2978 5468 3196 5539 syllabae
3228 5473 3548 5545 communis,
3581 5488 3714 5528 cum

2124 5566 2247 5624 post
2265 5553 2454 5625 pedem
2486 5550 2775 5625 quemlibet
2801 5576 2903 5634 una
2938 5560 3136 5631 syllaba
3168 5562 3347 5617 brevis
3379 5567 3716 5621 remanserit

2124 5648 2189 5701 de
2221 5651 2405 5713 verbo,
2433 5665 2550 5719 qua?
2588 5652 2665 5705 vel
2713 5651 2765 5705 in
2798 5654 3034 5708 vocalem
3076 5656 3325 5711 desinens
3368 5658 3643 5728 excipitur
3682 5676 3714 5715 a

2121 5750 2452 5797 consonante
2483 5746 2625 5799 verbi
2666 5744 2958 5816 sequentis,
2994 5751 3072 5803 vel
3104 5750 3155 5804 in
3186 5752 3576 5807 consonantem
3605 5752 3712 5810 de-
