3918 6388
242 328 341 402 dei

1059 336 1466 404 ΕΧΟΕΒΡἸΊΟ
1487 347 1577 403 DE
1614 345 1804 404 ARTE
1841 340 2297 403 GRAMMATICA
2328 341 2689 399 PRISCIANI.

236 458 423 514 sinetis
449 454 720 527 excipitur
741 456 908 512 altera
949 457 1122 512 vocati
1151 475 1164 512 :
1189 466 1275 513 est
1302 458 1448 514 enim
1478 466 1675 515 natura
1714 460 1832 515 bre-
1855 458 1907 522 Α
1935 456 2132 514 Omnes
2171 458 2367 527 quippe
2420 465 2781 512 consonantes
2825 456 3064 527 syllabas,
3100 468 3162 513 ut
3200 459 3275 514 ait
3314 460 3511 531 Varro,

238 548 323 604 vis
348 548 402 603 in
431 546 538 603 hoc
564 565 577 601 :

361 638 512 701 Cujus
530 651 657 690 onus
678 638 797 691 leve
816 639 910 703 est,
932 639 1200 703 cujusjuga
1226 640 1362 692 ferre
1384 649 1537 692 suave
1559 648 1654 693 est.

236 724 337 779 Est
362 722 525 795 longa
550 724 605 779 in
627 724 730 780 huc
754 739 767 778 :

375 812 600 866 Frondea
622 815 741 865 ﬁcus
764 822 888 877 erat,
908 818 1048 879 cuius
1065 819 1114 867 in
1132 820 1311 869 robore
1334 818 1536 869 nullum.

233 895 373 977 Item
402 896 596 952 modus
623 897 864 966 quintus,
897 910 1021 953 cum
1070 914 1195 968 pars
1244 900 1511 955 orationis
1544 898 1743 955 desinit
1774 898 1831 953 in

233 988 649 1059 diphthongon,
691 996 954 1058 sequente
1006 990 1186 1044 statim
1256 986 1432 1045 altera
1479 989 1694 1055 vocali;
1747 995 1832 1045 est

234 1078 387 1132 enim
412 1077 573 1145 longa
602 1078 657 1131 in
678 1078 802 1144 hoc,
827 1083 909 1145 ut,
937 1094 1102 1134 musa:
1125 1079 1389 1145 Aonides;
1412 1080 1592 1136 brevis
1614 1081 1669 1134 in
1692 1080 1794 1134 hoc
1814 1092 1828 1131 :

233 1166 443 1223 Insqu
466 1167 618 1223 Ionio
652 1170 708 1224 in
733 1180 944 1242 magno.
969 1170 1229 1242 Virgilius
1258 1172 1313 1225 in
1344 1184 1461 1245 vn:

378 1259 639 1321 Stipitibus
661 1260 798 1311 duris
822 1264 985 1323 agitur
1008 1261 1271 1311 sudibusve
1297 1257 1537 1321 praeustis.

234 1338 354 1395 Hoc
388 1354 517 1412 ergo
545 1342 723 1407 modo,
765 1333 905 1398 sicut
936 1350 993 1397 et
1034 1343 1241 1413 priore,
1290 1342 1623 1398 recentiores
1656 1352 1829 1415 poeta:

234 1428 520 1499 rarissime
554 1442 799 1501 utuntur,
839 1435 935 1491 sed
964 1435 1139 1508 magis
1161 1432 1536 1506 synalwpham
1574 1435 1629 1489 in
1658 1439 1722 1491 eo'
1748 1433 1831 1488 fa-

237 1524 417 1589 ciunt,
449 1533 509 1579 ut
534 1524 770 1596 Prosper
795 1543 809 1580 :

331 1613 441 1681 Non
466 1615 642 1681 nostra
665 1617 761 1667 hoc
784 1619 1014 1681 cpisgest,
1034 1617 1125 1667 sed
1137 1616 1208 1681 ab
1228 1614 1315 1667 illo
1333 1617 1540 1667 sumitur
1565 1616 1646 1667 hic
1667 1622 1769 1678 ros,

395 1677 489 1737 Qui
511 1681 687 1728 siccam
707 1677 881 1741 rupem
898 1677 1111 1729 fundere
1130 1679 1276 1741 jussit
1300 1689 1451 1741 aquas

235 1758 546 1832 Sextusque
566 1755 760 1819 medus
789 1772 874 1819 est
906 1778 1028 1818 cum
1056 1764 1374 1833 productam
1404 1760 1832 1843 vocalem-voca-

231 1852 302 1909 lis
336 1852 508 1910 altera
544 1856 932 1938 consequitur;
962 1862 1046 1910 est
1069 1854 1214 1909 enim
1240 1853 1400 1926 longa
1426 1854 1483 1908 in
1506 1854 1610 1909 huc
1636 1872 1649 1907 :

426 1943 469 1993 0
494 1944 676 1994 utinam
696 1946 749 1994 in
769 1942 1003 1995 thalamos
1024 1944 1169 1995 invisi
1188 1943 1391 1996 Caesaris
1422 1944 1597 2004 issem;

231 2026 422 2083 brevis
443 2028 499 2082 in
530 2028 637 2083 hoc
663 2043 679 2082 :

391 2103 467 2170 Te
493 2118 740 2182 Corydon,
762 2132 794 2169 ο
814 2107 982 2183 Alesi,
1009 2112 1155 2171 trahit
1177 2110 1264 2171 sua
1302 2112 1552 2184 quemque
1576 2104 1823 2182 voluptas;

228 2208 291 2257 ct
319 2201 450 2258 item
473 2197 729 2275 Virgilius
767 2200 821 2257 iii
848 2218 881 2256 v
906 2204 920 2257 ἑ

390 2296 637 2359 inﬁndunt
658 2298 841 2358 pariter
858 2294 1040 2359 sulcos,
1063 2298 1318 2359 totumque
1333 2295 1548 2345 dehiscit

390 2357 703 2409 Convulsum.

221 2427 409 2508 Quem
454 2439 673 2511 modum
718 2439 964 2495 moderni
990 2438 1389 2495 versiﬁcatores
1416 2437 1473 2492 in
1499 2436 1688 2493 eadem
1727 2449 1827 2505 po-

230 2532 346 2588 tius
372 2540 528 2605 parte
548 2530 814 2587 orationis
848 2531 1033 2589 facere
1065 2529 1419 2596 conSuerunt,
1444 2536 1539 2584 ut:

422 2623 511 2675 Eoi
535 2634 725 2674 venere
744 2622 956 2685 magim.

230 2712 329 2761 et:

424 2793 724 2858 Splendidus
748 2794 959 2843 auctoris
977 2792 1041 2843 de
1064 2795 1252 2843 vertice
1275 2790 1433 2853 fulget
1457 2790 1605 2841 Eous.
1752 2856 1755 2857 ν

230 2875 512 2947 Septimus
534 2876 728 2933 modus
748 2884 853 2943 est,
884 2891 1008 2932 cum
1035 2890 1335 2946 pronomen
1366 2892 1392 2929 c
1421 2873 1617 2929 littera"
1633 2874 1827 2927 termi-

228 2981 419 3029 natum
468 2973 671 3029 vocalis
716 2974 899 3029 statim
926 2973 1213 3044 sequitur;
1264 2978 1350 3027 est
1389 2970 1533 3025 enim
1564 2969 1720 3038 longa
1769 2969 1824 3023 in

225 3065 339 3120 hoc
375 3064 581 3121 Sedulii
604 3080 619 3119 :
648 3090 655 3098 «

358 3155 466 3220 Ifiou
485 3159 601 3220 quis
624 3160 707 3220 qui
732 3169 950 3220 summus
969 3156 1119 3220 Pater
1145 3165 1241 3217 est,
1262 3160 1314 3204 et
1336 3154 1595 3220 Filiushhic
1612 3161 1721 3217 est;

360 3199 466 3268 ἕρξιῖ
484 3199 601 3281 {iiii
620 3199 992 3282 ίῖἆὸᾶῐιῖιὶῐιῖιέ
1009 3199 1353 3268 intra};
1376 3199 1771 3265 ﬁrmata.

224 3300 423 3357 Brevis
453 3303 508 3356 in
537 3302 640 3357 hoc
659 3319 672 3356 :

358 3392 450 3445 Hic
474 3394 570 3453 vir,
589 3392 670 3442 hic
689 3395 789 3456 est,
813 3391 905 3443 tibi
930 3388 1078 3457 quem
1106 3389 1317 3454 promitti
1343 3383 1523 3461 διὲᾖίἁέ
1545 3388 1696 3438 audis.

226 3474 341 3531 Sed
369 3476 424 3530 et
465 3474 782 3529 adverbium
808 3464 975 3529 unum
1007 3491 1034 3527 c
1062 3474 1242 3527 littera
1282 3464 1628 3526 terminatum
1678 3477 1826 3525 coru-

226 3558 450 3623 munein
478 3565 741 3638 syllabam
774 3563 937 3633 facit;
975 3571 1059 3621 est
1088 3560 1233 3620 enim
1254 3564 1413 3636 longa
1455 3565 1510 3619 in
1551 3563 1656 3619 hoc
1680 3553 1823 3617 Pau-

224 3663 329 3718 litti
355 3678 369 3717 ι

358 3752 531 3803 Donec
552 3744 798 3814 aspir-ante
822 3738 932 3803 Deo
956 3750 1210 3801 conatibus
1231 3748 1379 3811 sagi-is
1400 3761 1418 3812 ;

226 3837 414 3893 brevis
449 3838 503 3891 in
526 3837 630 3892 hoc
655 3836 928 3907 Prosperi,
956 3844 1053 3889 ut:

357 3947 526 3995 Morbo
545 3946 757 3995 obsessis
783 3940 1051 4006 pmstanda
1074 3950 1149 3994 est
1174 3956 1287 3992 cura
1310 3936 1575 3994 medendi:

417 4007 587 4056 Donec
611 4009 659 4055 in
684 4015 872 4068 aegroto
893 4018 1100 4069 corpore
1126 4007 1221 4055 vita
1242 4013 1427 4054 manet.

222 4090 467 4146 Octavus
504 4088 712 4143 modus-
737 4096 857 4154 est,
876 4104 999 4144 cum
1026 4097 1333 4157 correptam
1378 4087 1620 4141 vocalem
1654 4086 1711 4140 in
1737 4100 1826 4142 ea-

223 4183 353 4238 dem
387 4188 544 4252 parte
569 4180 837 4235 orationis
868 4179 1219 4249 consequitur
1249 4196 1279 4231 z
1306 4192 1611 4234 consonans
1635 4176 1822 4233 Graeca

224 4274 448 4345 duplex.
477 4272 574 4347 Est
603 4272 749 4328 enim
772 4272 933 4343 longa
958 4272 1013 4325 in
1044 4271 1148 4326 hoc
1167 4269 1391 4326 Juvenci
1416 4288 1428 4323 :

416 4383 633 4435 Dltlicile
663 4391 742 4435 est
764 4385 912 4434 terris
932 4384 1105 4434 annos
1119 4384 1272 4434 divite
1295 4364 1444 4445 gaza;

221 4488 413 4545 brevis
441 4489 496 4543 in
521 4488 623 4543 hoc
653 4486 895 4558 ejusdem
924 4502 939 4540 :

414 4579 474 4630 Et
500 4592 614 4643 gaza
637 4579 855 4629 distabat
874 4592 1041 4628 rerum
1066 4580 1313 4640 possessio
1339 4578 1551 4641 fulgens.

224 4663 415 4718 Nonus
447 4662 641 4718 modus
670 4670 755 4717 est
781 4677 888 4731 quo
918 4662 1097 4717 omnis
1121 4658 1325 4732 syllaba
1354 4660 1663 4716 ~novissima
1693 4658 1809 4714 ver«

227 4769 343 4819 sus,
372 4756 423 4808 in
452 4758 776 4825 quocunque
812 4765 1005 4817 metro,
1035 4755 1383 4824 adiaphoros,
1412 4754 1467 4809 id
1493 4762 1577 4809 est
1606 4751 1822 4808 indiffe-

224 4860 357 4900 rens
400 4854 503 4911 est,
542 4854 597 4899 et
640 4845 707 4899 ad
748 4844 1079 4900 voluntatem
1120 4850 1427 4915 pcetarum,
1473 4852 1527 4902 et
1569 4854 1820 4915 correpta.

222 4935 544 5008 producitur
577 4942 632 4989 et
660 4937 918 5006 producta
952 4934 1274 5006 Corripitur;
1308 4937 1459 5005 cujus
1489 4937 1728 5007 exempla
1762 4938 1817 4991 in

224 5024 688 5103 omnibus’metris
716 5036 841 5084 sunt
866 5030 1116 5099 plurima.
1149 5025 1440 5087 Sciendum
1467 5042 1645 5089 autem
1672 5030 1816 5103 quod

225 5119 369 5176 falso
402 5137 439 5175 π
473 5120 709 5183 litteram
735 5122 920 5177 dicunt
944 5120 1288 5180 communem
1329 5126 1589 5197 syllabam
1638 5126 1818 5183 facere

224 5211 466 5281 possein
506 5216 702 5277 metro,
732 5210 858 5283 quia
901 5211 1023 5267 cum
1074 5200 1127 5269 in
1157 5202 1342 5271 eadem
1365 5223 1519 5287 parte
1556 5218 1818 5273 orationis

228 5304 478 5375 sequitur
497 5303 755 5369 vocalem,
788 5297 901 5360 sive
931 5316 1121 5361 natura
1161 5300 1317 5378 longa
1347 5307 1436 5373 sit,
1464 5308 1578 5362 sive
1620 5312 1817 5363 natura

227 5394 430 5460 brevis,
462 5409 677 5464 semper
702 5410 823 5450 eam
856 5396 1020 5451 habet
1048 5377 1283 5464 longam,
1311 5390 1369 5451 ut
1398 5396 1662 5467 pax,‘lux,
1694 5413 1813 5464 vox,

228 5504 343 5555 rex,
375 5488 493 5552 lex;
522 5496 578 5543 et
608 5487 739 5542 item
766 5488 1029 5559 {ax,.nex,
1079 5490 1189 5555 nix,
1222 5506 1347 5555 nox,
1378 5492 1507 5545 nux.
1532 5489 1666 5545 Cum
1686 5505 1815 5546 vero

229 5583 285 5638 in
312 5581 621 5653 primordio
650 5570 811 5636 fuerit
845 5580 1020 5647 verbi,
1068 5597 1175 5636 non
1216 5583 1724 5653 potestproducere
1752 5582 1815 5637 [i-

228 5673 404 5731 nciam
430 5672 677 5729 vocalem
704 5673 904 5743 prioris
924 5673 1094 5739 verbi,
1118 5681 1214 5727 ut:

410 5774 656 5838 Pontibus
676 5785 729 5836 in
751 5780 919 5836 stratis
940 5784 1175 5837 conduxit
1195 5783 1356 5839 littora
1380 5786 1595 5840 Xerxes.

1932 548 2048 602 alias
2089 556 2215 601 sunt
2253 546 2476 617 aSperaa,
2508 556 2567 600 ut
2603 556 2743 612 trux,
2778 561 2947 610 crux;
2984 546 3100 602 alia:
3128 548 3276 608 leves
3306 548 3511 623 [Forte,

1930 639 2123 711 lenes],
2154 646 2214 693 ut
2260 639 2408 705 (una,
2450 638 2612 703 lana;
2643 639 2760 694 aliae
2810 652 3084 709 proceres,
3111 644 3231 710 qua:
3268 644 3508 700 vocalem

1930 730 2143 801 longam
2172 727 2471 784 extremam
2494 728 2697 783 habent
2726 730 2819 784 aut
2844 730 3214 801 penultimam,
3246 740 3326 799 ut,
3365 752 3514 789 man-

1930 819 2171 883 suetudo,
2195 805 2454 888 facilitas;
2479 806 2596 872 aliae
2622 820 2921 886 retorridre,
2943 812 3064 890 quae
3086 822 3288 877 mutam
3312 822 3523 878 habent;

1932 910 2271 973 extremam;
2320 917 2382 963 ut
2422 900 2526 973 hic,
2561 909 2699 975 hoc;
2746 908 2865 964 aliae
2918 911 3182 977 barbarae,
3230 920 3310 978 ut,
3355 930 3511 983 gaza,

1932 998 2230 1064 mammon;
2270 1000 2388 1061 aliae
2435 1001 2699 1072 graecult'e,
2733 1006 2812 1069 ut,
2860 1002 3112 1073 hymnos,
3159 1016 3365 1071 zenon;
3395 1006 3516 1062 alia:

1933 1090 2101 1155 duraé,
2130 1098 2190 1145 ut
2210 1091 2437 1161 ignotus,
2465 1094 2703 1161 cognitus
2720 1110 2739 1158 ;
2776 1092 2894 1148 ause
2920 1093 3132 1160 molles,
3158 1097 3217 1149 ut
3242 1095 3396 1159 aedes,
3433 1096 3515 1150 lu-

1932 1183 2032 1238 dus
2080 1192 2135 1239 et
2160 1178 2281 1239 ideo
2316 1185 2418 1239 hoc
2458 1184 2679 1239 omnino
2706 1194 2923 1239 servare
2953 1184 3173 1252 debent,
3199 1186 3289 1255 qui
3332 1186 3519 1242 volunt

1934 1271 2172 1329 lubricos
2202 1280 2258 1329 et
2288 1276 2569 1329 currentes
2613 1286 2803 1328 versus
2833 1273 3031 1340 facere,
3060 1276 3121 1329 ut
3162 1277 3521 1348 QuodCUnque

1936 1358 1992 1415 in
2038 1362 2189 1417 senis
2234 1377 2395 1419 aures
2441 1369 2649 1433 gravet,
2681 1360 2764 1416 vcl
2805 1354 3187 1433 obstupescere
3227 1365 3406 1431 faciat,
3444 1367 3524 1423 vi-

1934 1454 2053 1508 tare
2080 1453 2424 1519 contendant,
2463 1449 2519 1507 εὶ
2569 1452 2851 1528 euphoniae
2877 1452 2959 1515 in;
2999 1453 3339 1512 carminibus
3378 1456 3524 1515 sum-

1935 1536 2082 1597 ibam
2112 1542 2371 1599 tribuant.

2432 1657 2512 1713 De
2541 1660 2723 1729 primis
2755 1659 2993 1731 syllabis.

2005 1766 2309 1822 Primarum
2328 1766 2663 1841 syllabarum
2706 1772 2762 1826 in
2788 1774 3040 1830 omnibus
3061 1777 3305 1846 partibus
3329 1779 3519 1839 didici-

1859 1826 1907 1886 Β
1934 1856 2002 1912 lis
2029 1826 2384 1931 investigatio.
2401 1870 2503 1925 est,
2534 1876 2696 1931 quam
2735 1864 2988 1920 videlicet
3027 1826 3142 1936 ipse
3167 1872 3403 1927 maxime
3432 1874 3516 1930 di—

1933 1964 2192 2021 gnoscere
2234 1950 2454 2022 poterit,
2477 1953 2569 2024 qui
2612 1954 2808 2025 pedum
2855 1958 3121 2025 rationem
3163 1969 3219 2017 et
3262 1979 3517 2021 versuum

1929 2042 2271 2098 scansionem
2314 2044 2371 2099 in
2423 2046 2614 2101 metris
2662 2047 2879 2104 sedulus
2916 2050 3125 2108 discere
3165 2059 3339 2122 curat,
3384 2059 3513 2129 quia

1932 2148 2056 2188 cum
2099 2134 2208 2188 sint
2244 2134 2427 2189 multae
2458 2129 2723 2193 dictiones
2767 2153 2887 2208 qua:
2930 2142 3227 2200 secundum
3258 2147 3518 2219 analogiae

1920 2224 2247 2294 qualitatem
2273 2226 2462 2281 eadem
2494 2229 2875 2285 terminatione
2894 2231 3177 2301 liniuntur,
3201 2243 3382 2294 tamen
3407 2254 3516 2295 non

1932 2315 2115 2371 multas
2139 2325 2266 2372 sunt
2294 2333 2413 2387 qua;
2435 2318 2488 2371 in
2517 2319 2688 2391 initiis
2718 2322 3089 2392 concordent;
3121 2305 3215 2381 sed
3250 2342 3373 2383 cum
3399 2330 3515 2386 haec

1930 2419 2160 2474 operosa
2190 2406 2529 2478 expositione
2577 2408 2876 2481 indigeant,
2924 2427 2988 2467 ea
3039 2406 3377 2473 solammodo
3416 2434 3517 2475 nos

1931 2514 2053 2569 quae
2078 2515 2109 2555 a
2134 2499 2413 2556 ﬁdissimis
2431 2502 2629 2555 artium
2671 2489 3030 2573 scriptoribus
3063 2508 3333 2579 exquisita
3363 2523 3518 2581 repe.

1930 2591 2133 2658 rimus,
2153 2592 2391 2647 breviter
2416 2589 2843 2671 commemorare
2873 2595 3004 2651 satis
3030 2598 3119 2652 sit.
3153 2597 3287 2654 Nam
3314 2600 3519 2673 syllaba

1931 2690 2025 2738 aut
2052 2682 2424 2755 diphthongon
2473 2684 2650 2756 longa'
2684 2700 2805 2742 esse
2842 2690 3189 2772 cognoscitur
3216 2692 3329 2773 (qui
3361 2697 3520 2765 quiu-

1929 2772 2173 2845 quefarie
2199 2775 2480 2840 scribitur,
2510 2776 2564 2830 id
2591 2785 2696 2842 est,
2734 2795 2815 2845 ae,
2843 2795 2923 2853 oe,
2965 2798 3055 2847 au,
3087 2799 3172 2847 eu,
3192 2784 3240 2836 ei
3266 2797 3284 2835 :
3312 2784 3368 2838 hi
3400 2786 3518 2841 ubi-

1929 2880 2143 2934 cunque
2168 2867 2528 2935 reperiuntur,
2558 2881 2772 2937 semper
2797 2860 3060 2939 syllabam
3086 2854 3300 2943 longam
3326 2874 3520 2929 natura

1928 2970 2049 3011 esse
2068 2954 2377 3029 ostendunt)
2407 2964 2499 3012 aut
2519 2958 2770 3027 exemplo
2795 2976 2807 3010 :
2836 2959 3097 3028 quaeritur
3118 2962 3262 3016 enim
3286 2944 3341 3016 in
3361 2978 3518 3018 scan-

1929 3046 2085 3105 sione
2113 3045 2297 3112 metri,
2324 3036 2381 3100 et
2414 3046 2468 3099 in
2509 3046 2819 3118 cognitione
2846 3048 3070 3117 pedum,
3100 3054 3282 3105 utrum
3312 3035 3519 3122 syllaba

1928 3136 2088 3207 longa
2117 3136 2286 3218 sitan
2315 3137 2515 3201 brevis,
2562 3138 2716 3193 verbi
2764 3140 2959 3209 gratia,
3006 3140 3164 3195 Musa
3193 3157 3390 3197 nomen
3426 3159 3517 3215 ap-

1931 3226 2265 3296 pellativum,
2289 3227 2336 3282 si
2365 3227 2579 3283 nescias
2599 3236 2783 3282 utrum
2810 3246 2899 3283 mu
2925 3231 3184 3301 producta
3211 3232 3283 3287 sit
3301 3249 3372 3288 an
3394 3248 3519 3290 cor-

1932 3326 2105 3388 repta,
2138 3325 2391 3373 occurrat
2418 3318 2515 3371 tibi
2544 3316 2676 3372 illud
2698 3319 2910 3390 Virgilii
2937 3339 2950 3375 :

1936 3412 1941 3416 ’
2055 3410 2211 3471 Iinsa,
2240 3412 2359 3460 mihi
2384 3426 2554 3494 causas
2570 3426 2811 3474 memora,
2833 3429 2929 3479 quo
2954 3413 3150 3470 numine
3169 3420 3299 3487 laeso,

1928 3494 1985 3551 ct
2011 3494 2255 3549 invenies
2280 3510 2369 3548 mu
2399 3497 2744 3566 productam,
2772 3499 2897 3567 quia
2924 3501 3100 3555 omnis
3127 3517 3316 3559 versus
3340 3505 3520 3564 heroi-

1928 3600 2027 3640 cus
2068 3600 2294 3667 necesse
2335 3577 2421 3640 est
2461 3586 2696 3656 primam
2733 3584 2994 3659 syllabam
3034 3572 3233 3667 habeat
3276 3594 3513 3667 longam,

1929 3690 2053 3730 cum
2082 3664 2367 3757 spondaaus
2392 3674 2495 3747 vel,
2526 3670 2773 3760 dactylus
2820 3678 2876 3732 in
2920 3666 3095 3750 capite
3122 3698 3311 3738 versus
3356 3664 3517 3755 liujus

1927 3766 2087 3820 metri
2126 3780 2339 3835 semper
2377 3775 2602 3842 constet.
2652 3768 2784 3823 item
2815 3770 2868 3823 in
2903 3771 3141 3842 elegiaco
3182 3768 3423 3831 carmine
3450 3780 3520 3835 ad

1927 3845 2261 3927 indagandas
2312 3838 2546 3927 syllabas
2591 3860 2836 3930 exempla
2886 3838 3135 3933 prompta
3191 3874 3352 3922 sunt:
3387 3883 3513 3923 naut

1924 3948 2074 4033 prior
2131 3962 2325 4031 versus
2370 3937 2688 4009 hexameter
2737 3950 3009 4033 dactylum
3062 3954 3249 4024 quinta
3299 3958 3521 4033 regione

1924 4032 2063 4109 pene
2095 4053 2309 4108 semper
2332 4046 2500 4122 tenet,
2537 4041 2630 4110 qui
2654 4042 2886 4111 primam
2916 4030 3174 4115 syllabam
3210 4030 3426 4121 longam
3462 4058 3518 4106 et

1926 4130 2259 4200 posteriores
2295 4127 2430 4213 duas
2468 4124 2663 4183 breves
2687 4131 2881 4196 habet;
2912 4123 3165 4190 similiter
3203 4145 3258 4191 et
3283 4153 3516 4208 sequens

1926 4237 2115 4276 versus
2149 4219 2493 4299 pentameter
2514 4231 2639 4291 post
2666 4223 2802 4279 duos
2825 4226 3031 4293 primos
3061 4230 3228 4297 pedes
3271 4239 3325 4287 et
3369 4235 3518 4289 colo-

1924 4312 2038 4379 fon,
2078 4313 2288 4369 duobus
2326 4314 2556 4395 dactylis
2604 4324 2659 4370 et
2704 4332 2811 4372 una
2859 4322 3248 4392 supersyllaba,
3296 4314 3515 4383 versum

1926 4420 2141 4475 semper
2168 4404 2402 4473 elaudit,
2430 4414 2490 4485 ut
2538 4406 2791 4475 Virgilius
2834 4408 2887 4461 in
2932 4412 3202 4482 epitaphio
3238 4419 3381 4485 quod
3410 4418 3514 4475 sibi

1846 4530 1901 4591 Β
1927 4506 2054 4553 ante
2080 4505 2311 4552 mortem
2338 4481 2646 4589 condidisse
2674 4496 2847 4553 fertur
2873 4518 2885 4553 :

2056 4610 2255 4676 Mantua
2273 4622 2361 4676 me
2388 4583 2584 4670 genuit,
2610 4608 2800 4676 Calabri
2833 4622 3066 4676 rapuere,
3106 4622 3243 4666 tenet
3267 4630 3393 4669 nunc

2153 4671 2468 4731 ParthenOpe
2497 4683 2510 4720 :
2538 4672 2695 4721 cecini
2723 4671 2914 4735 pascua,
2936 4671 3067 4733 rura,
3092 4676 3262 4727 duces.

1927 4771 2081 4838 Quod
2106 4771 2184 4826 sic
2206 4772 2500 4835 scanditur,
2531 4770 2752 4825 Mantua
2777 4773 3043 4845 dactylus,
3071 4792 3153 4831 me
3176 4795 3309 4848 genu
3341 4781 3506 4849 dact.,

1923 4863 1964 4915 it
1998 4860 2127 4915 Cala
2149 4861 2315 4933 dact.,
2360 4860 2437 4912 bri
2475 4876 2606 4929 rapu
2633 4860 2799 4925 dact.,
2838 4879 2923 4915 ere
2953 4874 3002 4917 te
3043 4865 3207 4931 dact.,
3257 4880 3337 4922 ne!
3373 4887 3512 4926 nunc

1925 4936 2229 5018 simndmus.
2268 4946 2536 5003 Parmeno
2571 4950 2738 5015 dact.,
2772 4968 2835 5025 pe
2860 4938 3016 5006 {oeci
3052 4955 3220 5021 dact.,
3270 4959 3324 5011 ni
3360 4961 3510 5017 colo-

1924 5038 2038 5105 l‘on,
2065 5056 2262 5109 pascua
2286 5040 2452 5105 dact.,
2485 5056 2610 5093 rura
2650 5039 2723 5093 du
2756 5040 2919 5105 dact.,
2961 5059 3044 5096 res
3084 5045 3316 5118 colofon.
3350 5050 3509 5120 Ecce,

1925 5139 1990 5210 ut.
2007 5132 2244 5187 diximus
2276 5133 2328 5186 in
2372 5134 2553 5203 priore
2587 5148 2767 5200 versu,
2798 5134 2985 5203 quinta
3023 5138 3241 5209 regione
3266 5143 3511 5215 dactylus

1925 5240 1953 5277 e
1982 5224 2192 5295 longam
2226 5233 2279 5279 ct
2310 5242 2382 5289 re,
2407 5233 2461 5279 et
2487 5236 2558 5290 te,
2604 5226 2797 5281 breves
2826 5228 3092 5293 ostendit;
3125 5239 3285 5300 atque
3330 5234 3383 5287 in
3423 5250 3509 5290 se-

1926 5317 2111 5396 quenti
2136 5332 2296 5371 versu
2322 5335 2389 5386 pa
2419 5317 2575 5388 longa
2601 5326 2656 5372 et
2684 5334 2777 5372 acu
2798 5326 2852 5372 et
2878 5337 2909 5372 a
2936 5320 3151 5388 breves,
3168 5308 3241 5378 ἐι
3284 5324 3410 5381 item
3445 5346 3509 5382 ru

1926 5408 2115 5479 longa,
2138 5427 2199 5462 ra
2236 5420 2290 5464 et
2323 5410 2394 5461 du
2437 5409 2629 5463 breves
2674 5410 2924 5466 similiter
2954 5412 3094 5467 idem
3123 5430 3218 5485 pes
3248 5420 3507 5475 ostendit.

1927 5501 2079 5556 Licet
2107 5503 2252 5556 cnim
2279 5501 2395 5556 loca
2424 5503 2525 5555 alia
2573 5503 2627 5556 in
2658 5518 2818 5559 versu
2854 5505 3091 5561 vicissim
3130 5497 3414 5579 spondae’us
3452 5525 3508 5570 et

1929 5596 2174 5666 dactylus
2200 5603 2436 5661 teneant,
2468 5596 2519 5649 in
2554 5596 2669 5651 istis
2688 5604 2867 5651 tamen
2892 5597 3114 5655 minime
3138 5604 3383 5673 exempla
3409 5605 3509 5661 fal-

1924 5686 2061 5741 lunt.
2116 5685 2441 5739 Fortunatus
2485 5686 2538 5738 in
2580 5684 2758 5741 libello
2800 5700 2959 5757 quem
3004 5689 3070 5744 de
3116 5691 3287 5749 beata:
3325 5695 3507 5756 Maria:

1924 5775 2082 5831 laude
2103 5775 2318 5843 cecinit,
2350 5776 2421 5831 ita
2451 5777 2603 5846 ponit
2629 5794 2641 5828 :
