3918 6354
427 315 534 369 625

551 428 796 478 Roraruut
815 425 926 477 cm'li
961 427 1136 486 nubes,
1158 428 1440 487 justumque
1467 425 1697 487 pluerunt
1722 439 1736 474 :

613 492 768 550 Quem
787 489 1094 538 Salvatorem
1119 490 1345 548 germine
1369 487 1520 549 Virgo
1540 488 1694 538 dedit.

428 585 580 653 Quod
615 583 694 638 sic
739 583 1055 638 scanditur:
1083 579 1227 632 Rom
1269 579 1484 648 spond.,
1527 587 1650 632 runt
1679 595 1754 632 cae
1795 578 2008 649 spend,

428 677 464 730 li
497 693 567 730 nu
593 673 809 746 spund.,
837 673 921 728 bes
943 673 1006 742 ju
1029 671 1247 740 spond.,
1279 679 1519 740 stumque
1552 668 1644 738 plu
1669 669 1838 732 dact.,
1861 677 2012 722 erunt

428 764 618 834 spend.
650 763 816 828 Quem
851 759 944 816 Sal
983 760 1288 829 spondaeus,
1326 766 1448 812 vate
1483 757 1700 827 spond.,
1733 775 1840 811 rem
1871 757 2016 812 colo-

425 855 537 918 fon,
583 854 812 924 germine
852 852 1024 916 dact.,
1077 849 1234 920 Virgo
1265 849 1328 902 de
1370 847 1637 918 dactylus,
1677 848 1754 901 dit
1779 848 2010 901 colofon.

441 948 597 1017 Ergo,
635 947 774 1000 sicut
813 945 867 998 in
896 945 1075 1012 priore
1098 941 1345 1010 exemplo
1373 941 1625 994 omnibus
1665 939 1798 993 locis
1827 940 2014 1009 dacty-

434 1040 562 1102 lum,
591 1046 789 1109 praeter
813 1051 979 1090 unum
1009 1033 1340 1104 spondaeum,
1382 1033 1542 1085 ambo
1581 1045 1772 1084 versus
1818 1031 2017 1084 habue-

429 1139 582 1196 runt;
623 1131 697 1184 ita
722 1143 866 1182 nunc
890 1127 942 1180 in
973 1124 1224 1194 sequenti
1255 1124 1507 1179 omnibus
1535 1123 1666 1176 locis
1701 1122 2013 1189 spondaeum

426 1233 622 1293 przeter
649 1220 956 1292 supradicta
988 1219 1096 1272 tria
1139 1217 1256 1272 loca
1293 1217 1509 1270 habent.
1557 1215 1690 1270 Item
1726 1214 2016 1283 aliquando

427 1315 600 1382 prima
632 1312 840 1382 syllaba
863 1325 928 1364 ex
969 1309 1361 1378 compositione
1399 1306 1582 1376 ﬁgura;
1609 1305 1785 1376 qualis
1826 1305 1896 1360 sit
1923 1302 2014 1356 dc-

425 1405 802 1474 prehenditur,
829 1402 954 1456 utsi
979 1401 1190 1454 nescias
1217 1398 1393 1468 qualis
1425 1398 1515 1462 sit,
1541 1397 1657 1466 pius
1685 1396 1768 1449 vel
1797 1393 2010 1462 probus,

425 1517 490 1554 ex
537 1497 950 1568 compositidnc,
981 1510 1099 1564 quae
1141 1502 1245 1558 est,
1289 1491 1482 1562 impius
1509 1490 1594 1544 vel
1642 1487 1888 1557 reprobus
1919 1501 2012 1539 co-

425 1592 724 1658 gnoscitur,
755 1589 879 1643 licet
906 1589 960 1642 in
990 1585 1209 1656 syllaLis
1231 1583 1520 1654 aliquantis
1545 1581 1648 1634 hoc
1678 1579 1860 1640 fallat;
1891 1593 2015 1631 nam

425 1700 547 1737 rum
579 1683 812 1738 dicimus
838 1680 1048 1744 nubere,
1079 1695 1149 1731 nu
1181 1678 1338 1746 longa
1375 1685 1478 1730 est.
1503 1672 1826 1742 Calpurnius
1853 1672 1906 1724 in
1939 1687 1970 1722 χ
1997 1688 2009 1722 :

617 1795 818 1849 Nubere
845 1796 914 1842 vis
937 1793 1124 1850 Prisco,
1143 1803 1236 1840 non
1262 1790 1432 1848 miror,
1453 1787 1622 1848 Paula,
1651 1785 1838 1848 sapisti.

423 1909 554 1962 Item
580 1921 704 1962 cum
743 1905 972 1960 dicimus
999 1901 1259 1972 pronuba,
1297 1907 1392 1954 aut
1431 1898 1645 1958 innuba,
1687 1903 1780 1948 aut
1807 1910 2009 1948 connu-

423 2002 583 2063 bium,
608 2015 678 2051 nu
703 1997 886 2051 brevis
911 1995 963 2047 in
985 1992 1397 2062 compositione.
1427 1987 1574 2055 Virg.
1603 1987 1656 2040 in
1683 2002 1731 2038 vi
1757 1984 1972 2038 IEneid.
1997 2003 2008 2036 :

546 2089 605 2138 Et
637 2087 842 2138 Bellona
869 2091 1035 2134 manet
1056 2091 1107 2132 te
1132 2081 1352 2143 pronuba
1377 2091 1469 2127 nec
1493 2077 1598 2126 lace
1617 2081 1825 2126 tantum.

423 2173 569 2225 Idem
599 2171 653 2223 in
695 2185 748 2222 1v
792 2187 804 2220 :

543 2259 795 2312 Connubio
809 2259 1006 2318 jungam
1032 2253 1210 2311 stabili,
1233 2251 1578 2312 [trepriamque
1595 2247 1786 2295 dicabo.

423 2344 557 2396 Item
585 2342 637 2394 in
665 2339 758 2392 lux
780 2337 910 2391 lucis
940 2337 1098 2405 longa
1139 2341 1220 2387 est
1243 2331 1572 2394 lu,,lucerna
1596 2330 1650 2383 in
1682 2326 2016 2382 derivatione

421 2434 625 2496 brevis,
659 2431 734 2483 lu.
787 2431 918 2482 Item
951 2427 1102 2479 homo
1151 2424 1331 2478 brevis
1382 2431 1464 2476 cst
1507 2421 1720 2489 ubique,
1756 2421 2017 2473 humanus

423 2537 640 2591 semper
671 2520 848 2589 longa.
885 2517 1008 2569 Itur
1044 2515 1099 2566 in
1129 2514 1398 2583 antiquam
1427 2511 1634 2576 silvam,
1659 2511 1676 2563 i
1705 2511 1898 2580 longa;
1931 2527 2020 2562 su—

421 2627 703 2686 perantque
734 2611 802 2664 ad
833 2598 1007 2663 lunien
1038 2609 1227 2672 ξιιμ-(ιδ,
1274 2608 1290 2659 i
1337 2605 1520 2660 brevis
1548 2624 1560 2658 :
1608 2593 1702 2660 sed
1734 2606 1835 2659 hoc
1873 2605 2020 2658 inve-

423 2709 540 2761 nire
565 2721 692 2759 raro
722 2703 1002 2772 contingit.
1035 2699 1234 2754 Verum
1260 2699 1303 2754 si
1331 2698 1584 2767 quaelibet
1611 2713 1736 2767 pars
1761 2697 2020 2751 orationis

421 2795 889 2866 praepositionibus
909 2800 1322 2862 componantur,
1352 2793 1557 2859 primas
1584 2789 1818 2860 syllabas
1841 2807 1906 2844 ex
1938 2790 2020 2843 his

421 2887 820 2957 cognoscimus,
853 2901 980 2938 nam
1032 2883 1152 2938 talis
1189 2882 1428 2936 manebit
1477 2882 1592 2936 l‘crc
1639 2882 1821 2935 omnis
1876 2899 2022 2935 com-

423 2979 602 3048 posita
631 2977 832 3048 syllaba
888 2975 1068 3046 qualis
1093 2985 1148 3029 et
1200 2975 1315 3043 ipsa
1345 2975 1656 3043 praepositio
1705 2973 1888 3037 fuerit,
1941 2985 2018 3034 ut,

422 3073 688 3141 deceptus,
725 3069 966 3132 eductus,
1005 3067 1301 3131 abundans,
1349 3066 1630 3128 reluctans,
1663 3066 1726 3118 de
1771 3065 2022 3120 videlicet

1045 314 1104 366 Β.
1147 311 1402 366 R‘ABANI
1431 310 1658 366 MAURI
1695 310 2014 367 ARCHIEP.
2047 309 2355 367 MOGUNT.
2397 309 2680 366 OPERUM
2721 309 2900 364 PARS
2933 308 3020 363 III.

2033 429 2088 490 Α
2111 442 2228 478 cum
2267 425 2462 494 fevere'.
2497 422 2686 489 Voveo,
2716 423 2846 488 vovi,
2875 436 3134 484 voveram,
3174 419 3444 485 vovissem,
3474 432 3594 472 cum
3615 432 3702 470 vo-

3591 304 3698 360 624

2117 516 2297 579 verim,
2326 530 2526 568 vovere.
2589 509 2785 577 Paveo,
2827 509 2967 580 pavi,
3011 525 3274 578 parerem,
3305 507 3584 576 pavissem,
3613 522 3706 575 pa-

2115 607 2296 671 verint,
2333 621 2452 658 cum
2479 621 2688 675 pavere.
2735 603 2922 666 Caveo,
2967 600 3100 662 cavi,
3148 615 3406 662 caverem,
3435 598 3706 660 cavissem,

2115 712 2233 749 cum
2261 695 2506 760 caverim,
2544 710 2750 748 cavero.
2791 689 2972 755 Video,
2997 689 3122 754 vidi,
3145 688 3399 750 videram,
3439 685 3706 752 vidissem,

2116 802 2233 839 cum
2253 775 2494 850 viderim,
2539 785 2735 839 videro.
2771 782 2906 847 Neo,
2951 781 3084 846 nevi,
3139 777 3399 843 neveram,
3429 779 3708 840 nevissem,

2116 893 2230 931 cum
2261 877 2504 942 neverim,
2533 891 2732 930 nevere.
2769 859 2921 938 Flee,
2949 873 3091 942 ﬂevi,
3137 873 3402 941 ﬂeveram,
3431 871 3708 940 ﬂevissem,

2115 984 2232 1020 cum
2267 968 2518 1037 ﬂeverim,
2545 967 2750 1034 ﬂevere.
2793 962 2936 1028 Ci‘eo,
2969 963 3087 1030 civi,
3126 961 3210 1016 vel
3235 963 3323 1026 cii,
3363 962 3610 1023 civeram,
3640 959 3712 1012 ci-

2115 1056 2318 1110 vissem.
2367 1073 2486 1109 cum
2541 1054 2772 1118 civerim,
2803 1053 2990 1106 civere.
3049 1051 3248 1106 Tertia:
3276 1065 3405 1104 vero
3452 1050 3708 1119 conjuge-

2117 1146 2280 1202 tionis
2305 1146 2492 1212 verba,
2533 1159 2653 1215 quae
2682 1141 2926 1198 eamdem
2965 1143 3207 1213 regulam
3238 1151 3557 1211 sequuntur,
3591 1148 3720 1193 sunt

2115 1236 2464 1307 haec:fugio,
2495 1235 2629 1306 fugi,
2683 1235 2938 1304 fugerant,
2991 1233 3263 1303 fugissem,
3311 1249 3426 1286 cum
3467 1232 3714 1301 fugerim,

2117 1327 2318 1398 fugere.
2374 1327 2547 1393 Cudo,
2606 1327 2750 1392 cudi,
2803 1325 3074 1389 cuderam,
3125 1324 3405 1390 cudissem,
3455 1339 3576 1376 cum
3626 1339 3717 1376 cu-

2115 1417 2305 1481 derim,’
2341 1416 2554 1470 cudere.
2601 1413 2788 1487 Cupio,
2831 1417 2964 1486 cepi,
3009 1431 3266 1486 ceperam,
3295 1415 3564 1486 cepissem,
3599 1431 3718 1468 cum

2105 1507 2362 1578 ceperim,
2397 1523 2598 1576 cepero.
2650 1505 2812 1577 Lego,
2857 1505 2980 1577 legi,
3018 1506 3267 1576 legeram,
3298 1505 3553 1576 legissem,
3597 1523 3719 1558 cum

2115 1598 2352 1668 legerim,
2376 1581 2590 1668 'legero.
2630 1596 2815 1662 Facio,
2861 1597 2982 1666 feci,
3011 1597 3258 1668 feceram,
3300 1599 3558 1666 fecissem,
3601 1593 3720 1650 cum

2117 1691 2350 1760 fecerim,
2388 1692 2578 1760 fecero.
2621 1691 2796 1756 Jacie,
2838 1692 2966 1760 jeci,
3001 1693 3257 1760 jeceram,
3289 1691 3558 1760 jecissem,
3601 1705 3720 1742 cum

2042 1781 2087 1838 Β
2105 1783 2344 1851 jecerim,
2364 1782 2565 1852 jecero.
2595 1780 2748 1847 Line,
2781 1780 2900 1846 levi,
2941 1782 3190 1846 leveram,
3221 1779 3473 1843 levissem,
3499 1796 3618 1832 cum
3643 1779 3721 1832 le-

2115 1876 2298 1942 verim,
2345 1875 2530 1928 levere.
2581 1873 2713 1926 Eme
2741 1915 2755 1938 ,
2807 1875 2927 1938 emi,
2987 1889 3236 1939 emeram,
3295 1873 3554 1934 emissem,
3600 1887 3722 1924 cum

2115 1969 2350 2032 emerim,
2400 1983 2592 2020 emero.
2641 1964 2795 2030 Sero,
2833 1965 2956 2030 sevi,
3003 1981 3253 2028 severam,
3295 1963 3560 2026 sevissem,
3603 1979 3726 2015 cum

2115 2061 2357 2122 severim,
2405 2075 2600 2112 severe.
2651 2056 2733 2110 Ex
2779 2056 2975 2126 quibus
3007 2065 3136 2110 sunt
3171 2057 3262 2109 illa
3314 2071 3435 2124 quae
3483 2055 3538 2108 in
3585 2069 3726 2124 pne-

2118 2150 2260 2206 senti
2292 2158 2532 2220 tempore
2561 2156 2616 2203 et
2653 2149 2709 2202 in
2741 2147 2861 2202 aliis
2905 2147 3228 2216 quibusdam
3265 2145 3600 2214 temporibus
3625 2158 3728 2197 sua

2117 2239 2386 2308 positione
2445 2240 2679 2310 primam
2740 2236 3002 2308 syllabam
3055 2239 3344 2292 ostendunt
3405 2251 3463 2290 se
3519 2235 3728 2289 habere

2121 2331 2356 2402 longam,
2382 2331 2476 2385 sed
2497 2343 2617 2399 quae
2647 2337 2838 2384 natura
2874 2338 3179 2398 correptam
3210 2328 3456 2382 vocalem
3489 2327 3719 2391 habent,

2121 2420 2250 2474 huic
2301 2420 2500 2491 regula:
2533 2419 2931 2488 mancipantur.
2983 2417 3210 2488 Rumpe,
3267 2418 3404 2488 rupi,
3443 2433 3724 2486 «raperem,

2124 2511 2400 2580 rupissem,
2435 2529 2551 2564 cum
2593 2511 2844 2580 ruperim,
2890 2525 3096 2579 rupere.
3154 2508 3341 2572 Cerne,
3407 2509 3560 2574 crevi,
3611 2526 3728 2562 cre-

2126 2618 2322 2666 veram,
2370 2603 2664 2671 crcvissem,
2715 2618 2832 2654 cum
2877 2603 3145 2666 creverint,
3205 2617 3430 2654 crevere.
3495 2599 3724 2669 Sperne,

2125 2693 2314 2763 sprevi,
2359 2710 2675 2762 spreverant,
2722 2695 3048 2763 sprevissem,
3089 2708 3204 2744 cum
3235 2693 3536 2761 spreverim,
3582 2711 3728 2764 spre-

2127 2801 2267 2838 vere.
2291 2783 2509 2848 Fundo,
2541 2785 2676 2852 fudi,
2702 2784 2962 2854 fuderant,
2994 2783 3268 2853 fudissem,
3305 2801 3422 2845 cum
3463 2785 3724 2854 fuderim,

2129 2875 2335 2943 fudere.
2379 2873 2558 2938 Vince,
2601 2875 2716 2938 vici,
2757 2875 2998 2938 vicerant,
3041 2875 3295 2938 vicissem,
3339 2892 3458 2928 cum
3485 2877 3722 2942 vicerim,

2131 2966 2316 3018 vicero.
2359 2963 2509 3029 Tero,
2541 2965 2682 3031 trivi,
2710 2967 2970 3028 lrivcram,
2998 2967 3274 3031 trivissem,
3301 2983 3418 3020 cum
3461 2969 3720 3033 triverim,

2131 3059 2342 3112 trivere.
2376 3057 2615 3128 Frange,
2647 3059 2796 3128 fregi,
2835 3059 3112 3128 fregerant,
3139 3059 3426 3130 fregissent,
3457 3077 3578 3113 cum
3617 3062 3726 3130 fre-

425 3173 481 3216 et
513 3179 540 3215 e
567 3162 752 3231 longa,
790 3163 853 3212 ab
890 3167 944 3213 et
975 3174 1028 3210 re
1055 3157 1254 3212 brevis.
1287 3156 1416 3210 Item
1444 3171 1510 3210 ex
1541 3157 1670 3226 ipsis
1698 3159 2020 3225 propositio-
2047 3141 2092 3204 C
2124 3155 2307 3222 gerim,
2336 3153 2561 3224 fregero.
2597 3151 2790 3216 Fodio,
2831 3153 2966 3222 fodi,
2993 3153 3254 3226 foderant,
3283 3154 3553 3222 fodissem,
3599 3171 3722 3208 cum

422 3253 582 3307 nibus
607 3253 674 3304 ad
704 3259 759 3305 et
783 3251 843 3302 ob
873 3252 929 3302 οἰ
959 3251 1012 3301 in
1035 3255 1087 3303 et
1113 3247 1206 3301 sub
1246 3247 1458 3301 diverse
1507 3247 1560 3300 in
1592 3247 1772 3300 verbis
1815 3261 2021 3316 ponun—

423 3353 530 3400 tur.
565 3344 700 3422 Nam
755 3343 1122 3411 corripiuntur
1167 3357 1291 3394 cum
1330 3339 1622 3393 crescendo
1671 3340 2020 3409 dissyllabam

425 3437 674 3500 reddunt,
711 3446 792 3500 ut,
822 3435 956 3498 adit,
991 3433 1117 3497 obit,
1148 3433 1262 3496 init,
1290 3431 1446 3502 subit.
1473 3427 1844 3484 Indifl‘crentes
1873 3439 2018 3495 sunt,

424 3543 551 3581 cum
591 3525 952 3595 trissyllabam
1003 3521 1229 3586 faciunt,
1259 3529 1341 3584 ut,
1379 3520 1561 3584 adicit,
1615 3520 1791 3584 obicit,
1851 3523 2019 3584 inicit,

429 3617 637 3670 subicit.
695 3615 1072 3668 Producuntur
1112 3621 1292 3664 tamen
1335 3627 1460 3664 cum
1499 3611 1904 3681 tetrassyllabas
1955 3626 2022 3664 ex

423 3721 482 3760 se
521 3705 774 3764 reddunt,
817 3709 876 3753 ut
915 3702 1107 3760 adicio,
1153 3699 1342 3764 obicio,
1397 3699 1576 3762 inicio,
1624 3699 1842 3752 subicio.
1888 3698 2020 3752 Item

421 3795 793 3865 producuntur
819 3807 938 3860 qua:
969 3805 1065 3860 per
1089 3806 1198 3858 pra:
1227 3797 1282 3843 et
1309 3804 1406 3858 per
1449 3805 1566 3859 quw
1609 3789 1664 3842 in
1693 3788 1884 3858 primis
1908 3789 2018 3858 syl-

421 3886 572 3938 labis
605 3884 937 3946 scribuntur,
969 3890 1050 3944 ut,
1079 3882 1374 3948 prwmium,
1425 3882 1708 3950 praesciuit,
1759 3897 2018 3950 quau'ens,

420 3977 679 4047 qua-sivit.
723 3973 1044 4027 Breviantur
1093 3986 1224 4024 vero
1265 3973 1511 4039 pretium,
1563 3988 1766 4039 precor,
1818 3989 2017 4041 premo,

420 4065 704 4138 prehende,
737 4073 794 4119 et
838 4080 1048 4133 queror,
1100 4064 1200 4116 hoc
1240 4071 1344 4126 cst,
1392 4061 1666 4130 querelam
1706 4062 1937 4132 depono,
1969 4070 2024 4116 et

423 4174 544 4228 qua:
583 4173 650 4212 ex
703 4157 786 4209 his
837 4168 933 4222 per
990 4153 1384 4208 derivationem
1443 4151 1528 4204 vel
1575 4151 2022 4220 compositionem

423 4249 544 4302 ﬁeri
571 4253 820 4315 possunt,
849 4253 926 4308 ut,
968 4241 1240 4313 «dprecer,
1270 4259 1466 4310 preces,
1498 4245 1806 4312 comprime,
1837 4259 2022 4314 appre—

423 4338 636 4398 hensus,
671 4350 979 4404 conqueror,
1008 4333 1240 4402 querela,
1283 4319 1337 4385 et
1381 4349 1478 4402 que
1507 4335 1833 4403 conjunctio.
1885 4336 2021 4389 Item

423 4427 737 4482 breviantur
779 4441 842 4477 ex
891 4423 1079 4477 iisdem
1135 4422 1605 4492 prmpositionibus
1653 4425 1706 4476 in
1753 4425 2020 4494 composi—

426 4519 592 4579 tione,
625 4523 702 4576 ut,
727 4514 932 4574 dehinc,
963 4487 1262 4580 profecius;
1279 4511 1547 4581 profusus,
1579 4487 2016 4584 ρῖοριςδιις,”ρ,-ο,
2045 4487 2094 4544 Ι)

429 4609 586 4671 latus,
618 4621 864 4674 proavus,
895 4618 1168 4672 pronepos,
1221 4609 1324 4655 etc.
1379 4603 1518 4654 Sunt
1567 4604 1694 4657 item
1743 4603 2012 4672 aliquanta

429 4697 584 4750 verba
631 4711 750 4763 qua:
789 4694 990 4762 primas
1039 4691 1272 4761 syllabas
1303 4699 1602 4760 temporum
1661 4694 1866 4746 ratione
1895 4709 2018 4761 pcr-

425 4797 652 4852 mutant,
695 4804 816 4856 qua:
853 4787 1038 4839 subter
1075 4784 1298 4840 collecta
1329 4785 1380 4837 in
1412 4785 1557 4838 omni
1599 4787 1874 4854 [inmerito
1897 4802 2016 4853 per-

423 4881 566 4931 fecto
589 4875 667 4926 vel
691 4877 742 4928 in
780 4874 926 4926 muni
947 4873 1218 4943 praeterito
1259 4873 1539 4942 plusquam
1565 4875 1824 4942 perfecto,
1851 4875 1934 4928 vel
1962 4876 2018 4928 in

423 4986 530 5022 uno
588 4968 769 5020 futuro
810 4975 1013 5018 tantum
1051 4965 1193 5020 modi
1247 4964 1574 5032 conjunctivi
1621 4967 2010 5034 producuntur.

421 5059 480 5111 In
511 5059 723 5112 caeteris
778 5065 956 5110 autem
1001 5058 1174 5110 modis
1212 5065 1266 5110 ct
1305 5058 1637 5126 temporibus
1675 5059 2010 5122 breviantur,

421 5158 481 5202 ut
525 5157 649 5200 sunt
707 5147 820 5200 lucc
857 5147 1044 5216 prima:
1073 5147 1484 5216 conjugationis,
1539 5148 1678 5212 lavo,
1711 5149 1836 5212 lavi,
1879 5149 2016 5202 lave-

424 5256 558 5302 ram,
600 5239 860 5302 lavissem,
893 5237 1125 5302 laverim,
1173 5257 1289 5292 cum.
1334 5240 1526 5294 lavero.
1563 5241 1719 5307 Juvo,
1751 5243 1888 5310 juvi,
1919 5245 2015 5312 ju—

423 5345 618 5390 rcram,
643 5327 917 5394 juvissem,
952 5328 1197 5394 juverim,
1244 5347 1360 5382 cum
1391 5331 1600 5398 juvere.
1655 5331 1722 5384 Et
1765 5333 2013 5388 secundae

428 5419 577 5469 haec:
614 5415 798 5478 Sedco,
830 5417 958 5478 sedi,
1003 5417 1259 5482 sederem,
1304 5421 1568 5484 sedissem,
1621 5421 1867 5484 sederim,
1895 5439 2010 5476 cum

425 5507 624 5558 sedero.
655 5503 851 5566 Faveo,
878 5507 1002 5572 favi,
1031 5507 1278 5574 faverant,
1325 5511 1586 5578 favissent,
1630 5529 1746 5564 cum
1773 5514 2008 5581 faverim,

427 5602 622 5666 [ιιι-πινο.
659 5597 858 5664 Moveo,
907 5603 1058 5665 mori,
1101 5619 1381 5669 mererum,
1422 5608 1710 5671 movissent,
1745 5609 2008 5670 ntorcrim,

425 5701 539 5736 run!
569 5707 785 5741 mcrrru.
825 5687 1018 5756 Faveo,
1044 5695 1168 5761 fovi,
1202 5697 1452 5762 furerem,
1482 5700 1742 5765 foris-sem,
1774 5699 2007 5766 fin-prim,

2123 3248 2366 3316 foderint,
2420 3246 2623 3315 fodere.
2669 3245 2827 3312 Odio,
2870 3247 2976 3311 odi,
3020 3247 3254 3312 oderam,
3304 3247 3552 3310 odissem,
3601 3263 3722 3300 cum

2121 3339 2342 3402 oderim,
2371 3337 2547 3390 odero.
2581 3337 2798 3404 Quartae
2825 3335 3240 3406 conjugationis,
3271 3345 3328 3390 ut
3351 3354 3363 3388 :
3389 3338 3557 3402 venio,
3583 3337 3720 3402 veni,

2121 3445 2378 3490 veneram,
2413 3429 2685 3492 venissem,
2718 3443 2836 3479 cum
2865 3428 3111 3490 venerim,
3153 3443 3356 3480 venero.
3386 3426 3492 3492 Eo,
3521 3427 3614 3492 ivi,
3643 3425 3724 3480 vel

2123 3520 2180 3582 ii,
2207 3520 2396 3582 ieram,
2438 3517 2632 3578 iissem,
2683 3532 2801 3568 cum
2840 3517 3013 3581 ierim,
3053 3517 3182 3569 iero.
3215 3515 3385 3581 Queo,
3409 3517 3572 3586 quivi,
3597 3519 3720 3588 qui-

2123 3627 2321 3676 reram,
2351 3609 2647 3679 quivissem,
2688 3624 2804 3660 cum
2831 3608 3109 3678 quiverim,
3127 3599 3379 3678 quivere.
3425 3607 3560 3663 Item
3587 3623 3722 3661 cen-

2124 3709 2206 3753 tra
2233 3699 2578 3753 inveniuntur
2613 3715 2734 3766 qua:
2771 3698 2822 3750 in
2863 3697 3115 3764 prmscnti
3161 3705 3400 3764 tempore
3453 3696 3718 3765 producta

2123 3797 2249 3843 sunt
2282 3797 2336 3842 et
2373 3789 2424 3842 in
2463 3788 2738 3858 praeterito
2786 3787 3125 3850 breviantur,
3165 3794 3223 3840 ut
3261 3797 3386 3841 sunt
3419 3788 3573 3842 hazc:
3623 3806 3722 3858 po-

2123 3899 2210 3948 no,
2235 3883 2426 3952 posui;
2466 3898 2614 3951 cogo,
2640 3881 2818 3950 coegi;
2849 3881 2937 3945 de,
2967 3881 3124 3942 dedi;
3148 3891 3245 3943 sto,
3279 3883 3436 3933 steti:
3466 3889 3518 3934 et
3555 3896 3624 3934 ex
3650 3895 3720 3936 eo

2123 3973 2418 4040 composita
2447 3987 2460 4024 :
2515 3981 2726 4041 praesto,
2755 3982 2890 4036 asto,
2940 3981 3130 4040 persto,
3163 3981 3316 4025 resto.
3349 3971 3484 4026 Item
3531 3974 3718 4027 omnia

2129 4067 2296 4120 verba
2350 4081 2468 4134 quae
2518 4065 2574 4117 in
2629 4065 2920 4134 praeteritis
2959 4075 3083 4117 ante
3117 4073 3388 4128 crescunt,
3433 4065 3488 4118 in
3523 4066 3718 4135 primis

2125 4156 2344 4226 syllabis
2379 4157 2716 4220 breviantur,
2747 4164 2806 4208 ut
2856 4163 2982 4208 sunt
3011 4156 3161 4210 haec:
3196 4156 3416 4224 pendeo,
3447 4157 3666 4226 pependi
3691 4172 3714 4222 ,'

2123 4251 2352 4312 mordeo,
2385 4247 2683 4311 momordi;
2734 4247 2980 4318 spondeo,
3029 4249 3284 4317 spopondi
3309 4266 3326 4312 ;
3373 4249 3588 4314 tondeo,
3634 4259 3718 4302 te-

2123 4341 2290 4404 tendi,
2320 4338 2568 4394 secundze
2605 4337 3020 4407 conjUgationis.
3059 4337 3229 4390 Tertii
3266 4353 3482 4406 quoque
3506 4341 3716 4394 ordinis

2125 4430 2240 4482 haec
2289 4437 2449 4482 sunt:
2493 4445 2672 4497 posce,
2717 4429 2964 4496 poposci;
3013 4443 3191 4492 curre,
3239 4431 3492 4494 cucurri;
3541 4431 3712 4494 disce,

2121 4519 2323 4583 didici;
2361 4535 2512 4580 cano,
2561 4521 2765 4584 cecini;
2811 4529 2987 4588 tange,
3021 4521 3208 4588 tetigi;
3249 4522 3426 4588 tendo,
3467 4524 3660 4576 tetendi
3693 4541 3714 4588 ;

2119 4611 2307 4680 pendo,
2335 4609 2553 4680 pependi
2581 4627 2598 4674 ,'
2629 4609 2786 4678 pello,
2810 4609 2982 4678 pepuli
3007 4627 3025 4674 ;
3051 4611 3233 4672 tundo,
3265 4613 3444 4662 tutudi
3467 4631 3482 4673 ;
3515 4629 3712 4682 pungo,

2119 4703 2313 4771 pupugi
2361 4701 2444 4754 vel
2491 4701 2696 4769 putari;
2743 4717 2921 4768 parco,
2979 4701 3226 4769 peperci;
3277 4701 3432 4768 pede,
3481 4703 3714 4770 pepedi;

2121 4793 2271 4860 fullo,
2307 4793 2512 4862 fefelli;
2543 4793 2694 4854 cado,
2735 4793 2897 4845 cecidi
2926 4809 2946 4858 ;
2989 4793 3138 4856 tollo,
3181 4793 3372 4857 tetuli;
3416 4795 3586 4862 pario,
3617 4811 3710 4862 pe-

2119 4885 2276 4952 peri;
2313 4899 2505 4951 pango,
2569 4884 2760 4951 pepigi,
2813 4891 2919 4936 etc.
2973 4883 3104 4937 Item
3165 4883 3220 4936 in
3267 4883 3448 4938 verbis
3487 4899 3605 4952 quae
3653 4884 3710 4937 in

2118 4971 2316 5024 eisdem
2363 4971 2557 5025 litteris
2605 4971 2916 5026 scribuntur
2965 4975 3260 5028 notandum
3299 4975 3444 5044 quod
3503 4975 3634 5029 liber
3661 4975 3710 5030 si

2117 5062 2314 5114 librum
2353 5061 3040 5130 signiﬁcatautcorticem,
3091 5061 3311 5120 brevem
3363 5067 3526 5120 habet
3548 5067 3585 5118 li
3621 5067 3708 5130 ;si

2115 5153 2362 5216 liberum,
2395 5152 2626 5220 longam.
2679 5149 2801 5204 Pila
2845 5153 2888 5206 si
2919 5170 3014 5208 vas
3051 5155 3340 5223 signiﬁcat,
3373 5156 3588 5225 longam
3611 5156 3708 5208 ha—

2115 5243 2206 5295 bet
2224 5243 2275 5310 pi
2306 5259 2324 5306 ;
2354 5244 2398 5296 si
2437 5244 2720 5310 sphaeram,
2771 5243 3009 5298 brevem.
3067 5243 3319 5308 Securus,
3359 5245 3572 5316 longam
3600 5266 3653 5300 se
3681 5265 3706 5312 ,-

2114 5333 2330 5396 securis,
2367 5333 2584 5386 brevem
2611 5333 2864 5398 ;domus,
2907 5334 3120 5387 brevem
3171 5335 3238 5388 de
3268 5352 3286 5400 ;
3316 5337 3494 5400 doma,
3541 5337 3594 5391 id
3621 5345 3708 5392 cst

2117 5433 2336 5489 tectum,
2371 5424 2603 5494 longam.
2633 5422 2803 5494 Plaga
2835 5441 2957 5479 cum
2995 5427 3154 5480 clima
3202 5427 3488 5498 signiﬁcat,
3525 5429 3704 5484 brevis

2115 5525 2196 5570 est
2223 5516 2310 5584 pla
2334 5533 2350 5579 ;
2379 5531 2500 5570 cum
2531 5516 2845 5580 vindictam,
2875 5517 3053 5588 longa.
3089 5517 3278 5586 Palus,
3319 5521 3550 5589 paludis,
3581 5524 3702 5577 bre-

2117 5623 2138 5656 \
2155 5609 2197 5658 is
2221 5624 2322 5675 pa;
2347 5607 2518 5676 palus,
2548 5608 2674 5676 pali,
2699 5608 2876 5678 longa.
2909 5607 3141 5678 Populus
3167 5626 3290 5665 cum
3323 5612 3512 5681 vtdgus
3535 5613 3704 5684 signi-

2117 5701 2260 5764 lical,
2287 5699 2463 5754 laevis
2489 5711 2566 5754 est
2607 5719 2670 5771 po
2693 5720 2710 5766 ;
2750 5719 2870 5756 rum
2921 5705 3188 5768 arborem,
3235 5703 3409 5773 longa.
3455 5705 3642 5758 it’itcns
3671 5725 3700 5759 a
