3918 6322
204 451 309 501 liii:

1027 439 1415 496 I‘IXGERPTIO
1453 438 1540 492 DE
1580 438 1763 491 ARTE
1802 436 2254 492 GRAMMATICA
2293 435 2652 492 PRISCIANI.

3363 439 3461 492 Geo

205 563 385 618 nitore
439 559 615 612 brevis
659 567 739 612 est
773 562 865 620 ni;
921 576 951 613 a
1004 557 1142 615 nisu,
1197 554 1372 622 longa.
1426 551 1555 606 ltem
1605 551 1788 614 educo,
1821 554 2008 612 Atum
2066 549 2146 602 bis
2194 549 2448 616 temporis
2495 557 2719 615 occupat
2757 558 3012 617 quantum
3058 551 3219 600 st'lttcl
3267 551 3458 602 lil‘t‘\l.~.

205 654 408 716 educis,
433 651 587 721 longa
615 653 685 702 du
709 667 725 715 ;
749 650 932 713 educo,
960 649 1174 709 educas,
1201 647 1252 700 id
1273 654 1354 699 est
1377 644 1789 707 nutrio,brevis.

205 744 462 809 Concido,
493 743 696 807 decido,
739 742 930 804 incido,
980 741 1179 804 occido,
1211 739 1256 792 si
1283 739 1349 791 ad
1398 752 1582 792 casum
1630 738 1794 806 perti-

205 846 357 902 nent,
388 843 689 906 correptam
733 833 931 888 habent
957 834 1005 886 ei
1030 849 1050 897 ;
1077 831 1124 887 si
1153 831 1218 885 ad
1257 830 1639 893 concisionem,
1669 819 1794 898 proé

206 928 446 985 ductam.
479 924 628 990 Colo,
653 923 800 987 colis,
822 923 1002 977 brevis
1030 939 1131 986 co;
1163 919 1302 984 calo,
1323 918 1484 984 colas,
1508 919 1787 989 producta.

206 1015 425 1082 Plaeeo,
447 1017 644 1087 places,
667 1023 914 1084 correpta
939 1013 1061 1084 pla;
1089 1013 1261 1084 placo,
1286 1011 1484 1082 placas,
1507 1013 1788 1081 producta.

206 1109 407 1176 Pareo,
446 1127 618 1181 pares,
666 1109 719 1164 id
756 1117 837 1164 est
876 1123 1110 1178 appareo
1143 1109 1258 1162 sive
1299 1107 1631 1175 obtempero,
1661 1122 1789 1175 pro-

203 1201 365 1255 ducta
393 1217 462 1270 pa
485 1217 502 1263 ;
532 1215 682 1267 paro,
709 1216 886 1268 paras,
917 1197 967 1251 id
992 1207 1073 1252 est
1092 1211 1356 1267 prmparo,
1381 1203 1435 1250 et
1456 1195 1604 1264 pario
1626 1198 1788 1264 paris,

203 1302 477 1360 correpta.
521 1285 791 1353 Parentes,
831 1303 951 1342 cum
991 1295 1310 1356 apparentes
1351 1284 1637 1354 signiﬁcat,
1670 1301 1792 1356 pro-

200 1383 365 1436 ducta
393 1402 459 1453 pa
487 1401 504 1446 ;
531 1362 649 1437 cum
678 1382 971 1452 genitores,
1001 1389 1266 1451 correpta,
1323 1381 1462 1435 sicut
1489 1393 1543 1435 et
1581 1381 1790 1451 parien-

200 1485 294 1530 tes.
340 1476 561 1546 Incipio,
593 1477 768 1547 incipi,
803 1477 1105 1545 inciperem,
1149 1476 1464 1544 incipissem,
1505 1469 1622 1528 cum
1662 1475 1791 1528 inci-

193 1570 384 1636 perim,
417 1570 662 1637 incipere.
713 1568 933 1638 Satago,
980 1571 1164 1638 sategi,
1219 1579 1532 1638 sategeram,
1582 1571 1791 1640 sategis-

197 1675 327 1722 sem,
355 1675 472 1711 cum
515 1659 810 1728 sategerim,
854 1667 1105 1728 sategero,
1160 1668 1214 1714 et
1244 1659 1394 1728 cujus
1445 1659 1689 1729 simplex,
1734 1660 1791 1714 ιιι

198 1763 319 1811 ugo,
353 1750 456 1816 egi,
481 1763 706 1816 egeram,
731 1749 970 1817 egissem,
1013 1767 1129 1802 cum
1180 1751 1394 1819 egerim,
1419 1768 1587 1819 egero.
1637 1749 1788 1818 Sino,

195 1837 312 1899 sici,
333 1838 577 1902 siceram,
601 1839 851 1903 sivissem,
875 1857 988 1893 cum
1009 1842 1434 1902 siverim.sirero.
1468 1844 1614 1910 Dico,
1637 1845 1788 1909 dicis,

200 1925 356 1996 longa
386 1929 441 1981 di
465 1945 482 1982 :
513 1929 589 1983 sic
631 1937 684 1984 et
723 1944 788 1984 ex
818 1946 882 1985 eo
928 1932 1223 2001 composita
1263 1935 1654 2000 producuntur,
1684 1944 1742 1989 ut
1771 1953 1784 1989 :

197 2019 435 2082 condico,
461 2021 709 2087 praedico,
733 2023 1052 2086 contradico,
1079 2023 1352 2077 interdico.
1391 2024 1552 2078 Dicas
1581 2043 1611 2079 a
1634 2026 1780 2090 dico,

197 2109 377 2163 brevis
399 2109 471 2168 di.
503 2110 754 2166 similiter
781 2122 835 2166 et
863 2129 928 2166 ex
955 2128 1020 2168 eo
1058 2116 1356 2184 composita
1396 2119 1785 2187 corripiuntur,

197 2210 256 2255 ut
280 2203 534 2270 pra’dico,
562 2204 700 2257 unde
723 2205 1045 2273 przedicator
1069 2225 1082 2272 ;
1133 2209 1334 2272 dedico,
1378 2209 1582 2263 abdico.
1613 2211 1782 2278 Idem,

198 2293 240 2347 si
283 2293 460 2346 neutri
497 2295 710 2364 generis
741 2305 841 2360 est,
874 2297 1198 2365 corripitur;
1239 2300 1282 2353 si
1322 2301 1622 2362 masculini,
1664 2317 1786 2370 pro-

197 2381 414 2435 ducitur
434 2382 487 2435 in
514 2392 742 2452 utroque
773 2399 1017 2439 numero.
1045 2385 1272 2452 Levites,
1298 2389 1340 2442 si
1377 2389 1781 2454 instz‘ibilitatem

199 2475 394 2528 mentis
437 2475 701 2544 designat,
749 2484 841 2528 aut
892 2476 1238 2545 pusillitatem
1294 2480 1568 2548 ponderis,
1606 2482 1784 2535 brevis

195 2575 280 2620 est
301 2566 387 2629 le;
442 2567 487 2620 si
535 2566 810 2620 lenitatem
861 2578 1055 2633 tactus,
1101 2571 1242 2624 unde
1292 2571 1436 2642 ligna
1470 2573 1524 2624 in
1556 2573 1784 2628 aedilicio

197 2656 436 2726 levigata
492 2658 762 2722 dicuntur,
799 2659 954 2729 longa
1008 2669 1108 2715 est.
1146 2660 1302 2732 Lego,
1351 2663 1498 2733 legis,
1538 2674 1782 2734 correpta

195 2748 283 2811 le;
315 2749 450 2818 lego,
482 2749 643 2817 legas,
692 2752 972 2818 producta.
1014 2751 1188 2806 Citam
1237 2770 1267 2807 a
1313 2755 1416 2817 cio,
1450 2756 1546 2820 eis,
1576 2766 1782 2824 quarta:

195 2837 613 2909 coniugationis,
653 2844 911 2910 producta
935 2844 1231 2913 penultima
1257 2862 1270 2909 ;
1302 2861 1331 2898 a
1361 2847 1496 2908 cieo,
1536 2848 1659 2914 civi,
1693 2864 1779 2904 se-

195 2930 388 2983 cundm
434 2930 847 3000 coniugationis,
897 2944 1142 3003 correpta
1180 2936 1493 3004 penultima.
1551 2937 1641 2991 Ico
1690 2954 1781 3009 pe-

194 3018 479 3072 nultimam
512 3020 671 3074 breve
695 3021 858 3076 habet
882 3023 933 3076 in
963 3025 1235 3093 przesenti,
1263 3026 1354 3080 sed
1376 3027 1626 3096 producit
1657 3042 1777 3083 eam

195 3108 250 3161 in
284 3109 556 3176 praeterito
594 3110 853 3178 perfecto,
886 3121 944 3166 ut
979 3112 1067 3176 ici,
1113 3113 1253 3190 pnde
1299 3115 1456 3169 ictus.
1490 3114 1572 3170 Ne
1599 3126 1778 3173 autem

192 3198 512 3251 adverbium
575 3201 895 3268 prohibendi
947 3203 1030 3258 vel
1089 3205 1337 3275 negandi,
1390 3205 1602 3276 longum
1650 3216 1773 3274 est;

193 3292 414 3360 quando
453 3301 630 3346 autem
677 3310 775 3362 pro
823 3297 1242 3366 interrogatione
1294 3298 1376 3352 vel
1416 3299 1781 3369 increpatione

193 3385 437 3455 ponitur,
478 3385 772 3441 breviatur.
824 3388 1014 3454 Labor,
1065 3405 1186 3444 cum
1224 3405 1418 3444 nomen
1459 3401 1559 3456 est,
1614 3393 1780 3447 corri-

191 3478 376 3548 pitur;
413 3494 535 3532 cum
561 3480 783 3534 verbum
815 3481 1110 3550 deponens,
1141 3481 1473 3552 producitur,
1507 3491 1600 3536 ut:

389 3567 590 3616 Labitur
615 3570 838 3619 ittvalidm
861 3571 1096 3622 deformis
1122 3572 1274 3632 gloria
1298 3570 1488 3622 torium.

193 3651 416 3715 Liquor,
438 3652 482 3705 si
509 3653 1071 3723 nomen,corripitnr;
1107 3654 1152 3708 si
1173 3655 1414 3720 verbum,
1441 3657 1772 3726 producitur,

190 3748 254 3792 ut
284 3740 426 3810 Virg.
453 3739 507 3794 in
535 3740 709 3813 Georg
736 3762 747 3796 :

385 3854 629 3915 Liquitur,
659 3861 710 3905 et
741 3854 962 3919 Zephyro
983 3853 1140 3918 putri!
1160 3870 1217 3908 se
1234 3857 1382 3921 gleba
1403 3859 1621 3910 resolvit.

711 3973 788 4028 De
811 3975 992 4027 mediis
1023 3974 1255 4044 syllabis.

270 4083 472 4138 Medias
501 4082 734 4152 syllabas
777 4084 951 4138 tribus
998 4085 1172 4139 modis
1219 4087 1581 4158 agnoscimus,
1633 4087 1781 4158 posi-

193 4180 365 4239 tione,
413 4184 467 4228 et
498 4175 866 4244 diplitiiongis,
894 4185 948 4230 et
997 4187 1221 4231 accentu
1251 4195 1265 4242 ;
1299 4180 1390 4232 sed
1420 4181 1484 4232 de
1514 4180 1780 4248 positione

191 4277 251 4322 et
292 4265 638 4334 diphthongis
684 4265 837 4330 satis,
897 4273 955 4318 ιιι
1001 4279 1144 4330 reor,
1195 4282 1355 4336 supra
1411 4271 1776 4337 tractavimus,

192 4372 344 4412 nunc
366 4357 430 4409 de
458 4355 769 4409 accentibus
797 4365 1108 4410 tractemus.
1147 4357 1414 4412 Accentus
1437 4374 1562 4412 vero
1594 4370 1697 4424 est,
1721 4370 1780 4414 ut

193 4447 416 4516 quidam
443 4454 587 4498 recte
615 4454 951 4514 putaverunt,
985 4446 1138 4515 vigor
1155 4462 1217 4501 ac
1237 4448 1414 4501 anima
1444 4451 1608 4504 vocis.
1643 4448 1778 4503 Nam

194 4537 340 4595 sicut
374 4538 520 4592 nulla
541 4552 645 4591 vox
672 4537 786 4591 sine
811 4538 980 4591 vocali
1012 4548 1115 4602 est,
1141 4539 1214 4592 ita
1249 4539 1365 4593 sine
1403 4551 1626 4594 accentu
1655 4542 1776 4595 nul-

194 4631 248 4684 la
271 4638 375 4684 est.
407 4627 476 4682 Et
522 4637 772 4682 accentus
811 4628 985 4680 dictus
1024 4636 1108 4681 est
1146 4629 1300 4698 quasi
1330 4630 1607 4696 adcantus,
1635 4634 1777 4700 quod

187 4721 350 4790 juxta
377 4729 592 4772 cantum
617 4717 725 4779 sit;
753 4717 891 4770 sicut
912 4717 1223 4772 adverbium
1245 4719 1442 4774 dictum
1472 4720 1777 4789 quodjuxta

191 4810 424 4864 verbum
444 4817 548 4863 est.
577 4807 674 4862 Hic
700 4817 875 4862 autem
909 4807 1094 4863 Graece
1117 4809 1366 4878 prosodia
1396 4811 1608 4875 dicitur,
1638 4813 1778 4867 unde

194 4896 379 4954 Latini
404 4898 453 4951 ei
489 4912 682 4951 nomen
722 4906 1052 4966 posuerunt;
1102 4913 1225 4950 nam
1270 4896 1454 4953 Graece
1502 4903 1651 4974 πρὸς,
1677 4899 1776 4954 La-

196 4993 315 5045 tine
338 4989 453 5052 ad;
494 4988 598 5048 ὤδή
645 4987 850 5053 Grzece,
893 4987 1080 5041 Latine
1114 4997 1297 5040 cantus
1335 4996 1436 5042 est.
1475 4987 1576 5054 Qui
1628 4991 1777 5044 vocis

196 5089 456 5136 accentus
480 5081 585 5134 duo
620 5091 764 5144 sunt,
795 5080 860 5134 ad
888 5095 948 5133 ea
981 5094 1098 5148 qua:
1127 5087 1420 5134 tractamus
1447 5082 1736 5134 necessarii
1762 5099 1774 5133 :

197 5178 482 5239 correptus
502 5178 556 5222 et
577 5170 905 5238 productus;
936 5169 1058 5237 quia
1084 5168 1321 5224 metricis
1342 5171 1594 5239 temporis
1615 5187 1782 5240 quan—

200 5264 414 5316 titatem
444 5274 607 5329 quam
650 5259 705 5311 in
754 5273 1074 5328 unaquaque
1097 5257 1296 5328 syllaba
1326 5260 1526 5314 habere
1553 5262 1780 5315 debeant

196 5353 509 5407 ostendunt.
541 5348 732 5404 Gaeteri
759 5365 972 5418 quoque
999 5350 1168 5421 magis
1205 5351 1644 5419 pronuntiationi,
1668 5352 1779 5407 sive

199 5443 505 5510 scripturae,
540 5439 622 5492 vel
655 5439 934 5507 seriptioni
983 5440 1308 5494 deserviunt.
1349 5439 1640 5509 Correptus
1687 5458 1776 5497 ac-

199 5539 388 5586 centus
425 5538 511 5583 est
537 5529 590 5581 in
619 5529 702 5582 bis
731 5527 947 5597 syllabis
973 5544 1107 5596 quas
1148 5529 1264 5583 sine
1305 5528 1411 5582 ulla
1437 5545 1586 5582 mora
1627 5532 1775 5585 vocis

200 5621 565 5685 enutitiamus,
608 5628 684 5684 ut,
740 5619 968 5682 macula,
1019 5619 1215 5672 tabula.
1270 5618 1564 5674 Productus
1599 5631 1681 5675 est
1718 5624 1771 5675 itt

201 5713 284 5765 bis
309 5728 444 5780 quas
466 5727 590 5766 cum
621 5710 798 5779 aliqua
824 5726 974 5764 mora
998 5710 1148 5764 vocis
1167 5710 1535 5779 exprimimus,
1565 5720 1643 5776 ut,
1664 5729 1773 5766 ma-

203 5805 376 5866 iestas,
407 5804 642 5866 libertas,
684 5804 806 5871 quia
845 5817 1176 5870 unaquazque
1222 5802 1376 5872 longa
1408 5802 1608 5871 syllaba
1654 5813 1770 5858 tan-

1896 638 2093 691 Medias
2125 646 2304 692 tamen
2335 638 2567 707 syllabas
2602 639 2674 692 ita
2724 638 3170 706 pronuntiationis
3215 653 3464 694 accentus

1893 731 2280 791 demonstrant,
2309 735 2367 781 ut
2393 727 2444 780 in
2475 727 2796 798 trissyllabis
2822 727 3064 796 partibus
3091 728 3133 780 si
3169 727 3462 796 penultima

1893 829 2139 888 correpta
2167 827 2272 882 est,
2311 828 2365 872 et
2395 833 2494 872 nec
2529 828 2718 873 natura
2750 833 2851 872 nec
2889 817 3153 888 positione
3182 818 3358 888 longa,
3403 822 3467 874 ad

1892 908 2365 978 antepenultimam
2397 919 2650 965 accentus
2680 910 3056 975 transferatur,
3099 921 3153 965 et
3175 912 3469 981 penultima

1891 1002 2127 1057 velocius
2161 1002 2560 1072 pronuntietur,
2610 1013 2669 1056 ut
2709 1004 2921 1067 mrenia,
2964 1002 3188 1056 vincula.
3241 1003 3298 1057 Si
3342 1018 3472 1057 vero

1891 1094 2182 1163 penultima
2215 1095 2331 1149 sive
2365 1102 2554 1148 natura
2582 1093 2695 1148 sive
2730 1094 2992 1163 positione
3028 1094 3184 1163 longa
3217 1103 3318 1153 est.
3356 1096 3467 1163 ipsa

1893 1196 2172 1241 accentum
2201 1187 2425 1252 tenebit,
2456 1186 2543 1241 vel
2581 1184 3001 1251 circumﬂexum,
3034 1185 3118 1239 vel
3149 1194 3386 1248 acutum,
3416 1194 3474 1237 ut

1893 1286 2104 1342 natura,
2132 1288 2374 1347 potestas.
2403 1275 2694 1332 Sciendum
2727 1285 2807 1332 est
2832 1286 3030 1341 tamen,
3063 1291 3182 1346 qua:
3211 1277 3265 1330 in
3290 1276 3472 1330 verbis

1892 1367 1911 1420 i
1937 1377 2182 1436 correpta
2208 1367 2574 1436 proferuntur,
2616 1383 2739 1422 cum
2778 1367 2832 1421 in
2859 1367 3093 1421 medium
3121 1366 3388 1429 venerint,
3422 1373 3476 1418 et

1893 1459 2008 1526 ipsa
2041 1474 2066 1509 r
2093 1458 2146 1511 in
2174 1475 2200 1511 e
2237 1459 2577 1520 mutaverint,
2611 1467 2671 1511 ut
2711 1457 2857 1528 legis,
2889 1457 3018 1528 lege,
3059 1455 3245 1526 legere,
3276 1457 3475 1524 ubique

1892 1549 2228 1614 breviantur,
2252 1557 2474 1616 excepto
2503 1564 2633 1602 cum
2679 1565 2707 1601 a
2737 1548 2910 1603 tribus
2937 1547 3355 1602 consonantibus
3383 1562 3476 1600 ex-

1893 1641 2184 1709 cipiuntur,
2209 1640 2262 1706 b,
2283 1649 2338 1694 et
2362 1657 2432 1704 m,
2453 1649 2508 1694 et
2525 1652 2565 1705 ι,
2591 1648 2648 1693 ιιι
2672 1658 2684 1691 :
2713 1639 2961 1709 legebam,
2988 1638 3232 1708 legemus,
3258 1636 3471 1706 legetur.

1892 1731 2158 1787 Caeterum
2183 1745 2276 1786 eas
2300 1731 2585 1796 dictiones,
2615 1745 2733 1799 qua:
2756 1729 3097 1798 polysyllasz
3120 1736 3266 1792 sunt,
3296 1742 3453 1780 neces

1895 1840 1953 1879 se
1979 1833 2145 1879 estut
2177 1823 2435 1892 exemplis
2471 1831 2526 1876 et
2573 1822 2838 1892 positione
2889 1836 2953 1875 ac
2999 1821 3202 1890 ﬁguris,
3253 1820 3392 1873 sicut
3420 1827 3474 1871 et

1897 1913 2226 1978 accentibus,
2256 1913 2656 1980 investigemus,
2689 1920 2748 1965 ιιι
2791 1911 2835 1964 si
2860 1925 3186 1978 quaeranms,
3212 1906 3476 1959 truculen-

1891 2006 2212 2059 tissimorum
2243 2004 2439 2072 quibus
2487 2003 2703 2072 syllabis
2751 2012 2995 2064 eonstet,.
3028 2001 3316 2055 ediscimus
3363 1997 3474 2066 pri-

1890 2113 2033 2152 mam
2060 2105 2115 2152 et
2144 2097 2432 2152 secundam
2461 2096 2706 2166 exemplo
2729 2096 2921 2150 breves
2949 2111 3088 2160 esse,
3118 2104 3176 2148 ut
3203 2113 3214 2146 :

2070 2188 2268 2238 Domini
2303 2186 2603 2236 truculentos
2624 2198 2891 2248 persequor
2912 2185 3113 2245 hostes;

1888 2274 2099 2328 tertiam
2130 2281 2182 2327 et
2224 2280 2474 2341 quartam
2527 2270 2792 2340 positione
2830 2269 3036 2340 longas,
3081 2269 3322 2337 quintam
3349 2267 3472 2320 bre-

1888 2381 2005 2419 vem
2039 2374 2262 2418 accentu
2304 2363 2630 2428 didicimus;
2682 2362 2806 2431 quia
2839 2375 2969 2439 (cum
2998 2359 3243 2421 dicimus,
3294 2368 3472 2410 trucu—

1886 2456 2219 2520 lentissimus,
2281 2454 2627 2524 penultimam
2685 2455 2902 2507 brevem
2960 2466 3078 2505 esse
3131 2451 3466 2519 probamus:

1886 2553 2089 2598 sextam
2113 2561 2234 2598 cum
2261 2543 2605 2599 circumﬂexo
2629 2552 2850 2598 accentu
2877 2543 3304 2612 pronuntiamus,
3355 2541 3466 2594 lon-

1887 2649 2031 2704 gam,
2091 2648 2208 2686 ea.n
2273 2634 2722 2686 demonstremus.
2783 2631 2913 2684 Item
2964 2632 3370 2698 cornigerorum,
3423 2629 3469 2682 si

1887 2740 2192 2793 qureramus
2229 2725 2424 2794 quibus
2480 2724 2700 2794 syllabis
2749 2731 2976 2785 constet,
3019 2721 3321 2774 invenimus
3360 2719 3470 2788 pri-

1886 2831 2026 2869 inani
2054 2816 2319 2885 positione
2346 2815 2582 2883 longam,
2629 2813 2917 2868 secundam
2961 2820 3182 2864 accentu
3227 2811 3467 2872 brevem,

1883 2916 1943 2961 ut
1973 2909 2210 2977 corniger
2247 2907 2540 2977 penultima
2585 2913 2828 2974 correpta
2859 2920 2872 2968 ;
2924 2902 3137 2954 tertiam
3165 2916 3227 2953 ex
3254 2914 3466 2966 compo-

1882 2997 2075 3050 sitione
2106 2995 2290 3066 figurae
2318 2994 2766 3065 deprehendimus
2799 3008 2915 3046 esse
2965 3000 3292 3057 correptam,
3340 2988 3464 3055 quia

1884 3085 2138 3155 corniger,
2177 3100 2370 3139 nomen
2403 3083 2778 3154 appellativum
2810 3082 2992 3150 ﬁgura:
3020 3090 3122 3143 est,
3155 3077 3464 3147 composita.-

1884 3192 1950 3231 ex
1982 3192 2143 3230 cornu
2167 3177 2383 3230 nomine
2411 3184 2465 3230 et
2493 3191 2611 3245 gero
2637 3174 2820 3228 verbo.
2854 3170 2907 3223 ln
2931 3187 3050 3239 gero
3088 3182 3299 3237 quoque
3329 3167 3463 3236 geris

1808 3244 1851 3305 C
1884 3268 2064 3322 brevis
2083 3276 2164 3322 est
2190 3285 2270 3337 ge,
2296 3244 2543 3320 similiter
2567 3272 2620 3318 et
2648 3264 2700 3317 in
2725 3259 3111 3331 compositione
3151 3255 3460 3324 corripitur.

1882 3355 2136 3422 Quartam
2186 3365 2408 3410 accentu
2457 3354 2666 3424 longam
2697 3366 2814 3406 esse
2843 3348 3212 3411 ostendimus;
3260 3345 3461 3398 ultima:

1881 3460 2011 3501 vero
2039 3445 2350 3515 qualitatem
2380 3461 2477 3514 per
2521 3443 2760 3514 singulas
2798 3451 2978 3512 partes
3007 3437 3266 3494 orationis
3303 3451 3459 3490 mon-

1880 3536 2174 3591 strabimus
2201 3538 2253 3590 in
2289 3536 2496 3590 ratione
2518 3533 2776 3602 subjecta.

1949 3628 2152 3683 Medias
2181 3627 2416 3699 syllabas
2443 3643 2537 3682 sex
2570 3625 2742 3680 modis
2772 3621 3132 3694 agnoscimus,
3177 3616 3462 3688 diphtlion-
3525 3653 3528 3658 -

1878 3721 1981 3790 gis,
2012 3721 2278 3790 positione
2307 3707 2740 3781 consonantium,
2789 3713 3181 3784 compositione
3207 3709 3461 3779 partium,

1878 3809 2087 3880 regula,
2135 3819 2416 3864 auctorum
2461 3807 2742 3876 exemplis,
2777 3815 2832 3860 et
2860 3813 3106 3859 accentu.
3157 3800 3262 3856 Sed
3291 3801 3355 3855 de
3384 3799 3466 3854 di-

1878 3900 2166 3970 phthongis
2189 3908 2241 3954 et
2270 3901 2534 3970 positione
2573 3899 2872 3953 litterarum
2899 3909 3055 3963 supra
3088 3892 3462 3956 disseruimus,

1879 4005 2001 4045 cum
2029 3990 2095 4043 de
2147 3990 2347 4060 syllaba
2388 3989 2789 4051 tractabamus;
2845 4000 2985 4038 nunc
3017 3984 3081 4036 de
3129 3981 3336 4035 exteris
3381 3980 3464 4033 di-

1879 4097 2083 4136 cemus.
2114 4081 2513 4150 Compositione
2559 4094 2688 4149 ergo
2731 4077 2964 4146 partium
3014 4073 3200 4127 mediae
3244 4070 3462 4141 syllaba:

1880 4176 2286 4245 dignoscuutur,
2342 4175 2467 4245 quia
2517 4173 2630 4228 fere
2682 4174 2864 4242 partes
2909 4183 3096 4223 omnes
3149 4164 3462 4234 composita:

1881 4265 2121 4335 ejusdem
2152 4266 2438 4336 potestatis
2467 4265 2665 4318 habent
2707 4260 2934 4332 syllabas
2965 4260 3016 4311 in
3049 4256 3458 4324 compositione,

1882 4358 2034 4427 cujus
2058 4360 2293 4412 habuere
2320 4359 2608 4426 simplices,
2665 4361 2890 4424 excepto
2920 4367 3041 4406 cum
3087 4349 3170 4404 vel
3197 4357 3460 4416 correpta:

1881 4465 1911 4501 a
1943 4449 2120 4517 priore
2160 4455 2304 4502 statu
2335 4447 2554 4510 fuerint,
2581 4454 2636 4500 et
2677 4445 2905 4513 demptis
2939 4441 3212 4497 vocalibus
3241 4439 3459 4506 conglus

1884 4541 2071 4594 tinatio
2096 4538 2509 4593 consonantium
2537 4536 2613 4598 ﬁt,
2638 4544 2697 4588 ut
2733 4534 3020 4604 parricida,
3051 4549 3081 4586 a
3122 4541 3332 4600 parente
3357 4544 3455 4581 no-

1881 4630 2026 4683 mine
2054 4637 2110 4683 et
2133 4628 2296 4683 verbo
2325 4628 2542 4689 credere,
2571 4635 2624 4681 et
2662 4625 2930 4695 quadrigce
2969 4637 3065 4692 pro
3105 4619 3456 4691 qttudrijuga',

1881 4719 1986 4772 bini
2015 4735 2113 4788 pro
2135 4719 2210 4772 bis
2242 4720 2353 4782 uni,
2382 4718 2526 4782 deni,
2567 4731 2664 4785 pro
2693 4716 2858 4769 decies
2893 4714 2983 4766 uni
3008 4730 3024 4777 ;
3055 4712 3142 4765 vel
3178 4727 3298 4765 cum
3328 4726 3455 4763 con-

1879 4817 2103 4865 currunt
2142 4810 2283 4861 inter
2327 4824 2384 4862 se
2414 4809 2530 4862 dum
2560 4814 2918 4861 consonantes
2949 4805 3001 4857 in
3047 4801 3454 4871 compositione,

1877 4899 1930 4951 id
1956 4906 2058 4962 est,
2075 4897 2248 4950 ﬁnalis
2268 4897 2464 4966 prioris
2484 4896 2734 4950 dictionis
2753 4903 2808 4949 et
2829 4893 3126 4948 inchoativa
3156 4891 3449 4959 sequentis,

1875 5000 1931 5046 et
1955 4992 2008 5044 in
2032 4991 2133 5046 hoc
2160 4991 2378 5045 brevem
2417 4990 2676 5060 syllabam
2714 4987 2908 5058 prioris
2934 4985 3158 5040 membri
3187 4984 3455 5053 positione

1879 5085 2198 5152 producunt,
2246 5093 2304 5136 ut
2348 5082 2747 5151 paterfamilias,
2806 5081 3086 5150 ejusmodi,
3137 5079 3448 5145 satisfactio,

1880 5183 2107 5241 uterque,
2139 5173 2279 5242 quod
2307 5173 2501 5242 saepius
2544 5173 2740 5226 accidit
2767 5170 3230 5240 praepositionibus
3257 5184 3374 5236 qua:
3396 5168 3450 5221 in

1879 5274 2264 5317 consonantem
2306 5265 2593 5317 terminant
2635 5271 2687 5316 et
2731 5265 2922 5317 breves
2977 5270 3098 5316 sunt
3149 5268 3361 5323 natura,
3392 5267 3452 5311 ut

1878 5357 2031 5419 inter,
2061 5357 2254 5418 subter,
2283 5373 2454 5424 super,
2481 5355 2848 5425 producuntur
2877 5364 3052 5407 autem
3083 5353 3362 5421 positione,
3391 5358 3450 5403 ut

1879 5446 2196 5514 interfector,
2233 5457 2510 5515 superstes,
2559 5446 2887 5513 subterfugit.
2928 5445 3099 5498 Aliter
3142 5442 3284 5495 enim
3311 5455 3448 5508 pene

1881 5552 2090 5605 semper
2118 5551 2276 5604 supra
2301 5535 2500 5588 dictttm
2520 5537 2607 5605 jus
2637 5545 2875 5598 servant,
2903 5544 2957 5586 ut
2982 5532 3266 5594 benevolus,
3293 5531 3448 5585 male-

1879 5626 2043 5689 volus,
2095 5642 2214 5694 qua:
2251 5627 2373 5694 quia
2425 5628 2682 5696 simplicia
2715 5626 2930 5679 fuerunt
2956 5623 3202 5676 omnibus
3231 5622 3444 5690 syllabis

1878 5715 2078 5778 brevia,
2111 5727 2234 5770 sunt
2253 5725 2305 5770 et
2335 5718 2387 5770 in
2419 5717 2805 5785 compositione
2845 5714 3108 5768 similiter.
3138 5712 3268 5765 Nam
3296 5727 3438 5778 qtnc-

1877 5820 2084 5872 cunque
2112 5820 2139 5856 ιι
2165 5822 2284 5874 gero
2328 5806 2490 5859 verbo
2546 5815 2670 5858 sunt
2724 5805 3032 5872 composita,
3084 5802 3160 5855 vel
3199 5802 3328 5867 few,
3360 5803 3443 5854 vel
