3918 6352
426 457 533 522 (οε-ι

1072 453 1131 509 Β.
1174 454 1428 509 RABANI
1468 452 1686 511 ΜΗ]Βί
1725 450 2042 515 ARCHIEP.
2087 449 2396 509 MOGUNT.
2436 445 2722 505 OPERUM
2760 447 2940 504 PARS
2978 449 3065 503 ΙΙΙ.

3611 449 3721 508 628

421 572 605 647 teneo,
634 573 719 627 vel
748 584 982 642 possum,
1011 561 1093 639 vial
1124 568 1285 639 facio,
1312 569 1394 625 vel
1419 570 1597 641 gigno,
1628 570 1806 627 omnia
1832 567 2026 623 mediis
2054 570 2103 631 Α
2131 575 2339 631 cautus,
2374 598 2381 603 π
2395 564 2700 630 cantilena;
2746 564 2849 630 far,
2900 564 3077 633 farina
3104 583 3123 630 ;
3158 568 3250 620 lux
3300 566 3456 632 lucis,
3506 566 3681 621 lucina
3702 584 3727 633 ;

420 667 645 742 syllabis
674 664 1009 728 breviantur,
1042 662 1169 732 quia
1200 665 1314 734 ipsa
1340 664 1504 718 verba
1546 679 1709 733 supra
1733 663 1875 717 dicta
1898 662 2026 716 sim-

418 759 741 833 pliciﬂgura
792 756 1025 827 primam
1074 764 1281 827 partem
1340 756 1662 827 corripiunt,
1706 762 1766 810 ut
1788 754 2029 824 corniger

418 850 699 921 cornigeri,
742 847 908 920 aliger
936 846 1145 919 aligeri,
1197 848 1428 918 armiger
1474 849 1745 919 armigeri,
1793 846 2028 915 lauriger

418 940 711 1013 laurigeri,
768 956 991 1009 congero
1020 979 1035 1005 ,
1093 939 1279 1010 degero
1304 978 1320 1005 ,
1386 956 1673 1011 congeram
1700 980 1715 1006 ,
1772 939 2027 1016 degerans

419 1032 628 1107 [Forte,
658 1049 957 1104 congerens,
1004 1031 1294 1104 degerem].
1349 1033 1481 1090 ltem
1529 1034 1742 1103 astrifer
1771 1033 2025 1102 astriferi,

417 1126 641 1197 stellifer
667 1125 932 1195 stelliferi,
971 1126 1225 1196 somnifer
1271 1128 1563 1199 somniferi,
1607 1127 1849 1197 vocifero,
1886 1127 2025 1181 voci~

418 1220 624 1291 ferans,
665 1217 910 1289 auferens
951 1218 1018 1273 ab
1062 1217 1268 1287 aufero,
1319 1218 1532 1287 confero
1563 1218 1862 1288 conferens.
1893 1217 2024 1272 Item

419 1312 768 1380 omnipotens,
807 1309 1146 1380 armipotens,
1172 1308 1501 1380 almipotens,
1526 1310 1872 1374 omnitenens,
1896 1309 2028 1361 arci-

419 1412 623 1467 tenens,
652 1410 709 1457 et
735 1403 978 1458 contineo
1024 1403 1319 1468 continens,
1350 1404 1558 1467 detineo
1587 1404 1843 1461 detinens.
1886 1403 2021 1458 Item

417 1495 697 1567 pacificus,
737 1496 980 1567 paciﬁca,
1007 1496 1295 1567 paciﬁcans
1316 1513 1335 1559 ;
1360 1496 1691 1567 magnificus,
1719 1494 2020 1564 magniﬁco,

417 1588 806 1659 magniﬁcans;
842 1588 1087 1657 miriﬁco,
1132 1587 1370 1652 miriﬁce,
1408 1586 1733 1656 miri/icans;
1762 1584 2020 1655 glori/Sco,

416 1679 675 1750 glori/ice,
721 1681 1045 1752 gloriﬁcans,
1093 1689 1149 1735 et
1186 1680 1379 1735 similia
1406 1680 1508 1735 his.
1540 1680 1693 1742 Item,
1727 1678 2021 1748 verbigena,

418 1776 707 1845 terrigena,
767 1776 1049 1845 nubigena,
1109 1775 1408 1845 trojugena,
1463 1773 1775 1842 unigenitus,
1831 1772 2023 1841 primo-

416 1868 646 1937 genitus.
673 1867 739 1923 Et
768 1868 1047 1927 sciendum
1076 1869 1218 1938 quod
1254 1868 1434 1923 omnia
1465 1868 1579 1922 haec
1608 1882 1727 1935 qua:
1757 1866 1811 1921 iu
1841 1866 2021 1935 priore

2133 657 2303 722 luceo,
2354 655 2612 722 lucerna;
2652 655 2813 721 lateo,
2854 656 3078 710 laterna.
3127 654 3343 711 Fiscina
3381 659 3607 729 corripit
3638 674 3734 731 pe-

2130 749 2434 812 nultimam,
2462 747 2731 817 quomodo
2756 746 2982 816 fuscina,
3021 748 3244 812 mulina,
3271 750 3505 819 pagina;
3538 759 3593 806 et
3622 750 3733 809 hoc

2131 842 2252 904 ideo
2296 841 2421 911 quia
2468 854 2575 901 non
2628 838 2924 903 derivativa
2954 850 3101 905 sunt,
3144 839 3238 899 sed
3280 842 3554 911 primitiva
3602 844 3734 907 :sic

2131 943 2183 990 et
2207 950 2411 1005 sagana
2434 950 2453 999 ;
2480 949 2679 1005 sagana
2703 934 2847 992 enim
2875 941 2930 987 et
2953 949 3079 1004 saga
3110 934 3251 988 idem
3292 934 3618 1005 signiﬁcant.
3645 935 3732 1006 Ra

2130 1034 2310 1083 autem
2369 1026 2717 1083 terminantia
2771 1025 2952 1086 omnia
2991 1026 3295 1095 participiis
3338 1026 3615 1084 femininis
3643 1029 3733 1084 fu-

2130 1119 2236 1179 turi
2259 1120 2517 1188 temporis
2561 1117 2793 1173 similem
2840 1119 3040 1177 habent
3068 1118 3320 1185 formam,
3369 1123 3509 1177 unde
3540 1122 3737 1195 penuh

2129 1210 2259 1269 tima
2286 1226 2500 1280 quoque
2529 1228 2562 1263 u
2599 1205 2717 1265 sine
2741 1210 2903 1264 dubio
2928 1211 3264 1278 producitur,
3297 1215 3581 1283 scriptura,
3609 1232 3735 1270 cen-

2127 1319 2275 1368 sura,
2305 1303 2532 1374 pictura,
2580 1312 2817 1365 tonsura,
2850 1318 3031 1366 usura,
3073 1301 3257 1368 litura,
3298 1314 3506 1368 natura,
3548 1324 3735 1360 arma—

2127 1403 2266 1449 tura.
2301 1393 2367 1451 Et
2413 1394 2709 1453 notandum
2739 1393 2883 1462 quod
2934 1395 3257 1464 supradictae
3294 1408 3481 1452 omnes
3512 1396 3730 1465 formze,

2127 1484 2181 1539 id
2207 1495 2289 1539 est
2317 1486 2369 1542 in
2394 1503 2425 1539 a
2447 1484 2777 1549 desinentes,
2807 1486 3025 1554 proprie
3054 1492 3179 1538 sum
3224 1482 3462 1544 feminini
3489 1488 3731 1557 generis.

2125 1574 2477 1637 Inveniuntur
2508 1582 2685 1632 tamen
2711 1589 2882 1643 pauca
2908 1573 3147 1639 verbalia
3181 1577 3460 1635 masculini
3490 1580 3734 1649 generis,

2125 1670 2240 1724 sive
2277 1670 2605 1732 comnmuia,
2649 1675 2709 1725 ut
2756 1668 2838 1721 hic
2885 1668 3057 1722 scriba
3088 1658 3138 1723 'a
3192 1671 3436 1735 scribo,i
3474 1671 3633 1742 longa
3662 1688 3736 1737 ;a

2124 1746 2261 1831 lego,
2290 1759 2355 1825 le,
2386 1756 2627 1830 collega;
2684 1756 2851 1828 fugio.
2908 1760 2992 1812 hic
3046 1768 3101 1814 et
3142 1760 3252 1815 lucc
3301 1763 3740 1833 perfuga;asse-

2124 1868 2282 1923 quor,
2312 1850 2549 1907 assecula
2574 1866 2591 1913 ;
2632 1849 2859 1904 advenio
2886 1849 3124 1915 advena;
3170 1853 3452 1919 convenio,
3480 1870 3734 1917 convena,

418 1932 673 2014 membro
715 1959 960 2013 ultimam
990 1961 1009 2013 i
1036 1932 1255 2023 habent,
1294 1956 1543 2012 eamdent
1569 1932 1888 2026 corripiunt.
1920 1954 2025 2018 Re:

2135 1943 2426 2016 peuultima
2456 1942 2511 1996 in
2543 1942 2627 1995 his
2650 1943 2943 2011 correpta;
2979 1942 3035 1996 in
3080 1944 3318 2007 conviva,
3368 1932 3543 2016 longa.
3593 1944 3736 1999 Nam

419 2052 547 2122 gula
579 2068 798 2124 quoque
825 2062 1109 2119 auctorum
1141 2064 1252 2107 tam
1295 2053 1513 2123 copiosa
1548 2060 1635 2107 est
1659 2050 1852 2115 relatu,
1886 2056 2024 2105 tam-

418 2160 528 2215 que
552 2146 941 2218 multiplicibus
992 2147 1249 2202 distincta
1278 2146 1651 2210 varietatibus,
1697 2152 1751 2199 et
1778 2154 1887 2199 tam
1911 2144 2027 2198 ido-

418 2238 538 2292 neis
569 2238 788 2294 sull‘ulta
818 2241 1165 2305 testimoniis,
1191 2249 1249 2294 ut
1275 2240 1366 2296 vix
1391 2256 1511 2295 eam
1534 2239 1729 2309 aliquis
1751 2238 2026 2292 memoria}

416 2338 594 2386 totam
632 2336 1016 2390 commendare
1040 2334 1235 2404 possit,
1276 2342 1371 2389 aut
1411 2334 1601 2389 stricto
1645 2346 1897 2387 sermone
1926 2345 2023 2385 ex-

416 2439 642 2495 ponere.
695 2425 801 2481 Sed
833 2426 959 2496 quia
1012 2427 1229 2495 penitus
1268 2443 1298 2481 a
1337 2425 1493 2481 nobis
1545 2424 1689 2479 hanc
1738 2423 1884 2479 sileri
1917 2438 2025 2479 non

419 2524 658 2585 oportet,
692 2516 815 2571 licet
842 2526 1009 2571 totam
1038 2519 1280 2573 edissere
1307 2517 1459 2573 brevi
1500 2517 1604 2571 hoc
1628 2515 1889 2586 opusculo
1930 2529 2027 2569 no-

417 2614 534 2661 stro
564 2622 669 2659 non
698 2609 991 2677 possimus,
1023 2609 1077 2663 in
1106 2609 1494 2681 iusignioribus
1521 2617 1701 2662 tamen
1734 2607 1865 2661 locis
1889 2606 2026 2677 style

419 2698 735 2767 contingere
764 2714 1037 2787 curemus.
1066 2700 1313 2755 Nominis
1340 2714 1469 2769 ergo
1498 2700 1761 2753 rationem
1802 2698 2028 2753 Priscia-

417 2802 523 2843 nus
548 2789 793 2845 scribens
822 2790 908 2845 ubi
939 2791 1005 2847 de
1035 2792 1451 2847 denominativis
1488 2791 1801 2861 disputavit,
1844 2790 2029 2862 unius-

419 2880 685 2950 cujusque
714 2880 1114 2936 terminationis
1140 2880 1464 2951 penultimas
1494 2882 1729 2952 syllabas
1769 2880 1853 2935 vel
1882 2890 2031 2935 ante-

419 2970 754 3044 penultimas
777 2972 1128 3043 sagacissime
1157 2972 1522 3038 investigavit.
1577 2969 1743 3039 Cujus
1790 2970 2030 3025 auctori-

420 3069 593 3116 tatem
646 3074 745 3114 nos
788 3075 1005 3130 quoque
1052 3061 1105 3115 in
1153 3062 1257 3117 hoc
1286 3062 1405 3117 loco
1453 3061 1622 3117 secuti
1673 3075 1897 3127 sumus;
1953 3060 2027 3114 ita

422 3157 608 3211 tamen
632 3158 692 3205 ut
720 3159 776 3204 et
805 3152 926 3219 quae.
956 3151 1045 3206 ille
1066 3151 1133 3206 de
1157 3152 1279 3206 aliis
1303 3152 1585 3222 speciebus
1612 3166 1854 3206 seorsum
1885 3165 2031 3206 coni-

418 3240 623 3312 posuit,
655 3256 754 3296 nos
783 3242 996 3296 mixtim
1023 3258 1122 3311 pro
1151 3227 1419 3298 brevitate
1443 3243 1624 3311 operis
1646 3253 1702 3297 et
1721 3242 1876 3312 juxta
1902 3258 2031 3297 con-

2127 2040 2414 2111 propheta,
2463 2046 2645 2111 poeta,
2701 2044 2920 2107 proreta
2969 2036 3270 2105 primitiva,
3308 2054 3335 2091 e
3374 2038 3735 2107 penultimatn

2126 2133 2452 2203 producunt.
2479 2130 2535 2188 In
2569 2147 2631 2193 ne
2672 2138 2854 2189 autem
2905 2130 3203 2185 desinentia
3248 2132 3623 2202 patronymica
3662 2131 3738 2187 le-

2129 2228 2318 2283 minini
2350 2227 2586 2297 generis,
2618 2242 2737 2298 qua:
2776 2232 2903 2280 sunt
2950 2225 3086 2280 indis
3110 2226 3367 2296 linguazi
3402 2228 3613 2296 longan.
3646 2227 3742 2281 ha-

2127 2322 2258 2377 bent
2285 2319 2661 2390 peuultimam,
2707 2319 2753 2373 si
2800 2317 3100 2388 principale
3144 2333 3249 2372 non
3298 2318 3549 2375 habuerit
3587 2334 3743 2375 eain-

2128 2416 2252 2471 dem
2278 2415 2295 2467 i
2319 2412 2579 2476 vocalem,
2616 2419 2675 2467 ut
2712 2410 3001 2475 Adrestos,
3040 2410 3339 2477 adrestine;
3386 2410 3616 2476 Nereus,
3650 2428 3739 2466 ne-

2128 2510 2275 2563 rine:
2322 2510 2405 2563 sin
2457 2515 2637 2573 autem
2690 2504 2991 2575 principale
3042 2504 3354 2568 habueriti,
3395 2522 3424 2559 o
3462 2506 3734 2575 producta

2098 2610 2257 2656 'ante
2292 2617 2355 2653 ne
2411 2600 2703 2663 invenitur,
2757 2605 2817 2651 ut
2853 2596 3100 2660 acrisios,
3142 2597 3419 2649 acrisione.
3462 2595 3517 2649 ln
3542 2613 3568 2650 e
3590 2596 3741 2651 desi-

2129 2690 2314 2745 nentia
2355 2688 2653 2744 derivativa
2690 2696 2886 2742 neutra
2934 2693 3081 2751 sunt,
3116 2694 3174 2739 ut
3213 2686 3391 2749 sedile,
3429 2685 3598 2750 civile,
3628 2703 3741 2741 mo-

2131 2784 2259 2851 nile,
2286 2782 2479 2849 cubile,
2508 2798 2628 2852 quze
2650 2781 3005 2853 peuultimam
3029 2779 3241 2849 longam
3263 2780 3500 2842 habent;
3530 2788 3583 2833 et
3603 2779 3739 2847 quia

2129 2861 2387 2951 pleraque
2436 2891 2466 2929 a
2510 2874 2891 2930 communibus
2948 2881 3242 2929 nascuntur
3280 2871 3459 2927 neutri
3494 2872 3736 2943 generis.

2131 2991 2252 3046 quae
2287 2973 2342 3029 in
2385 2970 2683 3026 masculino
2719 2979 2775 3024 et
2809 2968 3069 3026 feminino
3108 2969 3161 3023 in
3212 2967 3298 3021 ilis
3348 2968 3737 3032 terminantur,

2132 3083 2199 3123 ex
2231 3080 2418 3125 eorum
2471 3062 2673 3134 regulis
2727 3061 2923 3141 horum
2974 3060 3286 3131 peuultima:
3327 3066 3645 3123 noscuntur.
3678 3058 3738 3113 ιι.

2134 3174 2163 3212 o
2199 3154 2506 3214 masculina
2558 3153 2776 3223 quidem
2834 3154 2949 3209 sive
2999 3151 3308 3207 communia
3360 3165 3530 3220 pauca
3589 3150 3743 3203 inve-

2136 3251 2381 3313 niuntur,
2424 3256 2537 3302 uta
2569 3247 2749 3301 cicere
2798 3243 3002 3311 Cicero,
3029 3260 3059 3299 a
3091 3244 3268 3314 capite
3309 3242 3509 3313 Capito,
3538 3258 3567 3297 a
3592 3242 3739 3308 labe,

419 3334 753 3387 venientiam
783 3334 1180 3390 terminationis
1225 3336 1542 3390 inseramus.
1576 3334 1719 3405 Ergo
1749 3335 1806 3389 in
1835 3350 1867 3386 a
1888 3334 2033 3388 desi-
2061 3307 2105 3373 α
2138 3341 2307 3407 labco,
2338 3356 2369 3395 a
2396 3338 2614 3394 latendo
2636 3338 2771 3392 latro
2794 3354 2814 3402 ;
2843 3352 2873 3391 a
2913 3335 3162 3392 lenieudo
3201 3349 3331 3389 vero
3360 3344 3552 3389 natura
3576 3335 3741 3405 longa

420 3426 610 3481 nentia
638 3425 1065 3491 denominativa,
1099 3426 1144 3481 si
1175 3428 1194 3480 i
1222 3427 1428 3482 habent
1463 3435 1589 3482 ante
1630 3445 1683 3492 a,
1716 3428 1859 3481 hanc
1889 3441 2033 3481 sem-

421 3534 522 3589 per
558 3520 826 3581 breviant,
868 3528 927 3572 ut
980 3521 1259 3588 sapientia,
1312 3520 1629 3585 acrimonia,
1678 3534 1780 3573 nec
1830 3534 1938 3572 non
1980 3525 2033 3572 et

425 3611 681 3666 secunda:
706 3610 1092 3666 declinationis
1120 3611 1339 3666 nomina
1385 3628 1506 3681 qua:
1534 3613 1589 3665 in
1637 3629 1729 3666 cus
1758 3613 2031 3678 desinunt,

424 3703 532 3759 nisi
579 3703 688 3757 sint
734 3702 1015 3773 regionum
1069 3704 1288 3758 nomina
1316 3718 1435 3773 quae
1465 3718 1533 3757 ex
1564 3703 1650 3758 his
1697 3704 2031 3773 derivantur,

426 3794 911 3862 antepenultimam
945 3794 1125 3849 isicut
1163 3804 1218 3849 et
1256 3794 1592 3869 penultinam
1626 3797 1946 3865 corripiunt,
1976 3804 2035 3849 ut

428 3886 499 3940 ab
523 3886 755 3951 amicus,
780 3885 962 3949 amici,
992 3886 1249 3951 amicitia,
1277 3887 1551 3952 inimicus,
1598 3887 1892 3952 inimicitia,
1942 3902 2037 3957 pu.

426 3975 605 4041 dicus,
636 3975 934 4047 pudicitia;
981 3976 1059 4031 sic
1089 3984 1143 4031 et
1172 3976 1276 4030 alia
1307 3977 1553 4045 quaedam
1583 3975 1824 4046 ejusdem
1868 3977 2035 4032 decli-

428 4069 667 4123 nationis
719 4068 942 4123 nomina
990 4067 1308 4139 dissyllaba,
1341 4078 1401 4124 ut
1451 4068 1605 4124 laetus
1635 4069 1766 4135 laeti,
1807 4069 2035 4133 laetitia;

431 4163 602 4217 durus
629 4162 776 4225 duri,
808 4160 1045 4225 duritia;
1092 4170 1322 4215 moestus
1364 4164 1564 4226 moesti,
1594 4162 1872 4228 maestitia;
1904 4162 2037 4217 stul-

420 4262 523 4307 tus
553 4251 725 4317 stulti,
758 4250 1002 4306 stultitia.
1033 4250 1296 4306 Similiter
1317 4259 1373 4305 et
1410 4252 1499 4305 illa
1528 4268 1647 4320 quze
1668 4254 1721 4306 in
1749 4252 1908 4305 tertia
1940 4254 2036 4306 de-

432 4345 729 4401 clinatione
780 4343 1013 4399 similem
1072 4344 1272 4398 habent
1318 4345 1652 4399 nominativo
1700 4346 2033 4416 genitivum;

432 4455 559 4493 nam
591 4440 821 4495 istorum
848 4436 1248 4491 denominativa
1276 4453 1305 4490 a
1333 4420 1521 4491 dativo.
1544 4430 1878 4504 derivantu’r,
1902 4438 2041 4494 sicut

434 4531 679 4602 priorum
711 4544 740 4581 a
773 4528 1029 4597 genitivo,
1065 4536 1124 4580 ut
1154 4528 1335 4597 segnis
1377 4529 1546 4596 segni,
1574 4530 1793 4598 segnitia
1820 4546 1838 4594 ;
1869 4527 2040 4583 tristis

434 4623 597 4685 tristi,
626 4621 860 4673 tristitia.
890 4619 1237 4673 Consonaute
1264 4634 1393 4673 vero
1422 4622 1776 4676 antecedente
1811 4623 1863 4675 in
1887 4640 1917 4675 a
1947 4624 2039 4677 de-

435 4715 739 4771 desinentia
770 4713 1169 4768 denominativa
1200 4728 1294 4765 seu
1328 4712 1564 4767 verbalia
1592 4711 1796 4767 formas
1838 4714 2038 4773 habent

436 4815 550 4860 tres
577 4824 589 4857 :
620 4804 698 4870 la,
728 4822 817 4869 na,
850 4821 949 4869 ra;
980 4803 1031 4856 la
1060 4811 1143 4857 est
1172 4804 1329 4873 longa
1362 4804 1712 4858 antecedente
1734 4820 1793 4868 e;
1825 4813 2038 4879 cautus,

437 4895 605 4962 cauti,
636 4894 887 4961 cautela;
925 4903 1089 4957 tutus,
1145 4896 1268 4960 tuti,
1320 4894 1524 4961 tutela;
1573 4904 1771 4959 custos,
1808 4896 2035 4960 custodi,

438 4988 748 5054 custodela;
781 4989 1115 5055 mandatum,
1164 4988 1419 5051 mandati,
1466 4987 1810 5051 mandatela;
1846 4986 2034 5050 cliens,

438 5087 645 5148 clienti,
676 5083 933 5148 clientela.
971 5082 1037 5136 Et
1082 5094 1207 5136 ηοω
1233 5082 1373 5151 quod
1404 5082 1587 5137 omnia
1624 5094 1923 5135 extremam
1950 5096 2039 5134 vo-

440 5177 612 5233 calem
661 5175 906 5246 genitivi,
945 5175 988 5228 si
1036 5174 1284 5227 secunda:
1336 5175 1462 5239 sint,
1513 5174 1621 5227 sint
1671 5173 1842 5227 tertiae
1869 5171 2033 5225 dativi

442 5274 495 5326 in
527 5290 553 5325 e
577 5271 795 5340 longam
838 5268 1230 5331 convertentia,
1262 5276 1542 5321 assumunt
1590 5268 1662 5332 la,
1705 5284 1823 5336 qua:
1850 5282 1978 5321 vero
2008 5282 2037 5319 a

440 5364 627 5417 verbis
659 5362 795 5417 nunt
827 5361 1076 5417 secundae
1106 5360 1519 5431 conjugationis,
1566 5376 1591 5411 a
1642 5359 1876 5413 secunda
1925 5375 2041 5428 per-

443 5471 574 5510 sona
623 5454 884 5525 abjiciunt
924 5471 949 5507 s
996 5462 1050 5508 et
1092 5462 1378 5507 assumunt
1416 5451 1511 5505 la:
1563 5450 1770 5506 candeo
1820 5451 2036 5516 candes,

442 5546 702 5610 candela;
734 5543 933 5600 suadeo
966 5544 1183 5607 suades,
1233 5542 1471 5596 suadela.
1508 5543 1594 5596 Na
1627 5558 1755 5597 vero
1794 5542 2043 5596 desinen-

440 5639 542 5701 tia,
571 5636 718 5690 omni
748 5635 904 5690 modo
950 5635 1161 5706 longam
1210 5636 1409 5689 habent
1439 5634 1810 5703 penultimam,
1840 5634 1923 5687 vel
1949 5650 2043 5687 na-

446 5736 571 5784 tura
601 5727 684 5783 vel
716 5726 982 5795 positione
1012 5746 1022 5779 :
1070 5725 1325 5790 cilicium,
1357 5727 1593 5796 officina;
1643 5726 1905 5791 medicus,
1941 5743 2043 5780 me-

446 5815 670 5882 dicina;
702 5832 797 5871 rex
842 5818 1002 5888 regis,
1050 5820 1272 5887 regina;
1313 5818 1396 5872 leo
1428 5817 1632 5883 lewna;
1677 5818 1908 5885 doctrix,
1940 5819 2037 5872 do-

455 5911 663 5971 ctrina;
704 5910 885 5978 piscis,
938 5910 1175 5978 piscina;
1230 5926 1411 5970 cocus.
1468 5912 1649 5965 cocina
1700 5920 1753 5965 et.
1803 5909 1977 5967 culina
2019 5927 2035 5973 ;

2067 4670 2116 4726 D

2135 3434 2272 3501 leno,
2312 3448 2343 3487 a
2374 3440 2527 3492 catus
2569 3429 2718 3495 Cato,
2760 3445 2793 3484 a
2831 3430 3163 3488 couiedcndo
3207 3430 3441 3493 comedo,
3495 3428 3564 3482 ab
3605 3443 3743 3497 epu—

2134 3528 2294 3587 lando
2313 3525 2485 3595 epulo,
2514 3523 2810 3593 peuultima
2838 3522 3161 3578 naturaliter
3182 3522 3331 3576 brevi
3359 3538 3373 3585 ;
3401 3538 3429 3575 a
3460 3522 3741 3591 palpando

2135 3619 2291 3689 palpo
2316 3612 2585 3688 positione
2606 3615 2763 3687 longa
2791 3624 2875 3671 est
2901 3632 2915 3681 ;
2949 3614 3208 3670 feminina
3238 3629 3471 3683 namque
3506 3614 3740 3683 plurima

2137 3720 2263 3768 sunt
2293 3710 2592 3769 derivativa
2637 3710 2798 3764 modo
2834 3711 2889 3764 in
2921 3710 2994 3774 io,
3018 3709 3178 3763 modo
3210 3708 3260 3761 in
3287 3725 3372 3778 go,
3401 3708 3563 3761 modo
3590 3707 3643 3760 in
3670 3708 3740 3760 do

2139 3802 2485 3865 desinentia;
2544 3800 2602 3852 ιη
2665 3801 2715 3852 io
2773 3800 2937 3871 igitur
3000 3797 3344 3851 terminautia
3420 3796 3744 3866 plerumque

2138 3906 2169 3945 a
2225 3890 2525 3959 participiis
2594 3889 2854 3958 prmteriti
2925 3888 3183 3957 temporis
3256 3886 3437 3959 ﬁunt,
3504 3902 3739 3957 quorum

2139 3980 2428 4051 genitivus,
2460 3987 2736 4047 assmnpta
2780 3994 2809 4031 o
2860 3987 2913 4031 et
2952 3987 3205 4048 correpta
3243 3979 3281 4043 i,
3320 3976 3449 4032 facit
3494 3977 3743 4047 hujusce-

2140 4071 2285 4125 moli
2309 4070 2526 4124 nomina
2552 4087 2565 4134 ;
2593 4078 2801 4133 oratus,
2827 4070 2989 4133 orati,
3017 4070 3186 4122 oratio
3211 4086 3229 4133 ;
3252 4077 3560 4133 accusatus,
3581 4085 3742 4125 accu—

2142 4163 2265 4228 sati,
2288 4162 2590 4226 accusatio;
2616 4170 2809 4225 status,
2834 4160 2980 4225 stati,
3005 4162 3191 4225 statio;
3210 4160 3386 4223 datus,
3410 4161 3539 4225 dati,
3558 4161 3741 4225 datio;

2143 4275 2336 4323 nexus,
2369 4258 2511 4319 nexi,
2539 4258 2727 4321 nexio;
2756 4255 3011 4318 abolitus,
3036 4254 3241 4320 aboliti,
3271 4254 3517 4319 abolitio;
3542 4253 3737 4318 lectus,

2143 4352 2287 4415 lecti,
2327 4349 2513 4413 lectio;
2564 4350 2822 4414 munitus,
2868 4349 3082 4413 muniti,
3124 4350 3369 4402 munitio.
3400 4348 3741 4402 lnternectus

2145 4453 2324 4498 autem
2372 4439 2659 4496 interuecti
2710 4440 2996 4492 internecio
3048 4428 3187 4492 fecit
3222 4439 3507 4508 euphonia:
3548 4454 3738 4503 causa,

2144 4537 2351 4607 abjecta
2380 4543 2417 4587 t.
2454 4530 2782 4586 Diminutiva
2806 4544 3021 4599 quoque
3044 4531 3223 4583 omnia
3251 4546 3372 4599 quae
3394 4530 3412 4581 i
3438 4537 3563 4583 ante
3585 4547 3615 4583 o
3644 4532 3742 4583 ba-

2143 4630 2295 4693 bent,
2328 4629 2466 4681 hanc
2489 4625 2807 4695 corripiunt,
2835 4631 2893 4677 ut
2922 4624 3050 4687 dixi,
3101 4624 3403 4675 homuncio.
3433 4622 3491 4677 In
3517 4639 3582 4691 go
3610 4638 3743 4677 vero

2144 4719 2467 4783 desinentia,
2516 4717 2629 4770 sive
2676 4715 2785 4769 sint
2814 4714 3135 4777 derivativa,
3180 4713 3293 4767 sive
3329 4712 3605 4781 primitiva
3640 4727 3742 4766 seu

2144 4812 2460 4881 composita,
2497 4808 2849 4877 penultimam
2880 4807 2961 4861 vel
2989 4819 3180 4860 natura
3212 4807 3295 4861 vel
3325 4809 3595 4877 positione
3623 4807 3744 4861 lon-

2143 4919 2266 4974 gam
2308 4901 2510 4955 habent
2546 4912 2560 4950 :
2590 4897 2787 4967 virago,
2840 4911 3112 4965 compago,
3165 4893 3464 4965 Carthago,
3501 4906 3740 4964 sartago;

2143 4997 2330 5067 caligo,
2364 4994 2528 5064 uligo,
2570 4992 2773 5061 rubigo,
2803 4989 3035 5059 ferrugo,
3080 5004 3279 5057 airugo,
3312 4989 3475 5056 virgo,
3520 5004 3705 5058 margo
3728 5007 3742 5019 ·

2144 5086 2411 5155 excipitur
2457 5098 2622 5137 unum
2680 5082 2805 5150 ligo,
2854 5079 3007 5149 cujus
3058 5078 3365 5148 peuultima,
3409 5079 3736 5149 corripitur;

2145 5191 2246 5229 nec
2293 5175 2490 5229 mirum
2530 5188 2651 5227 cum
2685 5172 2755 5226 sit
2804 5169 3165 5225 masculinum
3195 5178 3250 5223 et
3286 5168 3459 5223 solum
3493 5170 3740 5241 dissylla-

2143 5268 2272 5321 bum
2299 5263 2541 5317 vocalem
2569 5272 2693 5315 ante
2724 5278 2787 5332 go
2814 5261 3036 5315 habens.
3072 5259 3128 5312 lu
3167 5260 3233 5313 do
3263 5259 3567 5314 desinentia
3595 5262 3739 5315 deri-

2146 5356 2323 5409 vativa
2352 5363 2459 5407 tam
2484 5369 2513 5407 a
2540 5352 2847 5407 nominibus
2874 5366 3035 5421 quam
3062 5367 3091 5403 a
3118 5351 3297 5405 verbis
3324 5352 3408 5404 vel
3433 5353 3738 5422 participiis

2146 5447 2401 5501 veniunt:
2434 5446 2550 5499 hac
2579 5457 2793 5513 quoque
2825 5442 2981 5495 modo
3008 5458 3035 5495 e
3058 5441 3270 5511 longam
3306 5440 3391 5495 vel
3421 5441 3461 5505 i,
3488 5442 3646 5495 modo
3676 5452 3733 5493 tu

2149 5542 2351 5597 habent
2393 5548 2520 5592 ante
2545 5536 2653 5589 do:
2682 5546 2741 5588 ut
2770 5534 2931 5597 acris,
2965 5533 3186 5597 acredo;
3234 5531 3425 5595 dulcis,
3474 5531 3734 5595 dulcedo;

2147 5632 2468 5700 intereapio,
2517 5626 2880 5695 intercapedo;
2925 5634 3133 5695 torpeo,
3181 5611 3433 5693 torpedo;
3475 5622 3639 5686 libet,
3670 5622 3733 5674 li-

2146 5728 2303 5791 bido;
2334 5725 2512 5793 cupio,
2544 5721 2762 5792 cupido;
2806 5718 3058 5783 formido,
3096 5715 3376 5779 formidas,
3409 5714 3729 5783 formidinis,

2145 5817 2285 5887 quod
2313 5817 2433 5871 ideo
2466 5816 2593 5870 fecit
2622 5810 2797 5867 simile
2824 5825 3019 5865 nomen
3045 5808 3263 5863 verbale
3305 5807 3581 5878 primitivo
3614 5823 3732 5863 ver-

2142 5910 2232 5975 bo,
2263 5909 2386 5981 quia
2419 5909 2533 5983 ipsa
2566 5905 2763 5980 positio
2793 5903 2942 5963 verbi
2982 5901 3143 5962 talem
3176 5900 3366 5959 habuit
3395 5900 3647 5963 formam.
3671 5901 3730 5967 lu
