3918 6380
257 419 364 476 629

1073 410 1466 472 EXCERPTIO
1503 414 1592 470 DE
1624 413 1812 470 ARTE
1845 413 2302 498 GRAMMATICA
2340 414 2695 473 PRISCIANI.

3419 419 3522 477 650

256 533 386 589 tudo
419 545 638 603 quoque
670 527 944 602 fortitudo,
981 528 1311 600 magnitudo,
1351 526 1627 593 habitudo,
1663 527 1850 597 ampli—
1875 531 1927 592 Α
1953 544 2095 592 eam,
2124 536 2183 584 ιιι
2207 527 2494 598 vulpecula,
2531 527 2806 595 nubecula,
2841 527 3066 583 diecula.
3093 527 3211 584 Alia
3240 543 3370 586 vero
3398 545 3518 586 ver-

260 623 409 690 tudo,
439 622 737 692 ﬁrmitudo,
757 618 1027 686 celsitudo,
1057 619 1355 684 suavitudo,
1379 620 1398 672 i
1421 619 1842 689 antepenultima

259 717 463 788 ubique
491 723 766 789 correpta;
799 720 942 787 testa
961 714 1076 768 sive
1109 720 1272 776 testu,
1318 712 1543 778 testudo,
1575 711 1719 782 quod
1761 717 1845 766 est

261 806 567 878 corporale.
592 807 702 863 Nec
732 821 840 861 non
857 805 1049 865 omnia
1072 804 1127 859 in
1155 805 1224 859 do
1246 804 1569 867 desinentia,
1597 803 1846 874 quamvis

262 915 370 956 non
398 900 512 959 sint
540 899 860 963 derivativa,
892 897 1242 970 penultimam
1271 914 1305 952 u
1334 897 1612 962 habentia,
1645 896 1846 967 produ-

260 1001 392 1050 cunt
417 1007 560 1060 eam,
592 1000 793 1047 natura
822 989 907 1045 vel
935 989 1223 1062 positione,
1249 997 1310 1043 ut
1337 990 1585 1056 hirundo,
1614 988 1841 1053 arundo,

261 1084 474 1138 hirudo.
498 1083 557 1138 In
599 1082 653 1135 al
690 1080 989 1135 desinentia
1016 1080 1438 1145 denoininativa,
1484 1080 1529 1137 si
1573 1081 1843 1151 primitiva

260 1190 452 1230 eorum
497 1171 844 1245 penultimam
872 1180 1066 1227 natura
1111 1171 1194 1228 vel
1239 1172 1506 1242 positione
1557 1171 1846 1227 habuerint

259 1267 599 1340 productam,
644 1281 707 1321 ea
737 1280 950 1336 quoque
981 1265 1196 1334 longam
1230 1266 1432 1323 habent
1458 1265 1838 1335 penultimam;

259 1363 469 1428 cervix,
492 1362 742 1426 cervicis,
771 1359 1025 1425 cervical;
1050 1360 1318 1424 tribunus,
1343 1359 1607 1424 tribunal;
1636 1369 1841 1426 vectus,

257 1453 481 1525 vectigal
495 1471 513 1519 ;
543 1453 816 1522 lupercus,
839 1451 1103 1523 lupercal;
1126 1452 1208 1506 sin
1242 1451 1331 1508 illa
1357 1451 1598 1517 brevem,
1627 1467 1692 1508 ea
1717 1467 1846 1522 quo.

260 1562 366 1617 que
389 1553 689 1615 correptam
718 1564 732 1598 :
770 1555 940 1608 lorus,
966 1543 1138 1606 toral;
1181 1544 1394 1599 animus
1423 1551 1478 1598 et
1501 1543 1702 1610 anima,
1729 1545 1845 1598 ani-

258 1639 389 1692 mal.
435 1639 490 1694 ln
522 1621 609 1690 um
639 1636 940 1692 desinentia
984 1636 1302 1701 derivativa,
1352 1637 1465 1692 sive
1493 1638 1658 1692 etiam
1697 1653 1844 1694 com-

255 1730 452 1801 posita,
486 1728 728 1782 diversas
773 1728 971 1782 habent
997 1727 1238 1782 formas:
1271 1728 1516 1797 quaedam
1555 1729 1700 1784 enim
1746 1743 1842 1784 vo-

254 1818 428 1874 calem
455 1836 482 1872 e
510 1819 708 1873 habent
731 1818 942 1889 longam
965 1818 1049 1873 vel
1073 1819 1412 1889 icorreptam
1435 1827 1561 1875 ante
1583 1837 1699 1886 um;
1723 1830 1845 1887 ε,·ιιι

1941 619 2142 675 balium
2173 619 2228 686 in
2256 629 2486 680 mentum
2511 619 2782 687 desinunt,
2809 629 2871 681 ut
2895 637 2910 674 :
2937 621 3132 688 vestio,
3157 622 3345 688 vestis,
3376 623 3500 677 vesti

1942 719 2204 775 mentum;
2251 709 2459 776 hortor,
2505 710 2760 775 hortaris,
2792 711 3210 776 hortamentum;
3243 727 3401 778 orno,
3431 726 3526 772 or-_

1942 816 2062 868 nas,
2091 811 2486 866 ornamentum;
2513 817 2688 869 sacro,
2717 806 2922 868 Sacras,
2951 811 3370 872 sacramentum,-
3397 802 3522 858 fun-

1944 891 2033 958 do,
2064 891 2279 960 fundas,
2325 892 2758 963 fundamentum;
2799 907 3016 960 moneo,
3062 894 3325 962 monitus,
3354 896 3523 967 moni-

1944 994 2206 1052 mentum;
2244 984 2374 1051 alui,
2405 985 2585 1052 alitus,
2614 986 2954 1053 alimentum;
2999 987 3221 1055 munivi,
3260 989 3518 1059 munitus.

1943 1081 2342 1136 munimentum:
2392 1078 2458 1133 Et
2511 1077 2788 1145 sciendum
2843 1077 2988 1149 quod
3044 1076 3520 1148 antepenultimam

1943 1171 2261 1240 productam
2297 1169 2512 1234 habent,
2546 1169 2630 1226 vel
2657 1178 2981 1241 correptam,
3009 1177 3172 1240 prout
3195 1168 3306 1238 sint
3333 1167 3522 1240 penul-

1947 1263 2090 1318 tiinae
2117 1263 2335 1334 syllabae
2361 1263 2616 1334 praeteriti
2647 1264 2904 1338 temporis
2927 1274 3118 1323 θοι-ιω]
3141 1260 3431 1322 verborum
3457 1273 3518 1313 ex

1945 1356 2138 1426 quibus
2195 1357 2522 1414 derivantur.
2565 1355 2622 1412 ln
2672 1357 2904 1410 monium
2961 1355 3127 1419 etiam
3175 1341 3527 1422 inveniuntur

1947 1445 2219 1511 derivata,
2249 1445 2268 1500 i
2304 1454 2549 1516 correpta
2597 1446 2948 1502 antecedente
2978 1461 3062 1498 mo
3095 1444 3209 1500 sive
3238 1448 3520 1512 sequente,

1946 1544 2042 1591 ut:
2073 1536 2467 1605 patrimonium,
2496 1535 2907 1600 matrimonium,
2953 1533 3321 1589 testimonium.
3368 1529 3426 1585 In
3460 1545 3526 1583 en

1948 1627 2242 1683 desinentia
2265 1626 2583 1692 derivativa,
2599 1643 2650 1681 m
2666 1625 3035 1688 antecedente,
3051 1637 3188 1695 pene
3209 1621 3392 1678 omnia
3403 1605 3528 1674 ver-

1944 1719 2086 1774 balia
2120 1727 2242 1774 sunt
2268 1727 2322 1774 et
2354 1728 2570 1784 nentra;
2601 1727 2656 1772 et
2679 1718 2724 1772 si
2752 1718 2860 1792 sint
2884 1732 2914 1770 a
2941 1716 3120 1788 prima
3147 1711 3528 1785 conjugationo

1946 1827 1979 1864 a
2030 1810 2244 1881 longam
2296 1811 2495 1866 habent
2541 1809 2930 1879 penultimam,
2970 1816 3072 1862 ut:
3107 1807 3272 1872 solor,
3311 1804 3526 1869 solaris,

253 1911 521 1974 olivetum,
547 1908 841 1975 coriletum,
869 1917 1114 1974 rosetum,
1143 1908 1433 1975 dumetum,
1459 1919 1756 1980 quercetum
1780 1927 1843 1966 ac
1871 1914 1919 1972 B
1947 1902 2215 1966 solamen;
2261 1902 2398 1968 fOJ‘O,
2447 1901 2612 1966 foras,
2645 1901 2914 1971 foramen;
2952 1914 3168 1964 curvas,
3207 1911 3528 1963 curvamen;

249 2010 544 2064 scutetum,
575 2009 883 2069 myrtetum;
911 1999 997 2065 iu,
1025 2007 1084 2053 ut
1112 2001 1414 2070 augurium,
1443 1999 1720 2066 solarium,
1750 2019 1843 2071 po-

255 2095 507 2158 marium,
553 2091 818 2156 solatium,
865 2091 1123 2153 suavium,
1174 2090 1397 2154 basium,
1429 2091 1639 2157 odium,
1682 2109 1843 2147 reme-

246 2185 424 2249 .lium,
477 2183 784 2238 concubium
804 2223 819 2248 ,
849 2165 1141 2253 palladium
1162 2223 1177 2249 ,
1208 2178 1429 2253 cilicium
1448 2223 1462 2248 ,
1501 2183 1840 2249 connubium,

249 2276 576 2339 convivium,
617 2273 889 2338 exsilium,
933 2273 1238 2340 consilium,
1281 2275 1581 2344 judicium,
1626 2276 1841 2329 merito-

251 2366 426 2430 rium,
468 2365 838 2434 municipium,
877 2364 1202 2434 prtesidium,
1249 2364 1594 2419 domicilium.
1639 2363 1843 2420 Conso-

251 2463 447 2508 nantes
475 2449 688 2523 quoque
716 2460 838 2508 ante
868 2469 954 2507 um
984 2454 1238 2509 habentia
1275 2454 1573 2514 derivativa
1600 2455 1842 2511 diversas

252 2545 458 2601 habent
496 2542 737 2606 formas;
782 2542 882 2597 alia
927 2545 1070 2598 enim
1115 2544 1168 2597 in
1202 2545 1380 2603 bulum
1428 2546 1696 2611 desinunt,
1723 2563 1842 2616 qu-.e

250 2637 427 2694 forma
459 2637 716 2696 assimilis
741 2643 826 2691 est
855 2636 1208 2702 diminutivis,
1252 2638 1576 2694 et'veniunt
1610 2654 1639 2692 a
1670 2639 1844 2712 nomi-

251 2731 414 2788 nibus
444 2728 531 2785 vel
559 2745 590 2784 a
635 2728 834 2793 verbis,
865 2737 962 2786 ut:
995 2743 1154 2793 cuna,
1183 2728 1536 2794 cunabulum;
1568 2730 1843 2807 vesta,vel

250 2823 444 2889 vestis,
487 2818 825 2885 vestibulum;
875 2820 1020 2884 thus,
1055 2820 1250 2885 thuris,
1282 2820 1641 2886 thuribulum;
1685 2835 1840 2886 voco,

249 2913 448 2977 vocas,’
479 2908 819 2972 vocabulum;
867 2908 1154 2975 concilias,
1206 2908 1652 2975 conciliabulum;
1700 2921 1838 2976 stas,

252 3005 564 3070 stabulum;
609 3017 800 3072 pasco,
861 3001 1153 3070 pabulum;
1193 3010 1400 3071 prosto,
1459 3002 1842 3072 prostibulum;

251 3097 435 3169 patior
467 3093 549 3149 vel
583 3092 751 3162 patio,
784 3087 1092 3161 patibulum.
1137 3091 1228 3164 [Et
1258 3091 1672 3156 attendendum,
1701 3093 1843 3161 quod

252 3184 554 3257 penultima
574 3183 627 3237 in
646 3181 896 3236 omnibus
915 3182 1222 3252 corripitur,
1246 3182 1668 3252 antepenultima
1691 3198 1840 3247 vero,

1947 1994 2204 2059 oblectas,
2238 1997 2585 2055 oblectamen;
2614 2009 2798 2064 purgo,
2836 2009 3056 2064 purgas,
3086 2007 3408 2063 purgamen;
3452 1989 3528 2056 ir-

1948 2085 2075 2149 rito,
2111 2085 2312 2150 irritas,
2348 2086 2654 2151 irritanien;
2679 2086 2834 2156 ligas,
2866 2086 3110 2158 ligamen.
3143 2083 3200 2139 Si
3231 2100 3262 2139 a
3293 2082 3528 2145 secunda

1946 2177 2026 2230 vel
2059 2177 2238 2242 tertia,
2272 2178 2289 2229 i
2323 2177 2520 2258 habent
2564 2187 2888 2248 correptam,
2927 2187 3025 2232 ut:
3061 2191 3280 2242 moneo,
3316 2189 3524 2241 mones,

1945 2271 2234 2334 monimen;
2267 2284 2415 2339 rogo,
2447 2272 2604 2342 regis,
2641 2275 2895 2342 regimen;
2925 2279 3062 2341 tego,
3094 2271 3254 2340 tegis,
3282 2268 3525 2339 tegimen,

1945 2368 1998 2414 et
2033 2374 2130 2431 per
2156 2362 2517 2416 concisionem
2549 2372 2780 2432 tegmen,
2815 2378 2843 2416 a
2875 2364 3051 2432 specis
3089 2361 3172 2416 vel
3205 2361 3385 2432 specie
3414 2375 3530 2429 spe-

1946 2452 2141 2516 cimen;
2173 2451 2258 2506 vel
2306 2470 2338 2505 a
2377 2453 2729 2522 productam,
2770 2453 2816 2507 si
2863 2454 2914 2506 in
2948 2469 3014 2513 uo
3045 2451 3241 2508 desinit
3268 2449 3526 2522 verbum;

1946 2559 2100 2609 aeuo,
2148 2561 2404 2608 acumen;
2449 2543 2576 2610 (luo,
2607 2546 2841 2615 ﬂumen;
2889 2559 3020 2610 nuo,
3064 2559 3287 2610 numen;
3331 2554 3532 2596 numen

1948 2637 2092 2691 enim
2117 2645 2200 2693 est
2226 2637 2320 2692 Dei
2344 2645 2536 2702 nutus;
2563 2622 2708 2691 unde
2728 2637 2981 2708 Virgilius
3006 2655 3020 2692 :

2443 2737 2556 2788 illeo
2574 2739 2682 2788 sine
2705 2740 2910 2794 numine
2932 2739 3088 2788 venti.

1945 2819 2000 2875 id
2049 2827 2192 2886 est,'
2222 2819 2338 2875 sine
2379 2835 2500 2874 meo
2546 2828 2713 2885 nutu;
2772 2819 2881 2885 luo,
2937 2819 3150 2886 lumen,
3189 2832 3297 2891 quo
3347 2815 3532 2878 omnia

1946 2912 2258 2976 abluuntur,
2294 2913 2345 2967 id
2377 2921 2461 2967 est
2509 2919 2805 2981 purgantur
2846 2927 2877 2966 a
2907 2911 3161 2967 tenebris.
3194 2911 3236 2964 A
3286 2909 3467 2965 verbis
3495 2924 3531 2962 u

1947 3014 2154 3074 quartas
2176 3004 2453 3058 venientia
2483 3004 2500 3056 i
2546 3003 2861 3072 productam
2895 3001 3126 3067 habent;
3173 3001 3378 3063 munio,
3411 3016 3530 3054 mu-

1947 3099 2156 3162 nimen;
2187 3096 2350 3160 lenio,
2383 3096 2635 3160 lenimen;
2667 3095 2882 3158 molior,
2927 3093 3194 3147 molimen.
3223 3092 3408 3147 Pauca
3445 3091 3533 3146 in-

1946 3188 2239 3243 veniuntur
2267 3186 2321 3240 in
2347 3203 2410 3239 cn
2443 3185 2739 3241 derivativa
2767 3184 2982 3256 generis
3008 3181 3295 3241 masculini
3327 3196 3341 3235 :
3376 3195 3407 3246 a
3434 3195 3522 3251 pe-

251 3277 304 3332 si
348 3277 544 3330 habeat
571 3276 618 3339 i,
645 3274 956 3342 corripitur,
997 3280 1085 3338 ut,
1115 3274 1451 3338 vestibulum,
1501 3272 1836 3344 patibulum]
1868 3265 1913 3327 C
1946 3277 2142 3332 ctendo
2171 3284 2366 3346 pecten,
2405 3290 2436 3329 a
2480 3274 2567 3330 ﬁlo
2599 3273 2844 3343 ﬁlamen,
2877 3275 3019 3346 quod
3064 3289 3162 3344 per
3197 3273 3533 3343 syncopami

254 3366 356 3424 Sin
397 3381 554 3431 vero,
593 3382 625 3418 a
671 3363 1003 3433 producitur,
1043 3373 1102 3420 ut
1149 3365 1504 3430 cunabulum,
1556 3365 1841 3435 pabulum;

253 3461 530 3530 excipitur
573 3454 866 3520 stabulum,
893 3454 1047 3525 quod
1093 3457 1318 3526 corripit
1360 3473 1428 3520 a;
1476 3471 1577 3512 nec
1617 3458 1836 3522 mirum,

255 3566 384 3607 cum
415 3549 637 3606 verbum
671 3559 883 3615 quoque
908 3546 1130 3611 stabulo,
1159 3546 1413 3610 stabulas,
1445 3547 1692 3609 eamdem
1721 3562 1840 3603 cor-

251 3642 420 3712 ripiat
447 3636 733 3710 syllabam;
764 3645 818 3690 et
845 3635 1066 3700 stabilis,
1106 3644 1161 3691 et
1205 3646 1390 3701 status,
1423 3646 1478 3692 et
1507 3651 1840 3706 quaecunque

254 3747 293 3787 a
314 3730 475 3786 verbo
499 3736 600 3792 sto,
626 3734 757 3792 stas,
783 3726 1024 3781 derivata
1049 3726 1269 3792 fuerint,
1297 3737 1522 3797 excepto
1545 3742 1652 3782 uno
1674 3726 1839 3780 verbo

254 3824 448 3892 supino
493 3827 687 3874 statum
731 3825 785 3872 et
822 3826 1023 3876 stamen
1067 3820 1303 3886 nomine,
1345 3827 1400 3877 et
1437 3829 1659 3884 statura,
1699 3818 1841 3886 quod

257 3921 370 3968 tam
413 3923 608 3964 nomen
635 3921 794 3975 quam
824 3901 1166 3978 participium
1197 3917 1279 3964 est
1305 3927 1317 3962 :
1350 3918 1581 3966 staturus
1625 3923 1838 3978 quoque

252 4011 317 4060 et
345 4011 604 4056 staturum
632 3999 1017 4067 producuntur,
1043 4001 1288 4069 quamvis
1317 4009 1505 4063 status,
1550 4009 1704 4064 stata,
1738 4011 1839 4054 sta-

255 4107 369 4150 tum
396 4089 774 4159 corripiantur.
817 4084 1159 4143 Inveniuntur
1187 4090 1349 4145 etiam
1376 4088 1625 4158 quaedam
1655 4089 1708 4142 in
1746 4105 1836 4142 cu-

253 4185 367 4239 lum
408 4180 732 4243 desinentia,
759 4192 878 4246 quae
905 4192 935 4231 a
968 4176 1536 4236 secunda‘derivantur
1581 4194 1831 4250 persona,

251 4290 318 4334 ut
345 4277 599 4340 devertis,
635 4273 1043 4337 deverticulum;
1072 4271 1260 4335 verris,
1289 4277 1631 4343 verriculum;
1663 4279 1832 4342 vehis,

251 4369 585 4432 vehiculum;
606 4367 788 4436 perior
815 4365 1028 4434 perii-is,
1055 4363 1196 4416 unde
1218 4361 1420 4432 peritus
1443 4377 1491 4420 et
1513 4371 1580 4423 ab
1603 4384 1668 4423 eo
1693 4384 1838 4424 com-

249 4460 493 4532 positum
523 4454 819 4524 imperitus,
849 4450 1166 4522 periculum;
1193 4465 1335 4512 oras,
1368 4456 1665 4523 oraculum;
1711 4473 1835 4527 pro-

251 4564 487 4622 pugnas,
517 4543 994 4616 propugnaculum;
1041 4542 1248 4607 obstas,
1284 4540 1638 4608 obstaculum;
1671 4551 1835 4604 mira-

1947 3370 2140 3438 ﬂamen
2170 3366 2428 3431 dicimus;
2461 3374 2516 3420 et
2541 3381 2570 3420 a
2602 3365 2846 3423 canendo
2889 3364 3184 3435 composita
3233 3363 3532 3419 masculina

1946 3443 2298 3530 i-correptam
2328 3461 2526 3515 habent
2564 3459 2917 3529 penultimam
2945 3474 2958 3511 :
2989 3457 3214 3521 tubicen,
3264 3457 3527 3520 cornicen,

1945 3555 2166 3623 fidicen;
2195 3553 2461 3622 excipitur
2491 3567 2680 3616 unum,
2711 3551 2917 3617 tibicen,
2947 3550 3088 3620 quod
3139 3548 3259 3604 ideo
3306 3548 3478 3605 solum
3511 3552 3530 3603 i

1942 3647 2258 3717 productam
2286 3645 2472 3700 habuit
2496 3645 2867 3714 penultimam,
2897 3643 3040 3713 quod
3069 3641 3360 3715 synaeresis
3383 3640 3524 3695 facta

1943 3746 2026 3792 est
2051 3738 2277 3793 duorum
2307 3737 2344 3789 ii
2382 3736 2623 3791 brevium
2649 3736 2704 3788 in
2740 3749 2903 3789 unam
2935 3733 3167 3803 longam.
3203 3733 3259 3787 ln
3296 3749 3360 3786 ar
3383 3731 3526 3786 desi-

1943 3829 2127 3882 nentia
2162 3828 2481 3891 derivativa,
2514 3826 2559 3880 si
2593 3832 2981 3880 consonantem
3025 3823 3258 3878 habeant
3289 3829 3413 3876 ante
3438 3837 3520 3885 ar,

1941 3919 2238 3990 penultima
2268 3917 2468 3990 syllaba
2504 3917 2840 3988 producitur,
2867 3925 2958 3978 ut:
2991 3930 3182 3980 caesus,
3209 3930 3412 3981 cwsar;
3443 3914 3521 3969 la-

1941 4029 2061 4077 cus,
2097 4013 2350 4076 lacunar;
2382 4011 2524 4080 lupa,
2557 4010 2822 4079 lupanar:
2851 4008 2896 4070 si
2920 4008 3182 4071 vocalem,
3209 4006 3520 4076 corripitur,

1939 4112 2034 4158 ut:
2069 4103 2313 4172 laqueus,
2348 4102 2581 4172 laquear.
2611 4100 2669 4154 In
2698 4116 2755 4153 er
2797 4098 3097 4157 derivativa
3141 4112 3171 4150 a
3211 4094 3521 4152 nominibus

1938 4194 2194 4264 pleraque
2217 4209 2241 4248 s
2266 4200 2322 4248 et
2349 4201 2369 4250 t
2400 4193 2599 4248 habent
2629 4197 2753 4245 ante
2780 4205 2824 4255 r,
2857 4198 2918 4244 ut
2944 4207 2954 4242 :
2985 4197 3235 4258 equester,
3265 4185 3516 4256 pedester,

1941 4287 2081 4341 sicut
2105 4295 2158 4340 et
2189 4284 2504 4339 diminutiva
2535 4282 2763 4345 habent,
2801 4291 2860 4336 ut
2885 4289 3132 4345 antester,
3167 4280 3514 4350 parisitaster,

1939 4379 2284 4439 antoniaster,
2313 4374 2614 4430 catulaster.
2663 4373 2925 4442 Pleraque
2953 4371 3190 4439 verbalia
3230 4371 3518 4435 verborum

1939 4478 2327 4524 consonantem
2367 4474 2670 4535 correptam
2709 4472 2957 4530 servant,
2988 4471 3086 4518 ut:
3115 4464 3302 4528 ruben,
3332 4463 3517 4528 ruber;

1939 4560 2111 4630 pigro,
2143 4559 2320 4628 piger;
2350 4570 2588 4622 macero,
2616 4571 2810 4610 macer.
2833 4555 2888 4611 In
2932 4571 2993 4608 or
3020 4561 3075 4609 et
3098 4553 3151 4608 in
3184 4570 3252 4610 ur
3279 4569 3309 4612 a
3338 4553 3519 4608 verbis

251 4620 356 4703 ἧς.
407 4635 755 4700 miraculum;
789 4631 1095 4704 perpendis,
1129 4630 1587 4702 perpendiculum;
1625 4640 1828 4706 specio,

1942 4620 2152 4703 invenio
2189 4647 2305 4701 ﬁeri
2355 4645 2654 4716 abjectione
2681 4662 2732 4710 ο,
2767 4653 2825 4698 ιιι
2859 4644 3063 4708 mloro,
3091 4642 3268 4708 color;
3305 4642 3513 4707 laboro,

250 4732 453 4801 specis,
482 4729 745 4797 speculum
770 4742 868 4796 pro
895 4725 1208 4796 speciculum
1235 4739 1330 4794 per
1351 4738 1663 4794 syncOpam;
1693 4730 1828 4797 fero,

251 4825 398 4887 fers,
441 4819 714 4890 ferculum.
759 4819 826 4873 Et
870 4818 1146 4872 sciendum
1194 4817 1334 4886 quod
1381 4816 1564 4870 omnia
1611 4825 1830 4885 petum-

252 4928 405 4969 mam
453 4927 488 4964 u
523 4909 857 4978 corripiunt:
892 4908 1138 4961 similiter
1180 4914 1236 4960 et
1268 4906 1585 4960 diminutiva
1627 4923 1745 4976 quae
1775 4917 1828 4970 in

251 5005 428 5065 culus,
456 5001 595 5065 cula,
625 4999 817 5062 culum,
843 5006 898 5052 et
941 4997 1080 5060 ulus,
1113 4998 1234 5062 ula,
1278 4997 1422 5052 ulum
1469 4999 1748 5063 desinunt,
1782 5016 1826 5054 tr

1937 4741 2118 4806 labor;
2159 4741 2384 4803 honoro,
2431 4740 2625 4803 honor;
2672 4729 2886 4803 decoro,
2915 4737 3102 4798 decor;
3133 4737 3318 4796 adoro,
3351 4735 3514 4799 ador;

1934 4848 2234 4894 murmuro,
2250 4846 2521 4895 murmur;
2543 4845 2763 4900 auguro,
2783 4845 2986 4899 augur;
3002 4835 3208 4894 saturo,
3229 4836 3410 4893 satur;
3426 4842 3516 4882 cu-

1926 4923 2015 4993 jus
2043 4923 2359 4977 femininum
2387 4931 2588 4984 satura,
2617 4929 2672 4976 et
2708 4929 2959 4977 neutrum
2993 4929 3251 4974 saturum.
3279 4905 3400 4973 Alia
3427 4933 3516 4973 as-

1929 5009 2338 5068 sumuntverho
2364 5029 2409 5077 r,
2441 5020 2498 5065 ut
2526 5026 2539 5065 :
2572 5026 2716 5076 amo,
2747 5027 2928 5074 amor;
2959 5009 3098 5073 furo,
3138 5009 3305 5078 furor.
3336 5009 3452 5068 Alia
3479 5025 3509 5062 a

247 5093 539 5165 igniculus,
571 5091 826 5156 tantulus,
868 5089 1094 5159 regulus,
1141 5089 1402 5152 navicula,
1450 5090 1678 5155 tantula,
1720 5107 1837 5145 cor-

1942 5105 2226 5176 )articipiis
2257 5112 2467 5158 mutant
2492 5121 2550 5157 us
2579 5105 2631 5158 in
2663 5121 2743 5169 or,
2771 5113 2825 5158 et
2855 5104 2968 5174 ejus
2994 5112 3249 5158 accentus
3273 5113 3506 5170 servant,

247 5183 561 5256 pusculum,
605 5181 910 5250 capitulum,
936 5195 1164 5250 quorum
1195 5189 1248 5234 et
1276 5183 1651 5250 qumcunquei
1685 5190 1836 5237 ante-

248 5277 603 5350 penultimam
630 5275 845 5336 habent,
879 5274 1121 5329 eamdem
1147 5274 1417 5339 hreviant,
1440 5285 1499 5328 ut
1521 5275 1836 5340 dulciculus,

249 5367 558 5432 dulcicula,
606 5365 961 5430 dulciculum,
1013 5365 1331 5430 monticula,
1379 5367 1626 5434 ﬁdicula,
1667 5367 1837 5420 corni-

249 5459 451 5524 culum,
490 5456 794 5520 versiculus,
831 5456 1059 5516 anicula,
1094 5457 1407 5527 geniculum.
1439 5457 1719 5527 Excipitur
1747 5475 1838 5512 cu-

249 5549 452 5614 ticula,
507 5547 651 5617 quod
703 5546 721 5598 i
770 5546 824 5599 in
877 5546 1296 5614 antepenultima
1348 5547 1616 5614 producit.
1671 5546 1834 5603 Juve-

247 5639 396 5695 nalis
423 5658 436 5693 :

443 5729 689 5781 Conbibet
708 5730 935 5779 aestivum
959 5734 1200 5779 contracts
1227 5729 1435 5780 cuticula
1454 5731 1608 5781 solem
1627 5770 1641 5795 ,

247 5832 308 5888 et
339 5822 572 5892 apicula.
603 5823 731 5890 Quae
761 5835 888 5876 vero
916 5840 942 5875 θ
970 5831 1093 5878 ante
1123 5824 1240 5880 cula
1284 5825 1480 5882 habent
1521 5827 1826 5897 producunt

1936 5206 1987 5251 ‘at
2013 5207 2249 5261 senatus,
2280 5205 2520 5264 senator;
2562 5197 2818 5260 monitus,
2851 5196 3096 5248 monitor.
3136 5195 3202 5248 Et
3231 5195 3505 5250 sciendum

1941 5289 2069 5349 quod
2119 5289 2298 5343 omnia
2349 5287 2713 5356 comparativa
2749 5287 2802 5340 in
2837 5303 2898 5341 or
2940 5286 3239 5348 desinentia
3272 5286 3504 5356 penulti-

1942 5385 2113 5435 mani
2141 5397 2354 5453 semper
2375 5391 2676 5453 correptam
2710 5381 2929 5448 habent,
2956 5389 3040 5436 ut:
3066 5383 3258 5446 senior,
3282 5382 3502 5446 doctior,

1943 5465 2155 5533 Ῐίάείίοι.
2190 5475 2471 5529 masculini
2501 5484 2554 5529 et
2585 5474 2829 5530 feminini
2863 5476 3096 5546 generis,
3132 5475 3210 5528 sic
3234 5481 3287 5527 et
3313 5488 3501 5529 eorum

1943 5566 2155 5623 neutra,
2188 5576 2231 5620 It
2257 5567 2481 5631 doctius,
2511 5566 2737 5634 fidelius.
2770 5565 2827 5620 In
2849 5583 2908 5618 as
2935 5565 3232 5620 desinentia
3262 5564 3503 5619 denomi-

1947 5652 2143 5716 ηθιίνη,
2171 5653 2213 5706 Si
2237 5665 2253 5704 ἰ
2273 5660 2470 5715 habent
2508 5659 2856 5730 penultimam
2896 5668 2988 5713 aut
3023 5676 3067 5723 c,
3095 5659 3410 5728 corripiunt,
3442 5663 3501 5709 ut

1935 5742 2154 5809 Ρνοῦιιε,
2195 5751 2358 5813 proni,
2390 5749 2650 5820 probitas;
2676 5750 2871 5816 bonus,
2901 5749 3044 5814 boni,
3087 5749 3322 5812 bonitas;
3355 5745 3500 5800 timi-

1938 5832 2057 5902 dus,
2090 5834 2283 5898 timidi,
2312 5840 2585 5909 tmiditas;
2613 5841 2755 5912 pius,
2797 5841 2900 5915 pii,
2939 5841 3138 5912 pietas;
3170 5840 3368 5904 socius,
3413 5855 3499 5895 so-
