3918 6356
423 404 518 457 lilii

1037 403 1096 456 ll.
1137 401 1387 457 RABANI
1425 401 1644 457 MAURI
1683 401 2000 456 ARCHIEP.
2041 401 2349 458 MUGUNT.
2391 402 2682 458 OPERUM
2725 402 2904 457 PARS
2945 405 3033 459 111.

3575 411 3680 464 032

421 522 512 582 cii,
544 523 796 583 societas;
839 533 1026 586 capax,
1057 518 1268 587 capaci,
1300 517 1592 586 capacitas;
1637 515 1795 580 felix,
1829 515 1990 580 felici,
2023 521 2070 578 Α
2099 519 2317 581 habent,
2345 527 2403 571 ut
2429 519 2580 582 mdis,
2607 517 2811 582 ceditis;
2838 534 3026 584 senex,
3051 521 3266 586 senilis;
3301 539 3458 588 anus,
3493 527 3682 580 anilis:

423 615 677 682 felicitas;
705 612 870 677 celer,
897 611 1080 674 celeri,
1110 609 1381 673 celeritas;
1427 617 1634 675 auctor,
1665 609 1951 662 auctoritas
1982 624 2000 662 :

421 703 665 775 quadam
697 703 840 758 enim
883 702 1188 771 producunt
1221 717 1271 764 e,
1321 707 1380 752 ut
1416 713 1641 768 pauper,
1683 706 2000 766 paupertas;

419 799 574 862 uber,
605 797 852 860 ubertas;
896 792 1089 862 major,
1122 792 1390 862 majestas.
1423 790 1561 844 Sunt
1608 799 1786 844 autem
1815 803 1882 842 ex
1915 788 2000 842 his

421 889 664 959 quaedam
695 887 1022 948 communia,
1051 895 1112 940 ut
1139 885 1356 954 primas,
1394 884 1636 953 optimas,
1682 881 1868 934 ultima
1903 880 2002 934 eir-

419 979 700 1037 cuml'lexa.
723 980 780 1035 In
813 996 865 1034 es
893 977 1143 1033 desinunt
1183 983 1484 1044 correptam
1522 971 1918 1028 denominativa
1947 978 2002 1026 et

419 1072 678 1136 verbalia,
721 1081 780 1125 ut
821 1086 994 1140 eques,
1043 1069 1260 1138 equitis;
1299 1075 1463 1129 struo,
1498 1074 1698 1126 strues;
1731 1063 1889 1132 sepia,
1922 1079 2002 1115 se-

417 1180 525 1234 pes.
555 1163 614 1218 ln
658 1179 712 1216 es
757 1161 1072 1231 productam
1124 1158 1302 1213 inveni
1346 1157 1614 1220 verbalia,
1658 1163 1717 1209 ut
1760 1153 1997 1218 luxurio,

418 1253 682 1316 luxuries;
719 1252 920 1314 illuvio,
947 1248 1168 1303 illuvies.
1193 1247 1544 1302 Inveniuntur
1577 1260 1790 1314 quoque
1818 1254 1998 1314 patro-

419 1343 634 1414 nymica
679 1341 836 1408 huius
866 1341 1071 1404 formae,
1114 1348 1174 1394 ut
1201 1339 1563 1392 Anchisiades.
1597 1337 1669 1390 De
1702 1337 1803 1390 hac
1833 1335 1999 1406 igitur

419 1435 589 1491 forma
623 1450 728 1504 qua
757 1441 982 1487 utuntur
1011 1431 1201 1496 nostri,
1231 1429 1539 1493 diligentius
1577 1426 1859 1482 dicendum
1891 1432 1995 1482 est.

415 1544 539 1582 nam
572 1527 616 1582 si
653 1527 1013 1581 nominativus
1046 1521 1266 1578 Grzeeus
1296 1521 1351 1574 in
1377 1543 1438 1581 ας
1465 1519 1702 1578 desinat.
1730 1517 1999 1588 genitivus

415 1634 544 1673 vero
577 1621 630 1672 in
661 1641 720 1672 ου
750 1617 1138 1688 diphthongon,
1169 1632 1200 1667 a
1229 1612 1520 1683 penultima
1548 1611 1728 1665 brevis
1754 1618 1880 1662 ante
1905 1608 1996 1661 des

415 1711 686 1765 invenitur
725 1711 778 1764 in
828 1708 1217 1779 patronymico,
1263 1715 1321 1760 ut
1365 1705 1562 1769 Pelias,
1593 1701 1868 1765 Peliadcs;
1899 1701 1995 1755 ΑΞ-

413 1819 565 1866 ncas,
603 1801 903 1866 /Enearles;
951 1801 1257 1864 Menenius,
1307 1797 1682 1862 Menoetiades;
1713 1795 1990 1859 Lercbios,

413 1891 743 1946 Lerchiades.
773 1891 906 1944 Nam
931 1889 1182 1944 AEneides
1219 1888 1390 1960 magis
1409 1895 1608 1964 contra
1639 1886 1880 1957 regulam
1908 1901 2000 1940 au-
2027 1899 2074 1958 Β

409 1985 659 2039 ctoritate
693 1984 900 2054 poetica
929 1982 1107 2052 posuit
1138 1981 1393 2052 Virgilius
1427 1980 1482 2034 in
1507 1996 1586 2045 ιιι,
1614 1996 1640 2032 ε
1671 1987 1725 2032 et
1755 1997 1787 2032 a
1819 1991 1998 2032 corre-

409 2085 530 2145 ptas
559 2077 610 2130 in
637 2077 654 2129 i
683 2075 1000 2146 productam
1028 2081 1351 2127 convertens
1379 2090 1392 2124 :

535 2187 611 2235 Sit
636 2189 771 2246 satis,
798 2185 1027 2244 rEneide,
1050 2183 1166 2232 telis
1187 2183 1383 2243 impune
1407 2179 1677 2230 Numanum

533 2247 816 2310 Oppetiisse
840 2248 953 2296 tuis.
977 2283 990 2296 .
1019 2283 1032 2294 .
1060 2281 1072 2292 .
1100 2281 1113 2295 .

409 2353 692 2422 Hippotes,
717 2349 1057 2420 hippotades;
1083 2349 1263 2411 butes,
1294 2346 1543 2408 butades;
1573 2343 1876 2407 Corinetcs,
1901 2342 1999 2398 Co-

407 2445 676 2508 rinetides,
701 2445 718 2496 i
745 2443 1038 2513 penultima
1067 2440 1235 2495 brevi.
1261 2439 1618 2508 Excipiuntur
1649 2445 1828 2490 tamen
1857 2437 1991 2502 luce,

407 2556 528 2610 qua:
561 2546 748 2594 contra
777 2536 1014 2604 regulam
1053 2533 1378 2604 penultimas
1409 2530 1623 2586 vocales
1669 2530 1992 2598 producunt,

405 2633 640 2698 teolides,
687 2630 950 2704 demadoes,
993 2628 1249 2692 codrides,
1284 2625 1611 2694 licoorgides,
1658 2622 1875 2691 lagides,
1912 2621 1994 2674 be-

405 2724 554 2784 lides,
598 2723 846 2786 everides,
881 2719 1211 2774 licomedides
1238 2733 1255 2770 :
1287 2720 1403 2772 haec
1436 2717 1574 2786 apud
1609 2714 1828 2770 Grascos
1867 2728 1996 2768 con-

408 2825 490 2870 tra
541 2813 779 2884 regulam
823 2811 1176 2882 penultimam
1220 2809 1590 2877 diphthongon
1640 2805 1857 2868 habent,
1897 2817 1994 2872 pro

405 2924 509 2976 qua
544 2907 686 2961 nosi
715 2906 926 2973 longam
971 2902 1239 2973 ponimus.
1289 2900 1346 2954 In
1384 2901 1426 2952 is
1453 2897 1851 2954 denomii.._tiva
1882 2895 1995 2950 sive

407 2998 646 3052 verbalia
701 2995 897 3050 multas
947 3002 1002 3047 et
1052 2993 1295 3046 diversas
1345 2989 1548 3044 habent
1593 2986 1848 3041 formas:
1889 2983 1993 3039 alia

405 3093 547 3145 extim
578 3091 632 3143 in
663 3089 785 3154 alis,
816 3089 919 3140 alia
955 3088 1009 3139 in
1035 3085 1151 3147 elis,
1188 3084 1292 3135 alia
1331 3083 1382 3134 in
1419 3081 1525 3143 ilis,
1555 3079 1679 3143 alis,
1709 3077 1990 3142 ﬁniuntur,

409 3193 466 3236 ut
493 3180 732 3244 curialis,
760 3179 951 3248 ﬁdelis,
999 3175 1205 3239 docilis,
1235 3173 1420 3238 virilis,
1468 3170 1698 3234 curulis;
1731 3168 1836 3222 alia
1865 3181 1993 3221 vero

2105 625 2257 677 puer,
2295 607 2545 677 puerilis;
2575 610 2675 672 vir,
2707 611 2904 674 virilis;
2951 626 3160 678 scurra,
3205 617 3477 683 scurrilis;
3525 619 3684 686 civis,

2102 699 2304 762 civilis;
2349 713 2558 763 servus,
2595 700 2829 764 servilis;
2861 701 3099 770 quintus,
3152 705 3426 772 quintilis;
3473 715 3682 776 sextus,

2101 789 2334 854 sextilis;
2361 805 2510 858 gens,
2538 790 2778 859 gentilis;
2822 793 3012 857 hostis,
3058 794 3298 858 hostilis;
3329 799 3526 863 subtel,
3555 801 3683 853 sub-

2100 879 2240 934 tilis:
2263 881 2532 948 excipitur
2555 896 2672 950 par,
2695 882 2896 950 parilis.
2940 883 3109 939 Exilis
3141 885 3306 939 etiam
3329 903 3350 926 υ
3381 903 3680 958 agrem.....

2099 967 2338 1034 factum,
2385 970 2906 1026 denominativorum
2951 976 3184 1029 servabit
3241 979 3502 1048 regulam.
3545 982 3683 1037 Nam

2100 1059 2154 1112 in
2198 1057 2284 1112 ilis
2330 1057 2628 1114 desinentia
2675 1062 2912 1116 verbalia
2960 1065 3072 1118 sive
3119 1067 3474 1138 participialia
3509 1073 3680 1127 corri—

2098 1149 2252 1218 piunt
2283 1151 2528 1205 eamdem
2575 1151 2595 1203 i
2640 1152 2994 1220 penultimam
3032 1173 3045 1208 :
3089 1157 3222 1222 fero,
3275 1159 3496 1226 fertilis;
3537 1171 3678 1225 utor,

2097 1235 2275 1302 utilis;
2305 1235 2496 1302 futtuo,
2529 1239 2753 1306 futtilis;
2781 1241 2921 1306 volo,
2947 1242 3204 1311 volatilis;
3231 1253 3429 1310 textus,
3455 1250 3683 1315 textilis;

2099 1326 2236 1380 altus
2264 1326 2348 1380 vel
2374 1327 2555 1392 alitus,
2585 1329 2782 1394 altilis;
2823 1330 2999 1397 ﬁctus,
3029 1333 3227 1401 ﬁctilis.
3267 1335 3356 1391 Sic
3383 1347 3438 1392 et
3481 1340 3534 1392 in
3566 1339 3682 1393 bilis

2097 1418 2402 1473 desinentia
2437 1421 2619 1475 omnia
2651 1422 3002 1490 penultimam
3031 1425 3048 1476 i
3072 1425 3392 1496 corripiunt,
3419 1439 3475 1484 et
3503 1435 3546 1484 si
3574 1431 3684 1484 sint

2098 1525 2128 1562 a
2155 1510 2330 1564 verbis
2361 1509 2549 1580 primae
2578 1497 2993 1582 coniugationis,
3020 1532 3052 1567 a
3087 1515 3300 1584 longam
3343 1517 3544 1574 habent
3579 1536 3680 1572 an-

2099 1602 2524 1669 tepenultimam,
2551 1612 2608 1656 ut
2639 1620 2782 1670 amo,
2811 1621 2982 1673 amas,
3011 1608 3286 1674 amabilis;
3319 1621 3558 1679 penetro,
3593 1629 3686 1681 pe-

2097 1701 2300 1756 netras,
2347 1694 2716 1764 penetrabilis;
2753 1713 2907 1765 paro,
2944 1715 3124 1767 paras,
3171 1703 3457 1770 parabilis;
3493 1707 3682 1770 miror,

2097 1782 2331 1850 miraris,
2361 1785 2651 1851 mirabilis;
2679 1799 2906 1858 excepto
2931 1791 3158 1848 stabilis.
3185 1795 3434 1852 Lucanus
3457 1798 3513 1852 in
3539 1814 3606 1851 v:

2228 1897 2380 1952 Quam
2407 1909 2501 1943 non
2525 1909 2556 1946 e
2577 1898 2742 1948 stabili
2770 1899 2978 1950 tremulo
3000 1901 3090 1950 sed
3117 1903 3333 1953 culmine
3358 1915 3532 1956 cuncta

2228 1957 2535 2018 Despiceret.
3489 1963 3492 1965 λ

2099 2065 2230 2132 Qua:
2257 2083 2386 2123 vero
2425 2084 2456 2123 a
2503 2070 2681 2126 verbis
2713 2073 2964 2146 secundae
2993 2075 3079 2130 vel
3125 2077 3316 2142 tertiae,
3359 2078 3446 2133 vel
3475 2089 3686 2148 quartze

2099 2159 2493 2230 conjugationis
2521 2173 2838 2228 nascuntur,
2869 2165 2912 2218 si
2943 2166 3420 2234 antepenultimam
3449 2169 3688 2224 habeant

2096 2251 2134 2315 i,
2154 2265 2272 2304 eam
2295 2267 2508 2320 quoque
2526 2253 2855 2322 corripiunt:
2875 2254 3067 2315 doceo,
3089 2257 3356 2322 docibilis;
3373 2260 3556 2324 credo,
3573 2277 3690 2314 cre-

2097 2339 2305 2404 dibilis;
2333 2349 2472 2406 utor,
2505 2342 2673 2405 utilis,
2699 2343 2930 2408 utibilis;
2960 2345 3160 2410 sensio,
3191 2349 3359 2412 sensi,
3389 2351 3686 2416 sensibilis;

2097 2429 2279 2493 audio,
2323 2431 2592 2485 audibilis.
2633 2431 2920 2486 Sciendum
2969 2445 3145 2490 tamen
3187 2438 3328 2505 quod
3365 2443 3608 2508 quaedam
3653 2459 3687 2496 a

2097 2519 2371 2586 praesenti,
2401 2521 2647 2588 quaedam
2694 2538 2758 2576 ex
2809 2527 3098 2591 prseterito,
3128 2529 3374 2595 quaedam
3405 2543 3470 2584 ex
3501 2530 3688 2586 futuro

2097 2605 2440 2670 derivantur;
2469 2623 2534 2662 ex
2565 2611 2835 2679 praesenti,
2861 2621 2920 2665 ut
2944 2613 3130 2679 doceo,
3156 2615 3428 2682 docibilis;
3451 2635 3514 2672 ex
3543 2635 3686 2688 pne-

2099 2696 2280 2762 terito,
2309 2705 2367 2750 ut
2396 2697 2587 2766 plausi,
2613 2699 2937 2769 plausibilis;
2969 2719 3035 2758 ex
3069 2705 3264 2768 futuro,
3303 2717 3364 2760 ut
3403 2707 3560 2774 flebo,
3591 2713 3690 2779 fle-

2097 2787 2234 2852 bilis,
2274 2789 2413 2843 unde
2442 2806 2469 2842 e
2510 2791 2826 2858 productam
2860 2803 2984 2848 ante
3015 2797 3042 2848 b
3071 2795 3276 2852 habuit.
3307 2800 3364 2852 In
3401 2803 3510 2854 aris
3545 2803 3688 2857 desi-

2097 2879 2280 2933 nentia
2309 2881 2624 2936 derivantur
2649 2898 2678 2936 a
2709 2885 3036 2949 nominibus,
3069 2887 3254 2942 ultima
3281 2900 3436 2959 parte
3460 2895 3684 2962 genitivi

2097 2969 2154 3023 in
2179 2985 2212 3019 a
2239 2969 2451 3038 longam
2477 2985 2758 3036 conversa,
2787 2983 2840 3026 et
2868 2984 3084 3030 sumunt
3107 2978 3198 3042 ris,
3227 2988 3286 3032 ut
3313 2982 3563 3050 populus,
3591 3001 3688 3052 po-

2095 3061 2226 3130 puli,
2255 3059 2558 3130 popularis;
2591 3062 2856 3132 singulas,
2884 3056 3096 3136 singuli,
3121 3053 3442 3140 singularis;
3471 3074 3682 3141 Apollo,

2096 3150 2379 3218 Apollinis,
2407 3149 2764 3220 Apollinaris;
2789 3155 2989 3219 schola,
3018 3158 3234 3223 scholae,
3270 3161 3524 3217 scholaris
3541 3183 3560 3228 ;
3591 3181 3686 3234 pe-

407 3273 458 3326 in
492 3271 585 3338 ris,
614 3288 645 3324 a
673 3236 828 3340 longa
857 3267 1224 3331 antecedente,
1251 3273 1308 3317 ut
1337 3262 1678 3332 Apollinaris,
1702 3258 1988 3322 scliolaris;

2095 3244 2316 3306 culium,
2332 3242 2550 3313 peculii,
2565 3246 2868 3313 peculiaris;
2882 3247 3016 3302 mola
3031 3251 3200 3314 molae,
3218 3253 3434 3308 molaris
3451 3273 3468 3318 ;
3485 3258 3680 3322 velum,

406 3363 510 3418 alia
544 3363 599 3415 in
643 3362 804 3424 ensis,
847 3367 906 3413 ut
933 3357 1294 3420 Atheniensis;
1325 3355 1428 3408 alia
1469 3354 1602 3406 duas
1631 3357 1990 3406 consonantes

407 3454 611 3507 habent
635 3460 760 3505 ante
803 3451 865 3513 is,
899 3459 958 3503 ut
1003 3447 1240 3517 agrestis,
1273 3443 1560 3505 muliebris,
1593 3439 1826 3504 Samnis,
1856 3438 1988 3491 insi-

406 3543 540 3614 gnis.
581 3543 722 3614 Ergo
751 3544 802 3596 in
833 3541 931 3594 alis
959 3539 1256 3594 desinentia
1287 3537 1370 3591 vel
1401 3535 1504 3600 ale,
1535 3534 1580 3589 si
1616 3533 1723 3588 sint
1758 3548 1788 3585 a
1819 3530 1992 3585 nomi-

407 3637 566 3690 nibus
627 3635 816 3704 primm
872 3629 1277 3695 declinationis,
1327 3635 1610 3684 assumunt
1660 3623 1991 3680 nominativo

406 3725 800 3795 primitivorum
835 3722 898 3776 lis
929 3721 1015 3776 vel
1041 3719 1107 3784 le,
1135 3727 1190 3774 et
1221 3717 1522 3786 producunt
1556 3733 1588 3770 a
1617 3714 1986 3785 penultimam,

379 3827 467 3888 put
513 3817 697 3880 curia,
745 3813 994 3876 curialis;
1039 3811 1330 3872 memoria,
1383 3805 1734 3870 memorialis;
1783 3817 1988 3868 mensa,

408 3906 664 3970 mensale;
695 3906 804 3968 via,
839 3902 1030 3958 vialis:
1063 3903 1145 3956 sin
1173 3901 1438 3963 secundae,
1469 3907 1768 3952 extremam
1802 3897 1818 3949 i
1845 3895 1993 3964 geni-

411 3999 537 4062 tivi;
567 3997 648 4052 sin
679 3995 872 4060 tertiae,
901 3994 945 4048 is
975 4000 1186 4047 mutant
1217 3992 1270 4044 in
1300 4003 1330 4044 ‘a
1362 3990 1596 4058 longam,
1626 3998 1681 4042 et
1710 3993 1992 4042 assumunt

409 4087 497 4152 lis,
529 4095 589 4141 ut
621 4085 862 4146 Martius,
891 4083 1087 4146 Martii,
1121 4079 1413 4145 martialis;
1449 4078 1657 4140 ﬂuvius,
1691 4077 1858 4140 ﬂuvii,
1891 4078 1993 4146 ﬂu-

409 4179 589 4242 vialis;
639 4177 804 4240 liber,
847 4175 1036 4238 liberi,
1085 4171 1353 4234 liberalis;
1407 4172 1710 4231 theatrum,
1761 4168 1991 4233 theatri,

412 4267 714 4330 theatralis;
755 4273 933 4335 caput,
967 4262 1182 4333 capitis,
1223 4259 1494 4330 capitalis;
1535 4259 1707 4328 virgo,
1745 4259 1992 4327 virginis,

411 4357 714 4428 virginalis;
747 4355 1004 4418 cardinis,
1034 4351 1352 4416 cardinalis;
1399 4351 1646 4420 hospitis,
1687 4349 1993 4414 hospitalis;

413 4452 585 4514 navis,
613 4449 852 4512 navalis;
879 4447 1041 4510 dotis,
1069 4443 1287 4508 dotalis;
1311 4441 1495 4508 ‘ﬁoris,
1528 4441 1766 4511 ﬂoralis;
1804 4455 1996 4508 corpo-

415 4541 511 4606 ris,
540 4537 859 4606 corporalis;
893 4537 1113 4600 cazlibis,
1156 4534 1432 4598 cwlibalis;
1453 4533 1683 4602 juvenis,
1707 4533 1989 4603 juvenalis,

411 4631 496 4685 vel
533 4629 814 4700 juvenilis;
856 4629 1129 4698 princeps,
1177 4626 1454 4696 principis,
1495 4625 1830 4695 principalis;
1865 4641 1990 4692 vox,

413 4721 579 4784 vocis,
609 4720 841 4774 vocalis:
881 4719 926 4774 si
963 4735 995 4772 a
1021 4727 1229 4787 quartae
1270 4715 1644 4771 declinationis
1687 4715 1992 4771 nominibus

412 4809 743 4868 deriventur,
771 4808 978 4877 abiecta
1001 4823 1024 4860 s
1037 4824 1055 4871 ;
1089 4806 1135 4860 si
1165 4821 1195 4858 a
1221 4805 1441 4874 quinae,
1465 4821 1517 4857 es
1547 4818 1614 4856 ex
1641 4803 1990 4868 nominativo,

412 4909 466 4953 et
511 4905 794 4953 assumunt
821 4897 944 4961 alis,
971 4905 1031 4950 ut
1059 4911 1270 4960 manus,
1303 4893 1602 4958 manualis;
1632 4907 1845 4958 census,
1876 4910 1992 4946 cen-

412 4989 606 5053 sualis;
653 4989 885 5058 species,
930 4987 1188 5056 specialis.
1223 4985 1470 5041 Verbalia
1497 5001 1710 5056 quoque
1756 5001 1786 5038 a
1820 4986 1992 5054 prima

413 5079 789 5149 conjugatione
835 5080 1182 5134 inveniuntur
1210 5080 1265 5132 in
1301 5078 1424 5143 alis,
1461 5086 1522 5132 ut
1561 5079 1806 5144 penetro,
1837 5091 1992 5146 pene-

411 5171 580 5224 tralis.
609 5170 662 5223 In
685 5171 778 5224 elis
801 5187 970 5239 pauca
999 5171 1210 5224 invenio
1229 5169 1628 5224 denominativa
1653 5187 1664 5220 :
1697 5166 1854 5230 ﬁdus,
1879 5167 1980 5223 ﬁdi.

411 5259 622 5326 fidelis;
655 5258 871 5320 crudus,
905 5259 1074 5322 crudi,
1109 5257 1371 5322 crudelis;
1403 5265 1643 5326 patruus,
1675 5257 1869 5326 patrui,
1889 5267 1981 5316 μα-

413 5347 626 5410 truelis;
653 5347 839 5410 frater,
869 5345 1074 5410 fratris,
1121 5347 1408 5414 fratruelis.
1442 5347 1508 5400 Et
1535 5355 1660 5401 nota
1704 5348 1842 5414 quod
1869 5354 1982 5392 0m-

412 5439 500 5491 nia
530 5446 826 5491 extremam
857 5437 1114 5507 syllabam
1144 5437 1364 5506 genitivi
1395 5437 1447 5490 in
1477 5453 1504 5490 e
1533 5437 1835 5506 productam
1863 5443 1980 5480 mll-

415 5527 582 5580 tantia
618 5535 1026 5596 assumpserunt
1059 5525 1164 5579 lis:
1200 5525 1368 5580 frater
1410 5513 1540 5580 vero
1568 5526 1759 5583 fratris,
1787 5519 1830 5572 i8
1859 5519 1912 5572 in
1947 5535 1980 5571 ιι

414 5631 700 5680 conversa,
737 5619 1027 5686 assumpsit
1060 5617 1170 5672 clis.
1201 5617 1394 5673 Omnia
1420 5617 1474 5672 in
1505 5617 1588 5671 ilis
1617 5625 1720 5688 (Ῑιὶῐὲ
1747 5625 1776 5662 ίὶ
1813 5609 1980 5662 1η.)ιηὶ-

417 5707 574 5762 nibus
618 5707 948 5772 derivantur,
991 5723 1092 5762 nec
1135 5724 1240 5762 non
1273 5709 1326 5761 in
1357 5708 1424 5762 ile
1471 5714 1680 5766 neutra.
1719 5700 1978 5768 ἱιθηὲίιῐῐι

490 5831 516 5859 ι
547 5817 722 5874 Locus
749 5827 1032 5886 corruptus
1060 5829 1114 5873 et
1142 5819 1296 5874 simul
1323 5834 1554 5874 mancus.

2095 3335 2217 3398 veli,
2247 3335 2435 3402 velare,
2459 3347 2730 3393 neutrum.
2753 3339 2812 3392 lu
2835 3339 2967 3392 ensis
2993 3339 3317 3408 desinentia,
3339 3345 3388 3398 si
3411 3335 3519 3400 sint
3539 3363 3570 3401 a
3591 3363 3685 3402 no-

2095 3427 2329 3483 minibus
2347 3429 2538 3498 primte
2562 3431 2646 3485 vel
2671 3431 2916 3486 secundae
2943 3429 3334 3496 declinationis,
3361 3443 3570 3490 mutant
3588 3453 3686 3491 ex-

2095 3532 2325 3578 tremam
2349 3533 2562 3593 partem
2605 3525 2918 3580 nominativi
2946 3525 3235 3595 singularis
3267 3527 3348 3580 vel
3378 3529 3602 3598 pluralis
3625 3531 3682 3585 in

2095 3633 2180 3680 en,
2198 3625 2252 3670 et
2275 3625 2494 3670 sumunt
2517 3619 2610 3680 sis,
2633 3626 2694 3670 ut
2717 3635 2730 3670 :
2755 3617 2898 3672 circa
2919 3614 3127 3688 [ΕΜ-ιε,
3153 3615 3378 3687 circus],
3399 3621 3682 3686 circensis;

2098 3705 2367 3771 Sardinia,
2399 3707 2792 3772 Sardiniensis;
2821 3717 3077 3770 castrum,
3101 3707 3412 3772 castrensis;
3433 3711 3678 3776 Athenze,

2094 3797 2440 3864 Atheniensis,
2472 3798 2615 3866 quod
2643 3799 2660 3850 i
2687 3797 2874 3852 habuit
2900 3797 3180 3866 euphoniae
3205 3812 3390 3852 causa.
3421 3797 3515 3852 Sin
3545 3781 3678 3855 vero

2095 3891 2270 3946 tertite
2295 3901 2420 3945 sunt
2443 3891 2838 3956 declinationis,
2870 3889 3124 3958 abjiciunt
3149 3900 3450 3944 extremam
3477 3911 3502 3946 s
3533 3895 3684 3964 geni-

2095 3981 2210 4044 tivi,
2235 3987 2289 4036 et
2317 3989 2599 4036 assumunt
2627 3982 2788 4047 ensis,
2817 3989 2876 4036 ut
2897 3979 3136 4044 pistoris,
3167 3980 3526 4048 pistoriensis;
3549 3983 3681 4038 Car-

2095 4072 2351 4142 thaginis,
2377 4069 2819 4140 Carlltaginensis.
2847 4065 2976 4132 Quae
3003 4083 3133 4123 vero
3158 4070 3292 4126 duos
3320 4086 3682 4131 consonantes

2097 4161 2298 4216 habent
2319 4170 2450 4240 ante
2475 4164 2543 4224 is,
2571 4162 2653 4214 vel
2679 4177 2708 4236 ιι
2739 4158 3072 4213 nominativo
3099 4161 3233 4214 ﬁunt
3257 4164 3676 4234 primitivorum,

2096 4252 2306 4320 ahjecta
2339 4253 2455 4322 ejus
2504 4261 2739 4306 enrcma
2783 4249 2995 4315 littera,
3035 4260 3412 4322 et-assumpta
3456 4256 3586 4320 bris,
3621 4265 3684 4311 ut

2097 4344 2272 4409 salus,
2324 4337 2580 4400 saluti-is;
2629 4337 2842 4404 nullier,
2884 4341 3185 4406 muliebris;
3219 4345 3301 4397 vel
3341 4361 3370 4397 a
3417 4349 3684 4416 genitivo,

2097 4447 2302 4491 mutata
2327 4436 2437 4498 ejus
2463 4437 2706 4483 extrema
2735 4441 2888 4500 parte
2917 4433 2972 4487 in
3007 4453 3054 4498 e,
3083 4443 3138 4488 et
3167 4447 3438 4506 assumpta
3469 4441 3562 4493 stis
3595 4441 3679 4494 vel

2097 4529 2238 4581 stris.
2263 4529 2323 4575 ut
2349 4535 2496 4589 ager,
2533 4522 2667 4590 agri,
2703 4524 2956 4591 agrestis;
2985 4533 3148 4590 terra,
3183 4535 3363 4592 terrae,
3395 4533 3674 4585 terrestris.

2097 4621 2154 4674 In
2185 4619 2249 4672 tis
2291 4625 2500 4680 quoque
2545 4613 2862 4680 desinentia,
2905 4614 2990 4668 vel
3029 4625 3240 4680 natura,
3272 4616 3356 4670 vel
3403 4619 3678 4685 positione

2097 4713 2297 4779 longasi
2325 4701 2526 4755 habent
2556 4702 2927 4770 penultimam,
2954 4711 3014 4756 ut
3041 4703 3292 4759 Samnitis
3313 4705 3674 4776 pro.Samnis,

2097 4803 2226 4858 sic".
2257 4791 2462 4846 tiburtis
2487 4807 2584 4861 pro
2615 4793 2798 4857 tibnrs,
2833 4803 2888 4848 et
2919 4797 3099 4848 caretis
3129 4796 3212 4850 vel
3240 4798 3414 4852 seritis
3445 4813 3545 4868 pro
3579 4799 3674 4855 Ce—

2097 4903 2189 4950 νεις,
2237 4884 2378 4952 quod
2411 4891 2520 4936 tam
2555 4883 2779 4952 corripit
2809 4899 2970 4952 quam
3013 4887 3260 4956 producit
3291 4889 3668 4957 penultimam.

2085 4983 2142 5028 in
2181 4991 2242 5028 us
2283 4974 2447 5044 igitur
2485 4975 2890 5029 terminantium
2944 4977 3167 5030 diversae
3211 4987 3336 5032 sunt
3381 4977 3572 5035 formae
3619 4993 3673 5037 et

2085 5068 2220 5122 varii
2249 5067 2573 5133 intellectus,
2606 5069 2738 5137 quia
2758 5069 2812 5121 in
2839 5068 2940 5123 hac
2978 5069 3357 5124 terminatione
3385 5071 3672 5128 inveniun-

2089 5167 2174 5212 tur
2208 5159 2530 5228 possessiva,
2571 5173 2636 5212 ac
2683 5159 3033 5228 superlativa,
3079 5159 3420 5226 diminutiva,
3449 5163 3666 5216 deriva-

2086 5253 2212 5316 tiva,
2243 5251 2641 5306 denominativa
2669 5265 2881 5320 quoque
2909 5260 2964 5305 et
2993 5231 3250 5316 verbalia,
3279 5267 3510 5320 quorum
3549 5271 3670 5323 spe-

2083 5341 2193 5396 cies
2239 5340 2548 5410 singillatim
2574 5340 2931 5394 edisserendas
2975 5341 3130 5395 nobis
3170 5350 3310 5395 sunt.
3353 5340 3666 5398 Possessiva

2091 5447 2318 5500 namque
2367 5431 2594 5486 dicimus
2637 5447 2746 5485 non
2793 5430 2961 5484 solum
3011 5431 3407 5500 possessionem
3457 5433 3666 5502 signiti-

2089 5523 2284 5588 cantia,
2308 5523 2400 5576 sed
2421 5521 2582 5576 etiam
2606 5537 2724 5590 qua:
2745 5520 2974 5575 formam
2997 5520 3195 5576 habent
3213 5520 3666 5588 possessivorum.

2091 5613 2226 5668 Sunt
2257 5607 2402 5666 enim
2431 5613 2674 5680 quazdam
2707 5611 2928 5681 gentilia
2957 5610 3184 5666 similem
3213 5610 3536 5678 possessivis
3561 5613 3640 5668 ba
3665 5645 3670 5649 -

2089 5706 2266 5760 bentia
2297 5704 2544 5760 formam.
2575 5713 2632 5760 ut
2665 5703 2930 5759 Romanus
2959 5704 3080 5758 civis
3114 5701 3198 5758 vel
3227 5717 3386 5773 ager;
3413 5703 3672 5772 quaedam
