3918 6322
143 407 244 456 655

965 387 1344 443 EXCERPTIO
1383 387 1469 440 DE
1509 383 1693 438 ARTE
1730 383 2184 440 GRAMMATICA
2219 384 2575 442 PRISCIANI.

3292 395 3396 452 654

154 515 329 558 autem
361 506 583 573 propria
617 513 669 558 et
698 505 934 575 gentilia,
963 513 1123 570 atque
1171 503 1493 570 possessiva,
1525 509 1583 554 ut
1624 499 1725 552 La-
1752 508 1802 566 Α
1828 516 2041 571 quoque
2074 501 2275 558 formas
2301 490 2497 559 multas
2527 506 2727 560 habent
2750 510 2879 563 etin
2903 517 3075 564 tribus
3096 515 3398 584 generibus,

154 596 291 647 tinus
315 595 460 662 ﬁlius
490 593 689 658 Fauni,
715 604 768 649 et
803 594 1018 647 Latinus
1043 594 1186 656 civis,
1214 593 1297 647 vel
1334 610 1474 663 ager.
1502 592 1618 647 Alia
1649 601 1728 644 ta-

158 699 274 736 men
308 684 470 736 modo
499 683 730 751 propria,
758 692 854 735 ut:
883 682 1258 746 Quintilianus,
1297 681 1543 734 Julianus
1562 698 1580 744 ;
1623 680 1728 733 alia

155 773 270 826 loco
301 773 791 843 patronymicorum
835 773 1036 842 posita,
1064 781 1126 826 ut
1159 770 1475 826 Octavianus
1521 768 1724 835 Ctesar,

155 863 483 918 ίΕηιὶιὶιιηιιε
518 864 727 934 Scipio;
772 864 876 918 alia
921 873 1044 918 sunt
1073 864 1377 932 agnomina,
1421 871 1481 916 ut
1519 863 1728 932 Africa-

155 970 271 1016 nus,
305 953 586 1020 Persicus;
613 955 714 1008 alia
745 955 982 1010 derivata
1013 971 1042 1008 a
1073 955 1320 1017 materia,
1352 962 1410 1007 ut
1439 954 1662 1022 ferreus,
1695 969 1727 1008 a

153 1042 298 1097 ferro
332 1043 526 1108 factus,
569 1060 781 1108 aureus,
812 1052 1104 1114 argenteus,
1142 1059 1500 1107 marmoreus;
1533 1040 1727 1097 alia'ex

153 1135 376 1197 morbis,
409 1145 466 1188 ut
497 1134 804 1200 cardiacus;
832 1134 934 1188 alia
977 1150 1007 1188 a
1047 1134 1486 1203 professionibus,
1521 1142 1579 1187 ut
1617 1151 1726 1188 me-

151 1225 424 1289 chanicus,
464 1225 862 1294 grammaticus;
903 1225 1008 1278 alia
1033 1239 1063 1277 a
1091 1224 1408 1294 disciplinis,
1439 1233 1495 1278 ιιι
1523 1224 1724 1278 Aristo-

149 1313 355 1378 (cliens,
389 1314 717 1380 rhetoricus;
753 1315 853 1369 alia
885 1315 1083 1370 similia
1115 1315 1424 1385 primitivis,
1458 1324 1516 1368 ιιι
1558 1314 1724 1368 Thra-

149 1406 261 1457 cius
301 1421 402 1475 pro
435 1405 627 1460 Thrax.
674 1406 810 1461 Sunt
855 1409 1017 1478 igitur
1065 1407 1250 1463 forma:
1297 1409 1727 1477 possessivorum

148 1509 283 1560 quas
312 1510 344 1547 a
381 1493 583 1550 Grtecis
611 1497 936 1566 accepimus,
964 1498 1046 1552 hae
1073 1515 1084 1550 :
1119 1498 1173 1550 in
1205 1513 1310 1562 cos,
1342 1513 1502 1567 quam
1546 1505 1723 1551 muta-

148 1583 326 1636 vimus
367 1585 421 1637 in
450 1602 562 1649 cus,
589 1585 1030 1641 antecedentibus
1061 1605 1093 1640 a
1121 1586 1271 1640 brevi
1302 1587 1384 1641 vel
1421 1588 1436 1638 i
1473 1585 1554 1641 vel
1587 1605 1638 1656 ῃ,
1667 1595 1726 1639 ιιι

149 1673 465 1741 Hebraicus,
505 1675 809 1747 Cypriacus,
841 1677 1080 1742 Italicus,
1119 1679 1513 1748 grammaticus,
1558 1678 1726 1732 rheto-

147 1767 311 1830 ricus,
341 1761 584 1835 Libycus,
619 1768 762 1838 quod
806 1768 974 1822 solum
1007 1786 1038 1838 y
1067 1778 1191 1822 ante
1225 1785 1316 1822 cus
1347 1769 1526 1824 habet.
1575 1769 1632 1822 ln
1664 1785 1722 1822 us

1829 590 2064 644 ut'culus
2090 591 2208 644 cula
2253 593 2459 660 culum,
2490 594 2611 650 ulus
2646 596 2734 650 ula
2781 597 2948 664 ulum,
2979 600 3093 654 olus
3122 602 3207 655 ola
3236 603 3398 667 olunt,

1827 678 2119 748 penultima
2165 694 2378 749 semper
2401 683 2574 749 brevi,
2621 692 2680 738 ut
2707 685 2984 754 igniculus,
3015 688 3248 754 anicula,
3281 707 3400 743 coro

1825 769 2139 838 pusculum,
2188 772 2440 839 tantulus,
2493 774 2709 840 silvula,
2747 776 3066 846 capitulum,
3119 779 3398 850 sergiolus,

1828 859 2055 924 unciola,
2083 858 2386 927 lauriolum,
2418 878 2517 918 nec
2539 880 2644 919 non
2677 875 2732 919 et
2758 869 3054 933 homuncio,
3081 878 3136 924 et
3163 871 3398 938 aculeus,

1827 946 2019 1002 breves
2060 957 2186 1003 sunt
2234 949 2557 1019 penultima;
2607 953 2809 1025 reliqua
2855 970 2982 1011 vero
3013 964 3106 1011 aut
3136 959 3403 1027 positione

1831 1044 2037 1099 tantum
2079 1038 2471 1107 producuntur,
2510 1052 2567 1096 ut
2610 1044 2827 1113 agellus,
2858 1047 3077 1116 capella,
3124 1049 3400 1117 novellum,

1826 1128 2072 1197 pugillus,
2121 1131 2375 1200 anguilla,
2409 1143 2501 1188 aut
2534 1143 2722 1190 natura
2745 1137 2913 1190 simul
2939 1147 2992 1193 et
3028 1141 3313 1209 positione,
3345 1151 3402 1196 ut
3486 1190 3490 1193 .

1825 1217 2092 1286 pauxillus
2137 1221 2373 1292 pauxilla
2421 1224 2736 1293 pauxillum,
2784 1225 2922 1281 ullus
2968 1227 3078 1282 ulla
3110 1231 3292 1284 ullum.
3324 1234 3399 1286 De

1827 1311 2261 1378 antepenultimis
2284 1329 2494 1384 quoque
2530 1316 2721 1370 horum
2763 1318 2894 1372 satis
2935 1318 3007 1374 sit
3053 1320 3178 1375 huic
3220 1323 3401 1376 brevi-

1827 1401 1959 1465 tati,
2004 1403 2143 1470 quod
2197 1419 2356 1474 supra
2402 1406 2653 1461 diximus.
2705 1407 3234 1466 Denominativorum
3270 1428 3398 1483 ergo

1825 1503 1989 1562 atque
2023 1495 2316 1550 verbalium
2369 1499 2748 1553 terminatione
2789 1500 3014 1556 diversae
3058 1492 3400 1572 reperiuntur

1823 1581 2031 1650 formtn,
2059 1584 2112 1638 in
2141 1585 2247 1650 ius,
2272 1586 2325 1640 in
2355 1603 2452 1641 uus
2474 1588 2692 1653 divisas,
2720 1588 2775 1642 in
2803 1591 2917 1654 bus,
2941 1589 2996 1644 in
3021 1607 3131 1654 cus,
3161 1594 3213 1646 iu
3239 1612 3395 1664 quus,

1824 1671 2085 1738 indus,in
2108 1673 2210 1739 lus,
2238 1675 2293 1730 in
2321 1693 2434 1742 rus,
2459 1679 2514 1732 in
2533 1679 2716 1742 sus,in
2735 1689 2834 1743 tus,
2869 1681 2921 1735 in
2945 1690 3079 1735 stus.
3104 1680 3160 1734 In
3188 1683 3268 1736 ius
3295 1691 3403 1738 ter-

1825 1763 2115 1830 minantia,
2163 1773 2223 1819 ut
2270 1770 2505 1832 nuntius,
2558 1766 2830 1838 Virgilius,
2888 1769 3106 1837 Silvius,
3157 1774 3390 1839 saucius,

145 1871 364 1926 quoque
387 1873 577 1928 puram
597 1860 846 1914 desinunt
867 1861 1190 1929 possessiva,
1214 1869 1326 1914 tam
1349 1860 1533 1916 Graeca
1557 1876 1719 1931 quam
1750 1854 1796 1912 Β
1823 1855 1982 1918 scius,
2015 1857 2232 1920 nescius,
2264 1855 2562 1924 Fabricius,
2580 1860 2766 1913 omnia
2791 1861 2808 1912 i
2849 1860 3197 1930 penultimam
3225 1864 3402 1918 coni--

143 1943 368 2012 Latina,
400 1949 746 2004 antecedente
787 1968 815 2004 e
854 1960 1102 2020 correpta
1144 1959 1197 2004 et
1242 1950 1531 2019 producta,
1583 1950 1666 2005 vel
1705 1951 1724 2003 i

143 2047 417 2106 correpta,
457 2040 570 2094 sive
600 2057 630 2093 ο
663 2041 941 2110 producta,
974 2051 1066 2095 aut
1092 2058 1136 2095 te
1171 2041 1255 2095 vel
1283 2059 1328 2095 ω
1367 2042 1724 2111 diphthongo,-

140 2143 168 2180 ε
197 2126 378 2192 brevi,
425 2137 484 2182 ut
527 2127 831 2196 Hectoreus,
861 2138 1178 2201 Agenoreus,
1216 2130 1506 2198 Ctesareus,
1536 2132 1726 2186 Romu-

141 2217 278 2282 leus,
307 2236 520 2286 aureus,
549 2231 840 2290 argenteus,
871 2222 1086 2291 ferreus,
1119 2222 1344 2292 ligneus,
1376 2239 1718 2288 marmoreus,

141 2319 197 2363 et
234 2309 348 2364 fere
387 2311 568 2364 omnia
613 2312 678 2364 ad
714 2313 994 2366 materiam
1042 2313 1396 2381 pertinentia,
1437 2329 1465 2366 e
1502 2314 1721 2368 brevem

141 2409 270 2454 ante
299 2418 360 2454 us
396 2401 611 2456 habent.
644 2403 990 2458 lnveniuntur
1016 2413 1193 2457 tamen
1229 2419 1400 2472 pauca
1435 2404 1551 2458 sine
1588 2420 1634 2466 e,
1667 2411 1726 2456 ut

139 2513 398 2563 quernas,
421 2496 719 2563 .colurnus,
757 2499 1038 2568 abiegnus;
1068 2515 1094 2551 e
1123 2512 1252 2552 vero
1296 2497 1539 2566 longam,
1569 2512 1724 2566 spon-

140 2590 295 2654 deus,
326 2591 568 2657 phebeus,
599 2600 652 2646 et
681 2593 892 2661 quando
917 2607 1014 2660 pro
1043 2591 1374 2661 diphthongo
1403 2591 1637 2659 ponitur,
1666 2597 1724 2642 ut

143 2679 414 2735 Achilleus
455 2696 551 2750 pro
587 2681 886 2750 Achilleios,
925 2681 1149 2751 Alpheus
1185 2697 1283 2749 pro
1324 2681 1585 2749 Alpheias,
1618 2679 1723 2748 Py-

142 2776 424 2842 thagoreus
453 2789 550 2842 pro
577 2772 968 2844 Pythagoreios,
1000 2789 1162 2842 quam
1187 2781 1365 2826 tamen
1390 2771 1643 2842 Virgilius
1669 2771 1722 2824 in

142 2865 370 2918 nomine
399 2864 653 2933 'liphoeus
678 2865 902 2934 corripit
929 2866 982 2918 in
1011 2882 1027 2919 ι
1055 2884 1069 2920 :

277 2962 412 3013 Nate.
430 2966 579 3025 patris
601 2968 771 3013 summi
793 3001 807 3025 ,
842 2965 924 3026 qui
949 2962 1045 3013 tela
1071 2963 1290 3024 'l‘iphoea
1312 2963 1525 3023 temnis;

141 3045 240 3099 sed
283 3044 482 3098 dicitur
509 3046 741 3114 tiphoeus
769 3051 824 3099 et
868 3047 1034 3114 tiphos
1071 3046 1156 3098 vel
1187 3045 1384 3112 tiphon.
1432 3043 1720 3111 Peregrina

141 3147 363 3203 quoque
391 3131 621 3187 maxime
649 3132 678 3187 ε
710 3134 907 3188 habent
935 3141 1059 3187 ante
1100 3150 1159 3186 us
1202 3133 1543 3202 productam,
1579 3130 1721 3184 ΡΙιίιο

1825 1944 2008 2014 piunt;
2039 1954 2095 1999 et
2117 1947 2163 2000 si
2192 1947 2436 2003 habenti
2467 1952 2965 2019 antepenultimam,
2995 1955 3238 2010 eamdem
3286 1972 3400 2012 cor-

1826 2033 2049 2101 ripiunt,
2082 2044 2141 2088 ut
2169 2037 2492 2103 tribunitius,
2518 2039 2838 2107 advectitius,
2869 2045 3141 2112 patricius.
3173 2045 3267 2100 Sin
3299 2063 3395 2102 au-

1825 2134 1953 2190 tem,
1985 2143 2018 2178 a
2045 2126 2367 2195 producunt,
2399 2138 2459 2182 ut
2498 2130 2830 2199 gallinacius,
2873 2133 3304 2189 membranacius.
3337 2136 3398 2192 lu

1823 2231 1921 2268 uus
1966 2215 2163 2272 divisas
2191 2219 2492 2274 desinentia
2523 2237 2556 2274 u
2589 2223 2936 2291 penultimam
2985 2226 3305 2294 corripiunt,
3337 2238 3396 2284 ut

1824 2323 2051 2371 annuus,
2100 2318 2342 2377 patruus,
2390 2310 2680 2380 ambiguus,
2723 2329 2935 2378 vacuus,
2977 2324 3291 2370 menstruus.
3336 2316 3396 2373 In

1823 2412 1955 2466 quus
1981 2411 2001 2450 :
2025 2396 2285 2466 obliquus,
2327 2400 2620 2468 peuultirna
2660 2410 2849 2455 natura
2884 2402 3060 2473 longa,
3091 2413 3147 2458 et
3193 2405 3398 2475 longin-

1824 2502 1979 2556 quus,
2008 2487 2292 2556 positione.
2318 2488 2374 2541 In
2411 2491 2622 2554 cus,vel
2648 2491 2762 2556 bus,
2795 2499 2852 2545 ut
2884 2509 3109 2562 parcus,-
3125 2495 3395 2562 superbus.

1824 2575 1954 2642 Qua:
1980 2577 2033 2630 in
2063 2577 2160 2630 dus
2205 2578 2476 2644 desinunt,
2509 2581 2593 2635 vel
2621 2582 2946 2648 penultimas
2988 2583 3400 2652 corripiunt,.ut

1824 2667 2084 2729 herbidus,
2116 2669 2375 2733 turbidus,
2406 2671 2611 2728 uvidus,
2648 2671 2879 2738 rabidus,
2911 2674 3143 2737 timidus,
3191 2677 3394 2741 aridus,

1825 2756 2116 2827 squalidus,
2145 2758 2401 2838 frigidus,-
2436 2761 2517 2814 vel
2555 2761 2817 2830 positione
2847 2763 3170 2831 producunt,
3217 2774 3276 2818 ιιι
3316 2781 3399 2818 er-

1827 2847 2110 2912 rabundus,
2157 2849 2517 2915 moribundus,
2563 2855 2843 2907 amandus.
2867 2853 2996 2919 Quae
3023 2855 3076 2908 in
3115 2854 3215 2920 lus,
3250 2855 3401 2909 simi-

1823 2942 1947 2996 liter
1989 2942 2341 3010 penultimam
2367 2944 2688 3012 corripiunt,
2725 2953 2783 2998 ut
2827 2944 3090 3010 credulus,
3127 2947 3403 3016 pendulus,

1824 3032 2052 3085 bibulus.
2103 3031 2162 3085 ιιι
2201 3049 2289 3086 rus
2331 3041 2511 3088 autem
2557 3033 2955 3089 denominativa
3003 3035 3114 3089 sive
3165 3036 3400 3090 verbalia

1825 3137 1996 3193 pauca
2025 3123 2366 3178 inveniuntur
2394 3141 2511 3194 qua:
2544 3125 2894 3194 penultimam
2932 3127 3269 3194 producunt:
3305 3128 3399 3180 ho-

145 3226 358 3286 risteus,
393 3221 695 3288 Matt/nens,
731 3223 1015 3285 Judwus,i
1047 3231 1225 3276 autem
1267 3222 1448 3285 brevi,
1485 3230 1545 3274 ut
1587 3188 1796 3273 mur-C
1831 3215 2238 3281 nor,honorus;
2264 3216 2415 3278 odor,
2454 3216 2680 3280 odorus;
2706 3217 2890 3279 decor,
2935 3217 3186 3280 decorus;
3217 3232 3404 3282 canor,

141 3312 276 3378 tius,
302 3312 680 3376 lteretlitarius;
706 3313 723 3365 i
751 3321 955 3366 tantum
991 3311 1206 3382 longam
1239 3311 1290 3365 in
1326 3311 1511 3380 paucis
1556 3310 1728 3364 nomi-

141 3402 314 3456 nibus
366 3401 663 3454 secundum
715 3399 931 3455 Graecos
999 3402 1301 3470 producunt
1352 3401 1615 3462 Romani,
1669 3406 1729 3452 ιιι

140 3492 324 3562 phtius
354 3492 496 3556 dius,
541 3491 685 3560 phtiu
728 3491 840 3556 dia,
870 3492 1048 3544 conius
1080 3491 1211 3555 cius,
1245 3491 1444 3560 argius,
1495 3489 1727 3558 langius,

142 3581 337 3651 lgcius,
373 3579 670 3650 Sperchius.
699 3580 1047 3635 Inveniuntur
1073 3590 1250 3634 autem
1283 3597 1314 3632 ιι
1341 3595 1437 3649 pro
1457 3579 1727 3650 digamma

142 3671 335 3726 functa
364 3672 382 3722 i
411 3670 756 3740 penultimam
788 3673 1105 3740 producere,
1136 3681 1192 3723 ut
1220 3672 1450 3740 argivus,
1481 3673 1728 3726 nomina-

142 3762 307 3824 tivus,
334 3760 606 3830 genitivus,
640 3761 993 3841 imperativus,
1023 3760 1276 3828 optativus
1307 3766 1360 3812 et
1389 3757 1722 3823 his-similia;

143 3868 176 3904 ο
212 3851 504 3920 producta,
533 3857 589 3902 ut
615 3849 820 3914 herous,
850 3867 1003 3914 eous;
1032 3867 1077 3902 ce
1111 3850 1496 3919 diphthongon,
1532 3858 1591 3903 ut
1619 3847 1723 3904 Sa-

145 3941 316 4003 ba’us,
345 3936 592 4000 Creticus,
624 3935 963 4003 Ptolontwus,
998 3937 1256 4002 Timwus;
1287 3955 1331 3992 ae
1360 3947 1418 3990 ιιι
1446 3939 1640 3991 ειιὺτεα.
1669 3939 1726 3992 ln

147 4046 248 4082 nus
271 4039 452 4082 autem
477 4028 792 4091 desinentia,
819 4029 861 4081 si
891 4047 921 4080 η
954 4029 1155 4082 habent
1184 4028 1535 4096 penultimam
1567 4027 1646 4081 vel
1677 4045 1722 4098 c,

145 4120 540 4189 producuntur,
575 4128 631 4171 ut
659 4117 944 4180 Romanus,
977 4117 1268 4187 Hispanus,
1294 4117 1560 4183 fontanas,
1585 4133 1730 4170 mon-

144 4221 340 4272 tanus;
375 4207 654 4260 Dardanus
695 4224 904 4277 quoque
957 4208 1234 4275 proprium
1279 4215 1362 4260 est
1408 4215 1460 4260 et
1491 4207 1724 4276 primiti-

145 4316 294 4362 vum,
337 4300 568 4367 ideoque
606 4316 637 4351 a
668 4309 971 4368 correptam
1003 4300 1194 4362 habet;
1230 4308 1486 4360 terrenus,
1514 4315 1725 4367 egenus,

145 4389 377 4453 alienus,
408 4406 623 4442 amenus
654 4403 672 4439 :
709 4391 724 4441 i
757 4399 880 4442 ante
922 4406 1016 4442 nus
1061 4389 1348 4459 aliquando
1392 4389 1724 4458 producitur,

147 4489 209 4532 ut
245 4479 563 4542 camerinus,
597 4479 820 4547 reginus,
868 4479 1212 4541 masculinus,
1254 4479 1474 4541 vicinus,
1519 4477 1725 4546 [culini-

145 4586 270 4633 mts,
299 4569 537 4636 follinus,
566 4571 819 4632 marinus,
848 4569 1102 4632 taurinus,
1134 4568 1409 4638 porcinus;
1439 4567 1726 4636 aliquando

147 4677 283 4715 vero
311 4659 618 4727 corripitur,
650 4660 703 4712 id
730 4669 812 4714 est
843 4661 896 4714 in
929 4661 1010 4714 his
1036 4676 1154 4727 qua:
1183 4661 1250 4712 ab
1278 4659 1557 4712 arboribus
1588 4658 1728 4711 deri-

145 4761 369 4815 vantur,
411 4759 469 4803 ut
497 4750 784 4819 oleaginus,
817 4752 1060 4821 faginus;
1093 4761 1146 4806 et
1183 4751 1236 4804 in
1269 4751 1352 4804 his
1381 4766 1501 4820 qua:
1541 4751 1608 4804 ab
1637 4751 1728 4802 ad-

145 4841 354 4895 verbiis
400 4849 692 4894 nascuntur
722 4841 1124 4908 temporalibus,
1157 4851 1214 4894 ut
1245 4860 1386 4905 eras,
1431 4843 1727 4895 crastinus:

151 4937 349 4996 horno,
395 4933 761 4995 ltornoctinus;
793 4932 902 4995 diu,
946 4931 1212 4996 diutinus;
1240 4951 1274 4985 ιι
1317 4948 1530 5001 quoque
1571 4932 1726 4999 longa

148 5030 283 5077 ante
309 5038 428 5085 nus,
460 5032 517 5073 ut
548 5023 818 5083 tribunus;
848 5020 950 5073 alia
985 5021 1302 5090 positionem
1333 5021 1532 5074 habent
1559 5029 1612 5074 et
1642 5021 1731 5073 de-

151 5114 426 5178 rivantur,
456 5121 514 5165 ut
541 5113 608 5166 ab
652 5113 787 5178 heri,
815 5113 1201 5175 ltestenttts,ab
1230 5119 1388 5165 tntate
1420 5121 1663 5175 trternus,
1697 5124 1727 5162 a

149 5206 244 5262 die
283 5203 525 5267 diurnus,
555 5215 585 5254 a
615 5216 824 5270 semper
853 5201 1209 5269 sempiternus.
1239 5200 1294 5253 lu
1335 5217 1447 5254 ntus
1479 5200 1730 5253 desinunt

151 5296 507 5367 superlativa,
531 5303 585 5348 et
609 5294 786 5346 omnia
819 5293 1165 5361 penultimam
1194 5294 1211 5344 i
1243 5293 1460 5345 brevem
1505 5292 1726 5356 habent,

155 5399 215 5444 ut
253 5389 488 5456 inﬁmus,
535 5389 776 5455 optimus,
809 5387 1153 5449 doctissimus,
1189 5385 1527 5450 humillimus,
1567 5386 1723 5440 mini-

156 5496 296 5540 mus,
327 5478 708 5540 celeberrimus,
762 5476 1043 5538 maximus;
1090 5477 1326 5544 exceptis
1379 5477 1562 5544 paucis
1605 5492 1724 5544 qua:

157 5570 368 5635 longam
405 5575 532 5618 ante
580 5582 692 5618 mus
740 5563 940 5618 habent
967 5572 1022 5616 et
1062 5566 1128 5617 ab
1159 5565 1410 5619 adverbio
1439 5565 1551 5618 sive
1583 5581 1724 5634 prte-

155 5657 421 5728 positione
447 5657 781 5719 derivantur,
817 5663 874 5709 ut
898 5655 962 5708 ab
992 5663 1144 5708 extra
1175 5665 1450 5716 extremus,
1487 5673 1514 5708 a
1560 5672 1724 5725 supra

158 5764 462 5817 supremus,
495 5762 525 5800 a
574 5755 694 5815 post
736 5746 1006 5814 posterior,
1052 5756 1354 5811 postremus.
1402 5746 1727 5802 Diminutiva

1827 3323 2070 3360 canorus.
2096 3306 2154 3359 lu
2183 3323 2270 3358 sus
2305 3305 2626 3371 desinentia,
2653 3307 2696 3361 si
2740 3324 2770 3360 ο
2798 3307 2997 3361 habent
3025 3307 3400 3375 penultimam,

1827 3397 2071 3451 eamdem
2095 3396 2419 3466 producunt,
2445 3405 2504 3450 ut
2524 3399 2783 3460 curiosus,
2814 3397 3082 3462 herbosus,
3107 3413 3403 3466 spumosus,

1826 3503 2066 3551 saxosus,
2111 3488 2415 3552 scelerosus,
2461 3487 2691 3541 odiosus.
2731 3486 2788 3540 ln
2836 3497 2918 3541 tus
2963 3502 3173 3557 quoque
3226 3487 3409 3542 termi-

1826 3576 2008 3629 nantia
2039 3575 2301 3639 verbalia,
2331 3576 2375 3630 si
2404 3576 2422 3628 i
2451 3576 2652 3630 habent
2689 3584 2815 3629 ante
2858 3585 2961 3640 tus,
2993 3589 3112 3629 eam
3139 3574 3404 3638 breviant,

1828 3675 1886 3720 ut
1929 3668 2150 3731 sonitus,
2191 3667 2434 3730 habitus;
2487 3667 2531 3721 si
2582 3675 2762 3721 autem
2813 3676 2938 3721 sunt
2987 3666 3403 3730 denominativa,

1829 3762 2102 3816 sciendum
2139 3763 2278 3830 quod
2310 3763 2354 3816 si
2386 3778 2415 3814 a
2443 3763 2630 3830 prima:
2677 3762 3052 3817 declinationis
3098 3762 3403 3836 nominibus

1829 3853 2217 3916 derivantur,a
2267 3853 2466 3907 habent
2513 3851 2863 3921 penultimam
2901 3854 3251 3922 productam,
3305 3860 3400 3904 ut:

1829 3943 2094 4006 barbatus,
2126 3942 2381 4007 stellatus,
2424 3943 2706 4007 trabeatus,
2737 3952 3087 4012 purpuratus;
3132 3943 3216 3996 sin
3257 3958 3288 3995 a
3317 3955 3401 3995 se-

1828 4032 2014 4086 cunda:
2047 4045 2128 4084 vet
2157 4030 2346 4094 tertiae,
2376 4030 2430 4084 in
2469 4030 2786 4099 quibusdam
2829 4031 2963 4094 a,‘iu
2991 4030 3108 4084 aliis
3139 4031 3156 4084 i
3198 4029 3399 4098 produ-

1829 4133 1993 4186 ctam,
2031 4125 2089 4175 ιιι
2134 4122 2375 4190 pallium,
2418 4120 2708 4190 palliatus;
2759 4121 3032 4184 annulum,
3082 4120 3399 4185 annulatus;

1828 4226 2026 4285 gratus,
2051 4215 2240 4278 avitus,
2266 4215 2506 4276 maritus,
2533 4213 2766 4276 cerritus,
2797 4227 2827 4265 a
2853 4221 3054 4281 grates,
3078 4227 3198 4275 avo,
3231 4225 3400 4276 mare,

1829 4319 2033 4360 cerere.
2064 4304 2106 4354 Α
2150 4310 2354 4371 quartas
2384 4301 2757 4356 declinationis
2795 4301 3108 4354 nominibus
3137 4301 3398 4365 derivata,

1829 4411 1861 4446 u
1890 4392 2204 4463 productam
2238 4390 2436 4443 habent
2461 4397 2586 4442 ante
2615 4398 2717 4452 tus,
2760 4398 3028 4453 cornutas,
3059 4397 3286 4452 verutus,
3317 4404 3403 4441 as-

1829 4493 1988 4547 tutus,
2016 4491 2283 4544 versutus;
2309 4479 2577 4548 excipitur
2603 4495 2634 4532 a
2679 4494 2840 4532 manu
2879 4476 3231 4541 manuleatus,
3258 4477 3402 4546 quod

1833 4593 1863 4628 a
1898 4576 2112 4641 longam
2154 4573 2315 4625 habet
2360 4569 2729 4640 penultimam.
2777 4568 3012 4636 Namque
3057 4567 3110 4620 in
3151 4577 3280 4632 stus,
3311 4566 3399 4620 vel

1831 4681 1952 4726 atus,
1984 4663 2065 4715 vel
2091 4672 2228 4731 plus,
2256 4660 2337 4714 vel
2370 4671 2482 4712 ctus
2511 4659 2809 4713 desinentia
2839 4658 3017 4711 omnia
3044 4657 3394 4726 penultimam

1830 4755 2092 4823 positione
2121 4751 2451 4821 producunt,
2484 4758 2542 4803 ut
2576 4751 2840 4814 honestus,
2869 4759 3097 4813 mestus,
3136 4749 3396 4816 robustus,

1833 4846 2006 4910 laxus,
2037 4846 2223 4913 ﬂexus,
2270 4843 2465 4911 [lux-us,
2506 4849 2765 4910 acceptus,
2796 4849 2969 4908 aptus,
3003 4848 3234 4907 sanctus,
3261 4841 3396 4893 ami-

1835 4947 1968 4991 ctus.

2253 5045 2334 5099 De
2364 5043 2676 5098 nominativo
2705 5040 2978 5113 singulari.

1904 5200 2278 5255 Nomiuativus
2320 5196 2606 5265 singularis
2649 5197 2750 5250 hac
2796 5195 2973 5266 regula
3019 5211 3116 5264 per
3159 5197 3395 5266 singulas

1835 5288 2265 5351 terminationes,
2290 5285 2462 5355 qualis
2485 5285 2572 5348 sit,
2601 5285 2934 5354 apertissime
2960 5285 3302 5354 dignoscitur.
3337 5285 3392 5338 In

1834 5401 1865 5436 a
1895 5381 2193 5436 desinentia
2229 5379 2441 5432 nomina
2469 5384 2769 5446 correptam
2798 5377 2982 5430 Graeca
3006 5386 3139 5430 sunt
3174 5377 3254 5430 vel
3291 5376 3393 5429 La-

1826 5476 1959 5538 tina,
2004 5471 2296 5526 masculina
2339 5469 2423 5524 vel
2469 5468 2721 5524 feminina
2769 5469 2851 5523 vel
2895 5479 3102 5531 neutra,
3148 5479 3204 5521 ut
3246 5487 3257 5523 :
3306 5470 3389 5522 hic

1825 5574 1994 5636 poeta,
2032 5561 2230 5622 scriba;
2271 5562 2380 5615 htec
2410 5577 2578 5623 musa,
2620 5558 2818 5623 Roma;
2855 5560 2948 5611 hoc
2985 5569 3238 5621 toreuma,
3283 5575 3390 5610 em-

1827 5653 1992 5708 blema
2013 5671 2028 5717 ;
2050 5653 2132 5706 ltic
2157 5658 2209 5706 et
2232 5651 2340 5704 lucc
2362 5651 2563 5718 auriga.
2589 5648 2645 5702 ιιι
2671 5667 2697 5701 e
2725 5656 3020 5716 correptam
3049 5647 3233 5700 Latina
3265 5656 3388 5699 sum

1828 5750 2039 5806 neutra,
2063 5751 2119 5794 ut
2145 5759 2156 5794 :
2182 5741 2276 5795 hoc
2304 5737 2508 5804 monile,
2542 5728 2704 5793 mare.
2733 5738 2786 5791 ln
2812 5755 2839 5791 e
2859 5737 3175 5806 productam
3203 5736 3392 5790 Graeca
