3918 6352
466 456 575 514 655

1112 444 1172 498 Β.
1209 438 1463 497 RABANI
1498 436 1718 499 MAURI
1753 429 2070 499 ARCHIEP.
2110 424 2420 484 MOGUNT.
2460 420 2744 481 OPERUM
2778 413 2959 477 PA'RS
2994 418 3083 475 Ill.

3622 415 3723 469 σ’υῦ

472 580 596 631 sunt
624 576 677 625 et
707 565 985 627 feminina,
1015 567 1072 614 ut
1100 562 1207 613 hare
1237 557 1480 624 Euterpe,
1513 552 1685 622 Libye,
1715 548 1909 613 scitote,
1937 546 2044 599 An—
2071 543 2123 606 Α
2148 539 2381 613 generis,
2400 536 2602 599 omnis,
2648 531 3038 631 indeclinabile,
3082 537 3142 631 ut
3183 529 3268 581 hic
3304 526 3499 631 6|“th
3538 530 3596 578 et
3632 524 3724 631 hoc

471 661 767 719 dromache.
801 658 857 713 ln
892 656 910 709 i
951 651 1268 723 productam
1301 645 1491 700 Latina
1519 644 1633 699 sive
1680 640 1868 696 Graeca
1897 638 2049 691 inve-

473 757 697 810 niuntur
720 758 774 805 et
800 754 995 804 neutra
1024 746 1167 806 Sunt,
1192 739 1279 797 vel
1292 736 1482 796 omnis
1506 734 1742 806 generis,
1763 740 1818 786 et
1844 736 2047 799 aptota,

471 847 646 903 uthac
675 838 891 913 gummi,
922 835 1112 904 sinapi,
1150 832 1233 884 hic
1263 838 1317 884 et
1346 829 1456 881 hinc
1481 826 1652 887 ethoc
1678 822 1838 892 frugi,
1879 818 2051 884 nihili,

472 909 718 1001 mancipi,
748 925 1067 998 hujusmodi,
1099 918 1407 983 illiusmodi,
1434 913 1710 986 ejusmodi,
1737 909 2050 973 istiusmodi,

471 1034 527 1081 et
554 1000 721 1086 cordi,
769 1019 923 1074 nauci
955 1028 1188 1084 quoque,
1217 1009 1360 1079 quod
1401 1016 1659 1077 putamen
1694 1004 1847 1065 nucis
1891 1000 2056 1071 signi-

475 1114 629 1179 ficat,
667 1121 721 1173 et
750 1099 852 1181 pro
872 1107 1040 1167 nihilo
1068 1104 1348 1172 accipitur.
1382 1101 1437 1153 In
1466 1115 1495 1151 ο
1522 1104 1824 1165 correptam
1844 1134 1858 1157 ,
1893 1107 2052 1161 quam

476 1214 652 1260 miuen
686 1180 995 1270 frequenter
1030 1195 1333 1266 producunt
1370 1198 1563 1260 poetze,
1596 1186 1787 1253 Latina
1806 1192 1944 1239 sunt
1970 1180 2055 1235 vel

474 1293 659 1358 notha,
685 1287 980 1344 masculina
1003 1284 1086 1339 vel
1106 1281 1362 1337 feminina
1386 1279 1467 1333 vel
1496 1275 1833 1339 communia;
1863 1273 1945 1325 hic
1968 1270 2057 1324 Ci-

474 1399 612 1445 cero,
643 1381 743 1445 leo,
766 1381 876 1441 hwc
899 1378 1059 1446 virgo,
1088 1371 1372 1441 Carthago,
1396 1370 1478 1423 hic
1504 1377 1558 1422 et
1581 1367 1690 1421 htrc
1711 1366 1884 1428 homo,
1910 1376 2055 1435 nemo

476 1470 717 1534 neminis,
746 1468 887 1537 quod
916 1474 999 1521 est
1026 1463 1382 1533 compositum
1420 1475 1485 1514 ex
1515 1473 1619 1512 non
1642 1463 1697 1510 et
1723 1456 1893 1507 homo.
1928 1453 2056 1519 Quae

475 1565 602 1631 ergo
628 1576 694 1613 ex
726 1559 807 1612 his
838 1574 868 1611 ο
907 1557 961 1614 in
1005 1555 1237 1624 obliquis
1272 1552 1537 1613 retinent,
1575 1545 1821 1601 eamdem
1854 1543 2056 1612 produ-

478 1661 621 1719 ctam
658 1650 881 1715 habent,
928 1657 988 1702 ut
1019 1646 1199 1701 Cicero
1234 1642 1532 1706 Ciceronis;
1574 1653 1694 1708 quae
1738 1644 1917 1690 autem
1957 1634 2056 1687 ini

477 1758 595 1798 eam
640 1748 891 1803 vertunt,
924 1738 1170 1807 correpta
1201 1734 1493 1805 penultima
1535 1728 1965 1799 pronuntiantur,
2000 1731 2058 1777 ut

476 1833 619 1900 virgo
647 1828 961 1899 virginis..lu
990 1846 1017 1881 ο
1044 1826 1358 1896 productam
1392 1819 1685 1876 desinentia
1716 1817 1901 1871 Graeca
1932 1824 2057 1868 sunt

480 1887 757 1980 feminina:
789 1928 848 1974 ut
894 1887 1096 1981 Manto,
1126 1916 1287 1979 Dido,
1336 1913 1535 1981 Sopho,
1582 1909 1781 1973 Erato;
1831 1907 1945 1962 haec
1972 1905 2056 1959 vel
2086 1887 2131 1961 Β

478 2011 663 2073 Grmcc
692 2009 1046 2089 declinantur,
1080 2016 1137 2059 ut
1180 2004 1361 2058 Manto
1401 2001 1635 2062 Mantus,
1680 1998 1823 2069 quod
1851 2006 1937 2053 est
1964 2012 2057 2067 ge—

475 2102 697 2155 nitivus.
733 2098 983 2168 Virgilius
1014 2098 1066 2150 in
1101 2113 1133 2149 x
1166 2114 1177 2147 :

608 2210 841 2262 Vaildicat
869 2208 1057 2257 Mantus
1083 2212 1135 2257 et
1158 2205 1305 2256 Tusci
1326 2203 1451 2252 filius
1479 2201 1668 2260 amnis;

476 2317 561 2372 vel
588 2316 766 2370 addita
804 2313 883 2367 nis
914 2312 1117 2365 faciunt
1148 2310 1442 2379 genitivum
1478 2302 1770 2360 secundum
1813 2300 2057 2366 Latinos,

479 2424 510 2462 o
538 2408 798 2479 producta
826 2414 1024 2468 tamen,
1053 2412 1113 2456 ιιι
1142 2402 1277 2455 Dido
1304 2399 1546 2453 Didonis.
1575 2398 1631 2450 In
1660 2414 1694 2449 ιι
1716 2394 1910 2449 Latina
1937 2401 2062 2448 sunt

478 2500 694 2571 generis
724 2497 936 2559 neutri,
979 2503 1038 2549 ut
1073 2511 1255 2560 cornu,
1296 2492 1433 2562 gelu,
1464 2507 1619 2561 genu,
1660 2487 1740 2542 vel
1784 2486 2062 2565 inquibus

479 2590 728 2662 quamvis
779 2588 1026 2642 videatur
1073 2583 1394 2653 quibusdam
1452 2581 1647 2635 artium
1707 2577 2062 2648 scriptoribus

479 2691 785 2752 tenuiorum
824 2693 945 2733 esse
980 2674 1279 2768 differentia
1316 2673 1539 2745 (dicunt
1580 2672 1723 2726 enim
1768 2668 2060 2724 nominati-

480 2789 606 2827 vum
632 2772 877 2841 quidem,
905 2776 961 2823 et
986 2758 1349 2822 accusativum
1367 2805 1380 2830 ,
1410 2770 1464 2818 ct
1491 2762 1793 2817 vocativum
1826 2758 2059 2828 corripi,

480 2866 717 2934 reliquos
753 2877 883 2919 vero
928 2858 1218 2932 produci),
1264 2857 1607 2913 inveniuntur
1638 2845 1820 2908 tamen
1865 2852 1919 2906 in
1961 2866 2063 2906 usu

480 2958 687 3029 pariter
714 2956 767 3011 in
796 2955 1046 3009 omnibus
1079 2952 1299 3023 produci
1332 2951 1546 3006 casibus
1576 2950 1691 3004 haec
1719 2947 1935 3002 nomina
1964 2960 2064 3001 nec

480 3047 945 3103 irrationabiliter.
996 3042 1185 3111 Omnis
1235 3038 1377 3097 enim
1432 3042 1488 3095 in
1536 3054 1855 3111 quacunque
1909 3045 2063 3112 parte

481 3135 794 3195 terminatio
821 3135 874 3187 in
911 3150 943 3185 u
974 3132 1224 3187 desinens
1250 3131 1586 3201 producitur,
1616 3137 1678 3182 ut
1704 3130 1890 3197 ﬂuctu,
1921 3124 2064 3180 Pan-

480 3231 594 3296 thu,
621 3238 698 3294 tu,
732 3227 843 3281 diu.
872 3224 1093 3281 Ovidius
1123 3225 1178 3279 in
1203 3240 1299 3278 VIII
1328 3223 1827 3291 Metamorphoseon
1858 3239 1869 3271 :

1048 3337 1337 3391 Dextronue
1360 3352 1384 3385 ιι
1411 3335 1595 3397 p0pllle
1630 3335 1801 3390 lmvum

613 3402 792 3453 Press:
815 3411 947 3463 genu
972 3398 1141 3461 digitis
1166 3402 1295 3449 inter
1325 3410 1381 3448 se
1406 3400 1598 3460 pectine
1618 3397 1816 3457 junctis.

482 3507 623 3563 Ecce
648 3507 791 3561 enim
822 3505 911 3559 hic
942 3503 1278 3558 accusativus
1303 3511 1385 3556 est
1412 3500 1529 3555 sine
1553 3499 1715 3555 dubio
1739 3505 1792 3553 et
1815 3496 2064 3569 produci-

485 3605 592 3650 tur.
626 3596 779 3665 Apud
811 3594 1091 3665 Virgilium
1122 3608 1333 3661 quoque
1360 3592 1411 3645 in
1439 3608 1457 3645 ι
1485 3608 1498 3645 :

670 3705 803 3755 Nuda
830 3718 983 3767 genu,
1013 3702 1239 3767 nodoque
1263 3704 1399 3752 sinus
1418 3701 1621 3752 collecta
1646 3702 1876 3751 fluentes.

484 3807 508 3868 ι
532 3808 762 3862 uomodo
788 3806 931 3859 enim
960 3809 1106 3859 sinus
1132 3804 1345 3857 collecta
1377 3804 1740 3864 accusativum
1763 3802 1942 3872 junxit
1968 3816 2065 3855 no-

484 3896 765 3963 minativo,
806 3898 884 3959 sic
921 3898 1083 3952 etiam
1115 3901 1258 3950 nulla
1291 3912 1445 3966 genu.
1477 3895 1534 3949 In
1564 3910 1590 3947 c
1619 3894 1723 3949 duo
1755 3902 1877 3947 sunt
1904 3908 2067 3962 gene-

485 3991 562 4047 ris
596 3990 795 4054 neutri,
824 3997 878 4043 ut
912 3988 1079 4055 Italec,
1114 3988 1256 4057 quod
1284 3986 1501 4058 longum
1536 3992 1640 4052 est,
1673 3992 1730 4040 ιιι
1759 3982 2020 4039 Martialis
2048 3998 2063 4038 :

680 4093 932 4163 Capparim
957 4106 1009 4149 et
1044 4100 1321 4162 putrirepas
1347 4097 1520 4147 halece
1544 4100 1793 4158 natantes;

486 4215 571 4260 est
594 4212 772 4259 autem
801 4203 959 4257 halec
985 4216 1151 4270 genus
1188 4202 1380 4269 piscis;
1414 4208 1469 4253 et
1505 4200 1586 4251 lac
1620 4200 1789 4261 lactis,
1821 4200 1887 4253 de
1916 4198 2068 4267 cujus

486 4292 845 4351 declinatione
887 4291 1182 4345 dubitatur.
1230 4290 1287 4343 In
1322 4290 1355 4341 ὀ
1397 4290 1501 4344 duo
1543 4297 1667 4343 sunt
1711 4299 1898 4342 neutra
1944 4276 2067 4344 cor-

486 4387 656 4451 repta,
692 4393 754 4435 ut
792 4380 938 4433 aliud
968 4388 1022 4434 et
1048 4380 1196 4445 quid,
1238 4387 1293 4434 et
1332 4394 1400 4432 ex
1430 4395 1495 4433 eo
1523 4379 1840 4447 composita,
1881 4388 1940 4433 ut
1964 4380 2067 4433 ali-

485 4474 631 4543 quid,
661 4472 853 4542 siquid,
882 4471 1090 4541 nequid.
1132 4470 1189 4523 In
1217 4469 1270 4523 al
1298 4478 1600 4538 correptam
1634 4469 1819 4524 Latina
1850 4480 1902 4523 et
1941 4472 2066 4524 har-

488 4562 638 4625 bara,
674 4560 953 4615 masculini
983 4559 1195 4628 generis
1220 4559 1302 4612 vel
1346 4561 1542 4622 neutri,
1574 4568 1631 4612 ut
1660 4560 1743 4612 hic
1776 4558 2063 4624 Hannibal,
2094 4576 2147 4635 Ι)
2190 4623 2192 4625 μ

487 4653 583 4706 hoc
631 4650 881 4713 tribunal,
930 4650 1181 4713 cervical;
1224 4650 1316 4703 sed
1363 4657 1555 4702 neutra
1600 4668 1631 4702 a
1671 4651 1971 4718 producunt
2016 4653 2068 4705 in

491 4742 989 4813 obliquiscasibus.
1029 4742 1083 4794 In
1113 4740 1164 4793 at
1202 4741 1517 4814 productam
1543 4756 1709 4793 unum
1743 4741 2067 4809 monosylla-

491 4836 616 4893 bum
649 4833 1025 4895 masculinum,
1056 4840 1112 4885 ιιι
1136 4832 1218 4884 hic
1247 4831 1346 4889 sal,
1374 4831 1515 4900 quod
1546 4839 1726 4884 tamen
1758 4832 1808 4883 in
1840 4832 2070 4901 obliquis

491 4925 704 4979 casibus
739 4924 1048 4992 corripitur.
1088 4924 1141 4978 Ιιι
1173 4922 1232 4975 el
1278 4933 1577 4991 correptam
1624 4932 1812 4977 neutra
1850 4922 2067 4987 Latina,

491 5029 552 5073 ut
580 5021 675 5071 hoc
706 5016 818 5077 mel,
851 5015 940 5084 fel.
976 5014 1029 5068 In
1060 5014 1105 5067 el
1134 5015 1450 5083 productam
1479 5014 1729 5075 barbara,
1762 5022 1819 5065 ut
1848 5014 1929 5065 hic
1957 5013 2068 5066 Da-

493 5105 619 5167 niel,
668 5104 914 5166 Michael,
960 5101 1187 5158 Gabriel.
1235 5103 1292 5156 lu
1341 5102 1375 5155 il
1415 5102 1711 5174 correptam
1753 5103 2066 5167 masculina,

492 5193 576 5247 vel
607 5193 933 5256 communia,
975 5191 1160 5255 latina,
1195 5202 1251 5245 ut
1287 5193 1369 5245 hic
1396 5191 1559 5262 pugil.
1593 5194 1674 5245 hic
1704 5202 1758 5245 et
1787 5193 1897 5245 lucc
1926 5192 2068 5262 vigil,

494 5294 550 5339 et
582 5282 737 5344 nihil,
772 5291 1019 5352 aptoton,
1055 5281 1196 5349 quod
1222 5290 1303 5335 est
1337 5282 1690 5350 compositum
1721 5298 1749 5335 ξι
1779 5298 1881 5335 non
1911 5289 1963 5335 et
1994 5281 2074 5333 hi-

495 5378 623 5437 lum,
650 5376 790 5444 quod
820 5375 936 5429 sine
961 5374 1121 5427 dubio
1145 5388 1336 5426 nomen
1370 5383 1471 5438 est,
1505 5374 1556 5427 id
1587 5381 1700 5437 est,
1734 5373 1917 5426 ullum.
1950 5372 2005 5425 In
2036 5372 2073 5424 il

496 5468 811 5536 productam
841 5481 1004 5520 unum
1044 5467 1329 5520 Etruscum
1365 5464 1677 5521 femininum
1699 5506 1713 5526 ,
1742 5476 1801 5520 ut
1836 5469 1946 5520 ha'c
1972 5465 2073 5517 Ta-

498 5558 779 5628 naquilhid
809 5566 925 5621 est,
962 5573 1098 5610 uxor
1124 5557 1404 5627 Tarquinii
1441 5557 1628 5611 Prisci.
1661 5559 1715 5610 In
1747 5557 1796 5609 οι
1825 5556 2076 5611 masculi-

496 5652 657 5712 innn,
691 5648 937 5703 Latinum
958 5690 972 5715 ,
1005 5658 1063 5703 ut
1103 5650 1185 5702 hic
1214 5649 1321 5715 sol,
1352 5650 1493 5718 quod
1537 5649 1753 5718 longum
1783 5656 1884 5701 est.
1923 5646 1981 5700 In
2020 5644 2073 5699 ul

498 5746 711 5797 brevem
746 5744 1035 5797 masculina
1071 5743 1152 5795 vel
1178 5741 1478 5796 communia
1511 5740 1725 5805 Latina,
1754 5750 1813 5794 ut
1840 5742 1922 5794 hic
1948 5758 2072 5794 con-

497 5834 580 5890 sul
607 5845 661 5889 et
687 5836 767 5891 hic
804 5845 858 5891 et
883 5836 990 5890 lucc
1016 5834 1187 5890 exsul.
1222 5834 1279 5888 ln
1307 5850 1392 5887 am
1428 5834 1645 5889 brevem
1676 5849 1841 5888 unum
1876 5833 2076 5891 desinit

2153 647 2392 704 nequam.
2437 629 2496 689 In
2522 644 2610 688 um
2642 633 2947 694 correptam
2975 620 3170 676 Latina
3210 634 3305 673 seu
3344 614 3728 685 Graeca,apud

2152 726 2369 781 Graecos
2397 722 2451 778 in
2474 738 2548 781 ron
2575 716 2909 782 desinentia,
2944 719 3135 768 neutra
3172 717 3330 774 sunt,
3370 715 3432 762 ut
3465 708 3563 763 hoc
3604 714 3727 762 tem-

2151 819 2316 891 plum,
2350 829 2584 885 regnum,
2633 810 2851 880 lignum,
2877 808 2985 871 hoc
3017 802 3233 874 pelium,
3281 801 3377 857 hoc
3415 798 3725 861 hostorium,

2154 888 2298 977 quod
2322 912 2405 959 est
2432 903 2634 973 lignum
2680 914 2785 967 quo
2830 895 3041 975 modius
3083 898 3343 961 requatur.
3381 888 3734 943 inveniuntur

2154 1007 2333 1055 autem
2369 995 2509 1067 apud
2539 992 2777 1049 comicos
2816 988 2983 1047 multa
3012 982 3381 1054 hujuscemodi
3419 989 3736 1036 neutrorum

2156 1089 2386 1144 formam
2426 1068 2678 1141 habeniia
2717 1080 3003 1143 mulierum
3037 1076 3277 1140 nomina,
3309 1072 3503 1144 quibus
3534 1070 3740 1125 articu-

2155 1181 2237 1237 los
2262 1178 2503 1233 feminini
2536 1174 2747 1245 generis
2783 1169 3089 1227 necessario
3122 1163 3533 1236 signiﬁcationis
3560 1160 3736 1233 gratia

2155 1285 2468 1344 praeponere
2503 1266 2775 1328 Solebant,
2825 1271 2883 1316 ut
2928 1262 3037 1315 hwc
3078 1258 3362 1320 Dorcium,
3404 1255 3517 1309 hwc
3556 1249 3741 1321 Glyce-

2157 1343 2314 1427 rium,
2345 1362 2455 1414 hwc
2483 1357 2833 1429 Sophronium
2866 1370 2883 1407 :
2912 1354 3014 1407 hoc
3042 1358 3221 1405 autem
3251 1347 3386 1402 solet
3413 1343 3745 1410 adulationis

2157 1467 2331 1526 causa.
2354 1451 2467 1505 sive
2501 1444 2874 1501 diminutionis
2902 1442 3095 1497 aetatis.
3138 1440 3197 1494 ln
3228 1457 3314 1504 on,
3354 1438 3407 1491 in
3446 1452 3539 1499 an,
3572 1434 3626 1487 in
3667 1434 3743 1497 in,

2157 1524 2342 1600 Graeca
2374 1548 2499 1595 sunt
2526 1524 2843 1600 masculina,
2867 1532 3259 1606 velcfeminina,
3286 1540 3341 1583 et
3373 1526 3748 1597 producuntur

2157 1633 2360 1697 omnia,
2391 1639 2451 1684 ut
2472 1630 2556 1683 hic
2578 1626 2754 1692 Titan,
2775 1625 2939 1688 Pean,
2970 1622 3108 1686 Pan,
3128 1622 3211 1677 hic
3236 1618 3467 1688 delphin,
3497 1617 3610 1669 haec
3640 1624 3750 1666 tra-

2158 1729 2299 1793 chin,
2343 1726 2425 1779 hic
2471 1722 2737 1785 Memnon,
2780 1720 2888 1773 htec
2936 1717 3122 1773 Sidon.
3174 1714 3240 1768 Et
3282 1711 3560 1767 sciendum
3604 1706 3750 1777 quod

2160 1818 2339 1873 omnia
2370 1816 2423 1869 in
2450 1816 2505 1867 in
2531 1809 3025 1867 desinentiaetiam
3055 1807 3110 1859 in
3133 1806 3177 1858 is
3206 1803 3529 1874 productam
3552 1797 3752 1851 ﬁniun-

2160 1917 2266 1974 tur,
2296 1916 2355 1962 ut
2394 1905 2615 1974 delphis,
2648 1903 2863 1965 trachis,
2910 1898 3136 1977 Eleusis.
3181 1896 3235 1949 lu
3267 1911 3333 1948 on
3360 1905 3573 1965 quoque
3606 1888 3752 1942 desi-

2159 2001 2351 2066 nentia.
2382 1998 2597 2053 nomina
2627 1994 2850 2067 genitivi
2879 1992 3053 2048 Grmci
3095 2005 3259 2063 supra
3296 1980 3496 2044 dictam
3529 1992 3753 2038 servant

2161 2092 2418 2163 regulam,
2446 2088 2741 2161 penultima
2778 2086 3071 2145 secundum
3095 2081 3312 2138 Grmcos
3344 2087 3596 2137 manente
3627 2088 3754 2145 pro-

2160 2183 2321 2237 ducta
2362 2180 2447 2236 vel
2490 2187 2755 2248 correpta,
2802 2185 2864 2238 ut
2898 2175 3143 2230 Memnon
3192 2171 3515 2229 Memnonos,
3566 2164 3753 2219 Simon

2162 2271 2425 2343 Simonos,
2458 2269 2667 2325 Lacoon
2696 2267 3009 2329 Lacoontos,
3041 2264 3209 2342 idest
3236 2260 3485 2315 Memnon
3512 2256 3755 2312 Memno-

2160 2363 2268 2429 nis,
2311 2361 2497 2415 Simon
2543 2357 2799 2423 Simonis,
2846 2362 3127 2425 correpta;
3175 2352 3387 2406 Lacoon
3434 2346 3750 2409 Lacoontis,

2160 2453 2454 2525 producta;
2507 2458 2562 2504 et
2607 2464 2780 2524 canon
2823 2449 3063 2502 canonis.
3107 2444 3164 2500 ιιι
3195 2460 3258 2497 en
3286 2441 3584 2496 desinentia
3631 2452 3756 2493 cor-

2160 2554 2369 2616 reptam
2397 2535 2587 2598 Latina
2614 2549 2737 2596 sunt
2766 2538 3051 2594 masculini
3090 2536 3173 2592 vel
3209 2535 3383 2589 neutri
3427 2532 3665 2602 generis,
3695 2535 3755 2584 ut

2161 2640 2244 2693 hic
2270 2640 2481 2709 ﬂamen,
2506 2636 2767 2700 cornicen,
2794 2633 3006 2703 ﬁdicen,
3036 2630 3259 2693 tubicen,
3292 2627 3496 2688 tibicen,
3524 2626 3621 2678 hoc
3652 2642 3757 2678 nu-

2161 2748 2297 2796 men,
2330 2746 2560 2784 carmen.
2592 2728 2646 2782 ln
2693 2744 2756 2781 en
2784 2726 3100 2795 productam
3144 2720 3337 2775 Latina
3382 2727 3505 2774 sunt
3534 2717 3755 2789 generis

2162 2822 2464 2887 masculini,
2510 2828 2566 2874 ut
2601 2820 2685 2873 hic
2718 2818 2840 2882 lien,
2886 2818 3018 2882 rien,
3049 2814 3134 2870 vel
3162 2830 3253 2868 ren
3285 2814 3443 2877 renis,
3488 2810 3670 2881 splen;
3699 2817 3758 2865 et

2162 2913 2370 2977 Graeca,
2401 2922 2460 2967 ut
2485 2913 2568 2965 hic
2597 2911 2819 2975 Damen,
2851 2923 3045 2963 nomen
3080 2907 3355 2977 proprium
3391 2903 3670 2967 historici;
3700 2912 3757 2958 et

2166 3005 2368 3070 Seben,
2420 3018 2615 3059 nomen
2665 3001 2848 3057 herois
2893 3000 3023 3055 socii
3072 2997 3300 3068 Ulyssis,
3350 2996 3438 3065 qui
3487 2995 3761 3049 habitavit

2165 3095 2435 3158 Temesae,
2467 3101 2524 3146 et
2544 3094 2653 3151 lucc
2683 3093 2851 3155 siren,
2885 3091 2995 3144 lucc
3031 3087 3235 3143 Trizen.
3273 3086 3331 3142 In
3358 3103 3419 3139 ar
3446 3094 3758 3164 correptam

2166 3186 2355 3240 Latina
2381 3192 2435 3239 et
2458 3178 2643 3238 Graeca
2679 3190 2733 3235 et
2758 3181 2990 3237 barbara
3012 3177 3307 3253 masculini
3334 3175 3418 3231 vel
3453 3176 3632 3229 neutri
3665 3190 3760 3245 ge-

2090 3237 2134 3300 C
2169 3275 2335 3340 neris,
2368 3283 2426 3330 ut
2463 3274 2545 3327 hic
2575 3270 2776 3338 C(csar,
2811 3237 3119 3333 Itic'boslar,
3158 3268 3254 3320 hoc
3285 3275 3481 3332 nectar,
3517 3265 3612 3319 hoc
3645 3237 3761 3317 cla-

2162 3382 2287 3430 car;
2323 3363 2417 3419 sed
2447 3370 2662 3426 neutra,
2695 3361 2739 3416 si
2772 3360 3069 3418 derivativa
3111 3365 3268 3423 sunt,
3298 3356 3599 3426 producunt
3632 3374 3669 3409 a
3704 3356 3757 3412 in

2164 3460 2396 3528 obliquis
2436 3456 2683 3522 casibus;
2722 3471 2753 3509 a
2781 3454 2905 3524 lupa
2936 3453 3180 3523 lupanar,
3213 3450 3518 3519 lupanaris;
3548 3464 3577 3502 a
3606 3447 3758 3515 lacu,

2164 3553 2384 3623 lacunar
2422 3550 2725 3613 lacunaris;
2769 3562 2800 3604 a
2849 3534 3062 3615 laqueo,
3113 3543 3331 3613 laquear
3377 3540 3677 3610 laqueatis;
3728 3556 3759 3593 a

2164 3644 2333 3709 calce,
2374 3641 2551 3716 calcar
2585 3638 2829 3694 calcaria.
2869 3637 2926 3694 In
2966 3653 3028 3688 ar
3051 3633 3365 3705 productam
3405 3630 3596 3685 Latina
3634 3646 3758 3684 uia-

2163 3738 2357 3796 sculini
2380 3735 2474 3809 vel
2505 3733 2684 3791 neutri
2722 3731 2807 3785 vel
2834 3727 3133 3783 communis
3163 3724 3394 3796 generis,
3426 3732 3481 3777 et
3511 3732 3637 3777 sunt
3667 3722 3756 3776 vel

2166 3825 2562 3896 monosyllaba,
2594 3822 2679 3877 vel
2711 3837 2777 3877 ex
2804 3818 3189 3889 monosyllabis
3221 3817 3546 3885 composita,
3580 3825 3641 3869 ut
3669 3816 3755 3869 hic

2170 3916 2309 3981 Nar,
2344 3913 2531 3978 Naris,
2568 3912 2621 3966 id
2656 3918 2739 3966 est
2773 3924 2969 3965 nomen
3006 3907 3181 3973 ﬂuvii,
3222 3907 3364 3976 quod
3390 3916 3445 3961 ct
3486 3924 3522 3960 α
3549 3908 3753 3975 produ-

2167 4013 2308 4061 ctam
2336 4012 2516 4058 servat
2544 4003 2597 4060 in
2622 4002 2854 4070 obliquis
2880 4002 3125 4064 casibus;
3159 4007 3214 4053 et
3241 4000 3336 4052 hoc
3364 3998 3620 4063 torcular,
3659 3999 3757 4053 hoc

2167 4094 2427 4166 pulvinar,
2459 4094 2555 4148 hoc
2582 4093 2665 4162 far
2691 4092 2869 4162 farris,
2899 4091 3039 4161 quod
3066 4091 3332 4161 positione
3355 4090 3673 4159 producitur
3703 4092 3756 4145 in

2167 4186 2429 4253 obliquis;
2474 4185 2555 4238 hic
2594 4191 2649 4237 ct
2678 4184 2787 4245 ha'c
2825 4190 2879 4236 et
2907 4182 3002 4235 hoc
3029 4197 3147 4250 par,
3180 4179 3379 4249 dispar,
3411 4181 3602 4248 impar,
3636 4194 3756 4248 qua:

2170 4293 2202 4328 a
2231 4276 2529 4343 corripiunt
2558 4274 2611 4328 in
2639 4271 2892 4340 obliquis.
2927 4270 3178 4341 Virgilius
3209 4270 3261 4322 in
3290 4270 3544 4324 Bucolico
3574 4288 3589 4323 ;

2413 4382 2626 4433 Numero
2654 4382 2789 4431 Deus
2815 4382 3000 4443 impare
3034 4382 3238 4442 gaudet.

2171 4486 2423 4541 Lucanus
2452 4487 2504 4539 in
2534 4501 2627 4538 vni
2657 4503 2670 4538 τ

2356 4575 2486 4637 Ergo
2506 4579 2604 4638 pari
2632 4582 2742 4625 voto
2762 4583 2813 4625 et
2836 4575 3033 4637 paribus
3051 4588 3106 4625 se
3128 4575 3325 4625 Sustulit
3346 4580 3465 4625 aris.

2174 4678 2451 4743 Similiter,
2484 4678 2566 4730 lar
2597 4678 2741 4731 laris.
2776 4677 2997 4733 Plautus
3025 4697 3039 4733 :

2423 4768 2524 4829 Ego
2549 4782 2653 4817 sum
2680 4768 2748 4816 lar
2781 4767 3047 4816 familiaris.

2174 4872 2431 4943 Virgilius
2457 4890 2469 4926 :

2302 4986 2731 5047 Pergameumque
2765 4986 2938 5046 larem,
2962 4991 3014 5035 et
3032 4998 3163 5035 canm
3186 4988 3456 5047 penetralia
3489 4988 3672 5038 Veste.

2174 5086 2476 5143 Notandum
2500 5088 2640 5155 quod
2670 5088 2722 5139 in
2748 5103 2863 5148 nar,
2890 5087 2935 5140 si
2964 5102 3149 5139 nasum
3178 5085 3403 5139 velimus
3428 5086 3765 5155 signiﬁcare,

2174 5174 2799 5231 meliusknominativum
2840 5172 3069 5227 similem
3117 5173 3350 5241 genitivo
3401 5177 3765 5242 proferemus,

2174 5270 2234 5316 ut
2266 5265 2375 5316 haec
2410 5266 2575 5326 naris,
2617 5264 2773 5332 hujus
2819 5263 2982 5327 naris,
3030 5270 3091 5316 ut
3127 5261 3347 5317 Ovidius
3398 5265 3449 5316 in
3495 5282 3544 5318 vi
3598 5266 3768 5320 hleta-

2176 5351 2532 5419 morphoseon
2564 5370 2575 5404 :

2305 5442 2577 5492 Deﬂuxore
2600 5454 2747 5491 coma-2
2773 5454 2881 5490 cum
2905 5444 3015 5505 quis
3040 5450 3091 5494 et
3114 5446 3244 5493 naris
3268 5450 3321 5493 et
3343 5455 3511 5494 aures.

2180 5548 2431 5604 Lucanus
2462 5549 2513 5600 in
2543 5563 2595 5599 ιιι
2624 5547 2911 5615 genitivum
2942 5548 3165 5616 protulit
3195 5565 3206 5598 :

2306 5662 2393 5773 [ile
2417 5674 2582 5771 aures,
2605 5659 2727 5709 alius
2750 5662 3009 5723 spiramina
3034 5662 3163 5708 naris
3181 5659 3383 5707 aduncae

2353 5733 2512 5773 inputa
2542 5760 2551 5770 .

2353 5739 2460 5785 tupu
2469 5733 2551 5772 tat.

2180 5830 2240 5886 In
2266 5846 2323 5885 cr
2360 5835 2662 5898 correptam
2693 5824 2974 5888 feminina,
3016 5820 3327 5885 masculina,
3358 5831 3412 5877 et
3451 5830 3682 5887 neutra,
3712 5828 3771 5878 et
