3918 6394
227 456 331 511 657

1047 452 1438 520 EXCERPTIO
1474 453 1564 509 DE
1600 451 1787 517 ABTE
1823 450 2278 524 GBAMMATICA
2317 453 2672 518 PRISCIAM.

3372 464 3475 520 658

227 567 535 624 communia
568 567 755 621 Graeca
783 566 895 619 sive
916 565 1128 631 Latina,
1158 573 1218 619 ut
1246 566 1330 619 hic
1354 580 1503 635 puer,
1530 565 1615 618 hic
1636 572 1801 633 pater,
1830 564 1880 626 Α
1908 563 1979 619 Ut
1999 564 2235 619 breviter
2260 564 2419 635 igitur
2446 581 2607 636 supra
2633 567 2829 641 dictam
2857 567 3167 639 colligamus
3197 572 3434 643 regulam

225 658 310 710 hic
340 657 657 720 Alexander,
690 654 994 720 Menander,
1029 657 1140 709 haec
1164 664 1353 720 mater,
1380 654 1475 708 hoc
1516 656 1683 722 tuber,
1728 655 1811 707 hic

226 756 284 814 et.
310 748 421 800 hac
447 761 665 814 pauper.
695 744 753 799 In
783 761 840 798 er
864 743 1180 815 productam
1206 742 1393 799 Graeca
1436 744 1730 799 masculina
1758 752 1811 798 et

224 854 393 892 unum
422 836 673 891 Latinum
695 878 709 902 ,
753 837 838 891 vel
880 836 1052 907 magis
1080 838 1302 890 nothum
1322 877 1335 900 ,
1366 837 1541 902 neutri
1573 836 1808 906 generis,

225 930 309 982 hic
342 927 507 981 Hiber
542 927 745 994 Hiberi,
776 943 872 998 pro
900 927 1188 996 Hispanus,
1235 936 1289 990 et
1328 927 1397 980 ab
1436 940 1501 991 eo
1542 926 1810 995 composi~

227 1028 367 1083 tum,
397 1018 650 1084 Celtiber;
679 1017 843 1071 Hiber
872 1026 1048 1076 tamen
1076 1015 1289 1070 Hiberis
1315 1016 1567 1080 dicimus,
1597 1015 1810 1084 quando

225 1110 293 1164 de
324 1110 411 1163 illa
443 1118 601 1180 gente
628 1108 897 1178 loquimur
923 1123 1041 1176 quae
1069 1112 1150 1161 est
1179 1105 1333 1173 juxta
1371 1106 1687 1172 Armenios;
1727 1107 1810 1159 hic

224 1217 337 1265 aer,
382 1202 535 1265 aeris,
574 1199 669 1255 hoc
720 1215 821 1264 ver,
869 1199 1019 1253 veris.
1067 1196 1261 1250 Ait/ter
1295 1212 1511 1265 quoque
1556 1194 1810 1265 Virgilius

224 1292 282 1346 in
313 1308 410 1346 vni
439 1292 663 1361 corripit
692 1308 705 1343 :

316 1404 537 1467 Eamque
563 1404 817 1465 improviso
845 1402 1059 1462 vibratus
1083 1402 1143 1450 ab
1168 1400 1355 1449 aethere
1378 1398 1538 1459 fulgor

319 1465 436 1516 Cuin
459 1465 619 1517 Sonitu
650 1473 800 1526 venit,
837 1474 887 1515 et
909 1478 1060 1513 ruere
1078 1470 1237 1513 omnia
1265 1476 1375 1510 vasa
1410 1468 1643 1524 repente.

221 1573 473 1641 quamvis
509 1572 592 1628 vel
626 1573 790 1641 aliqui
834 1573 922 1626 alii
970 1572 1304 1640 grannnatici
1354 1572 1456 1625 hoc
1491 1571 1808 1641 productum

222 1678 343 1717 esse
370 1657 573 1717 dicunt.
612 1664 668 1717 In
707 1665 754 1716 ir
784 1672 1084 1733 correptam
1116 1663 1413 1717 masculina
1449 1671 1606 1723 sunt,
1630 1672 1698 1714 ut
1726 1660 1808 1713 hic

221 1756 319 1820 vir,
352 1754 498 1819 levir,
538 1763 591 1809 et
615 1770 682 1808 ex
710 1756 786 1807 vir
811 1755 1126 1824 composita,
1171 1764 1230 1807 ut
1255 1755 1516 1818 duumvir,
1547 1753 1803 1816 triumvir,

219 1852 361 1910 etc.;
392 1853 447 1898 et
478 1862 642 1897 unum
674 1845 869 1913 gentile
908 1845 1260 1900 masculinum
1287 1853 1347 1899 ut
1386 1845 1468 1897 hic
1512 1842 1709 1907 Trevir,
1752 1850 1807 1896 et

219 1936 365 1989 aliud
392 1934 803 2000 femininum,ut
822 1936 931 1990 lucc
945 1933 1168 2000 Gaddir,
1187 1936 1459 1999 Gaddiris,
1478 1935 1527 1988 id
1552 1945 1656 1998 est,
1674 1933 1807 1987 Tar-

218 2043 459 2091 cessum,
495 2027 763 2096 Hispaniae
792 2030 1003 2094 civitas,
1036 2044 1197 2097 quam
1228 2044 1370 2082 nunc
1403 2027 1570 2098 Tyrii,
1602 2033 1807 2080 mutato

219 2119 462 2182 nomine,
505 2117 709 2171 Gaddir
736 2118 971 2183 habent;
1016 2134 1179 2172 unum
1223 2127 1475 2173 neutrum
1516 2117 1807 2171 indeclina-

219 2208 350 2273 bile,
377 2217 438 2263 ut
460 2210 555 2263 hoc
576 2211 646 2274 ir,
680 2211 822 2279 quod
852 2210 1021 2266 Graeci
1040 2213 1197 2285 ,θήναρ
1225 2211 1439 2273 dicunt;
1470 2209 1685 2277 quidam
1714 2206 1807 2260 ad-

218 2298 356 2353 dunt
372 2300 455 2371 hic
480 2299 722 2363 abaddir,
750 2301 1021 2371 ὀβετηλός,
1043 2301 1199 2369 hujus
1222 2300 1515 2364 abaddiris,
1540 2300 1591 2353 id
1609 2308 1690 2353 est
1712 2314 1807 2353 n0-

216 2402 343 2443 men
398 2370 589 2457 lapidis
635 2370 798 2459 quem
848 2406 945 2460 pro
992 2390 1124 2445 Jove
1181 2390 1458 2445 devoravit
1516 2389 1801 2455 Saturnus,

216 2479 472 2550 huncque
510 2481 666 2534 deum
698 2497 814 2536 esse
842 2483 1130 2539 tinxerunt.
1164 2484 1219 2537 ln
1257 2499 1319 2539 or:
1347 2490 1649 2550 correptam
1686 2496 1803 2534 ma-

215 2571 461 2633 sculina,
512 2570 801 2636 feminina,
853 2582 906 2625 et
954 2582 1163 2636 neutra,
1214 2582 1267 2626 et
1311 2572 1642 2633 communia,
1694 2579 1801 2623 tam

215 2658 407 2716 Greece
452 2675 613 2728 quam
651 2660 843 2714 Latina
872 2661 1238 2726 inveniuntur,
1270 2669 1329 2714 ut
1355 2661 1438 2713 hic
1479 2660 1693 2724 Nestor,
1721 2660 1804 2712 hic

217 2756 418 2812 orator,
466 2746 577 2807 haec
619 2765 773 2813 uxor,
820 2750 916 2802 hoc
964 2766 1161 2818 aequor,
1214 2752 1298 2805 hic
1345 2758 1399 2804 et
1447 2749 1557 2815 btet:
1602 2759 1657 2804 et
1707 2750 1804 2803 hoc

216 2845 421 2890 auctor.
457 2836 565 2901 Sed
590 2845 646 2891 et
672 2838 775 2893 hoc
799 2840 1092 2897 notandum
1120 2846 1201 2894 est
1230 2841 1369 2909 quod
1398 2840 1585 2895 iubae
1620 2842 1805 2895 termi-

217 2927 457 2992 natione,
491 2927 537 2980 si
569 2928 678 2991 sint
704 2927 893 2982 Latina
920 2930 1139 2983 nomina
1168 2931 1447 2985 masculini
1478 2932 1693 3000 generis
1718 2931 1801 2986 vel

216 3017 465 3073 feminini
486 3025 582 3083 aut
607 3018 928 3082 communis,
955 3036 984 3071 ο
1012 3019 1327 3087 productam
1359 3020 1559 3076 habent
1586 3022 1640 3073 in
1668 3021 1804 3075 obli-

214 3108 340 3178 quis
388 3108 637 3175 casibus,
685 3118 743 3161 ut
790 3107 873 3160 hic
914 3108 1115 3173 doctor,
1161 3109 1437 3176 salinator,
1489 3110 1602 3165 hinc
1648 3127 1800 3176 uxor,

214 3216 387 3264 soror,
431 3198 513 3251 hic
544 3206 598 3261 et
624 3199 733 3254 haec
770 3208 970 3263 auctor,
1014 3199 1206 3269 pallor,
1247 3200 1434 3270 pudor,
1475 3218 1652 3255 macer
1688 3204 1802 3256 sive

1912 654 1965 708 in
2019 670 2078 707 or
2126 654 2424 716 desinentia
2469 666 2652 719 neutra
2704 667 2759 712 et
2802 656 3022 727 Graeca,
3064 668 3117 717 et
3153 675 3482 730 quzecunque

1911 744 2220 799 derivantur
2241 744 2324 800 vel
2345 758 2735 816 componuntur
2763 763 2791 801 a
2824 750 3110 818 primitivis
3135 752 3482 821 penultimam

1911 834 2342 903 corripientibus,
2369 832 2441 889 ba
2484 844 2539 888 et
2582 837 2635 889 in
2663 837 2892 907 obliquis
2921 822 3213 923 corripiunt
3254 841 3487 911 penulti-

1910 937 2073 976 mam.
2116 921 2322 977 Caetera
2348 938 2477 978 vero
2522 926 2842 994 producunt,
2883 921 3139 997 exceptis,
3173 946 3286 994 cor,
3340 929 3483 999 quod

1910 1016 2137 1069 assumit
2164 1016 2220 1080 d,
2250 1031 2314 1070 ac
2351 1031 2445 1070 sua
2471 1031 2527 1071 se
2556 1018 2819 1086 positione
2855 1020 2908 1073 in
2935 1021 3175 1091 genitivo
3204 1022 3480 1091 producit;

1909 1114 1966 1161 et
1987 1110 2138 1172 ador,
2170 1106 2322 1177 cujus
2350 1108 2699 1162 derivativum
2728 1109 2979 1179 Virgilius
3010 1112 3063 1165 in
3094 1127 3167 1165 vn
3198 1112 3481 1183 producit:

2124 1253 2148 1283 ,Α
2176 1256 2189 1269 .
2230 1256 2241 1268 .
2279 1252 2305 1283 ,ν
2330 1220 2390 1269 Et
2414 1221 2587 1269 adorea
2609 1221 2706 1271 liba
2734 1235 2823 1283 per
2846 1223 3048 1273 herbam

2128 1281 2403 1342 Subjiciunt
2426 1283 2603 1345 epulis,
2640 1318 2652 1332 .
2691 1320 2702 1331 .
2736 1281 2757 1333 ἡ.
2797 1322 2808 1332 .

1907 1384 1967 1439 In
1995 1402 2060 1439 ur
2085 1396 2388 1455 correptam
2412 1386 2601 1442 Latina
2626 1388 2920 1443 masculina
2954 1389 3226 1453 desinunt,
3261 1398 3315 1444 et
3340 1404 3490 1445 com-

1910 1476 2091 1528 munia
2129 1485 2181 1529 et
2214 1486 2424 1539 neutra,
2457 1486 2516 1529 ut
2545 1478 2627 1529 hic
2650 1488 2818 1540 satur,
2860 1478 2944 1538 hic
2966 1487 3157 1543 turtur,
3183 1479 3266 1530 hic
3289 1486 3342 1532 et
3379 1480 3489 1532 hwc

1910 1582 2097 1634 augur,
2127 1566 2222 1617 hoc
2261 1566 2420 1629 tibur,
2449 1562 2555 1619 nec
2577 1582 2681 1619 non
2710 1575 2765 1619 et
2792 1566 2875 1623 illa
2910 1583 3029 1636 quae
3070 1584 3166 1637 pro
3195 1586 3228 1621 u
3252 1585 3281 1624 ο
3311 1582 3493 1622 corre-

1908 1664 2059 1724 ptam
2088 1657 2289 1710 habent
2317 1671 2412 1724 per
2438 1656 2683 1725 obliquos
2707 1673 2891 1733 casus,
2921 1668 2979 1711 ut
3004 1660 3100 1712 hoc
3136 1659 3314 1723 robur,
3343 1660 3492 1713 robo-

1910 1747 2005 1811 ris,
2034 1746 2157 1799 ebur
2185 1747 2372 1811 eboris,
2414 1747 2583 1815 femur
2604 1746 2837 1815 femoris,
2871 1748 2926 1801 et
2958 1748 3111 1817 jecur
3144 1749 3361 1818 jecoris,
3404 1748 3491 1804 vel

1901 1836 2177 1906 jecinoris,
2204 1837 2472 1906 genitivus
2494 1838 2703 1891 videtur
2743 1852 2773 1889 a
2814 1837 3145 1891 nominativo
3165 1837 3377 1906 jocinus
3403 1852 3496 1892 ve-

1837 1925 1882 1984 B
1910 1929 2047 1991 nire,
2081 1929 2171 1998 qui
2200 1928 2256 1982 in
2287 1944 2384 1982 usu
2414 1944 2517 1985 non
2544 1936 2645 1984 est.
2686 1929 2745 1985 In
2782 1945 2845 1981 ur
2872 1929 3188 1997 productam
3216 1944 3379 1983 unum
3413 1928 3490 1982 in-

1908 2019 2123 2072 venitur
2152 2032 2435 2076 commune
2474 2019 2636 2073 duum
2668 2028 2946 2089 generum,
2996 2019 3082 2073 hic
3124 2031 3182 2074 et
3226 2020 3336 2073 [nec
3378 2018 3482 2089 fur,

1908 2109 2065 2178 hujus
2092 2108 2246 2177 furis.
2280 2107 2339 2171 In
2365 2126 2423 2166 as
2446 2118 2749 2180 correptam
2775 2107 2962 2163 Graeca
2992 2110 3270 2166 masculini
3306 2109 3387 2163 vel
3418 2108 3492 2164 fe-

1908 2201 2097 2265 minini
2124 2203 2354 2273 generis,
2383 2202 2466 2262 vel
2494 2202 2670 2257 neutri
2698 2200 2781 2256 vel
2817 2202 3151 2273 communis;
3187 2202 3271 2256 hic
3300 2200 3487 2267 Arcas,

1905 2292 2200 2367 proprium,
2238 2291 2395 2360 hujus
2425 2291 2677 2359 Arcadis;
2717 2292 2828 2349 hinc
2853 2288 3056 2356 Pallas,
3082 2290 3352 2355 Palladis;
3392 2290 3489 2343 hoc

1906 2372 2085 2447 Geras,
2114 2383 2389 2453 proprium
2430 2382 2556 2449 loci,
2597 2381 2753 2451 hujus
2779 2378 3027 2447 Ceradis;
3059 2381 3142 2434 hic
3166 2390 3223 2447 et
3261 2382 3371 2434 hazc
3409 2396 3491 2433 ar-

1905 2491 2014 2537 cas,
2046 2473 2264 2547 gentile,
2306 2474 2465 2543 hujus
2507 2473 2734 2526 arcadis.
2780 2473 2835 2527 ln
2864 2458 2921 2526 as
2958 2472 3275 2542 productam
3304 2470 3489 2527 Graeca

1905 2573 1960 2618 et
1982 2564 2171 2618 Latina
2206 2564 2511 2629 masculini,
2540 2564 2622 2621 vel
2652 2562 2917 2634 feminini,
2944 2562 3026 2618 vel
3050 2562 3227 2617 neutri
3253 2560 3486 2630 generis,

1906 2655 1990 2725 vel
2016 2656 2335 2721 communis,
2362 2664 2421 2709 ut
2445 2656 2527 2708 hic
2559 2655 2632 2727 ΑΞ
2640 2672 2783 2721 neas,
2816 2657 2899 2708 hic
2924 2654 3203 2717 Macenas,
3232 2655 3343 2707 haec
3368 2653 3490 2707 civi-

1905 2754 2007 2819 tas,
2050 2745 2146 2799 hoc
2186 2763 2293 2812 vas,
2330 2745 2497 2812 vasis,
2535 2746 2619 2799 hic
2658 2762 2772 2813 vas,
2814 2746 2957 2801 vadis
2984 2746 3149 2817 (quod
3179 2746 3231 2799 in
3259 2744 3488 2814 obliquis

1906 2835 2243 2908 corripitur),
2268 2836 2352 2889 hic
2379 2852 2491 2890 mas
2516 2838 2701 2902 maris,
2724 2837 2892 2892 ethoc
2912 2837 3014 2906 fas,
3046 2836 3212 2905 nefas,
3238 2844 3293 2890 et
3320 2836 3403 2889 hic
3432 2844 3489 2890 et

1904 2925 2016 2978 hwc
2056 2932 2111 2979 et
2153 2925 2251 2981 hoc
2295 2942 2459 2995 nugas
2488 2926 2631 2997 (sic),
2674 2926 3102 2992 indeclinabilia;
3146 2926 3229 2979 hic
3275 2932 3330 2980 et
3374 2925 3485 2979 lucc

1906 3018 2159 3092 Capenas,
2202 3017 2502 3090 Capenatis,
2543 3023 2738 3091 primas
2778 3022 3052 3092 primatis,
3097 3024 3317 3091 optimas
3356 3023 3489 3091 apti-

1905 3109 2079 3173 matis,
2103 3108 2345 3185 Arpinas,
2371 3107 2647 3175 Crotonas,
2672 3108 2909 3175 Pontias,
2936 3110 3191 3178 Larinas;
3220 3127 3340 3181 qua:
3366 3112 3488 3173 ideo

1908 3198 2313 3261 circumﬂexum
2337 3200 2538 3257 habent
2574 3202 2626 3258 in
2655 3200 2836 3255 ultima
2866 3210 3182 3268 accentum,
3214 3203 3337 3270 quia
3360 3216 3487 3271 per-

215 3305 447 3352 marcor,
496 3289 547 3343 id
588 3299 670 3343 est
708 3290 928 3361 macies,
965 3291 1121 3359 hujus
1162 3268 1412 3357 doctoris,
1458 3297 1658 3360 ureris,
1702 3312 1802 3348 au-
1830 3268 1876 3331 Ο
1905 3287 2045 3343 lecta
2070 3302 2257 3343 eorum
2289 3290 2430 3357 apud
2472 3290 2723 3359 antiquos
2763 3289 2980 3344 fuerunt
3022 3291 3105 3345 hic
3132 3300 3199 3345 et
3231 3293 3342 3346 hwc
3384 3290 3483 3344 Ar-

214 3377 375 3430 ctoris
394 3418 408 3442 ,
451 3378 727 3431 marcoris.
773 3376 902 3444 Quae
932 3395 1060 3433 vero
1089 3397 1119 3433 ο
1146 3381 1199 3434 in
1229 3383 1245 3433 i
1271 3390 1488 3435 vertunt
1524 3384 1577 3437 in
1618 3384 1805 3453 penul-

216 3466 372 3531 tima,
401 3468 787 3536 corripiuntur,
816 3478 875 3522 ut
899 3469 983 3525 hic
1012 3471 1158 3534 ordo,
1186 3472 1405 3535 ordinis,
1426 3475 1666 3542 exceptis
1697 3476 1801 3542 his,

215 3558 301 3609 hic
326 3568 381 3612 et
415 3560 525 3611 hinc
547 3559 717 3620 ethoc
744 3576 959 3625 memor,
999 3561 1286 3627 immemor,
1333 3563 1492 3632 hujus
1534 3567 1797 3632 memoris,

214 3650 556 3712 immemoris,
598 3664 717 3717 quae
749 3665 779 3703 a
820 3652 984 3706 verbo
1019 3668 1245 3705 memoro
1279 3663 1401 3707 nata
1431 3664 1585 3719 sunt,
1618 3664 1674 3710 et
1708 3671 1801 3726 pe-

216 3736 501 3792 nultimam
529 3737 647 3806 ejus
676 3739 935 3810 syllabam
971 3750 1220 3807 servant;
1266 3752 1321 3797 et
1359 3744 1441 3797 hic
1480 3754 1535 3800 et
1571 3745 1682 3801 hare
1718 3748 1799 3800 in-

215 3828 394 3895 decor,
432 3830 710 3884 indecoris.
751 3831 1007 3903 Virgilius
1038 3835 1091 3888 in
1128 3852 1181 3889 xl
1215 3854 1227 3889 :

344 3938 451 3991 Non
474 3948 634 3989 tamen
661 3941 941 3992 indecorem
968 3956 1049 3993 tua
1070 3951 1120 3995 te
1144 3948 1316 4008 regina
1341 3947 1603 4011 relinquit;

215 4042 374 4112 cujus
398 4041 559 4097 etiam
597 4043 843 4118 simplex,
873 4045 924 4099 id
954 4054 1035 4099 est
1071 4046 1240 4107 decor,
1271 4049 1502 4113 decoris,
1539 4051 1680 4119 apud
1708 4064 1798 4105 ve-

217 4144 365 4187 teres
396 4134 703 4202 corripitur,
741 4136 955 4203 quando
984 4150 1082 4205 pro
1119 4138 1359 4203 decorus,
1395 4140 1609 4203 decora,
1648 4142 1800 4195 deco-

215 4243 337 4279 rum
368 4227 651 4296 accipitur,
686 4242 804 4295 qua:
828 4228 951 4297 quia
972 4268 985 4293 ,
1023 4230 1088 4283 ab
1115 4245 1178 4283 eo
1205 4231 1345 4299 quod
1380 4240 1464 4285 est
1496 4232 1672 4298 decus,
1712 4233 1801 4287 de-

213 4319 378 4381 coris,
410 4318 646 4371 derivata
677 4326 803 4371 sunt
840 4319 919 4372 vel
958 4321 1271 4389 composita,
1317 4322 1459 4376 illius
1489 4323 1801 4379 declinatio-

216 4422 343 4461 nem
372 4417 617 4472 servaut;
648 4409 789 4462 sicut
814 4426 842 4461 a
874 4425 1085 4478 corpore
1106 4427 1320 4480 quoque
1343 4414 1656 4482 composita,
1683 4412 1797 4481 ejus

214 4500 630 4554 declinationem
664 4510 901 4563 servant,
935 4510 993 4553 ut
1032 4488 1284 4570 bicorpor,
1314 4505 1597 4574 .tricorpor,
1631 4506 1797 4559 bicor-

211 4588 377 4649 poris,
410 4588 730 4655 tricorporis.
772 4586 1019 4654 Virgilius
1048 4590 1101 4641 in
1129 4606 1178 4642 vi
1211 4607 1221 4642 :

340 4700 607 4762 Delphines
630 4704 902 4763 aspriaeque
924 4702 1294 4828 (Harpyiaeque;
1315 4712 1365 4755 et
1389 4708 1533 4756 forma
1561 4710 1729 4760 tricor-

1299 4771 1427 4828 poris
1448 4773 1628 4820 umhm
1648 4785 1663 4828 ;

1299 4771 1427 4828 puris
1448 4773 1628 4820 umbra
1648 4785 1663 4834 ;

206 4868 322 4919 hac
344 4867 499 4919 arbor
528 4883 738 4937 quoque
766 4870 988 4935 arboris,
1024 4870 1164 4940 quod
1193 4887 1221 4925 a
1252 4874 1442 4927 robore
1468 4875 1784 4941 derivatum,

208 4958 353 5010 illius
395 4958 806 5013 dcclinatimiem
848 4976 1104 5025 servans,
1140 4964 1400 5031 corripuit
1437 4966 1786 5032 penultimam

206 5048 453 5117 genitivi.
497 5047 564 5103 Et
597 5066 626 5103 a
662 5068 821 5119 puero
854 5053 1143 5122 composita
1176 5054 1551 5121 corripiuntur,
1589 5066 1648 5111 ut
1675 5055 1812 5110 Pu-.

205 5142 400 5208 plipor,
450 5140 730 5210 Marcipor,
776 5143 1092 5215 Pupliporis,
1139 5144 1465 5215 Marciporis.
1500 5147 1573 5201 Ita
1620 5149 1784 5214 enim,

207 5227 386 5282 Probo
433 5237 587 5293 teste,
635 5231 884 5286 dicebant
931 5234 1133 5303 antiqui
1184 5248 1278 5302 pro
1327 5231 1499 5303 Puplii
1541 5254 1687 5305 puer,
1736 5246 1789 5292 et

209 5317 383 5371 Marci
417 5337 563 5390 puer.
608 5320 805 5375 Neutra
838 5340 1051 5392 quoque
1090 5335 1145 5378 et
1173 5324 1355 5379 Gneoa
1395 5329 1575 5382 omnia
1609 5345 1788 5385 corre-

206 5418 357 5478 ptam
386 5427 416 5462 0
454 5412 656 5465 habent
701 5412 751 5465 in
783 5414 1013 5480 obliquis
1039 5417 1275 5482 casibus,
1312 5428 1369 5469 ut
1415 5418 1509 5470 hoc
1536 5436 1785 5489 marmor,

206 5514 411 5568 sequor,
459 5503 769 5567 marmoris,
819 5506 1070 5571 «rt/noris,
1123 5508 1204 5559 hic
1252 5507 1463 5572 Hector,
1509 5510 1780 5580 Hectoris,

204 5598 374 5653 actor,
404 5591 621 5653 actoris,
648 5593 862 5659 quando
891 5601 973 5646 est
996 5609 1186 5649 nomen
1218 5601 1487 5667 proprium
1512 5599 1777 5657 Graecum.

206 5678 464 5748 Virgilius
497 5697 510 5731 :

326 5790 521 5842 Actoris
546 5802 747 5843 auruum
768 5795 975 5859 spolium
995 5805 1285 5862 quassatque
1310 5805 1630 5852 trementem.

1902 3379 2116 3450 pinatis,
2152 3378 2412 3447 primatis.
2453 3379 2511 3432 In
2539 3396 2592 3433 es
2616 3388 2917 3450 correptam
2948 3380 3137 3446 Latina
3166 3380 3480 3450 masculina,

1904 3468 1990 3535 vel
2016 3468 2297 3534 feminina,
2326 3469 2413 3545 vel
2441 3471 2744 3530 communia
2781 3472 2942 3526 duum
2990 3472 3073 3527 vel
3122 3470 3283 3526 trium
3325 3487 3484 3543 gene-

1903 3576 2046 3627 rum,
2088 3562 2203 3615 haec
2236 3562 2444 3616 duobus
2492 3564 2664 3632 modis
2697 3562 2880 3620 brevia
2928 3577 3046 3619 esse
3091 3564 3479 3635 intelliguntur,

1902 3666 2027 3714 cum
2052 3661 2143 3705 aut
2169 3668 2196 3705 e
2225 3662 2529 3723 correptam
2555 3652 2607 3707 in
2634 3654 2651 3705 i
2677 3654 3003 3717 mutaverint
3031 3655 3085 3708 in
3109 3656 3364 3726 genitivo,
3387 3668 3476 3712 ut:

1900 3741 1983 3795 hic
2012 3742 2181 3808 miles,
2221 3744 2420 3807 militis,
2444 3752 2634 3797 trames
2655 3744 2900 3809 tramitis,
2942 3744 3025 3797 hic
3050 3755 3105 3799 et
3132 3746 3255 3799 htec‘
3282 3764 3477 3816 sospes,

1904 3834 2126 3903 sospitis,
2154 3833 2305 3902 pedes
2332 3834 2538 3903 peditis,
2569 3850 2721 3905 eques
2752 3836 2955 3904 equitis,
2987 3842 3043 3888 et
3066 3836 3148 3889 hic
3170 3845 3223 3891 et
3254 3838 3363 3891 haec
3390 3831 3479 3892 siu-

1898 3934 2113 3996 perstes,
2151 3925 2460 3995 superstitis,
2500 3934 2590 3980 aut
2622 3943 2650 3980 e
2691 3926 3038 3995 penultimam
3070 3937 3371 3997 correptam
3421 3931 3474 3985 in

1899 4016 2133 4085 genitivo
2160 4015 2462 4079 habuerint,
2499 4023 2557 4070 ut
2580 4018 2690 4070 lucc
2720 4033 2883 4085 seges,
2926 4019 3128 4087 segetis,
3168 4019 3276 4072 hinc
3317 4031 3473 4090 teges,

1898 4108 2095 4175 tegetis,
2119 4105 2201 4159 hic
2224 4116 2276 4160 et
2301 4108 2411 4161 luec
2432 4117 2485 4162 et
2521 4109 2616 4162 hoc
2654 4126 2875 4178 prrepes,
2898 4113 3169 4180 prwpetis;
3213 4122 3268 4166 et
3295 4129 3415 4183 qua:
3444 4132 3476 4171 a

1900 4194 2078 4249 verbis
2110 4195 2436 4258 derivantur,
2468 4206 2529 4249 ut
2557 4212 2586 4249 a
2618 4206 2751 4261 tero,
2787 4198 2933 4262 teris,
2963 4199 3046 4251 hic
3074 4209 3127 4254 et
3150 4202 3259 4255 ha-c
3290 4214 3345 4257 et
3377 4204 3474 4259 hoc

1898 4294 2054 4347 teres,
2092 4286 2295 4349 teretis;
2338 4286 2510 4339 habeo
2541 4285 2727 4352 habes,
2752 4288 2835 4340 hic
2862 4296 2916 4341 et
2951 4289 3061 4341 ha'c
3087 4298 3141 4343 et
3176 4292 3271 4343 hoc
3299 4292 3467 4358 hebes,

1897 4374 2121 4437 hebetis;
2151 4373 2388 4442 indigeo,
2416 4374 2499 4426 hic
2519 4384 2573 4427 et
2597 4376 2708 4428 haec
2738 4384 2792 4429 et
2816 4377 2911 4428 hoc
2945 4367 3163 4446 indiges,
3198 4380 3471 4449 indigetis;

1900 4466 2120 4534 impeto,
2157 4466 2315 4533 impes
2358 4466 2577 4535 impetis.
2628 4466 2977 4536 Interpretor,
3025 4471 3275 4540 interpres
3315 4473 3489 4527 inter-'

1898 4555 2074 4624 pretis.
2123 4553 2180 4606 In
2228 4570 2279 4608 es
2320 4556 2634 4624 productam
2682 4564 2788 4609 tant
2824 4555 3032 4623 Graeca,
3078 4573 3240 4627 quam
3280 4561 3468 4619 Latina

1899 4646 2178 4700 masculini
2212 4647 2443 4717 generis,
2474 4647 2561 4700 vel
2600 4646 2866 4711 feminini,
2910 4649 2993 4703 vel
3020 4654 3353 4716 communis;
3389 4655 3472 4708 hic

1896 4734 2164 4799 Anchises,
2205 4735 2287 4786 hic
2327 4734 2661 4803 Ermogenes,
2704 4737 2786 4788 hic
2828 4735 3091 4804 Chremes,
3132 4740 3215 4793 hic
3254 4740 3469 4806 Verres;

1896 4825 1990 4878 sed
2034 4824 2218 4877 Latina
2259 4823 2496 4892 quinque
2542 4825 2713 4878 modis
2754 4828 3011 4894 producta
3039 4842 3161 4883 esse
3189 4829 3469 4885 inveniun-

1894 4923 2001 4979 tur,
2032 4916 2082 4968 id
2113 4925 2210 4977 est,
2246 4932 2369 4971 cum
2400 4925 2491 4969 aut
2530 4919 2746 4972 nomina
2776 4917 2974 4974 fuerint
3004 4921 3204 4988 quintae
3232 4923 3468 4978 declina-

1893 5006 2074 5079 tionis,
2112 5016 2170 5059 ut
2214 5007 2297 5061 hic
2327 5008 2409 5060 vel
2447 5008 2557 5061 [nec
2596 5010 2725 5073 dies,
2769 5010 2904 5073 diei;
2948 5022 3040 5085 aut
3078 5028 3197 5069 cum
3245 5016 3466 5071 totidem

1891 5099 2123 5169 syllabas
2155 5101 2422 5168 genitivus
2462 5102 2709 5157 habuerit
2750 5113 2883 5171 quot
2910 5114 2963 5157 et
2989 5106 3375 5174 nominativus,
3408 5119 3467 5163 ut

1888 5191 1972 5242 hic
2011 5198 2065 5242 et
2104 5191 2213 5242 lm'c
2254 5190 2443 5260 proles,
2487 5193 2668 5262 prolis,
2714 5195 2878 5248 credes
2900 5198 3080 5260 credis,
3103 5199 3213 5251 ha'c
3234 5210 3460 5269 strages;

1890 5288 1981 5332 aut
2007 5294 2125 5331 cum
2156 5280 2207 5333 in
2235 5282 2471 5349 genitivo
2496 5292 2797 5340 crescentes
2821 5287 3136 5355 productam
3158 5306 3185 5342 e
3206 5290 3257 5343 in
3289 5288 3461 5345 medio

1890 5368 2195 5432 habuerint,
2219 5380 2277 5423 ut
2303 5371 2410 5424 haec
2432 5388 2640 5438 merces,
2667 5374 2937 5441 mercedis,
2964 5378 3047 5431 hic
3068 5388 3122 5432 et
3140 5382 3251 5433 ha'c
3271 5382 3455 5447 haeres,

1888 5458 2108 5511 lueredis
2130 5476 2146 5511 :
2170 5468 2261 5513 aut
2282 5477 2401 5513 cum
2428 5463 2789 5533 monosyllaba
2812 5467 3023 5520 nomina
3047 5467 3264 5534 fuerint,
3286 5470 3369 5523 vel
3392 5473 3459 5526 de

1886 5551 2267 5619 monosyllabis
2294 5552 2472 5617 ducta,
2503 5562 2561 5607 ut
2594 5554 2676 5607 hic
2711 5572 2819 5624 pes,
2851 5559 3088 5626 semipes,
3129 5560 3287 5629 bipes,
3327 5578 3455 5629 qua-

1883 5638 2091 5707 drupes,
2116 5644 2378 5711 cornipes;
2405 5654 2495 5696 aut
2518 5660 2635 5697 cum
2666 5646 2683 5697 i
2710 5656 2832 5701 ante
2859 5658 2911 5701 es
2937 5650 2988 5701 in
3016 5649 3121 5705 ﬁne
3149 5652 3448 5717 habuerint,

1881 5737 1939 5783 ut
1979 5731 2063 5783 hic
2094 5732 2252 5796 aries,
2292 5734 2402 5787 haec
2443 5737 2635 5804 paries,
2666 5738 2825 5803 abies,
2872 5740 3014 5811 quies
3054 5755 3072 5792 :
3116 5757 3235 5812 quae
3274 5751 3449 5800 tamen

1880 5822 2082 5889 omnia,
2121 5834 2319 5896 praeter
2344 5827 2505 5896 quies,
2538 5828 2744 5898 quietis,
2781 5838 2835 5887 et
2875 5846 2939 5886 ex
2978 5847 3044 5889 eo
3072 5835 3443 5904 compositum.
