3918 6356
460 428 560 483 659

1127 427 1186 481 Β.
1227 427 1478 482 RABANI
1517 429 1736 486 MAURI
1772 387 2089 488 ARCHIEEP.
2131 435 2439 492 MOGUNT.
2483 436 2771 493 OPERUM
2809 438 2989 496 PARS
3028 440 3112 495 ill.

3615 447 3715 503 640

457 550 514 596 ut
550 543 632 596 hic
669 551 722 597 et
761 551 871 597 tunc
911 553 967 598 et
1005 545 1102 597 hoc
1137 544 1356 615 inquies,
1399 545 1759 629 inquietisnin
1795 547 2028 617 obliquis
2055 553 2107 610 Α
2131 550 2323 616 cruris,
2343 550 2439 620 jus
2457 551 2617 621 juris,
2649 552 2767 622 plus
2793 554 2981 623 pluris,
3015 556 3133 610 thus
3165 558 3362 623 thuris;
3390 571 3444 614 et
3469 576 3715 617 commu-

456 632 820 715 corripiuntur
850 632 1118 699 similiter,
1147 633 1287 688 sicut
1313 650 1399 703 pes
1429 635 1594 702 pedis,
1621 644 1675 690 et
1700 651 1766 690 ex
1793 651 1858 692 eo
1886 652 2036 692 com-

453 723 645 792 posita.
676 722 928 792 Virgilius
954 740 967 776 :
1005 746 1008 748 ·

583 834 690 884 Stat
713 835 911 896 sonipes
933 846 990 883 ac
1010 833 1150 884 frena
1174 834 1310 886 ferox
1333 837 1604 898 spumantia
1629 836 1828 887 mandit.

451 939 723 994 Juvenalis
753 940 808 993 in
837 946 1030 1008 quarto
1059 957 1071 993 :

575 1029 836 1115 Squalidus
855 1053 905 1102 in
929 1065 1104 1115 magna
1128 1053 1310 1104 fastidit
1327 1057 1564 1117 compede
1591 1056 1760 1106 fossor.

445 1155 576 1210 Item
607 1155 862 1226 Virgilius
899 1157 953 1211 in
985 1157 1145 1211 tertio
1172 1156 1545 1213 Bucolicorum
1579 1175 1594 1213 :

576 1247 800 1298 Creditur
823 1249 932 1310 ipse
945 1249 1098 1330 pries,
1123 1247 1437 1307 etiamnunc
1457 1251 1640 1301 vellera
1664 1253 1834 1303 siccat.

444 1351 586 1406 idem
617 1351 673 1404 in
706 1349 941 1405 secundo
967 1349 1105 1405 libro
1134 1349 1396 1411 .lEneidos
1429 1370 1440 1404 :

570 1462 806 1513 Custodes
824 1459 1033 1510 sulferre
1055 1459 1239 1523 valent,
1266 1462 1390 1510 labat
1407 1463 1563 1518 ariete
1587 1464 1782 1515 crebro.

441 1565 572 1621 item
598 1564 854 1636 Virgilius
883 1565 937 1619 in
965 1564 1162 1634 Ecloga
1193 1580 1264 1619 vn
1296 1583 1308 1617 :

573 1677 788 1740 Populus
809 1680 858 1726 in
875 1677 1055 1740 ﬂuviis,
1078 1675 1215 1727 abies
1236 1677 1286 1726 in
1306 1677 1550 1726 montibus
1573 1676 1702 1727 altis.

439 1777 585 1833 idem
609 1778 662 1834 in
694 1794 732 1832 ιι
761 1777 1025 1833 ιλΕηθὶίιοε
1055 1795 1070 1832 :

566 1887 836 1951 Editicant,
863 1895 1096 1951 sectaque
1123 1891 1352 1937 intexunt
1370 1887 1538 1938 abiete
1559 1893 1735 1938 costas.

437 1991 496 2047 1n
523 1993 567 2045 is
597 1999 904 2062 correptam
946 2001 1059 2047 tam
1085 1990 1275 2048 Graeca
1308 2009 1470 2062 quam
1509 1993 1700 2049 Latina
1742 1997 2029 2053 masculini

440 2085 671 2152 generis,
722 2083 805 2137 vel
851 2082 1117 2149 feminini,
1159 2084 1244 2138 vel
1280 2086 1602 2151 communis,
1645 2094 1704 2140 ut
1730 2088 1814 2140 hic
1845 2086 2028 2155 Paris,

440 2172 674 2238 Paridis,
716 2173 799 2227 vel
828 2173 1006 2239 Paris,
1048 2174 1134 2227 hic
1160 2173 1327 2240 collis,
1366 2177 1526 2245 hujus
1553 2175 1722 2242 collis,
1755 2182 1867 2232 lucc
1897 2177 2032 2232 The-

439 2262 540 2327 αδδ,
570 2261 817 2326 Thetidis,
857 2263 969 2316 hwc
1005 2264 1197 2333 cuspis,
1228 2263 1478 2333 cuspidis,
1509 2264 1593 2318 hic
1619 2275 1674 2319 et
1713 2266 1825 2318 luec
1861 2266 2027 2332 utilis,

437 2353 596 2422 hujus
637 2351 800 2407 utilis.
833 2352 893 2406 In
918 2355 962 2406 is
993 2353 1310 2422 productam
1343 2353 1529 2409 Graeca
1576 2362 1631 2410 et
1671 2354 1885 2422 Latina,
1917 2372 2030 2410 ma-

439 2444 669 2509 sculina,
712 2444 798 2498 vel
841 2443 1122 2510 feminina,
1163 2445 1249 2498 vel
1291 2447 1628 2510 communia;
1681 2447 1764 2500 hic
1804 2447 2028 2518 delphis,

438 2535 718 2605 delphinis,
766 2535 849 2587 hic
895 2534 1018 2588 Aris
1064 2536 1425 2605 (proprium),
1474 2537 1634 2606 hujus
1674 2537 1872 2602 Arinis,
1916 2533 2029 2593 haec

439 2626 644 2690 soteris,
677 2625 937 2691 soterinis,
965 2625 1048 2678 hic
1075 2625 1170 2679 Dis
1195 2625 1270 2696 (id
1298 2635 1404 2693 est,
1435 2628 1710 2697 prOprium
1739 2627 2028 2701 Plutonis),

440 2717 596 2786 hujus
628 2717 786 2782 Ditis,
821 2726 877 2772 et
913 2717 1000 2771 hic
1029 2726 1084 2773 et
1127 2719 1238 2772 hwc
1271 2721 1351 2773 dis
1383 2720 1827 2793 (appellativum),
1866 2722 2028 2792 hujus

439 2807 583 2871 ditis,
615 2807 725 2860 luec
765 2807 863 2872 vis,
907 2807 1068 2878 hujus
1109 2810 1204 2872 vis,
1234 2809 1318 2862 hic
1357 2808 1477 2878 glis,
1521 2809 1691 2880 yliris,
1721 2812 1806 2863 hic
1836 2820 1892 2867 et
1916 2811 2028 2866 luec

441 2898 674 2965 Samnis,
700 2897 976 2966 Samnitis,
1003 2900 1115 2954 lure
1144 2900 1228 2965 lis,
1257 2899 1384 2954 litis.
1416 2900 1471 2953 In
1503 2918 1559 2954 os
1587 2912 1892 2971 correptam
1918 2911 2028 2956 tam

438 2990 626 3046 Graeca
653 3007 814 3060 quam
838 2991 1052 3056 Latina,
1091 2993 1406 3058 masculina,
1434 3003 1643 3058 neutra,
1672 2993 1755 3047 vel
1781 3009 2028 3050 commu-

441 3088 547 3152 nia,
579 3089 662 3140 hic
701 3069 882 3153 Delos,
921 3087 1073 3154 Delei
1117 3105 1136 3142 :
1183 3098 1238 3143 et
1277 3089 1457 3142 omnia
1499 3085 1862 3157 corripiuntur
1889 3089 1945 3143 in
1971 3106 2029 3143 os

439 3177 735 3232 desinentia
782 3176 986 3242 Graeca,
1031 3194 1151 3247 quur.
1178 3180 1229 3233 iu
1261 3179 1500 3249 genitivo
1527 3179 1896 3250 diphthongon
1931 3181 2027 3234 ha-

2054 1899 2102 1958 B

2134 640 2292 695 nibus
2325 641 2433 707 his,
2463 643 2549 696 hic
2567 651 2622 697 et
2642 643 2752 698 haec
2772 660 2920 714 grus,
2942 654 2998 700 et
3017 647 3099 700 hic
3126 657 3180 701 et
3209 651 3320 703 lucc
3346 667 3456 714 sua,
3486 668 3610 721 quae
3631 661 3714 709 ta-

2134 740 2263 784 men‘
2297 729 2404 786 duo
2441 732 2497 792 in
2543 732 2777 803 obli'quis
2817 737 3205 807 corripiuntur,
3246 749 3301 794 et
3347 742 3508 812 hujus
3547 745 3715 814 gruis,

2132 819 2290 889 hujus
2313 822 2444 875 suis.
2473 820 2729 893 Virgilius
2756 825 2810 878 in
2843 844 2875 881 ι
2907 825 3166 882 IEneidos
3192 846 3207 883 :

2316 911 2599 974 Strymoniae
2629 916 2743 964 dant
2769 916 2905 979 signa
2929 931 3094 979 grues.
3126 955 3138 968 .
3166 956 3181 971 .
3206 956 3218 968 .
3244 956 3256 971 .

2131 987 2200 1044 Et
2230 989 2505 1060 Horatius,
2547 995 2867 1052 Sermonum
2897 998 2990 1055 lib.
3021 1016 3091 1055 n:

2321 1121 2331 1131 .
2376 1123 2400 1149 ._
2427 1119 2440 1135 .
2478 1123 2491 1135 .
2526 1088 2781 1149 Discerpta
2805 1090 3027 1141 ferentes

2255 1146 2476 1197 Membra
2501 1153 2638 1210 gruis
2661 1146 2812 1212 sparsi
2838 1151 2942 1201 sale
2965 1155 3116 1202 multo
3136 1167 3234 1203 non
3249 1156 3360 1206 sine
3379 1155 3513 1209 farre

2130 1223 2298 1280 Palus
2322 1242 2534 1299 quoque
2560 1230 2770 1299 paludis
2791 1228 3103 1304 Corripitur,
3134 1244 3192 1290 ut
3214 1238 3504 1309 Virgilius:

2262 1354 2276 1367 .
2319 1354 2330 1366 .
2371 1357 2382 1367 .
2419 1353 2437 1370 .
2471 1322 2768 1385 Sterilisque
2790 1325 2870 1373 diu
2899 1326 3050 1387 palus,
3077 1334 3288 1390 aptaque
3321 1332 3488 1380 remis.

2128 1397 2187 1452 In
2221 1416 2279 1468 ys
2308 1399 2495 1458 erca
2527 1404 2822 1460 masculina
2851 1407 2934 1482 vel
2971 1406 3228 1462 feminina
3257 1429 3269 1464 :
3298 1411 3382 1464 hic
3409 1413 3716 1481 amphibra-

2129 1493 2274 1563 chys,
2321 1484 2480 1563 huius
2513 1498 2930 1569 amphibrachys,
2975 1501 3059 1554 hic
3089 1519 3266 1572 capys,
3308 1503 3468 1574 hujus
3506 1509 3713 1577 capyis,

2131 1585 2241 1638 hwc
2278 1587 2541 1657 ierinnys,
2590 1590 2840 1660 erinnyis.
2889 1592 2946 1646 In
2999 1610 3070 1646 res
3115 1577 3489 1664 diphthongon
3544 1613 3716 1652 unum

2131 1674 2486 1730 masculinum
2524 1677 2795 1744 Latinum,
2841 1681 2923 1734 hic
2961 1699 3116 1747 pnes,
3158 1684 3316 1752 hujus
3354 1685 3568 1753 praedis,
3615 1688 3716 1740 hoc

2133 1780 2224 1829 (rs,
2255 1765 2413 1836 hujus
2440 1769 2582 1833 wris,
2626 1768 2779 1836 cujus
2800 1758 3091 1840 pluralium
3116 1773 3316 1842 obliqui
3347 1774 3400 1828 in
3430 1791 3559 1830 raro
3587 1784 3720 1832 sunt

2133 1870 2255 1920 usu,
2299 1864 2359 1910 ut
2391 1875 2520 1923 (era,
2561 1875 2809 1924 cerarum,
2855 1863 3065 1916 mribus.
3111 1862 3168 1917 In
3205 1880 3301 1918 aus
3342 1865 3717 1936 diphthongon

2131 1944 2322 2000 Latina
2352 1949 2455 2002 duo
2483 1947 2739 2003 feminina
2771 1969 2782 2002 :
2811 1951 2922 2004 hrec
2952 1951 3089 2017 laus,
3136 1952 3344 2018 laudis;
3390 1956 3502 2009 htec
3541 1957 3714 2025 fraus,

2133 2035 2354 2103 fraudis.
2394 2037 2452 2092 In
2478 2056 2570 2093 eus
2597 2041 2964 2113 diphthongon
2995 2044 3292 2100 desinentia
3338 2045 3525 2103 Graeca
3567 2060 3714 2117 sunt,

2131 2142 2191 2178 us
2222 2127 2276 2179 in
2299 2128 2316 2179 i
2340 2130 2599 2183 mutantia
2627 2131 2681 2184 in
2721 2133 2979 2202 genitivo,
3029 2141 3089 2187 ut
3117 2135 3205 2189 hic
3235 2134 3470 2202 Titheus,
3513 2137 3717 2205 Tithei;

2132 2214 2215 2268 vel
2240 2231 2330 2269 eus
2361 2217 2728 2288 diphthongon
2756 2220 2810 2274 in
2840 2238 2893 2274 es
2934 2222 3150 2291 longam
3180 2233 3420 2278 mutatur
3437 2228 3575 2296 apud
3604 2227 3715 2282 La-

2133 2305 2293 2369 tinos,
2316 2315 2374 2359 ut
2389 2308 2677 2380 excusse,
2693 2310 2947 2377 Achilles,
2976 2317 3197 2387 Περσεὺς
3219 2315 3432 2381 Perses,
3457 2320 3714 2386 οὺλιξεύς,

2132 2393 2336 2462 Ulixes,
2369 2395 2524 2464 cujus
2549 2400 2840 2470 genitivum
2869 2401 2922 2455 in
2956 2404 3003 2457 ei
3032 2405 3236 2473 profert
3281 2405 3506 2463 Ovidius
3539 2411 3590 2463 in
3619 2427 3718 2466 xw

2131 2482 2631 2556 Metamorphoseon
2657 2506 2670 2543 :

2251 2595 2473 2658 Neritos,
2501 2599 2752 2651 Macareus
2772 2615 2940 2655 comes
2963 2609 3273 2669 experientis
3296 2607 3460 2658 Ulixei
3486 2624 3499 2671 ;

2129 2711 2196 2752 ex
2226 2715 2333 2768 quo
2356 2711 2581 2769 apparet
2612 2702 2833 2760 Latinos
2874 2722 3087 2776 quoque
3126 2717 3233 2766 tam
3266 2711 3321 2765 in
3343 2728 3435 2766 eus
3463 2728 3626 2781 quam
3659 2715 3716 2768 in

2127 2808 2180 2846 es
2206 2792 2323 2848 haec
2349 2794 2562 2848 nomina
2596 2795 2780 2851 solitos
2809 2813 2926 2852 esse
2960 2800 3221 2868 proferre.
3262 2803 3319 2856 In
3363 2821 3460 2858 ans
3500 2821 3719 2874 quoque

2090 2885 2108 2938 “,
2127 2881 2211 2936 vel
2252 2882 2306 2936 in
2331 2900 2442 2950 ens,
2479 2884 2562 2939 vel
2589 2886 2642 2939 in
2666 2902 2777 2951 ons,
2806 2887 2890 2942 vel
2929 2888 2984 2942 in
3011 2907 3107 2944 uns
3138 2891 3437 2946 desinentia
3469 2895 3715 2962 nomina,

2127 2984 2342 3040 semper
2391 2973 2543 3026 etin
2597 2976 2929 3031 nominativo
2983 2980 3248 3047 positione
3301 2984 3717 3040 consonantium

2126 3062 2515 3131 producuntur,
2563 3073 2724 3133 atque
2750 3066 2874 3121 inde
2902 3069 2956 3121 in
2986 3071 3200 3126 caeteris
3217 3071 3442 3127 casibus
3481 3073 3596 3128 sive
3619 3090 3716 3145 pe-

2129 3151 2412 3206 nultimam
2466 3153 2579 3208 sive
2642 3157 3120 3225 antepenultimam
3177 3162 3443 3230 positione
3499 3177 3716 3233 semper

440 3268 674 3332 buerint,
711 3267 806 3320 hoc
837 3285 912 3334 os,
959 3267 1111 3336 hujus
1153 3269 1302 3331 ossis,
1337 3269 1478 3337 quod
1525 3268 1684 3322 etiam
1714 3269 1809 3321 hoc
1848 3286 2023 3323 assum
2054 3237 2098 3299 C
2131 3240 2675 3337 '°'fg?m_h‘_‘b_e"",e‘
2703 3248 2882 3300 omnia
2911 3257 3035 3302 sum
3065 3249 3274 3316 Latina,
3317 3262 3371 3306 ⁸⁸
3401 3254 3712 3331 masculini:

439 3359 644 3428 antiqui
691 3359 1048 3428 protulerant,
1087 3360 1170 3412 hic
1218 3368 1271 3414 et
1300 3360 1442 3426 .hwc
1473 3376 1702 3429 compos,
1749 3362 2021 3430 compotis.

440 3449 646 3505 Seneca
691 3450 746 3503 in
777 3450 1001 3504 thdra
1031 3466 1045 3504 :
1078 3460 1310 3520 compote
1339 3460 1492 3515 voto;
1537 3457 1592 3505 et
1621 3459 1706 3505 est
1747 3451 2022 3506 adonium.

440 3540 493 3594 in
527 3559 581 3594 os
611 3541 928 3609 productam
958 3539 1146 3596 Graeca
1173 3549 1228 3596 et
1271 3541 1464 3596 Latina
1496 3541 1798 3607 masculini,
1829 3543 1912 3596 vel
1942 3541 2024 3597 fe-

439 3629 650 3694 minini,
682 3630 768 3683 vel
795 3632 1120 3696 comnnmis,
1148 3631 1235 3685 vel
1264 3633 1440 3686 neutri
1469 3633 1706 3703 generis,
1736 3634 1820 3686 hic
1849 3634 2024 3698 heros,

438 3719 596 3787 hujus
640 3719 830 3784 herois,
876 3721 959 3773 hic
991 3737 1163 3790 nepos,
1197 3722 1419 3792 nepotis,
1448 3723 1559 3776 hn’c
1585 3724 1698 3789 dos,
1727 3723 1884 3788 dotis,
1915 3724 2026 3777 htec

439 3825 539 3870 cos,
587 3811 733 3873 cotis,
777 3810 860 3863 hic
903 3810 1064 3879 lepos,
1105 3811 1315 3881 leporis,
1356 3830 1467 3866 mos
1497 3815 1679 3877 moris,
1721 3816 1818 3882 [los
1857 3815 2023 3882 ﬂoris,

441 3915 524 3950 ros
551 3898 708 3963 roris,
751 3899 833 3950 hic
860 3907 914 3953 et
944 3899 1054 3952 haec
1082 3899 1193 3964 bos,
1224 3899 1363 3954 bovis
1389 3901 1552 3971 (quod
1581 3903 1634 3955 in
1664 3901 1901 3972 genitivo
1933 3917 2028 3970 pc-

441 3986 722 4041 nultimam
750 3987 1016 4058 corripit),
1047 3989 1140 4042 hos
1183 4005 1261 4054 os,
1298 3991 1425 4055 oris,
1456 3991 1558 4043 'hic
1589 4000 1643 4044 et
1687 3992 1799 4044 lucc
1828 4000 2024 4057 custos,

440 4079 688 4141 custodis,
719 4079 800 4131 hic
826 4088 880 4132 et
906 4079 1015 4132 lucc
1044 4080 1308 4146 sacerdos,
1341 4082 1648 4147 sacerdotis,
1673 4084 1838 4152 impos
1865 4083 2028 4153 impo-

441 4169 525 4222 tis.
557 4169 613 4221 ln
643 4186 705 4222 us
731 4179 1036 4239 correptam
1062 4171 1277 4234 Latina,
1310 4174 1611 4236 masculini,
1639 4174 1722 4227 vel
1757 4174 2026 4240 feminini,

443 4262 522 4315 vel
550 4262 749 4325 neutri,
779 4262 860 4316 vel
885 4263 1205 4327 communis,
1237 4263 1400 4318 duum
1427 4266 1512 4318 vel
1543 4265 1703 4318 trium
1730 4279 1986 4335 generum
2011 4284 2023 4320 :

441 4353 523 4409 hic
553 4351 717 4423 lepus,
761 4355 844 4407 hic
882 4354 1020 4423 pius,
1061 4367 1291 4420 sanctus,
1328 4357 1526 4424 justus,
1570 4357 1781 4426 dignus,
1812 4359 1922 4412 htec
1956 4377 2032 4413 ve-

441 4458 561 4509 nus,
589 4444 699 4494 luec
725 4459 928 4505 atauus,
961 4443 1056 4495 hoc
1097 4453 1316 4513 tempus,
1349 4462 1550 4512 nemus,
1596 4463 1804 4513 munus,
1850 4448 1936 4500 hic
1977 4456 2030 4502 et

440 4531 550 4584 htec
576 4529 760 4599 Ligur,
790 4529 1021 4600 Liguria,
1052 4533 1135 4584 hic
1165 4541 1216 4586 et
1256 4534 1367 4586 htec
1409 4543 1464 4588 et
1501 4535 1598 4586 hoc
1626 4547 1790 4602 vetus,
1820 4539 2019 4592 veteris.

440 4617 498 4672 in
542 4635 603 4671 us
638 4618 956 4686 productam
984 4617 1171 4673 Graeca
1210 4619 1505 4674 masculina
1551 4631 1695 4686 sunt,
1735 4640 1854 4690 quae
1885 4626 2025 4693 apud

442 4708 659 4764 Graecos
703 4710 758 4763 in
801 4709 894 4764 dos
928 4709 1120 4782 lipiunt
1149 4711 1467 4781 genitivum,
1513 4713 1651 4780 apud
1683 4712 1900 4768 Latinos
1931 4717 2025 4770 dos

422 4800 493 4853 'in
542 4800 622 4852 dis
671 4808 1007 4866 convertunt,
1063 4811 1123 4855 ul
1166 4801 1425 4866 Οἰδίπους,
1471 4811 1560 4874 τοῦ
1607 4803 1896 4872 Οἰδίποδος,
1941 4807 2024 4859 hic

441 4892 699 4964 (Edipus,
727 4893 884 4963 hujus
920 4891 1242 4964 (Edipodis;
1261 4895 1345 4948 hic
1375 4893 1688 4965 Melampus,
1717 4897 1876 4966 hujus
1917 4896 2027 4951 Με-

440 4985 718 5055 lampodis.
755 4984 944 5040 Latina
985 4971 1137 5051 vero,
1171 5002 1289 5055 qua:
1331 4987 1386 5040 in
1431 5002 1592 5055 supra
1624 4987 1823 5042 dictam
1868 4987 2026 5058 sylla-

440 5077 584 5142 bam,
620 5077 672 5130 id
700 5085 783 5130 est
811 5095 871 5131 us
900 5079 1215 5146 productam
1243 5077 1512 5141 desinunt,
1542 5079 1658 5132 sine
1685 5079 1847 5133 dubio
1877 5079 2026 5134 femi-

441 5167 566 5221 nina
599 5175 724 5222 sunt
750 5174 804 5220 et
834 5166 1007 5221 tertiae
1035 5165 1429 5230 declinationis,
1473 5181 1593 5234 quae
1616 5173 1670 5218 et
1711 5167 1766 5219 in
1790 5167 2024 5236 obliquis

439 5257 790 5328 penultimam
819 5273 852 5308 u
892 5257 1213 5326 producunt,
1244 5265 1302 5309 ut
1324 5257 1435 5309 haec
1461 5257 1704 5321 servitus,
1740 5260 2018 5324 servitutis,

441 5359 695 5414 senectus,
719 5335 1014 5409 senectutis,
1033 5347 1298 5417 juventus,
1319 5347 1630 5416 juventutis,
1661 5346 1835 5412 tellus,
1870 5349 2023 5402 tellu-

441 5441 537 5503 ris;
558 5440 760 5493 nullum
784 5438 928 5494 enim
952 5438 1200 5491 Latinum
1227 5436 1603 5501 masculinum,
1622 5451 1721 5489 nec
1743 5447 2018 5504 neutrum,

441 5543 543 5584 nec
563 5543 864 5594 commune,
891 5529 942 5582 in
967 5545 1026 5582 us
1054 5528 1368 5598 productam
1399 5527 1610 5591 desinit,
1643 5528 1882 5595 exceptis
1911 5529 2017 5593 his,

445 5637 609 5676 unum
641 5622 919 5690 epicceuon
966 5620 1095 5692 [uno
1119 5617 1408 5691 epicoeno],
1443 5619 1586 5687 quod
1618 5635 1648 5673 a
1683 5617 1873 5673 Graeco
1907 5637 2022 5675 mu-

447 5713 580 5768 tavit
608 5730 640 5782 y
674 5712 728 5766 in
756 5729 789 5765 u
821 5711 1062 5782 longam,
1091 5721 1150 5766 ut
1179 5712 1261 5764 hic
1290 5727 1424 5776 mus,
1453 5711 1617 5762 muris
1653 5709 1845 5782 (Graeci
1875 5712 2018 5765 enim

2125 3331 2211 3385 vel
2241 3331 2504 3397 feminini,
2536 3333 2620 3387 vel
2646 3339 2947 3393 communis
2982 3342 3215 3410 generis,
3258 3353 3315 3396 ut
3343 3343 3426 3396 hic
3455 3345 3711 3413 dodrans,

2126 3421 2424 3491 quadrans;
2459 3423 2570 3476 haec
2600 3424 2772 3494 glans,
2817 3426 3062 3496 glandis;
3083 3430 3168 3484 hic
3192 3440 3248 3485 et
3281 3433 3392 3485 hcec
3425 3442 3478 3487 et
3505 3434 3600 3488 hoc
3629 3436 3714 3488 in-~

2127 3511 2281 3580 fans;
2309 3513 2393 3565 hic
2415 3513 2586 3582 ufens,
2614 3515 2726 3569 haec
2763 3533 2927 3582 mens,
2969 3520 3052 3572 hic
3076 3528 3132 3574 et
3171 3521 3282 3574 hare
3308 3538 3521 3590 parens,
3549 3524 3630 3576 hic
3657 3533 3715 3580 et

2126 3602 2237 3657 htec
2276 3603 2452 3659 ethoc
2490 3606 2750 3674 prudens,
2797 3610 3021 3677 sapiens,
3059 3611 3144 3664 hic
3185 3628 3354 3679 mons,
3391 3614 3504 3668 haec
3541 3615 3711 3684 frons,

2125 3700 2209 3752 hic
2235 3708 2292 3753 et
2314 3699 2425 3753 luet:
2453 3708 2508 3754 et
2535 3701 2630 3754 hoc
2657 3702 2855 3765 insons,
2898 3712 2951 3759 et
2983 3721 3105 3760 sons
3136 3707 3329 3772 sontis,
3369 3709 3452 3760 hic
3494 3727 3707 3776 arruns.

2129 3789 2389 3843 Similiter
2419 3799 2472 3844 et
2513 3790 2566 3844 in
2596 3808 2715 3857 ars,
2755 3793 2840 3847 vel
2873 3794 2926 3848 in
2971 3812 3083 3862 ers,
3127 3797 3211 3851 vel
3239 3814 3348 3863 ors,
3381 3798 3465 3853 vel
3506 3799 3562 3853 in
3590 3817 3710 3867 ura,

2125 3873 2211 3935 Vel
2243 3881 2299 3935 in
2325 3881 2427 3946 uls,
2458 3883 2803 3937 terminautia
2833 3886 3098 3954 positione
3125 3886 3281 3958 longa
3310 3897 3456 3954 sunt,
3500 3899 3556 3944 et
3579 3898 3709 3946 sunt

2127 3971 2316 4026 Latina
2348 3975 2649 4038 masculini,
2698 3974 2782 4028 vel
2810 3974 3071 4038 feminini,
3102 3977 3183 4031 vel
3211 3979 3515 4034 communis
3543 3995 3706 4050 gene-

2127 4065 2222 4126 ris,
2248 4072 2306 4117 ut
2341 4064 2422 4118 hic
2467 4065 2636 4131 Mars,
2683 4067 2795 4120 lucc
2836 4084 2942 4132 ars,
2981 4068 3063 4121 hic
3091 4077 3145 4122 ct
3183 4071 3292 4123 haec
3334 4072 3510 4126 ethoc
3539 4075 3704 4140 iners,

2127 4154 2329 4218 inertis,
2358 4153 2439 4206 hic
2464 4153 2692 4219 Mavors,
2743 4157 2852 4210 hazc
2878 4157 3083 4221 cohors,
3107 4160 3218 4214 htec
3243 4176 3377 4220 sors,
3410 4163 3494 4215 hic
3517 4171 3573 4216 et
3596 4165 3708 4218 hare

2127 4244 2300 4296 ethoc
2343 4261 2574 4310 concors,
2610 4248 2694 4298 hic
2737 4255 2790 4301 et
2824 4249 2934 4301 hwc
2980 4258 3030 4304 et
3071 4252 3167 4304 hoc
3201 4251 3408 4317 Tiburs,
3456 4254 3706 4320 Tiburtis,

2128 4335 2269 4401 quod
2294 4343 2472 4389 tamen
2497 4346 2548 4390 et
2579 4337 2774 4405 gentile
2805 4346 2886 4392 est
2911 4355 2924 4403 ;
2952 4340 3064 4392 lucc
3084 4341 3221 4410 puls,
3259 4345 3418 4413 hujus
3439 4345 3621 4415 pultis.
3649 4347 3707 4401 lu

2126 4443 2232 4482 ems
2258 4437 2562 4497 correptam
2606 4427 3134 4496 unuml‘emininum,
3177 4434 3286 4488 hwc
3313 4437 3495 4490 hiems.
3532 4437 3709 4508 Virgi-

2128 4519 2232 4574 lius
2258 4519 2311 4573 in
2333 4534 2350 4572 ι
2376 4518 2571 4589 Georg.
2601 4538 2613 4572 :

2250 4628 2458 4678 Humida
2480 4629 2684 4679 solstitia
2708 4638 2858 4693 atque
2883 4630 3076 4682 hiemes
3097 4641 3236 4685 orate
3258 4647 3463 4686 serenas

2127 4733 2183 4786 in
2214 4735 2304 4786 abs
2345 4734 2559 4786 brevem
2587 4735 2774 4789 Grazca
2805 4746 2858 4790 et
2884 4737 3075 4792 Latina
3121 4741 3417 4793 masculina
3457 4751 3512 4795 ct
3550 4743 3703 4797 femi-

2111 4829 2291 4888 nina:
2327 4826 2410 4878 hic
2461 4826 2646 4892 Arabs,
2694 4828 2917 4895 Arabis;
2962 4831 3073 4885 lure
3115 4834 3276 4899 trabs,
3322 4835 3506 4888 trabis.
3554 4833 3702 4904 Virg.

2127 4918 2180 4971 in
2202 4933 2240 4971 ιι
2268 4915 2462 4981 Georg.
2492 4935 2505 4970 :

2257 5025 2482 5087 ansque
2508 5026 2677 5076 domos
2697 5028 2909 5077 Arabum
2933 5030 3182 5092 pictosque
3207 5029 3436 5084 Gelonos.

2123 5130 2182 5184 ln
2204 5131 2289 5184 ebs
2320 5139 2620 5199 correptam
2664 5131 2856 5185 Latina
2880 5134 3057 5187 omnis
3095 5135 3348 5202 generis:
3378 5135 3463 5186 hic
3495 5143 3550 5188 et
3589 5136 3701 5190 lucc

2123 5229 2178 5276 et
2203 5223 2299 5275 hoc
2333 5223 2534 5288 crclebs,
2566 5224 2724 5292 hujus
2754 5225 2965 5277 cwlibis.
2995 5225 3049 5278 in
3081 5226 3167 5279 ebs
3191 5229 3509 5295 productam
3533 5244 3699 5283 unum

2120 5305 2439 5367 femininum
2484 5315 2732 5367 Latinum
2784 5316 2893 5368 haec
2940 5316 3099 5385 plebs.
3143 5317 3199 5371 in
3251 5318 3342 5372 obs
3387 5329 3696 5387 correptam

2121 5400 2380 5456 feminina
2404 5404 2594 5457 Latina
2617 5405 2727 5458 haec
2755 5406 2930 5472 scobs,
2956 5409 3142 5472 scobis,
3170 5418 3224 5463 et
3252 5410 3448 5473 scrobs,
3477 5412 3670 5466 scrobis

2122 5492 2270 5564 Virg.
2305 5495 2357 5547 in
2388 5511 2425 5547 ιι
2457 5495 2842 5564 Gcorgicorum
2880 5517 2892 5552 :

2243 5606 2306 5657 Et
2323 5609 2578 5657 scrobibus
2602 5614 2853 5668 superavit
2879 5617 3007 5658 terra
3031 5609 3254 5671 repletis.

2117 5708 2177 5764 in
2207 5710 2296 5780 ybs
2333 5711 2548 5764 brevem
2578 5726 2744 5764 unum
2769 5709 3126 5765 masculinum
3161 5728 3174 5764 :
3204 5712 3287 5766 hic
3317 5709 3566 5785 Chalybs,
3595 5715 3695 5770 ltu-

451 5813 547 5879 μῡς
591 5802 877 5875 scribunt),
922 5813 976 5858 et
1024 5804 1230 5858 neutris
1272 5803 1377 5868 his,
1425 5802 1520 5856 hoc
1560 5819 1667 5856 rus.
1713 5804 1870 5858 ruris.
1897 5821 2017 5859 crus
2109 5801 2204 5869 jus
2230 5797 2494 5870 Chalybis.
2526 5800 2673 5871 Virg.
2700 5802 2756 5855 in
2783 5817 2799 5856 ι
2824 5801 3017 5872 Georg.
3051 5821 3063 5833 -
