3918 6322
165 313 262 368 64!

290 425 353 473 At
375 421 614 482 Chalybes
631 420 747 468 nudi
768 417 973 479 ferrum,
997 421 1256 480 virosaque
1282 417 1465 467 Pontus

289 486 594 534 Castoreum.
632 519 644 530 .
681 519 692 529 .

164 569 221 623 ιιι
264 568 389 622 urbs
437 580 602 621 unum
642 563 986 628 femininum,
1037 564 1177 634 quod
1228 563 1550 632 positionem
1591 576 1742 616 suam

165 663 217 716 in
266 660 501 730 obliquis
551 667 762 724 servat,
811 659 922 711 ha'c
970 656 1114 721 urbs,
1163 655 1334 709 urbis.
1381 653 1439 707 In
1490 670 1581 723 aps
1626 667 1745 706 cor-

163 762 376 824 reptam
407 768 572 806 unum
602 751 942 826 femininum,
975 750 1085 802 hac
1113 749 1265 818 daps,
1302 745 1461 816 hujus
1489 744 1656 813 dapis.
1686 743 1744 798 In

162 865 250 918 eps
277 855 583 916 correptam
608 842 890 898 masculini
922 850 978 897 et
1001 841 1178 896 omnis
1208 837 1423 910 generis
1440 877 1454 900 ,
1479 837 1561 889 hic
1591 853 1741 889 man-

163 954 301 1007 ceps,
334 936 627 1003 mancipis;
659 933 740 986 hic
769 941 823 987 et
847 933 957 986 hazc
994 939 1050 986 et
1077 931 1172 983 hoc
1208 927 1486 998 particeps,
1526 927 1742 996 partici-

159 1028 274 1096 pis;
304 1027 462 1095 adeps
488 1025 573 1079 vel
603 1024 802 1094 adipes,
844 1023 1034 1094 adipis,
1083 1021 1174 1091 qui
1202 1020 1254 1073 in
1288 1027 1518 1087 utroque
1548 1023 1745 1086 genere

161 1117 455 1172 invenitur.
487 1114 660 1169 Varro
681 1115 734 1169 in
758 1131 795 1168 ιι
823 1114 1024 1168 Rerum
1046 1111 1395 1172 rusticarum,
1425 1108 1603 1178 adipes
1629 1107 1740 1161 illa.

157 1205 217 1262 In
259 1225 350 1277 ops
392 1207 712 1277 productum
751 1205 1005 1260 Latinum
1047 1202 1365 1257 femininum
1400 1215 1589 1263 unum,
1633 1200 1744 1252 hazc

161 1296 300 1368 Ops,
341 1299 500 1367 hujus
538 1296 698 1368 Opis,
740 1297 798 1355 id
834 1304 917 1352 est
961 1302 1135 1349 mater
1171 1293 1363 1347 Deum.
1394 1291 1651 1362 Virgilius
1688 1290 1741 1343 in

157 1388 358 1460 Georg.
390 1405 443 1442 IV
471 1405 487 1443 :

292 1501 453 1563 Atque
476 1499 697 1563 Ephyre,
725 1505 872 1563 atque
897 1499 1038 1562 Opis,
1063 1507 1213 1561 atque
1231 1498 1345 1548 Asia
1369 1497 1626 1559 Deiopeia.

159 1609 228 1662 Et
254 1610 309 1662 in
343 1625 434 1677 ops
456 1609 677 1662 brevem
702 1621 868 1661 unum
897 1620 1203 1675 commune,
1233 1605 1315 1657 hic
1355 1612 1408 1655 et
1437 1602 1546 1654 hwc
1568 1611 1622 1655 et
1647 1602 1744 1653 hoc

156 1718 271 1769 ops,
302 1701 434 1770 opis,
466 1700 608 1768 quod
634 1699 904 1770 signiﬁcat
927 1698 1174 1768 copiam;
1207 1712 1274 1750 ex
1308 1711 1373 1750 eo
1405 1692 1745 1762 componitur

978 293 1366 363 EXCERPTIO
1401 305 1488 360 DE
1523 303 1711 359 ann:
1747 297 2198 358 GRAMMATICA
2231 297 2590 356 PRISCIANI.

1768 417 1822 476 Α
1847 413 1971 468 licet
1996 413 2317 482 positionem
2362 428 2572 482 semper
2601 413 2865 477 habeant,
2904 421 3078 468 tamen
3111 414 3236 482 quia
3265 429 3295 466 a
3325 429 3418 467 no—

3311 299 3415 354 642

1846 519 1934 556 eeo
1958 503 2124 558 verbo
2149 519 2254 558 nox
2284 504 2494 557 venisse
2522 504 2718 559 dicitur
2737 545 2752 568 ,
2784 503 2999 558 brevem
3028 504 3151 558 inde
3177 503 3281 558 hoc
3324 518 3418 556 na-

1848 601 1966 648 tura
1996 593 2236 647 vocalem
2287 595 2485 649 babere
2521 595 2858 666 intelligitur.
2904 594 2971 649 In
3005 612 3072 649 ox
3102 595 3418 665 productam

1845 680 2087 734 feminini
2120 680 2201 734 vel
2239 682 2415 758 omnis
2459 693 2472 734 :
2504 683 2615 736 lucc
2658 699 2774 748 vox,
2807 682 2967 747 vocis,
3005 684 3087 736 hic
3128 692 3186 737 et
3222 684 3332 737 lavo
3368 692 3424 737 et

1845 773 1940 826 hoc
1968 772 2147 836 velox,
2192 771 2410 838 velocis,
2441 773 2617 840 ferox,
2649 774 2836 842 ferocis
2857 814 2871 838 ,
2905 785 3086 838 atrox,
3120 775 3330 828 atrocis.
3363 775 3418 828 In

1844 881 1916 919 ux
1941 873 2242 933 correptam
2281 865 2508 920 barbara
2544 867 2625 919 vel
2665 867 2859 920 Latina
2897 866 3193 921 masculina
3220 867 3305 920 vel
3338 867 3419 921 fe-

1845 953 2047 1008 minina
2081 962 2139 1008 ut
2161 954 2243 1007 hic
2273 953 2462 1019 volux,
2493 954 2716 1020 volucis,
2756 955 2866 1008 haec
2902 971 3031 1019 nux,
3069 957 3234 1018 nucis,
3269 972 3419 1022 crux,

1843 1044 2036 1108 crucis,
2085 1045 2169 1098 hic
2215 1052 2270 1098 et
2293 1044 2404 1098 lucc
2444 1046 2571 1110 dux,
2626 1045 2796 1110 ducis,
2849 1055 2990 1111 trux,
3039 1048 3217 1100 trucis.
3258 1048 3315 1102 In
3349 1065 3422 1102 ux

1842 1135 2158 1203 productam
2190 1135 2574 1200 masculinum,
2607 1136 2690 1189 hic
2740 1134 2937 1189 Pollux
2971 1134 3240 1202 Pollucis;
3270 1137 3425 1191 femi-

1844 1225 2052 1290 ninum,
2076 1225 2168 1278 lux
2200 1225 2351 1279 lucis.
2380 1225 2436 1278 ln
2464 1242 2534 1296 yx
2577 1237 2882 1297 correptam
2917 1226 3105 1282 Grzeca
3149 1236 3254 1282 tam
3285 1244 3427 1283 mas-

1844 1316 2021 1370 culina
2069 1331 2230 1384 quam
2277 1315 2530 1370 feminina
2571 1317 2698 1370 :hic
2742 1318 2964 1386 sandyx,
3007 1319 3271 1388 sandycis,
3314 1321 3424 1372 ha‘c

1844 1415 1986 1475 styx,
2011 1407 2184 1474 stycis.
2211 1405 2265 1458 In
2291 1421 2408 1470 aex,
2431 1406 2514 1459 vel
2536 1407 2589 1459 in
2619 1423 2744 1470 aux,
2775 1407 2858 1460 vel
2888 1407 2939 1460 in
2964 1407 3074 1473 alx,
3104 1408 3187 1462 vel
3218 1409 3271 1461 in
3296 1425 3425 1473 anx,

1847 1496 2146 1550 desinentia
2195 1495 2385 1549 Latina
2427 1497 2771 1550 et'feminina
2818 1508 2962 1562 sunt,
3005 1508 3059 1552 et
3094 1514 3306 1569 semper
3345 1499 3428 1554 vel

1847 1584 2174 1654 diphthongo
2196 1585 2276 1638 vel
2301 1585 2569 1654 positione
2592 1586 2745 1656 longa
2769 1598 2893 1641 sunt
2919 1606 2930 1641 :
2955 1589 3065 1642 lucc
3093 1589 3220 1657 ftvx,
3258 1589 3425 1659 faecis,

1849 1677 1958 1730 htvc
1990 1677 2141 1745 faux,
2173 1678 2361 1746 faucis,
2399 1680 2508 1732 ha'c
2544 1679 2679 1747 falx,
2708 1679 2883 1748 falcis,
2919 1683 3028 1735 htcc
3053 1682 3198 1746 lanx,
3240 1683 3425 1737 lancis.

155 1793 242 1844 hic
281 1801 336 1845 et
369 1797 479 1844 [nec
512 1798 566 1844 et
607 1791 703 1844 hoc
738 1791 908 1860 inops,
958 1789 1146 1856 inopis.
1193 1785 1546 1840 Inveniuntur
1589 1790 1644 1836 et
1689 1781 1742 1834 iu

1848 1767 1902 1821 In
1945 1783 2052 1820 unx
2093 1784 2257 1821 unum
2299 1767 2602 1833 commune,
2634 1771 2718 1822 hic
2753 1778 2806 1824 et
2841 1772 2953 1824 lucc
2997 1772 3431 1841 conjunx:quod

154 1885 261 1939 hac
296 1883 678 1938 terminatione
713 1881 897 1936 Graeca
942 1879 1239 1934 masculina
1261 1919 1275 1941 ,
1317 1885 1376 1929 ut
1412 1876 1494 1927 hic
1533 1873 1738 1942 Pelops,

153 1974 433 2038 zEtItiOps,
455 1974 701 2044 hydrops,
735 1989 959 2042 merops,
996 1971 1154 2040 hujus
1179 1967 1410 2037 Pel0pis,
1452 1965 1741 2036 zEt/tiopis,

152 2066 434 2134 hydropis,
461 2065 702 2133 meropis.
731 2064 980 2118 Lucanus
1007 2063 1058 2115 in
1077 2077 1129 2114 v1
1162 2078 1175 2115 :

296 2175 396 2223 Aut
420 2173 617 2235 Pelopis
634 2172 745 2221 latis
766 2172 993 2234 Ephyren
1017 2172 1311 2232 abrumpere
1334 2171 1515 2231 regnis.

157 2277 314 2347 Virg.
349 2279 402 2332 in
434 2293 472 2330 ιι
502 2276 734 2346 Georg:

291 2390 422 2450 Quid
446 2402 646 2440 nemora
670 2387 946 2450 Ethiopum
968 2386 1098 2437 molli
1123 2387 1346 2436 canentia
1369 2383 1492 2433 lana.

152 2497 306 2551 Idem
339 2497 392 2550 in
424 2512 481 2550 ιιι
517 2514 530 2550 :

265 2607 542 2669 Pinguibus
564 2607 626 2655 ab
649 2606 853 2656 stabulis
875 2619 1206 2669 meropesque
1227 2604 1433 2666 aliaeque
1455 2601 1694 2652 volucres.

149 2708 210 2762 In
245 2726 342 2779 yps
372 2711 688 2778 productam
731 2708 937 2774 Graeca,
979 2718 1040 2763 ut
1063 2711 1264 2778 cinyps,
1305 2707 1560 2776 cingphis.
1591 2704 1740 2774 Virg.

148 2802 209 2856 in
243 2818 304 2856 ιιι
343 2803 540 2874 Georg.
574 2821 587 2856 :

326 2912 430 2962 Nec
454 2916 610 2962 minus
635 2915 823 2963 interea
844 2913 1019 2961 barbas
1039 2915 1302 2972 incanaque
1328 2915 1491 2959 menta

325 2975 546 3035 Cinyphii
571 2977 772 3024 tondent
806 2975 948 3033 hirci,
971 2983 1202 3033 sciasque
1227 2980 1490 3021 comantes.

225 3077 286 3130 ln
330 3079 439 3147 irps
475 3094 642 3131 unum
671 3077 923 3131 Latinum
954 3092 1167 3145 semper
1193 3075 1461 3146 positione
1499 3073 1737 3142 longum,
1770 3117 1814 3177 Ο

146 3169 239 3221 hic
267 3180 324 3220 et
357 3168 469 3221 hinc
523 3169 701 3238 stirps,
742 3169 940 3237 stirpis.
982 3167 1040 3220 in
1072 3178 1089 3220 t
1118 3183 1283 3220 unum
1325 3174 1575 3219 neutrum
1624 3180 1742 3219 cor-

147 3266 392 3326 reptum,
432 3267 490 3310 ut
518 3259 613 3310 hoc
651 3269 824 3326 caput,
868 3260 1075 3326 capitis.
1116 3258 1171 3310 ln
1203 3273 1272 3309 ax
1303 3263 1606 3322 correptam
1639 3252 1743 3306 La-

147 3345 268 3399 tina
291 3354 352 3398 et
383 3343 568 3399 Graeca
591 3355 716 3399 sunt
745 3345 1068 3410 masculina,
1100 3345 1184 3399 vel
1208 3345 1485 3407 feminina,
1517 3343 1601 3397 vel
1630 3357 1730 3396 om.

147 3435 260 3497 nis,
299 3435 387 3487 hic
419 3432 622 3500 Pheax,
653 3433 892 3499 Pheacis,
924 3435 1085 3504 Ajax,
1108 3435 1309 3503 Ajacis,
1335 3433 1446 3485 haec
1482 3448 1608 3500 pax,
1647 3447 1743 3497 pa-

147 3526 252 3588 cis,
293 3525 381 3576 hic
405 3533 462 3578 et
482 3525 592 3579 lucc
620 3533 674 3579 et
700 3526 798 3578 hoc
828 3515 1028 3590 audax,
1064 3525 1316 3585 audacis;
1350 3539 1534 3592 capax,
1579 3521 1747 3591 pervi-

147 3630 275 3676 cax,
305 3629 492 3681 rapax,
522 3613 709 3681 fallax,
733 3613 928 3682 pellax,
955 3630 1138 3677 vorax,
1165 3622 1342 3676 tenax,
1359 3627 1531 3673 emax,
1560 3626 1744 3678 sagax.

145 3703 208 3758 In
239 3719 307 3756 ex
337 3712 642 3773 correptam
669 3703 855 3759 Grzeca
885 3713 939 3758 et
975 3703 1189 3768 Latina,
1227 3701 1548 3766 masculina,
1590 3708 1645 3754 et
1672 3699 1747 3754 fe-

146 3794 406 3858 minina,
447 3802 503 3847 et
542 3796 848 3848 communia
903 3796 1066 3848 trium
1109 3809 1408 3864 generum:
1440 3795 1550 3845 hazc
1591 3790 1743 3855 lelex,

144 3883 369 3955 (elegis;
394 3886 478 3937 hic
496 3902 640 3954 grex,
666 3886 870 3955 gregis;
893 3901 1045 3954 apex,
1069 3886 1251 3955 apicis,
1282 3885 1394 3938 haec
1423 3883 1550 3949 ilex,
1586 3883 1742 3947 ilicis,

145 3976 238 4028 hic
262 3984 321 4029 et
348 3975 459 4027 haec
479 3985 533 4027 et
558 3975 653 4028 hoc
673 3975 886 4043 artifex,
916 3976 1154 4043 artiﬁcis.
1187 3975 1243 4028 ln
1268 3991 1332 4028 ex
1353 3974 1616 4043 producta
1641 3972 1745 4026 La-

146 4067 273 4120 tina
326 4066 626 4120 masculina
676 4075 731 4120 et
777 4066 1032 4120 feminina
1085 4075 1244 4132 sunt,
1300 4067 1385 4120 vel
1439 4067 1746 4120 communia

145 4158 324 4211 trium
355 4172 647 4226 generum:
679 4158 761 4210 hic
792 4174 904 4221 rex,
936 4158 1092 4226 hujus
1127 4159 1282 4228 regis,
1311 4157 1421 4211 hwc
1451 4156 1553 4220 lex,
1584 4156 1746 4226 legis;

143 4249 236 4302 hic
268 4257 326 4302 et
357 4234 546 4301 ha’c'et
569 4248 666 4301 hoc
693 4247 862 4311 exlex,
886 4247 1095 4317 exlegis.
1131 4247 1190 4300 1n
1217 4248 1273 4299 ix
1303 4255 1606 4315 correptam
1639 4245 1746 4298 La-

144 4337 271 4391 tina
304 4337 604 4391 masculina
632 4337 714 4390 vel
740 4337 1001 4390 feminina
1026 4345 1085 4389 ut.
1119 4338 1200 4390 hic
1225 4337 1384 4401 calix,
1415 4337 1626 4401 colicis;
1662 4337 1744 4390 hic

1848 1872 2028 1915 tamen
2053 1859 2105 1913 in
2134 1860 2366 1930 obliquis
2385 1862 2701 1929 corripitur,
2737 1872 2797 1916 ut
2828 1864 2987 1932 hujus
3008 1865 3278 1933 conjugis,
3307 1865 3428 1917 huic

1846 1951 2076 2020 conjugi,
2104 1960 2208 2006 etc.
2243 1951 2300 2004 In
2337 1969 2434 2006 arx
2462 1969 2629 2007 unum
2671 1953 2988 2008 femininum
3026 1972 3238 2026 semper
3281 1960 3422 2027 posiv

1849 2041 1993 2094 tione
2015 2041 2254 2111 longum,
2301 2043 2410 2097 haec
2443 2061 2558 2106 arx,
2605 2061 2760 2097 arcis.
2803 2044 2911 2099 Has
2940 2055 3119 2100 autem
3161 2047 3283 2103 ideo
3318 2049 3429 2104 dixi

1846 2135 2106 2200 quasdam
2149 2137 2555 2190 terminationes
2584 2138 2898 2192 nominativi
2928 2141 3126 2208 partim
3165 2157 3282 2197 esse
3305 2159 3427 2198 cor-

1846 2230 2049 2290 reptas,
2108 2223 2304 2290 partim
2349 2225 2663 2292 productas,
2712 2225 2840 2302 licet
2892 2229 3158 2296 positione
3218 2243 3430 2302 semper

1845 2309 2015 2378 longae
2044 2309 2176 2374 sint,
2217 2321 2277 2364 ut
2303 2319 2507 2366 naturae
2543 2329 2727 2370 earum
2765 2316 2999 2388 qualitas
3035 2319 3344 2388 patefieret,
3371 2329 3426 2376 et

1847 2399 1904 2452 in
1932 2397 2188 2469 obliquis,
2219 2401 2311 2455 ubi
2335 2402 2452 2456 sine
2477 2403 2740 2471 position'e
2766 2413 2891 2459 sunt
2927 2407 3421 2465 manifestarentur.

2345 2556 2421 2611 De
2449 2557 2669 2630 obliquis
2701 2562 2929 2617 casibus.

1917 2688 2197 2744 Genitivus
2219 2690 2504 2761 singularis
2525 2697 2734 2762 primae,
2759 2696 2844 2750 vel
2867 2699 3133 2765 secundae,
3155 2699 3239 2760 vel
3261 2715 3428 2772 quar-

1847 2789 1936 2846 tas,
1951 2781 2035 2836 vel
2058 2782 2258 2851 quintae
2280 2783 2654 2841 declinationis
2674 2787 2728 2841 in
2753 2789 2939 2842 ultima
2963 2792 3302 2859 producitur,
3324 2802 3384 2847 ut
3410 2811 3424 2847 :

1847 2873 2005 2942 hujus
2036 2883 2219 2943 poetw,
2261 2875 2422 2940 docti,
2461 2875 2684 2944 fructus,
2717 2880 2924 2947 speciei.
2949 2879 3144 2936 Tertia:
3181 2897 3310 2938 vero
3339 2883 3433 2940 de-

1849 2966 2154 3021 clinationis
2185 2967 2492 3038 corripitur,
2535 2980 2596 3024 ut
2647 2971 2803 3040 hujus
2844 2972 3017 3040 fortis,
3063 2986 3288 3045 excepto
3321 2992 3430 3032 uno

1848 3059 2237 3128 monosyllabo,
2277 3067 2335 3114 ut
2374 3062 2485 3114 lucc
2513 3064 2607 3128 vis,
2652 3063 2811 3132 hujus
2841 3065 2933 3117 vis.
2967 3065 3189 3120 Dativus
3214 3082 3428 3137 quoque

1846 3149 2132 3218 singularis
2172 3150 2414 3204 ultimam
2452 3151 2714 3220 syllabam
2745 3169 2958 3222 semper
3000 3154 3214 3224 longam
3242 3157 3425 3221 habet,

1847 3251 1907 3295 ut
1935 3243 2054 3295 huic
2092 3253 2277 3312 poettc,
2313 3244 2483 3308 docto,
2533 3244 2676 3312 forti,
2712 3244 2929 3312 fructui,
2961 3248 3184 3315 speciei;
3213 3248 3301 3302 ubi
3327 3265 3423 3302 n0-

1850 3335 2070 3388 tandum
2102 3345 2185 3389 est
2222 3336 2364 3404 quod
2406 3337 2621 3390 nomina
2653 3339 2853 3406 quintze
2893 3338 3267 3395 declinationis
3287 3381 3302 3406 ,
3334 3341 3379 3396 si
3410 3344 3425 3394 i

1847 3426 1902 3478 in
1935 3426 2265 3479 nominativo
2302 3427 2536 3480 habeant
2575 3428 2924 3496 penultimam
2962 3428 2980 3501 (
3001 3439 3058 3484 ut
3093 3431 3200 3484 hare
3244 3433 3427 3500 facies,

1847 3515 1957 3568 dies
1996 3515 2035 3586 ),
2071 3525 2288 3568 servent
2319 3533 2347 3568 e
2381 3516 2590 3585 longam
2627 3518 2678 3570 in
2714 3519 2950 3587 genitivo
2996 3520 3078 3573 vel
3127 3521 3327 3581 dativo.
3372 3531 3429 3576 ut

1848 3604 2006 3672 hujus
2031 3603 2115 3658 vel
2141 3605 2262 3656 huic
2301 3604 2424 3666 diei,
2456 3615 2510 3659 et
2537 3605 2692 3674 hujus
2720 3607 2801 3661 vel
2831 3608 2952 3660 huic
2978 3609 3152 3676 faciei.
3203 3609 3298 3664 Sin
3327 3626 3426 3665 au-

1851 3689 1958 3749 tem
1993 3705 2378 3750 consonantem
2411 3698 2646 3752 habeant
2666 3708 2789 3754 ante
2815 3717 2866 3753 es
2897 3700 3022 3755 licet
3049 3701 3095 3754 ei
3125 3702 3323 3756 divisas
3353 3703 3429 3757 si-

1849 3787 2051 3840 militer
2070 3787 2292 3852 faciant,
2316 3789 2614 3857 corripiunt
2639 3798 2812 3845 tamen
2839 3793 3210 3860 penultimam,
3239 3803 3293 3847 et
3320 3805 3429 3849 tam

1849 3878 1902 3932 in
1933 3879 2170 3947 genitivo
2191 3895 2353 3948 quam
2383 3881 2434 3933 in
2463 3881 2663 3945 dativo,
2700 3891 2757 3934 ut
2781 3884 2931 3950 ﬁdes,
2963 3885 3106 3951 ﬁdei,
3132 3903 3266 3954 spes,
3296 3888 3422 3954 spei,

1846 3969 2033 4039 plebes,
2059 3969 2238 4039 plebei,
2275 3967 2374 4034 i-es,
2402 3973 2474 4024 rei
2503 3986 2520 4022 :
2553 3974 2895 4029 accusativus
2917 3991 3044 4042 ergo
3071 3991 3283 4044 semper
3309 3977 3432 4031 bre-

1849 4060 1931 4113 vis
1968 4068 2070 4124 est,
2124 4069 2182 4114 ut
2219 4061 2356 4113 hunc
2400 4071 2626 4130 poetam,
2671 4063 2899 4128 doctum,
2933 4064 3136 4132 fortem,
3175 4065 3429 4132 fructum,

1849 4152 2087 4219 speciem.
2148 4152 2441 4207 Vocativus
2493 4155 2707 4221 quidem
2765 4155 3049 4224 singularis
3109 4154 3301 4207 similis
3349 4163 3433 4208 est

1849 4244 2048 4312 ubique
2079 4259 2174 4298 suo
2204 4245 2555 4308 nominativo,
2585 4255 2812 4313 excepto
2837 4262 2956 4299 cum
2992 4246 3041 4298 in
3075 4245 3308 4300 secunda
3333 4243 3430 4298 dc-

1850 4333 2139 4387 clinatione
2167 4351 2228 4386 us
2251 4343 2489 4387 mutzuur
2519 4335 2568 4386 in
2597 4352 2623 4386 e
2647 4337 2883 4399 brevem,
2933 4344 2990 4387 ut
3017 4335 3221 4397 doctus,
3246 4335 3429 4400 docte;

142 4425 359 4494 fornix,
395 4426 648 4492 fornicis;
674 4427 842 4490 varix,
879 4429 1105 4490 caricis;
1131 4428 1241 4481 htec
1275 4429 1386 4497 pix,
1427 4429 1590 4496 picis;
1633 4428 1744 4492 nix,
1773 4463 1825 4523 Β
1852 4427 1966 4479 sive
2003 4442 2123 4479 cum
2163 4427 2377 4494 prOpria
2414 4426 2653 4494 ejusdem
2697 4427 3070 4482 declinationis
3111 4443 3228 4496 qum
3257 4429 3274 4479 i
3306 4437 3431 4484 ante

140 4516 325 4575 nivis;
350 4514 492 4567 salix
511 4516 706 4568 salicis.
737 4515 792 4568 ln
820 4517 878 4569 ix
903 4517 1221 4585 productam
1246 4517 1428 4572 Grieca
1463 4529 1516 4571 et
1532 4518 1742 4583 Latina,

141 4590 467 4659 masculina
513 4606 595 4659 vel
632 4606 908 4669 feminina,
943 4609 1027 4662 vel
1057 4609 1361 4663 communia
1395 4610 1557 4662 trium
1586 4625 1747 4679 genev

139 4709 273 4748 tum
308 4712 322 4747 :
355 4695 439 4746 hic
458 4697 685 4764 phoenix,
708 4699 974 4766 phwnicis,
1001 4700 1110 4752 hazc
1139 4701 1340 4763 cornix,
1370 4701 1612 4763 cornicis,
1633 4701 1743 4753 htec

139 4787 367 4849 nutrix,
399 4788 636 4853 nutricis,
667 4789 751 4841 hic
798 4797 851 4842 et
890 4789 999 4842 Ιηιό
1037 4798 1091 4843 et
1125 4790 1220 4842 hoc
1254 4791 1460 4858 pernix,
1498 4791 1743 4857 pernicis,

139 4864 305 4948 felix,
336 4877 524 4945 felicis.
569 4879 794 4949 Oportet
831 4891 1009 4936 autem
1053 4881 1192 4936 scire
1222 4882 1365 4951 quod
1397 4882 1567 4936 Graeci
1591 4883 1686 4936 iet
1715 4900 1746 4952 y

140 4975 285 5022 ante
305 4984 348 5019 x
384 4967 603 5023 brevem
630 4987 750 5026 esse
776 4973 982 5037 volunt,
1025 4973 1234 5027 etiamsi
1263 4973 1317 5025 in
1348 4973 1580 5041 obliquis
1623 4989 1746 5042 pro-

139 5057 456 5121 ducantur,
485 5069 544 5112 ut
563 5063 775 5128 phoenix
796 5063 1073 5130 phoenicos,
1110 5063 1348 5132 bombyx,
1380 5064 1681 5134 bombyces;
1714 5082 1746 5118 a

137 5159 292 5198 vero
336 5147 632 5200 secundum
663 5150 958 5218 genitivum
987 5151 1149 5204 etiam
1182 5151 1235 5204 in
1257 5151 1592 5205 nominativo
1621 5168 1746 5222 pro-

141 5232 282 5288 duci
337 5234 426 5289 vel
471 5237 668 5306 corripi
702 5237 910 5302 dicunt,
939 5248 997 5292 ut
1023 5241 1169 5305 κόλαξ
1199 5241 1422 5300 κόλακος.
1464 5241 1640 5294 Latini
1671 5249 1748 5295 ta-

138 5340 282 5380 men
313 5339 510 5381 omnes
537 5328 752 5384 vocales
777 5330 1098 5399 bitemporis,
1128 5333 1179 5386 id
1210 5341 1294 5386 est
1320 5332 1622 5408 δισχρὸνους
1650 5334 1748 5387 ba-

139 5416 381 5480 bentes,
434 5418 502 5471 ad
549 5421 842 5489 genitivum
889 5422 1263 5491 respicientes,
1305 5424 1488 5477 dicunt
1523 5423 1746 5487 produci

141 5507 236 5563 vel
279 5509 489 5577 corripi
513 5511 731 5565 vocales
761 5519 887 5566 ante
911 5528 947 5565 x
976 5513 1183 5580 positas
1227 5515 1281 5566 in
1314 5512 1659 5567 nominativo.
1690 5511 1746 5566 ln

145 5618 219 5655 ex
254 5608 570 5668 correptam
598 5599 838 5656 feminini
883 5621 1005 5668 nox,
1038 5603 1233 5669 noctis;
1274 5613 1328 5659 et
1364 5619 1426 5659 ex
1464 5604 1566 5658 hoc
1604 5618 1746 5657 com-

144 5695 406 5764 [msitunt
455 5709 756 5761 commune,
804 5697 886 5749 hic
916 5705 969 5752 et
997 5699 1106 5752 lucc
1142 5707 1197 5752 et
1236 5699 1332 5751 hoc
1368 5713 1564 5767 pernox
1590 5711 1606 5747 :
1630 5697 1747 5752 haec

1849 4533 1911 4568 us
1947 4516 2164 4579 habent,
2199 4516 2253 4568 in
2294 4517 2626 4570 nominativo
2667 4517 2874 4584 abjecta
2912 4535 2988 4579 us,
3027 4518 3231 4571 faciunt
3265 4534 3428 4572 voca-

1847 4609 2019 4661 tivum
2062 4608 2248 4661 ultima
2293 4609 2572 4676 producta,
2617 4619 2676 4662 ut
2706 4611 2786 4661 hic
2827 4608 3091 4679 Virgilius,
3140 4627 3169 4662 ο
3221 4608 3424 4678 Virg/ili,

1849 4700 1932 4752 hic
1969 4688 2352 4764 Sallustiusﬁo
2393 4700 2649 4763 Sallusti;
2677 4714 2777 4752 nec
2821 4716 2924 4752 non
2964 4709 3018 4753 et
3059 4716 3165 4755 uno
3195 4700 3432 4768 appella-

1851 4792 1982 4854 tivo,
2011 4791 2151 4858 quod
2184 4801 2295 4844 tam
2326 4792 2379 4844 in
2412 4809 2438 4843 c
2464 4799 2765 4858 correptam
2794 4807 2954 4859 quam
2987 4791 3039 4844 in
3062 4791 3080 4843 i
3107 4793 3424 4860 productam

1851 4879 1980 4934 facit
2006 4896 2019 4942 ;
2050 4879 2134 4931 hic
2163 4879 2326 4948 ﬁlias,
2371 4896 2400 4931 o
2427 4879 2555 4946 ﬁlie,
2577 4879 2679 4942 vel,
2724 4896 2752 4930 ο
2779 4880 2886 4946 ﬁli;
2922 4879 3012 4932 ubi
3047 4887 3101 4933 et
3131 4881 3426 4934 notandum

1847 4979 1932 5024 est
1960 4970 2101 5039 quod
2148 4971 2262 5025 haec
2291 4972 2508 5039 propria
2550 4957 2786 5031 nomina,
2835 4984 2955 5037 quae
2987 4969 3041 5023 in
3079 4970 3098 5021 i
3133 4972 3430 5024 terminant

1848 5066 2194 5131 vocativum,
2244 5066 2591 5135 penultimam
2638 5066 2762 5120 licet
2813 5073 3114 5137 correptam
3166 5068 3425 5131 habeant,

1850 5165 2030 5211 tamen
2067 5157 2122 5210 in
2163 5159 2352 5212 eadem
2395 5158 2686 5226 penultima
2735 5167 3013 5212 accentum
3056 5166 3261 5221 tenent,
3301 5160 3425 5225 quia

1848 5247 2073 5319 perfecti
2104 5248 2354 5312 vocativi,
2399 5263 2555 5316 quem
2597 5248 2959 5316 antiquissimi
3003 5246 3425 5317 proferebantin

1851 5355 1897 5402 e,
1924 5348 1983 5392 ut
2028 5336 2262 5407 Virgilie,
2315 5337 2597 5401 Mercurio,
2646 5346 2862 5392 acutum
2895 5346 3201 5402 accentum,
3249 5340 3338 5407 qui
3371 5339 3424 5393 in

1852 5427 2270 5497 antepenultima
2317 5427 2457 5496 apud
2493 5442 2584 5480 eos
2629 5428 2947 5495 ponebatur,
2993 5427 3260 5496 juniores,
3295 5444 3427 5498 gau-

1852 5518 2041 5572 dentes
2087 5517 2369 5580 brevitate,
2413 5531 2508 5586 per
2546 5518 2898 5572 abscisionem
2943 5528 3197 5573 extremae
3233 5518 3426 5575 litterae

1850 5607 1903 5661 in
1929 5607 2222 5676 penultima
2248 5607 2618 5678 praetulerunt.
2655 5608 2907 5664 Horatius
2939 5610 2990 5663 in
3015 5611 3187 5678 primo
3216 5608 3427 5665 Carmi-

1849 5713 1977 5754 num
2003 5716 2016 5749 ε
