3918 6356
466 316 583 385 645Δ

628 420 863 497 ἱιειιωτῡ,
897 416 1106 485 facunde
1128 447 1284 498 nepos
1306 436 1530 489 Atlantis.

465 517 611 575 Idem
636 517 690 573 in
719 518 906 573 eodem
934 538 946 572 :

621 620 798 697 tionis.
817 629 1075 697 illabente
1088 631 1272 697 ﬂebilis
1294 633 1503 697 accidit;

582 745 589 751 α
619 685 749 741 Nulli
773 686 980 742 ﬂebilior
1003 690 1142 755 quam
1171 690 1278 756 tibi,
1298 687 1490 755 Virgiii.

462 792 747 849 Ablativus
786 789 928 850 enim
956 772 1242 865 singularis
1273 800 1485 865 semper
1514 778 1843 869 producitur,
1872 801 1942 847 ut
1980 782 2044 847 ab

464 886 562 940 hoc
591 895 764 957 poeta,
791 885 962 961 docto,
1000 877 1195 955 fructu,
1223 878 1408 955 specie,
1447 894 1671 955 excepta
1699 875 1857 961 tertia
1883 875 2046 938 decli-

464 970 705 1043 natione,
754 977 809 1032 in
833 960 920 1031 his
952 977 1202 1032 videlicet
1227 977 1542 1043 nominibus
1573 991 1692 1045 quae
1737 958 1791 1029 in
1813 962 2047 1029 etermi-

464 1077 601 1125 nant
628 1052 955 1133 ablativum;
989 1054 1105 1122 haec
1143 1057 1322 1123 autem
1350 1052 2046 1152 omniacorripiu‘ntur,.ut

467 1160 532 1214 ab
558 1160 654 1212 hnc
673 1168 839 1229 patre,
864 1158 928 1212 ab
957 1158 1056 1211 hac
1086 1168 1272 1222 matre,
1298 1167 1522 1227 excepto
1550 1144 1656 1211 uno
1684 1142 1825 1225 quod
1845 1142 2047 1227 produ-

468 1251 630 1315 citur,
661 1249 726 1303 ab
760 1250 859 1302 hac
883 1246 1041 1319 fame.
1081 1233 1336 1318 Virgilius
1366 1248 1419 1301 in
1450 1243 1608 1382 etquo
1637 1263 1649 1299 :

1226 1373 1237 1382 .
1277 1371 1291 1382 .
1328 1369 1342 1382 .
1381 1371 1395 1382 .
1429 1336 1467 1382 Ο
1508 1348 1583 1382 am

592 1400 772 1462 Objlcit
800 1413 814 1450 :
838 1397 945 1461 ille,
969 1396 1098 1448 tame
1122 1371 1291 1468 rabida
1311 1369 1403 1448 tria
1418 1336 1618 1460 giliis.
1643 1390 1878 1458 pandens.

466 1501 714 1559 Lucanus
744 1502 798 1557 in
827 1519 859 1556 x
893 1519 907 1557 :

598 1647 663 1673 .7.
699 1650 714 1664 .
752 1648 766 1663 .
803 1598 1207 1673 Mandantefame
1230 1610 1405 1662 inultas
1427 1598 1744 1673 volucresque
1766 1607 1995 1673 ferasque

594 1672 791 1738 Egyptl
818 1681 1028 1735 posuere
1050 1668 1186 1724 deos.
1226 1711 1238 1722 .
1275 1710 1287 1721 .
1326 1708 1338 1721 .

472 1774 539 1829 Et
562 1776 678 1831 haec
705 1752 990 1845 prdductio
1031 1772 1151 1832 ideo
1177 1775 1226 1829 ei
1254 1753 1453 1830 accidit
1488 1760 1613 1845 quia
1639 1772 1852 1831 veteres
1880 1774 2052 1843 magis
2076 1763 2128 1842 Β

466 1867 761 1923 secunde
792 1864 1036 1936 quint'aln
1063 1863 1225 1935 quam
1256 1862 1551 1921 secundum
1581 1846 1794 1921 té’rtiam
1815 1867 1920 1921 hoc
1948 1872 2049 1944 no-

466 1974 590 2015 men
618 1956 980 2023 declinabant,
1016 1958 1077 2012 ut
1101 1944 1260 2029 hujus
1293 1967 1348 2013 et
1375 1958 1495 2012 huic
1526 1944 1707 2025 tamet,
1744 1952 1850 2012 non
1889 1944 2049 2027 hujus

466 2049 647 2121 famis,
684 2048 768 2103 vel
789 2048 910 2101 huic
948 2047 1095 2116 fami.
1133 2050 1399 2103 Caeterum
1437 2048 1861 2117 Quotiescunque
1890 2047 2051 2101 tertia

466 2139 756 2198 declinatio
781 2132 1073 2193 ablativum
1106 2132 1159 2191 lli
1182 2134 1199 2191 Ξ
1228 2134 1416 2203 mittit,
1443 2139 1567 2193 cum
1593 2141 1805 2208 Semper
1830 2127 2050 2208 "longum

466 2229 650 2286 habet.
682 2222 957 2283 Juv'eiialis
986 2228 1039 2282 in
1066 2220 1256 2297 quiiito
1290 2246 1301 2281 :

594 2317 845 2369 Praeterea
870 2316 1038 2367 lateris
1060 2296 1189 2380 vigili
1214 2313 1323 2368 cum
1344 2301 1489 2370 ἐνεδῒέ
1506 2296 1743 2376 doib‘réiii.

466 2402 615 2471 Virg.
646 2408 662 2457 ξ

653 2494 800 2545 Stans
822 2493 953 2544 celsa
976 2494 1026 2542 in
1049 2495 1214 2556 puppi.
1256 2529 1267 2541 .
1305 2529 1318 2543 .
1357 2530 1370 2541 .

471 2574 611 2630 Stat.
643 2574 695 2629 in
724 2592 741 2629 ι
774 2572 1078 2628 Thebaidos
1116 2591 1128 2626 :

595 2664 833 2715 Funditur
850 2674 903 2715 et
926 2668 1089 2716 veteri
1116 2665 1359 2727 spumavit
1384 2664 1541 2715 Lerna
1567 2662 1777 2716 veneno.

464 2762 597 2819 Item
624 2765 991 2820 nominativus
1012 2774 1083 2835 et
1112 2760 1452 2823 accusamus
1482 2776 1536 2822 et
1564 2761 1844 2824 vocativus
1866 2750 2051 2838 plura-

464 2854 532 2927 lis
565 2858 618 2910 in
653 2855 969 2923 masculino,
1020 2867 1074 2912 et
1118 2856 1418 2927 feminino,
1456 2870 1509 2915 et
1551 2860 1823 2915 communi
1854 2860 2051 2932 genere

462 2961 682 3015 semper
704 2948 1094 3016 producuntur,
1115 2959 1188 3005 ut
1214 2951 1397 3006 hieto
1426 2960 1619 3023 ροειως
1652 2953 1745 3005 hos
1767 2962 1966 3021 poetas,
1997 2952 2052 3005 h‘i

464 3046 520 3093 et
543 3056 571 3092 ο
595 3042 857 3110 magistri,
885 3034 979 3095 hos
1003 3045 1303 3113 magistros,
1334 3044 1388 3098 hi
1416 3050 1470 3100 et
1506 3046 1599 3099 hos
1633 3054 1687 3100 et
1718 3062 1747 3099 o
1768 3044 2047 3115 sapientes,

464 3126 521 3180 hi
539 3136 594 3182 et
622 3130 716 3182 hos
743 3139 798 3185 et
820 3147 848 3184 o
870 3134 1231 3202 magistratus,
1263 3135 1344 3189 ha:
1367 3144 1421 3189 et
1445 3135 1540 3190 has
1560 3140 1616 3190 et
1648 3140 1677 3189 ο
1707 3152 1807 3189 res.
1838 3135 1894 3189 lu
1916 3152 2048 3190 neu-
2075 3131 2121 3194 C

466 3226 552 3274 tro
574 3222 975 3290 corripiuntur,
1003 3232 1064 3279 ut
1092 3225 1202 3279 haec
1232 3234 1286 3280 et
1312 3244 1341 3279 ο
1370 3228 1643 3292 mandata,
1675 3228 1783 3280 haec
1814 3234 1869 3281 et
1892 3231 1921 3280 ό
1954 3243 2044 3280 ca-

463 3312 595 3381 pita,
628 3313 739 3366 haec
769 3320 824 3367 et
854 3330 883 3367 ο
912 3315 1181 3386 dogmata,
1226 3317 1336 3371 ha’c
1369 3325 1423 3372 et
1457 3335 1485 3371 ο
1514 3334 1731 3371 cornua.
1779 3317 2048 3372 Praeterea

461 3400 570 3455 duo
616 3402 834 3456 nomina
882 3404 1054 3458 dualis
1094 3406 1325 3472 numeri,
1372 3406 1523 3461 ambo
1568 3414 1622 3463 et
1653 3408 1778 3474 duo,
1834 3407 2048 3478 qnandd

447 3486 589 3543 sunt
626 3490 911 3546 masculini
954 3494 1203 3549 videlicet
1247 3497 1496 3567 generis,
1536 3499 1945 3568 producuntur,
1988 3503 2048 3553 ut

466 3580 725 3653 Virgilius
751 3584 807 3638 in
835 3585 1019 3657 ecloga
1049 3602 1122 3641 vu
1155 3606 1168 3642 :

622 3695 781 3746 Ambo
802 3698 1041 3749 ﬂorentes
1063 3698 1309 3763 atatibus,
1334 3700 1551 3752 Arcades
1573 3705 1714 3753 ambo
1739 3718 1755 3766 ;

467 3804 683 3872 quando
706 3788 883 3858 neutri
911 3807 1295 3876 corripiuntdr.
1322 3804 1603 3864 Cenitivus
1626 3808 1849 3880 pluralis
1877 3812 1930 3865 in
1958 3828 2048 3865 um

464 3908 678 3963 semper
702 3904 1007 3965 correptam
1042 3899 1312 3963 terminat,
1344 3902 1408 3954 ad
1443 3902 1665 3970 ejusque
1692 3895 2047 3971 penultimam

465 3988 893 4053 cognoscendam
925 3988 999 4038 ita
1027 3988 1163 4041 ratio
1190 3986 1472 4057 perspicua
1500 4001 1604 4055 est,
1642 4001 1700 4044 ut
1738 3994 2048 4048 inlimemus

465 4091 495 4129 a
522 4091 629 4145 quo
649 4091 777 4130 casu
805 4077 1155 4145 Singularium
1180 4080 1468 4143 derivetur,
1508 4075 1632 4151 quia
1661 4084 1846 4152 prima:
1878 4085 2047 4139 decli-

450 4156 723 4231 nationis,
750 4166 833 4220 vel
858 4169 1133 4231 secundae,
1167 4168 1250 4221 vel
1277 4170 1475 4237 quintae
1510 4172 1775 4240 genitivus
1800 4174 2044 4243 pluralis,

466 4274 588 4313 cum
630 4275 699 4314 ex
742 4259 976 4313 ablativo
1019 4261 1275 4329 singulari
1320 4264 1580 4331 producto
1610 4266 1922 4320 earumdem
1957 4266 2049 4321 de-

468 4349 821 4403 cliuationum
845 4350 1088 4403 nascitur
1106 4354 1330 4414 ,'servat
1358 4353 1600 4406 eamdem
1638 4355 2047 4422 productionem

467 4439 630 4493 etiam
662 4440 714 4492 in
738 4439 1034 4508 penultima
1063 4455 1180 4503 sua,
1220 4448 1277 4517 ut
1299 4440 1361 4491 ab
1394 4441 1489 4493 hoc
1523 4445 1691 4510 poeta,
1719 4443 1904 4497 horum
1933 4456 2049 4513 poe-

464 4519 672 4584 tarum:
719 4531 991 4600 magistro,
1034 4516 1448 4601 magistrorum;
1479 4533 1582 4597 die,
1611 4534 1833 4587 dierum.
1866 4534 1911 4587 Α
1936 4546 2047 4589 ter-

466 4620 555 4674 tia:
597 4620 968 4675 declinationis
1024 4622 1275 4677 ablativo.
1308 4622 1456 4677 brevi
1506 4623 1771 4693 genitivus
1821 4627 2045 4680 descen-

466 4710 621 4775 dens,
653 4711 695 4765 si
731 4712 1080 4780 pcnultimam
1106 4713 1426 4778 i'habuerit,
1458 4716 1595 4769 hanc
1634 4732 1846 4785 semper
1874 4720 2046 4772 corri-

460 4802 559 4870 pit.
592 4801 649 4855 ln
681 4811 873 4872 quarta
921 4813 1102 4858 autem
1147 4789 1505 4861 declinatione
1537 4824 1659 4861 cum
1703 4808 1843 4863 idem
1889 4825 2047 4863 casus

466 4910 573 4948 non
606 4910 673 4949 ex
704 4897 937 4951 ablativo
962 4898 1241 4966 producto,
1277 4908 1335 4952 ut
1367 4902 1581 4969 quidam
1620 4903 1910 4967 mstimant,
1953 4885 2047 4957 sed

467 5000 537 5041 ex
571 4988 901 5044 nominativo
942 4989 1199 5056 singulari
1231 4990 1344 5054 ﬁat,
1382 4989 1588 5059 abjccta
1611 5009 1655 5057 s,
1686 4988 1741 5047 et
1770 4982 2046 5065 assumpta

464 5092 573 5143 um,
606 5084 891 5146 utramque
911 5094 944 5129 u
968 5077 1185 5131 brevem
1214 5078 1395 5133 habet.
1427 5080 1574 5150 Virg.
1601 5096 1614 5133 :

507 5186 510 5191 ’
527 5187 802 5310 ἒὲῗίρξῃέἱ
814 5188 946 5252 hac,
965 5202 1192 5238 manuum
1212 5191 1299 5242 tibi
1318 5204 1427 5253 quae
1444 5195 1739 5244 monimenta
1764 5206 1983 5246 mearum

566 5265 577 5298 l
638 5287 652 5310 ,
806 5286 819 5299 .
860 5286 873 5298 .
914 5286 926 5300 .
968 5285 981 5299 .

566 5265 652 5311 Inl,
679 5265 819 5310 puer.
860 5286 873 5298 ς
914 5286 926 5300 ι
968 5285 981 5299 ι

462 5349 737 5407 Iuvenalis
758 5354 812 5406 in
839 5354 1035 5421 primo

597 5444 801 5521 Viscera
822 5456 1109 5506 magnarum
1130 5445 1361 5497 domuum
1383 5446 1669 5512 dominique
1685 5440 1853 5503 futuri.

466 5547 689 5603 Dativus
720 5548 881 5619 igitur
910 5557 965 5603 et
990 5551 1260 5606 ablativus
1302 5552 1545 5622 pluralis,
1586 5553 1632 5609 si
1663 5554 1708 5607 is
1752 5564 2046 5610 terminan-

465 5646 572 5702 tur,
605 5638 746 5710 longi
792 5650 938 5704 sunt,
970 5649 1028 5694 ut
1048 5642 1127 5695 his
1150 5652 1205 5697 et
1230 5644 1293 5722 ab
1322 5644 1401 5697 his
1428 5647 1609 5714 poetis,
1644 5650 1947 5716 magistris;
1997 5649 2044 5703 si

466 5727 577 5793 bus,
616 5729 948 5797 breviautur,
991 5739 1043 5786 ut
1076 5732 1154 5785 his
1176 5741 1231 5787 ct
1262 5733 1325 5787 ab
1366 5735 1444 5789 his
1478 5737 1733 5805 putribus,
1775 5739 2042 5805 ﬂuctibus,

1132 321 1192 376 B.
1233 311 1486 379 RABANI
1523 322 1742 380 MAUR!
1776 307 2092 377 ARCHIEP.
2138 310 2447 379 MOCUNT.
2487 312 2772 379 OPERUM
2810 317 2993 379 PARS
3029 322 3115 380 Ill.

2074 4490 2130 4551 D

3618 313 3724 381 sit

2080 425 2128 494 Α
2157 432 2462 491 rebus.Sed
2488 444 2543 490 et
2578 436 2683 491 hoc
2707 437 3001 492 notandum
3030 437 3173 506 quod
3200 406 3243 491 si
3267 440 3285 490 ἰ
3314 425 3397 492 vel
3440 454 3474 491 α
3504 423 3575 492 sit
3602 446 3729 491 ante

2147 527 2242 582 bus
2274 528 2329 615 in
2375 528 2460 582 his
2507 528 2741 597 casibus,
2787 529 3083 600 penultima
3126 527 3430 597 corripitur.
3481 530 3631 601 Virg.
3669 527 3731 583 in

2146 618 2328 686 ecloga
2361 635 2375 671 :

2271 720 2515 778 Proetides
2534 716 2800 791 implerunt
2824 727 2955 779 ursis
2975 714 3245 792 mugitibus
3267 732 3429 790 agros.

2144 808 2213 864 Et
2247 808 2392 865 idem
2422 827 2434 863 :

2298 901 2340 952 Ο
2375 907 2510 965 virgo
2532 902 2723 966 tutelis,
2747 910 2799 953 tu
2821 899 2949 955 hunc
2968 904 3019 953 in
3044 904 3286 955 montibus
3310 898 3464 954 erras:

2144 980 2367 1039 Ovidius
2397 983 2451 1038 in
2478 999 2537 1039 ιιι
2564 984 2852 1040 Fastdrum
2880 1003 2894 1039 :

2299 1076 2504 1126 Praemia
2525 1078 2591 1127 de
2614 1077 2813 1127 lacubus
2830 1079 3044 1141 proxima
3068 1076 3225 1128 inusta
3249 1046 3359 1129 tuis.

2146 1175 2404 1235 Slatttem
2437 1183 2471 1234 ἁ
2493 1179 2578 1264 vel
2607 1196 2636 1234 ο
2837 1172 2930 1235 bus
2959 1181 3083 1246 erit,
3110 1170 3448 1251 prouuclttti';
3487 1185 3549 1234 tit
3574 1181 3659 1234 his
3680 1188 3735 1235 et

2146 1266 2211 1323 ab
2236 1267 2317 1321 his
2357 1262 2602 1333 notabus,
2651 1262 2882 1337 filiabus;
2911 1267 3130 1333 deabus,
3173 1268 3732 1353 manusnotat)“,

2146 1359 2450 1439 libertabus,
2502 1360 2785 1427 asinabus;
2830 1369 2917 1427 et,
2968 1362 3049 1415 his
3100 1360 3187 1427 vel
3230 1362 3293 1414 ab
3336 1363 3415 1415 his
3458 1362 3732 1427 ambobus,

2138 1448 2373 1525 duobus.
2394 1452 2663 1509 Praeterea
2695 1452 2887 1523 quinta
2927 1452 3216 1530 declinatio
3246 1470 3275 1507 e
3301 1453 3655 1523 penultimam
3683 1454 3737 1508 in

2148 1544 2237 1600 his
2276 1545 2491 1612 casibus
2527 1559 2741 1614 semper
2788 1544 3016 1622 longam
3034 1545 3221 1610 habet,
3268 1554 3329 1599 ut
3353 1545 3436 1599 his
3461 1553 3518 1600 et
3557 1547 3623 1621 ab
3657 1546 3739 1625 his

2149 1635 2350 1703 diebus,
2389 1635 2640 1706 faciebas.
2674 1636 2823 1719 Virg.
2857 1636 3115 1706 inprimo
3139 1636 3536 1720 ,Georgicorum
3567 1656 3583 1691 :

2334 1728 2532 1793 Quippe
2542 1728 2697 1793 etiam
2721 1708 2863 1793 testis
2879 1726 3102 1790 quaedam
3124 1717 3374 1780 excreare
3394 1708 3595 1789 diebus,

2335 1786 2501 1838 Fas’e't
2516 1788 2627 1851 jura
2649 1788 2831 1838 sinunt.

2150 1892 2207 1947 in
2232 1889 2439 1962 Graecis
2464 1905 2592 1945 vero
2618 1885 2924 1971 nominibus
2949 1904 3122 1982 graece
3150 1887 3433 1945 declinatis
3461 1888 3736 2034 genitivus

2152 1978 2441 2034 singularis
2474 1977 2654 2033 brevis
2693 1978 2814 2034 εει.
2850 1992 2973 2033 cum
3014 1979 3109 2032 dos
3149 1968 3236 2034 vel
3275 1976 3359 2033 ros
3387 1977 3457 2034 ba
3498 1974 3642 2033 inerit
3686 1978 3736 2030 iu

2152 1978 2441 2048 singularis
2474 1977 2654 2033 brevis
2693 1968 2814 2043 εει,
2850 1992 2973 2033 cum
3014 1968 3112 2032 do;
3149 1968 3236 2034 vel
3275 1976 3359 2033 ros
3387 1968 3642 2034 habuerit
3686 1978 3742 2030 iu

2151 2069 2280 2133 ﬁne,
2309 2077 2369 2122 ut
2396 2070 2675 2134 orchades,
2708 2078 3009 2155 poema’tps.
3036 2052 3262 2124 Dativus
3294 2068 3418 2125 cum
3442 2066 3483 2135 ἰ,
3511 2057 3570 2124 ut
3598 2064 3741 2123 Pal-

2150 2160 2301 2225 ladi;
2334 2160 2678 2216 accusativus
2708 2160 2832 2215 c‘utti
2862 2149 2900 2215 ἆ
2935 2158 3024 2215 vel
3057 2150 3145 2227 on,
3190 2160 3251 2216 'ut
3284 2149 3481 2216 Thesea
3544 2154 3742 2216 Delon.

2151 2252 2299 2323 Virg.
2323 2251 2378 2306 in
2400 2268 2459 2306 ill
2486 2249 2681 2322 Georg.
2720 2269 2731 2304 :

2403 2343 2581 2401 Pelion
2605 2344 2795 2394 hinnitu
2818 2339 3012 2406 fugietis
3032 2341 3256 2406 implevit
3280 2349 3455 2405 acuto;

2152 2444 2288 2501 alias
2330 2444 2522 2516 longus
2570 2454 2655 2500 est
2699 2446 3002 2511 vocativus,
3038 2460 3171 2501 cum
3208 2461 3240 2497 a
3279 2443 3600 2521 terminatur
3634 2443 3742 2497 :in

2150 2539 2465 2595 masculinis
2494 2546 2676 2594 tamen
2712 2539 2904 2609 longus
2928 2547 3031 2605 est,
3074 2548 3133 2593 ut
3161 2537 3359 2604 ιΕηεα,
3409 2552 3535 2591 nam
3575 2535 3631 2590 in
3663 2536 3745 2592 fe-

2152 2630 2374 2686 mininis
2421 2631 2745 2701 corripitur,
2780 2640 2840 2686 ut
2869 2631 3115 2686 cathedra
3145 2647 3215 2685 :e
3240 2630 3564 2686 terminatus
3606 2644 3743 2697 pro-

2152 2711 2386 2788 ducitur,
2430 2731 2492 2777 ut
2520 2723 2715 2788 Schole,
2755 2737 3044 2793 synagoge,
3078 2714 3389 2793 pentecoste,
3438 2712 3743 2790 paroscece,

2155 2810 2372 2881 Tydide,
2405 2813 2643 2881 exceptis
2674 2812 2758 2866 his
2800 2827 3030 2882 quorum
3067 2806 3431 2883 nominativus
3463 2793 3520 2864 '63
3552 2805 3743 2869 terrui-

2152 2910 2331 2966 natur,
2358 2910 2418 2955 ut
2444 2911 2634 2971 petras,
2658 2912 2824 2981 petre,
2854 2895 3331 2981 ΡὴωὺοὰηΡΙιφΰὲ.
3362 2892 3391 2955 Ι
3417 2893 3743 2980 terminatus

2154 2993 2484 3062 corripitur,
2531 3001 2592 3048 ut
2639 2978 2769 3059 Nai,
2815 2993 2988 3048 Alexi.
3052 2978 3308 3064 Virgilius
3359 2992 3412 3047 in
3458 2978 3744 3048 Bucolico-

2154 3101 2272 3140 rum
2297 3080 2352 3139 ii
2379 3104 2391 3139 :

2276 3179 2382 3239 Quo
2406 3187 2476 3242 te,
2501 3166 2660 3243 ﬁeri,
2689 3170 2861 3244 pedes,
2888 3166 2951 3229 an
2974 3194 3071 3244 quo
3096 3170 3170 3230 vii
3191 3170 3353 3241 ducit,
3378 3171 3427 3229 iu
3450 3166 3663 3230 urbem?

2152 3280 2196 3335 Ο
2225 3280 2409 3337 ﬁnitus
2456 3267 2648 3355 longus
2678 3293 2781 3350 est,
2814 3292 2874 3339 ut
2899 3270 3057 3349 Dido,
3091 3266 3324 3355 Sappho.
3366 3266 3744 3345 Nominativus

2151 3381 2207 3429 et
2236 3376 2515 3430 vocativus
2542 3376 2781 3445 pluralis,
2825 3392 2946 3430 cum
2971 3394 3001 3429 a
3033 3376 3162 3431 vels
3188 3376 3579 3441 terminantur,
3614 3376 3743 3430 breo

2148 3481 2244 3521 ves
2292 3474 2437 3532 sunt,
2490 3474 2548 3521 ut
2591 3458 2866 3537 poemata,
2904 3467 3152 3520 rhetores.
3186 3464 3413 3520 Ruﬁnus
3454 3464 3507 3519 in
3557 3463 3744 3521 libello

2144 3550 2218 3613 ‘de
2245 3559 2473 3628 pedibus
2497 3574 2510 3621 ;

2280 3650 2523 3710 Spondaao
2551 3662 2748 3699 narrare
2769 3649 2931 3701 solent
2953 3651 3041 3700 tibi
3066 3650 3293 3700 rhetores
3325 3655 3463 3711 acta;

2152 3730 2284 3784 alias
2315 3731 2459 3801 longi
2491 3740 2638 3796 sunt,
2670 3740 2728 3785 ut
2753 3732 3062 3789 ecclesiaste.
3096 3731 3380 3787 Geuitivus
3408 3732 3599 3801 longus
3628 3742 3739 3797 est,

2150 3828 2211 3874 ut
2260 3820 2530 3890 philenon,
2583 3820 2735 3886 laon,
2788 3822 3012 3888 cedron;
3059 3822 3272 3875 dativus
3314 3824 3367 3875 in
3414 3822 3741 3876 terminatus

2152 3914 2460 3983 corripitur,
2490 3923 2549 3967 ut
2579 3914 2824 3980 arcasin;
2852 3914 2985 3969 alias
3016 3908 3209 3984 longus
3235 3922 3339 3979 est,
3370 3923 3428 3967 ut
3465 3914 3598 3983 lays.
3624 3916 3738 3969 Ac-

2152 4004 2426 4057 cusativus
2454 4006 2497 4058 si
2532 4022 2590 4058 as
2634 4004 2798 4059 fuerit
2828 4006 3169 4071 terminatus,
3211 4012 3265 4059 et
3291 4020 3322 4058 a
3354 4003 3587 4073 genitivo
3617 4004 3738 4057 sin-

2152 4093 2323 4163 gulari
2354 4079 2564 4145 Venerit
2594 4110 2649 4145 os
2679 4092 2852 4165 (inito,
2895 4077 3206 4161 corripitur,
3233 4104 3295 4157 ut
3313 4093 3552 4159 arcados,
3582 4110 3743 4147 arca-

2152 4184 2269 4236 das.
2300 4181 2581 4237 Lucretius
2613 4200 2625 4236 :

2272 4271 2543 4335 Lsmpades
2570 4272 2804 4336 igniferas
2827 4276 3052 4324 manibus
3072 4276 3334 4324 retinentia
3355 4275 3573 4336 dextris;

2152 4356 2288 4413 alias
2313 4366 2492 4411 autem
2517 4358 2869 4426 productione
2899 4358 3133 4424 laetatur,
3159 4367 3220 4412 ut
3252 4357 3516 4412 ecclesias.

2722 4488 2800 4542 De
2820 4491 3145 4557 pronomine.

2223 4596 2392 4670 Igitur
2417 4614 2711 4668 pronomen
2750 4598 2803 4651 in
2831 4599 3160 4651 nominatim
3200 4596 3457 4667 singulari
3488 4612 3539 4659 ο,
3571 4594 3655 4649 vel
3687 4613 3738 4657 ε,

2153 4691 2236 4745 vel
2260 4692 2327 4755 is,
2362 4690 2444 4743 vel
2473 4707 2546 4753 er,
2580 4689 2662 4743 vel
2692 4704 2776 4752 us,
2806 4690 3159 4742 terminatum
3197 4687 3504 4756 corripitur,
3532 4688 3738 4767 ego,

2155 4782 2421 4850 ille,ripse,
2453 4781 2568 4845 iste,
2598 4780 2660 4843 is,
2698 4773 2865 4843 meus,
2898 4784 3040 4841 tuus,
3069 4776 3214 4841 suus,
3248 4788 3439 4841 noster,
3473 4785 3671 4841 uester;
3706 4793 3739 4827 υ

2156 4887 2368 4940 quoque
2396 4872 2739 4925 terminatum
2769 4866 3103 4938 producitur,
3137 4867 3189 4921 id
3213 4870 3319 4933 est,
3352 4877 3408 4947 tu
3432 4860 3488 4920 et
3515 4866 3741 4919 circtm-

2152 4964 2290 5019 ﬂexo
2332 4974 2553 5019 accentu
2586 4960 2967 5035 pronuntiatur
2995 4982 3006 5017 :
3044 4981 3070 5018 e
3100 4953 3279 5018 littera
3321 4953 3531 5016 ﬁnitum
3560 4952 3742 5029 p’o‘ciis

2154 5058 2441 5110 commune
2494 5054 2752 5120 habetur,
2805 5062 2859 5107 et
2902 5052 3059 5108 modo
3112 5051 3166 5106 in
3208 5046 3368 5106 versu
3419 5043 3737 5119 Corripitur,

2155 5144 2315 5198 modo
2354 5143 2699 5213 producitur,
2747 5142 2871 5210 quia
2906 5143 3046 5211 apud
3071 5140 3355 5213 plero's‘twe
3403 5132 3656 5193 unctores
3688 5141 3741 5192 ei

2152 5240 2250 5301 per
2269 5230 2456 5287 ombes
2478 5222 2635 5288 casu's
2652 5250 2706 5286 ce
2718 5229 2921 5302 syllaba
2938 5225 3250 5296 addebatur,
3268 5239 3325 5284 ut
3339 5228 3499 5292 hicce,
3518 5222 3738 5293 huncce,

2154 5322 2332 5388 hocce,
2377 5323 2533 5385 hisce,
2575 5324 2748 5387 hosce,
2782 5322 2971 5383 hasce:
3011 5326 3153 5377 unde
3180 5320 3351 5376 vocali
3384 5335 3601 5391 quoque
3648 5335 3739 5375 se-

2151 5417 2352 5483 quente
2377 5422 2474 5483 per
2500 5428 2790 5483 apocopam
2814 5414 3122 5482 absumpta,
3152 5410 3382 5475 duabUS,
3415 5427 3490 5476 ce,
3517 5425 3743 5464 mancu-

2158 5504 2299 5559 tibus
2345 5505 2587 5560 solebant
2640 5502 2766 5561 illud
2814 5495 3136 5575 producere,
3184 5498 3246 5558 ut
3294 5499 3551 5575 Virgilius
3599 5504 3654 5557 in
3684 5518 3737 5556 xl

2153 5593 2411 5649 Eneidos
2445 5614 2457 5647 :

2406 5688 2531 5749 erat,
2556 5686 2678 5736 alma
2704 5684 2899 5749 parens,
2927 5685 3055 5749 Quod
3078 5681 3157 5736 uie
3181 5682 3273 5747 per
3296 5682 3414 5745 tela,
3438 5696 3530 5746 per
3548 5686 3715 5744 ignes,
