3918 6324
154 333 261 394 ϐιδ

979 326 1372 389 EXCERPTIO
1412 328 1499 384 DE
1534 322 1721 382 ARTE
1756 314 2210 382 GRAMMATICA
2250 317 2606 375 PRISCIANI.

3313 294 3420 361 (illi

154 449 263 506 Sed
320 440 649 517 scriptorum
695 441 1022 526 negligentia
1072 428 1421 514 praetermisit
1467 456 1631 497 unam
1676 455 1735 504 c,
1764 430 1816 500 Α
1844 440 1926 491 est
1967 435 2114 491 enim
2144 430 2424 488 sotadeum
2468 446 2536 486 ex
2572 423 3022 526 duobus‘ionicis,
3050 437 3081 477 a
3110 420 3331 491 majore
3367 429 3424 477 et

153 544 233 599 sic
261 543 426 598 etiam
454 539 807 597 vetustissimi
846 534 1215 596 Romanorum
1259 539 1399 596 libri
1427 538 1603 593 adhuc
1652 548 1735 591 te-

153 643 388 699 stantur,
406 650 531 689 cum
555 633 654 703 ipsi
676 628 782 687 duo
796 649 853 686 cc
877 631 933 685 in
961 631 1062 686 hoc
1087 631 1404 701 pronomine
1430 630 1629 698 ubique
1660 636 1739 683 te-

152 733 347 781 nerent
371 726 595 801 scripta.
625 723 762 779 Sunt
789 730 843 777 et
863 722 967 776 alia
1005 716 1110 777 duo
1143 712 1459 791 pronomina
1492 735 1735 774 commu-

151 816 236 869 nis
258 814 474 886 generis
504 829 520 868 :
554 823 778 877 nostras,
804 821 1023 877 vestras,
1052 811 1334 880 producta,
1359 825 1587 879 quorum
1615 823 1738 879 per-

151 904 319 971 fecta,
343 906 610 969 nostratis,
629 904 889 967 vestratis,
917 910 1107 966 erant;
1134 901 1274 955 unde
1300 900 1425 969 quia
1455 901 1494 953 ti
1517 899 1737 969 syllaba:

150 1010 391 1065 syncopa
428 992 568 1048 facta
597 1001 699 1058 est,
746 992 947 1046 mansit
966 978 1020 1045 in
1051 1007 1085 1044 a
1107 998 1363 1045 accentus
1390 988 1640 1058 perfecti,
1683 994 1740 1042 et

150 1082 345 1142 ultima
383 1068 847 1142 circumﬂectitur.
887 1071 1073 1154 Itaque
1114 1091 1364 1135 neutrum
1405 1094 1595 1134 eorum
1627 1079 1682 1132 in
1710 1096 1737 1133 e

152 1174 361 1239 ﬁnitur,
395 1184 646 1240 nostrate,
676 1182 925 1237 vestrate;
950 1186 1018 1226 ex
1058 1186 1164 1239 quo
1190 1169 1490 1241 ostenditur
1522 1167 1737 1223 illorum

149 1282 367 1337 quoque
407 1258 768 1320 nominativus
820 1263 874 1317 in
916 1261 981 1315 tis
1020 1260 1317 1314 secundum
1359 1245 1659 1337 analogiam
1706 1273 1737 1311 a

148 1344 538 1414 vetustissimis
582 1338 821 1425 prolatos
862 1368 1000 1408 esse.
1054 1350 1257 1406 Novem
1302 1359 1482 1406 autem
1518 1328 1737 1404 mobilia

149 1450 373 1504 nomina
393 1489 409 1512 ,
445 1461 565 1517 quae
591 1440 717 1514 quia
749 1444 1126 1516 pronominum
1162 1454 1462 1512 sequuntur
1497 1441 1735 1517 declina-

150 1541 356 1595 tionem
388 1538 605 1608 quidam
648 1550 711 1590 ea
751 1535 894 1589 inter
918 1534 1237 1606 pronomina
1259 1542 1581 1607 posuerunt,
1617 1515 1734 1585 om-

150 1631 242 1684 nia
270 1630 326 1683 in
349 1625 684 1684 nominativo
712 1619 967 1697 singulari
994 1634 1048 1680 et
1072 1640 1170 1695 per
1190 1625 1371 1678 omnia
1392 1637 1589 1693 genera
1618 1637 1738 1677 cor—

150 1720 446 1789 ripiuntur,
498 1704 727 1787 excepto
774 1732 883 1771 uno
926 1705 1070 1786 quod
1116 1715 1172 1769 in
1230 1714 1489 1768 feminino
1536 1728 1737 1783 genere

149 1811 527 1880 diphthongon
571 1808 753 1875 habet,
806 1800 859 1864 id
886 1814 971 1862 est
996 1823 1113 1879 qua:
1151 1813 1207 1871 et
1233 1808 1343 1876 qui,
1402 1806 1617 1873 quando
1642 1818 1742 1874 pro
1770 1796 1817 1854 B

150 1901 366 1957 inﬁnito
400 1901 483 1955 vel
512 1900 927 1978 interrogative,
971 1898 1026 1953 id
1062 1906 1164 1963 est,
1194 1912 1295 1966 pro
1332 1896 1448 1967 quis
1492 1895 1737 1966 ponitur;

146 1994 269 2065 quis
314 2000 492 2046 autem
524 2000 581 2047 et
609 1990 736 2062 quid
764 1980 958 2046 br'eves
988 1991 1113 2044 sunt
1145 2003 1160 2042 :
1187 2005 1341 2053 unus,
1373 2005 1501 2055 una,
1542 2002 1740 2051 unum;

147 2084 323 2149 solus,
363 2083 498 2148 sola,
543 2081 713 2136 solum
727 2099 747 2147 ;
788 2090 949 2147 totus,
1001 2088 1130 2146 tota,
1179 2089 1383 2142 totum;
1414 2076 1571 2142 alius,
1611 2075 1737 2141 alia,

148 2175 338 2241 aliud;
366 2174 528 2241 ullus,
562 2173 693 2237 ulla,
724 2172 924 2237 ullum;
960 2170 1165 2234 nullus,
1197 2167 1364 2233 nulla,
1397 2165 1631 2231 nullum;
1662 2164 1743 2218 al-

148 2280 253 2333 ter,
279 2267 470 2333 altera,
494 2266 751 2331 alterum;
774 2275 910 2329 uter,
940 2274 1076 2345 utra,
1107 2273 1307 2325 utrum;
1334 2269 1387 2315 et
1415 2274 1570 2335 exeo
1591 2273 1742 2313 com-

148 2360 389 2429 positum
422 2375 434 2410 :
464 2366 680 2422 neuter,
734 2354 949 2418 neutra,
1004 2363 1268 2407 neutrum.
1317 2350 1578 2404 Similiter
1629 2363 1747 2403 cor-

147 2459 309 2519 repta
337 2458 463 2503 sunt
486 2448 725 2502 Omnium
765 2445 1144 2517 pronominum
1171 2442 1425 2521 feminina
1454 2456 1574 2510 qua:
1608 2425 1663 2493 in
1686 2456 1743 2504 a,

149 2550 210 2597 ct
234 2538 429 2595 neutra
451 2555 571 2609 quae
594 2540 647 2593 in
675 2554 764 2591 um
794 2536 880 2592 vel
912 2537 963 2590 in
992 2535 1287 2589 ud‘ﬁniunt
1328 2530 1741 2603 nominativum,

148 2642 216 2687 ut
240 2632 355 2697 illa,
388 2632 524 2700 ipsa,
555 2631 687 2694 ista;
709 2627 864 2693 illud,
895 2626 1058 2691 istud,
1089 2627 1279 2695 ipsum.
1313 2621 1594 2678 Genitivus
1636 2620 1747 2674 sin-

151 2724 365 2796 gularis
400 2724 454 2778 in
483 2722 892 2793 pronominibus
917 2721 936 2773 i
966 2718 1049 2798 vel
1071 2736 1115 2773 re
1148 2717 1486 2781 terminatus,
1530 2715 1742 2784 longus,

152 2823 220 2869 ut
244 2806 371 2877 ntei,
397 2814 493 2876 tui,
527 2814 642 2877 sui;
670 2826 819 2877 mere,
857 2820 985 2875 tum,
1014 2825 1123 2862 sure
1152 2823 1164 2835 ’
1197 2806 1353 2861 aliter
1378 2804 1594 2875 quidem
1625 2805 1749 2858 bre-

154 2907 266 2970 vis,
298 2912 361 2958 ut
408 2902 574 2968 illius,
607 2900 891 2967 nostratis;
917 2899 1009 2955 ubi
1033 2886 1349 2953 notandum
1379 2897 1522 2966 quod
1550 2895 1743 2967 geniti-

154 3012 260 3051 vus
284 2996 379 3065 qui
404 2995 460 3048 in
488 2994 570 3047 ius
611 2993 841 3059 desinit,
889 2991 1001 3048 sive
1036 2990 1091 3046 in
1115 2972 1524 3060 pronominibus
1550 2988 1665 3043 sive
1694 2988 1749 3041 in

153 3086 511 3149 nominibus,
567 3084 918 3155 penultimam
969 3084 988 3137 i
1039 3098 1253 3153 semper
1290 3092 1481 3136 natura
1532 3080 1758 3151 longam

154 3284 318 3325 cessa
370 3267 701 3337 corripiant;
753 3268 957 3337 absque
993 3281 1102 3321 uno
1143 3264 1390 3330 alterius;
1440 3262 1582 3335 quod
1624 3261 1750 3331 quia

155 3360 342 3416 solum
371 3357 581 3411 duabus
616 3357 745 3410 vicit
773 3354 991 3428 syllabis
1031 3353 1309 3425 proprium
1338 3351 1749 3417 nominativum,

155 3447 397 3518 corripit
425 3460 637 3515 semper
659 3445 1008 3515 penultimam
1034 3445 1085 3510 i;
1108 3444 1247 3497 alius
1284 3458 1503 3516 quoque
1540 3428 1753 3512 semper

157 3543 177 3597 i
203 3523 564 3609 penultimam
594 3523 846 3609 producit
870 3537 923 3592 in
950 3537 1097 3592 omni
1129 3552 1278 3592 casu.
1313 3522 1535 3602 Dativus
1569 3537 1755 3604 singu-

157 3632 299 3688 laris
338 3644 553 3700 semper
597 3629 933 3699 producitur,
982 3636 1043 3683 ut
1086 3638 1285 3691 nostro,
1332 3626 1433 3701 illi,
1483 3625 1609 3691 ilice,
1661 3641 1755 3681 ex-

159 3724 342 3794 ceptis
379 3722 527 3795 mihi,
562 3722 673 3787 tibi,
720 3721 840 3785 sibi,
885 3736 1004 3790 quae
1052 3717 1425 3773 indillerenter
1457 3726 1752 3788 ponuntur.

160 3814 270 3870 Cui
294 3828 513 3883 quoque
540 3820 595 3865 et
616 3812 759 3874 huic,
782 3817 836 3863 et
865 3810 930 3874 ei,
960 3807 1328 3877 monosyllaba
1369 3821 1489 3860 esse
1518 3805 1753 3859 Priscia-

160 3923 274 3963 nus
318 3906 507 3969 testis,
560 3913 615 3957 et
659 3903 902 3973 plerique
949 3910 1230 3972 poetarum
1280 3900 1467 3955 metris
1506 3913 1755 3969 compro—

162 3998 328 4061 bant,
356 4002 417 4048 ut
445 3983 701 4064 Virgilius
730 3993 782 4045 in
810 4008 861 4045 tv
886 3991 1144 4046 1Eneidos
1168 4009 1180 4044 :
1230 4009 1233 4013 ν

297 4104 486 4164 Cnique
512 4103 604 4151 loci
632 4102 776 4164 leges
798 4100 1040 4162 dedimus,
1059 4101 1299 4151 connubia
1321 4108 1489 4153 nostra

298 4164 552 4227 Reppulit.
580 4202 591 4213 .
624 4197 638 4212 .
670 4201 682 4213 .

163 4250 319 4305 Idem
358 4248 410 4301 in
449 4263 463 4300 ι
492 4247 792 4315 Georgicon
825 4263 839 4299 :

299 4338 427 4387 Huic
453 4352 479 4387 a
499 4339 654 4398 stirpe
676 4326 829 4399 pedes
852 4345 985 4387 temo
1008 4342 1267 4399 protentus
1287 4340 1335 4387 in
1367 4334 1511 4402 octo;

162 4436 224 4483 et
262 4424 463 4505 ubique
498 4423 597 4477 hoc
627 4430 822 4475 servat.
861 4421 1212 4475 inveniuntur
1238 4428 1453 4488 tamen,
1486 4423 1578 4478 sed
1612 4439 1756 4489 raro,

161 4531 275 4587 per
295 4498 546 4569 diteresin
579 4511 866 4580 bissyllaba
899 4510 1060 4575 facta,
1088 4520 1141 4565 et
1166 4512 1399 4565 maxime
1420 4514 1488 4575 ei,
1518 4512 1763 4566 dill‘eren-
1788 4497 1843 4556 Ῑ)

169 4605 269 4657 tiae
288 4616 480 4662 causa,
518 4614 586 4652 ne
613 4600 912 4668 interjectio
942 4615 1060 4655 esse
1088 4609 1323 4670 putetur.
1369 4600 1765 4671 Sciendumque

166 4693 323 4765 quod
348 4691 566 4762 quando
587 4691 771 4745 divism
796 4690 1018 4759 fuerint,
1049 4692 1398 4759 penultimam
1432 4694 1761 4761 corripiunt;

168 4787 217 4840 ei
253 4794 441 4839 autem
484 4783 632 4836 eteis
665 4796 762 4852 per
799 4782 1047 4837 diaeresin
1089 4782 1289 4837 divisas
1330 4800 1449 4839 esse
1490 4784 1732 4840 Juvenal"

169 4875 425 4931 ostendit
449 4874 503 4927 in
527 4889 559 4927 v
593 4892 604 4927 :

312 4964 497 5025 implet
521 4972 573 5013 et
594 4964 653 5013 ad
676 4963 891 5013 mtrcbos
922 4963 1005 5012 dat
1029 4962 1216 5012 eisdem
1234 4963 1368 5015 ferre
1388 4965 1607 5017 cinedis.

174 5047 396 5103 Statius
425 5045 478 5099 in
509 5046 527 5099 i
554 5046 815 5117 syllabam
850 5047 970 5099 huic
1006 5046 1197 5101 dividit
1226 5065 1238 5100 :

310 5136 490 5187 Falsus
511 5138 625 5187 huic
651 5140 824 5200 pinnas
850 5144 901 5187 et
925 5149 1105 5187 cornua
1130 5151 1326 5190 sumere
1348 5146 1509 5191 tetra.

175 5219 239 5276 In
271 5219 467 5274 eodem
493 5237 507 5272 :
1002 5244 1047 5266 χ

316 5308 484 5359 Laetus
504 5310 619 5360 huic
639 5309 767 5358 dono
785 5308 953 5359 videas
980 5300 1097 5359 dare
1111 5310 1221 5371 jura
1242 5322 1461 5373 nepotes.

178 5393 289 5450 Cui
320 5406 541 5460 quoque
596 5392 651 5446 in
681 5392 945 5447 ambabus
989 5392 1208 5463 syllabis
1236 5395 1461 5465 corripit
1492 5387 1771 5451 Térentia-

182 5499 293 5539 nus
318 5483 387 5538 de
415 5481 671 5537 Litteris:

318 5576 507 5626 Verum
532 5582 587 5625 ut
617 5578 797 5640 cuique
822 5584 899 5630 est
923 5576 1350 5641 proximitas‘locis
1372 5582 1522 5645 oriri;

183 5662 345 5718 Idem
374 5660 429 5714 in
460 5660 645 5715 eodem
676 5680 688 5713 :

323 5751 397 5802 Ex
419 5752 595 5803 ordine
616 5751 811 5815 lubens
832 5755 912 5804 cui
937 5756 1018 5807 dat
1038 5768 1214 5807 nomen
1242 5757 1490 5822 Syuopes,

1840 522 2012 582 tribus
2042 524 2328 588 trochteis;
2361 521 2503 591 quod
2531 521 2609 576 sic
2641 508 2923 574 scanditur
2962 533 2973 568 :
3007 530 3183 568 verum
3214 523 3269 567 ut
3312 512 3419 578 cui,

1838 599 2083 683 imicus;
2117 632 2235 687 qua:
2262 623 2336 668 est
2365 613 2611 683 proximi,
2646 609 2847 689 ionic.;
2896 617 2974 660 tas
3005 604 3077 669 lo,
3121 604 3422 669 trochaeus;

1839 711 1911 764 cis
1934 727 1983 775 υ,
2007 706 2143 774 troc,
2186 706 2300 771 riri,
2326 713 2460 760 troc.
2479 701 2738 776 [spond.].
2756 701 2887 756 Item
2914 706 2926 753 ξ
2955 714 3020 753 ea;
3045 697 3247 762 ordine,
3269 697 3380 750 ion.
3404 710 3421 760 ;

1839 799 2040 869 fulgens
2065 790 2170 864 cui,
2202 798 2346 861 ion.;
2383 796 2475 848 dat
2503 811 2601 858 no;
2634 802 2769 848 troc.
2796 810 2810 859 ;
2854 807 2971 846 men
3003 790 3097 860 Sy,
3131 796 3300 852 troc.;
3331 802 3426 839 no-

1836 908 1943 961 pes,
1973 899 2107 947 troc.
2139 888 2495 945 Accusativus
2536 885 2820 956 singularis
2868 898 3081 952 semper
3108 878 3424 948 corripitur,

1838 974 2400 1045 ut'illum,illa,illud,
2418 970 2644 1045 excepto
2673 990 2796 1030 cum
2816 990 2843 1027 e
2872 974 3052 1027 littera
3078 968 3423 1046 terminatur,

1837 1076 1893 1122 et
1923 1059 2189 1136 positione
2240 1062 2583 1137 producitur,
2614 1071 2675 1119 ut
2700 1063 2835 1116 hunc
2864 1056 2919 1116 et
2954 1061 3111 1126 hanc,
3138 1059 3225 1114 vel
3250 1066 3373 1113 cum
3399 1075 3427 1112 e

1837 1154 1996 1229 leuga
2030 1157 2237 1225 ﬁnitur,
2260 1167 2321 1213 ut
2354 1175 2456 1223 me,
2486 1164 2558 1223 te,
2583 1173 2659 1210 se.
2693 1150 2983 1209 Vocativus
3013 1142 3231 1220 quidem
3262 1140 3427 1220 regu—

1837 1249 1942 1303 lam
1976 1250 2059 1304 sui
2108 1250 2354 1321 sequitur
2382 1247 2722 1314 nominativi,
2768 1254 2831 1313 ut
2857 1246 2935 1310 lii,
2970 1262 2999 1298 ο
3038 1254 3116 1297 tu.
3175 1234 3327 1297 Licet
3374 1241 3429 1296 iu

1836 1357 1897 1395 us
1920 1339 2283 1409 desinentium
2305 1328 2686 1411 pronominum
2713 1326 2811 1394 seu
2842 1333 3122 1392 hominum
3148 1334 3431 1407 vocativus

1836 1432 1893 1487 in
1922 1438 1949 1486 ὰ
1978 1431 2231 1500 ﬁniatttr;
2267 1435 2448 1487 tamen
2477 1430 2722 1486 eamdem
2754 1429 3059 1500 correptam
3102 1416 3286 1482 habet.
3318 1421 3431 1479 No:
3466 1482 3469 1487 ν

1838 1516 2061 1578 tandum
2089 1524 2233 1593 quod
2282 1524 2448 1604 incus,
2474 1517 2606 1577 cum
2654 1521 2951 1577 secundum
2988 1510 3229 1589 regulam
3273 1532 3432 1572 voca-

1840 1609 2009 1670 tivum
2040 1606 2231 1673 debuit
2278 1616 2481 1683 facere,
2532 1633 2561 1669 o
2613 1604 2753 1680 ntee,
2792 1607 3076 1685 euphonia:
3103 1607 3266 1669 causa
3299 1612 3433 1666 duas

1838 1722 1865 1760 e
1899 1698 2090 1761 breves
2118 1707 2171 1760 in
2197 1707 2215 1760 i
2241 1699 2400 1768 longa
2427 1697 2714 1761 convertit.
2745 1698 3030 1759 Terentius
3056 1704 3113 1759 in
3139 1699 3429 1773 Adelphis:

2096 1816 2136 1867 Ο
2167 1817 2234 1865 mi
2265 1815 2514 1876 Aischine,
2536 1828 2568 1865 ο
2594 1818 2658 1865 mi
2682 1829 2945 1879 germane;

1845 1931 1946 1972 nec
1974 1917 2096 1973 ideo
2121 1916 2501 1973 aestimandum
2529 1926 2614 1973 est
2650 1935 2680 1972 ο
2706 1933 3007 1989 pronomen
3040 1932 3160 1973 esse
3188 1916 3313 1988 quia
3340 1930 3436 1970 no-

1843 2009 1977 2063 mini
2013 2009 2095 2063 vel
2143 2010 2449 2079 pronomini
2478 2010 2558 2069 ,in
2594 2010 2842 2064 vocativo
2892 2024 3021 2065 casu
3058 2009 3176 2063 vice
3219 2006 3435 2062 articuli

1843 2099 2105 2170 fungitur,
2136 2116 2260 2155 cum
2305 2102 2422 2156 sine
2450 2101 2611 2156 dubio
2657 2101 2973 2157 adverbium
3004 2108 3090 2155 est
3116 2088 3345 2154 vocandi
3382 2107 3438 2153 ct

1844 2191 2106 2261 optandi;
2135 2199 2219 2246 est
2263 2191 2431 2245 etiam
2477 2202 2531 2246 et
2559 2190 2869 2260 interjectio
2900 2191 3155 2254 dolentis,
3205 2204 3305 2245 nec
3330 2188 3432 2243 ali-

1846 2282 1974 2351 quid
2002 2282 2231 2336 interest
2272 2282 2414 2338 inter
2457 2299 2487 2336 o
2530 2283 2633 2337 hoc
2660 2282 2970 2338 vocativum
3001 2289 3054 2336 et
3082 2281 3246 2345 heus;
3300 2294 3434 2349 quo-

1846 2372 2006 2425 modo
2054 2373 2197 2427 enim
2248 2372 2501 2439 dicimus,
2544 2374 2669 2427 heus
2695 2374 2957 2444 juvenes;
2986 2372 3084 2437 sic,
3123 2390 3152 2425 ο
3203 2373 3433 2437 iuvenes.

1845 2462 2125 2518 Ablativus
2172 2464 2459 2534 singularis
2521 2479 2731 2533 semper
2772 2466 3121 2533 producitur,
3152 2470 3212 2517 ut
3253 2480 3285 2515 a
3319 2478 3435 2526 me,

1848 2555 1912 2608 ab
1941 2554 2050 2619 illo,
2085 2557 2326 2627 exceptis
2369 2556 2456 2611 his
2487 2557 2696 2612 duobus
2727 2572 2848 2627 quae
2881 2556 3101 2610 tertiam
3139 2561 3441 2625 sequuntur

1849 2643 2289 2712 declinationem,
2339 2654 2401 2700 ut
2449 2648 2514 2700 ab
2548 2648 2644 2700 hoc
2670 2645 2755 2700 vel
2783 2646 2883 2699 hac
2910 2646 2994 2700 vel
3037 2648 3135 2700 hoc
3174 2654 3465 2708 ηοω-ατε,-

1848 2749 2087 2794 vestrate.
2144 2724 2537 2805 Nominativus,
2568 2750 2620 2793 et
2649 2738 3014 2803 accusativus,
3067 2749 3123 2793 et
3161 2738 3441 2800 vocativus
3475 2807 3477 2811 η

1849 2831 2072 2902 pluralis
2099 2840 2225 2886 tunc
2254 2838 2466 2886 tantum
2489 2832 2876 2901 corripiuntur,
2908 2846 3031 2885 cum
3055 2845 3087 2883 α
3114 2829 3314 2888 fuerint
3341 2839 3445 2883 ter.

1851 2923 2063 2988 minati,
2092 2930 2153 2976 ut
2207 2922 2321 2989 illa,
2374 2932 2573 2980 nostra.
2629 2921 2909 2976 Genitivus
2955 2920 3179 2991 pluralis
3229 2933 3444 2987 semper

1853 3013 2165 3083 corripitur,
2197 3022 2257 3068 ut
2289 3023 2607 3079 nostrorum,
2642 3023 2949 3076 vestrorum,
2982 3010 3219 3074 illorum,
3248 3020 3447 3063 nostro-

153 3103 475 3187 ¹¹⁰ω¹η¹⁰ξ¹⁵
497 3125 511 3149 ν
567 3103 918 3155 Penummam
969 3103 988 3137 ³
1039 3103 1253 3153 semper
1291 3103 1481 3136 nam”
1533 3103 1758 3183 ‘fmga‘u'
1855 3120 1993 3169 rum,
2025 3104 2130 3158 nisi
2160 3120 2281 3160 cum
2311 3106 2331 3159 ἱ
2358 3106 2430 3159 sit
2460 3106 2803 3169 terminatus,
2831 3111 2892 3157 ut
2921 3106 3105 3157 nostri.
3148 3103 3373 3158 Dativus
3392 3105 3448 3156 et

153 3180 349 3246 habet.
393 3177 520 3231 ιιεθῑ
544 3191 663 3231 eam
691 3184 863 3246 Ροεηίὲ
890 3176 1086 3245 832plus
1124 3189 1223 3244 Ι)Γο
1262 3172 1480 3228 Ποθηίίδ
1513 3188 1593 3228 θ¹⁸
1623 3186 1752 3226 ⁰⁰¹¹’
1856 3193 2148 3246 ablativus.
2198 3196 2242 3246 si
2296 3196 2340 3246 is
2382 3196 2761 3246 terminantur.
2793 3194 2939 3246 Ιοηαὶ
2991 3203 3137 3246 sunt.
3188 3201 3249 3246 ut
3292 3195 3444 3246 meis.

286 3200 349 3246 ξι,
394 3200 520 3231 licet
544 3200 663 3231 cam
691 3200 863 3246 poeta:
890 3200 1086 3245 saeptus
1124 3200 1223 3244 pro
1262 3200 1480 3228 uccuuu
1513 3200 1593 3228 ma
1623 3200 1752 3226 wu-

1856 3193 2148 3261 ablativus,
2198 3196 2242 3251 si
2296 3196 2340 3249 is
2382 3196 2761 3260 terminantur,
2793 3194 2939 3264 longi
2991 3203 3137 3259 sunt,
3188 3201 3249 3247 ut
3292 3195 3444 3259 meis,

1856 3286 1979 3351 tuis,
2008 3286 2136 3352 illis,
2166 3286 2308 3342 vobis
2332 3304 2353 3353 ;
2382 3288 2425 3341 si
2460 3286 2576 3353 bus,
2610 3287 2800 3340 breves
2828 3293 2973 3350 sunt,
3007 3294 3067 3338 ut
3100 3284 3287 3356 quibus
3314 3325 3328 3350 ,
3356 3300 3449 3337 no-

1854 3377 2129 3443 stratibus,
2162 3379 2488 3442 vestralibus,
2522 3394 2642 3449 quae
2668 3378 2833 3432 etiam
2863 3385 2919 3433 et
2944 3377 3297 3448 peuultimam
3323 3391 3448 3432 cor-

1854 3466 2079 3537 ripiunt,
2112 3475 2171 3521 ut
2194 3468 2343 3538 Virg.
2378 3468 2429 3521 in
2459 3467 2641 3541 ecloga
2680 3482 2735 3521 v1
2763 3483 2779 3521 :

1984 3558 2089 3616 Quo
2115 3571 2259 3608 cursu
2280 3562 2479 3608 deserta
2505 3560 2755 3621 petiverit,
2781 3565 2833 3608 et
2851 3560 3030 3620 quibus
3046 3564 3180 3610 ante.

1929 3644 2230 3699 Verborum
2260 3644 2441 3712 itaque
2467 3659 2589 3697 cum
2620 3642 2899 3711 multiplex
2923 3643 2975 3695 in
3006 3642 3376 3697 accidentibus
3395 3646 3451 3694 ct

1858 3736 2007 3789 varia
2038 3734 2108 3789 sit
2137 3736 2203 3790 de
2232 3736 2397 3790 verbo
2424 3733 2628 3803 regula,
2681 3748 2746 3787 ea
2774 3740 2955 3787 tamen
2998 3748 3119 3802 quae
3150 3733 3215 3785 ad
3251 3731 3449 3785 utilita-

1860 3836 1966 3882 tem
1993 3828 2231 3880 Inetricas
2256 3827 2388 3879 artis
2414 3826 2705 3894 pertinent
2752 3825 2891 3887 sicut
2934 3838 2962 3876 a
2993 3823 3265 3891 magistris
3294 3823 3451 3875 nobis

1861 3919 2060 3972 tradita
2092 3918 2230 3982 sint,
2282 3915 2365 3971 vel
2399 3924 2661 3983 quantum
2691 3915 2792 3984 ipsi
2844 3914 3169 3984 investigare
3198 3928 3296 3982 pro
3327 3928 3449 3964 mo-

1862 4010 1987 4065 dulo
2023 4008 2275 4077 ingenioli
2342 4007 2512 4060 nostri
2568 4006 2863 4075 potuimus,
2914 4005 3108 4069 Lucii,
3160 4018 3449 4074 puerorum

1862 4100 2190 4164 dulcissime,
2229 4099 2332 4153 hoc
2379 4097 2430 4150 in
2456 4097 2573 4151 loco
2603 4097 2698 4150 tibi
2727 4112 2870 4150 nunc
2916 4096 3153 4175 scribere
3181 4095 3446 4162 dispono:

1863 4191 1937 4246 ita
1972 4199 2031 4244 ut
2069 4206 2173 4244 non
2201 4188 2374 4243 Solum
2410 4175 2720 4240 ultiinarum
2753 4186 3102 4256 syllabarum,
3135 4184 3245 4237 imo
3282 4184 3449 4238 etiam

1862 4284 2282 4357 penultimarum
2332 4290 2494 4350 atque
2522 4288 2648 4335 ante
2688 4278 3108 4350 penultimarum
3139 4277 3405 4330 rationem
3433 4316 3447 4341 ,

1865 4392 1984 4448 quae
2018 4372 2125 4430 non
2183 4375 2363 4429 minus
2410 4373 2537 4427 sciri
2578 4372 2754 4441 poetis
2786 4370 3093 4425 necessaria
3127 4377 3238 4433 est,
3287 4382 3450 4437 quam

1868 4474 2143 4527 nominum
2173 4469 2355 4540 (prout
2402 4466 2642 4522 brevitas
2690 4463 2932 4535 Opusculi
2980 4478 3077 4517 nos
3117 4460 3265 4532 sinit)
3314 4458 3452 4527 style

1868 4571 2122 4618 currente
2171 4561 2475 4632 diligentius
2523 4560 2772 4612 intimare
2821 4570 3089 4610 curemus.
3132 4554 3209 4607 Tu
3250 4567 3379 4623 ergo
3406 4551 3450 4605 si

1869 4656 2011 4709 enim
2041 4654 2242 4725 [modo]
2277 4653 2475 4720 velocis
2504 4666 2561 4704 cs
2608 4648 2828 4719 ingenii,
2870 4647 3077 4715 reliqua
3108 4646 3287 4700 omnia
3320 4653 3452 4697 tunc

1872 4748 2084 4803 facilius
2110 4747 2375 4815 conjicere
2407 4745 2631 4813 poteris,
2662 4744 2706 4796 si
2736 4743 2838 4794 ista
2876 4740 3137 4793 intentius
3173 4737 3454 4807 percipere

1873 4838 2034 4893 modo
2060 4836 2349 4891 studueris.
2379 4834 2445 4906 _ln
2473 4832 2652 4886 verbis
2678 4831 2839 4899 igitur
2872 4829 3125 4883 omnibus
3168 4828 3281 4881 haec
3307 4827 3358 4879 in
3395 4825 3454 4878 li-

1874 4930 2086 4985 nalibus
2112 4928 2331 5000 syllabis
2361 4925 2675 4982 breviantur
2706 4938 2720 4977 :
2750 4940 2801 4989 o,
2833 4931 2893 4976 ut
2920 4938 3063 4984 amo,
3093 4921 3271 4982 doceo,
3294 4934 3452 4987 pono,

1874 5022 2067 5085 nutrio,
2099 5022 2316 5085 (ιηιαὸο,
2368 5018 2579 5081 docebo,
2627 5014 2771 5084 quod
2813 5021 2994 5067 tamen
3036 5010 3333 5065 auctoritas
3363 5023 3455 5060 va-

1873 5112 2010 5176 riet;
2046 5129 2119 5176 m,
2151 5120 2209 5166 ut
2238 5109 2502 5173 amabam,
2530 5108 2831 5168 docueram,
2864 5117 3089 5172 ponam;
3120 5118 3166 5165 r,
3196 5108 3254 5153 ut
3284 5108 3451 5163 amor,

1874 5203 2116 5269 docebar,
2149 5216 2387 5273 ponerer,
2430 5199 2670 5261 nutriar;
2702 5206 2743 5260 t,
2799 5201 2859 5248 ut
2887 5202 3048 5254 amat,
3083 5190 3316 5252 docebat,
3354 5203 3453 5256 po-

1874 5302 2070 5359 suerat,
2118 5294 2379 5354 nutriret;
2417 5306 2500 5355 us,
2531 5298 2590 5342 ut
2628 5301 2890 5349 amamus,
2934 5284 3215 5344 docemus;
3270 5296 3351 5343 re,
3398 5289 3457 5334 ut

1878 5402 2091 5450 amare;
2122 5395 2188 5449 te,
2222 5391 2281 5436 ut
2310 5383 2519 5446 docete;
2547 5381 2636 5445 tis,
2664 5389 2723 5434 ut
2752 5378 2981 5448 ponitis;
3012 5376 3130 5439 stis,
3175 5380 3233 5426 ut
3262 5364 3459 5425 amavi-

1876 5478 2003 5543 stis;
2033 5476 2124 5539 ris,
2154 5481 2213 5527 ut
2240 5474 2461 5537 deceris,
2490 5470 2800 5541 ponebaris;
2831 5483 2901 5530 se,
2929 5472 2988 5519 ut
3015 5463 3309 5517 nutrivisse.
3335 5459 3459 5514 Pro-

1878 5552 2147 5623 ducuntur
2160 5574 2339 5619 autem
2353 5582 2406 5629 a,
2423 5571 2481 5617 ut
2496 5578 2617 5615 ama
2633 5578 2714 5627 ;e,
2731 5574 2852 5614 cum
2876 5559 2929 5611 in
2946 5555 3196 5611 secundae
3210 5549 3461 5620 conjuge—

1881 5658 2043 5712 tionis
2097 5656 2413 5725 imperativo
2450 5653 2529 5718 ﬁt,
2588 5660 2648 5705 ut
2674 5651 2830 5713 doce;
2881 5649 2921 5714 i,
2967 5656 3027 5701 ut
3078 5644 3237 5708 nutri,
3266 5631 3460 5705 amavi,

1882 5749 2143 5815 amovisti,
2174 5748 2370 5815 doceri,
2402 5764 2435 5801 u
2481 5754 2537 5803 ut
2561 5750 2773 5808 amata;
2816 5758 2865 5809 c,
2903 5748 2963 5795 ut
3011 5738 3117 5807 fac,
3148 5737 3232 5790 dic
3253 5751 3272 5800 ,'
3297 5748 3377 5801 as,
3403 5738 3465 5786 ut
