  <div class='ocr_page' id='page_1' title='image "/cluster/home/n/w/nwhite01/storage/ocr_20150623/111/uva.x000827067/331.png"; bbox 0 0 3918 6400; ppageno 0'>
   <div class='ocr_carea' id='block_1_1' title="bbox 460 320 563 377">
    <p class='ocr_par' dir='ltr' id='par_1_1' title="bbox 460 320 563 377">
     <span class='ocr_line' id='line_1_1' title="bbox 460 320 563 377; baseline 0 0"><span class='ocrx_word' id='word_1_1' title='bbox 460 320 563 377; x_wconf 64' lang='grc' dir='ltr'><strong>δι’]</strong></span> 
     </span>
    </p>
   </div>
   <div class='ocr_carea' id='block_1_2' title="bbox 1105 296 3076 406">
    <p class='ocr_par' dir='ltr' id='par_1_2' title="bbox 1105 296 3076 406">
     <span class='ocr_line' id='line_1_2' title="bbox 1105 296 3076 406; baseline -0.005 -19"><span class='ocrx_word' id='word_1_2' title='bbox 1105 296 1165 387; x_wconf 78' lang='grc' dir='ltr'><strong>Β.</strong></span> <span class='ocrx_word' id='word_1_3' title='bbox 1208 329 1461 386; x_wconf 80' lang='lat' dir='ltr'><strong>RABANI</strong></span> <span class='ocrx_word' id='word_1_4' title='bbox 1497 328 1719 386; x_wconf 76' lang='lat' dir='ltr'><strong>MAURI</strong></span> <span class='ocrx_word' id='word_1_5' title='bbox 1751 325 2067 406; x_wconf 63' lang='lat' dir='ltr'><strong>ARCHIER.</strong></span> <span class='ocrx_word' id='word_1_6' title='bbox 2110 324 2417 383; x_wconf 83' lang='lat' dir='ltr'><strong>MOGUNT.</strong></span> <span class='ocrx_word' id='word_1_7' title='bbox 2460 323 2741 381; x_wconf 82' lang='lat' dir='ltr'><strong>OPERUM</strong></span> <span class='ocrx_word' id='word_1_8' title='bbox 2778 321 2956 378; x_wconf 82' lang='lat' dir='ltr'><strong>PARS</strong></span> <span class='ocrx_word' id='word_1_9' title='bbox 2991 324 3076 378; x_wconf 85' lang='grc' dir='ltr'><strong>ΙΙΙ.</strong></span> 
     </span>
    </p>
   </div>
   <div class='ocr_carea' id='block_1_3' title="bbox 3623 321 3754 377">
    <p class='ocr_par' dir='ltr' id='par_1_3' title="bbox 3623 321 3754 377">
     <span class='ocr_line' id='line_1_3' title="bbox 3623 321 3754 377; baseline 0 0"><span class='ocrx_word' id='word_1_10' title='bbox 3623 321 3754 377; x_wconf 69' lang='grc'><strong>648</strong></span> 
     </span>
    </p>
   </div>
   <div class='ocr_carea' id='block_1_4' title="bbox 471 438 3759 516">
    <p class='ocr_par' dir='ltr' id='par_1_4' title="bbox 471 438 3759 516">
     <span class='ocr_line' id='line_1_4' title="bbox 471 438 3759 516; baseline -0.003 -14"><span class='ocrx_word' id='word_1_11' title='bbox 471 459 641 510; x_wconf 82' lang='lat' dir='ltr'><strong>amas,</strong></span> <span class='ocrx_word' id='word_1_12' title='bbox 666 447 911 510; x_wconf 86' lang='lat' dir='ltr'><strong>docebas,</strong></span> <span class='ocrx_word' id='word_1_13' title='bbox 939 461 1223 516; x_wconf 87' lang='lat' dir='ltr'><strong>posueras;</strong></span> <span class='ocrx_word' id='word_1_14' title='bbox 1260 452 1424 509; x_wconf 43' lang='lat' dir='ltr'><strong>es,,ut</strong></span> <span class='ocrx_word' id='word_1_15' title='bbox 1469 444 1644 512; x_wconf 87' lang='lat' dir='ltr'><strong>doces,</strong></span> <span class='ocrx_word' id='word_1_16' title='bbox 1681 457 1904 506; x_wconf 86' lang='lat' dir='ltr'><strong>amares,</strong></span> <span class='ocrx_word' id='word_1_17' title='bbox 1953 456 2048 510; x_wconf 79' lang='grc' dir='ltr'><strong>ρο·-</strong></span> <span class='ocrx_word' id='word_1_18' title='bbox 2077 445 2420 505; x_wconf 74' lang='grc' dir='ltr'><strong>Ααηιενηηε,</strong></span> <span class='ocrx_word' id='word_1_19' title='bbox 2474 443 2686 503; x_wconf 85' lang='lat' dir='ltr'><strong>ametis,</strong></span> <span class='ocrx_word' id='word_1_20' title='bbox 2756 447 2948 493; x_wconf 86' lang='lat' dir='ltr'><strong>ament.</strong></span> <span class='ocrx_word' id='word_1_21' title='bbox 3013 438 3138 494; x_wconf 68' lang='lat' dir='ltr'><strong>Haec</strong></span> <span class='ocrx_word' id='word_1_22' title='bbox 3208 456 3424 510; x_wconf 90' lang='lat' dir='ltr'><strong>quoque</strong></span> <span class='ocrx_word' id='word_1_23' title='bbox 3482 439 3759 494; x_wconf 71' lang='lat' dir='ltr'><strong>similiter</strong></span> 
     </span>
    </p>
   </div>
   <div class='ocr_carea' id='block_1_5' title="bbox 473 531 2053 605">
    <p class='ocr_par' dir='ltr' id='par_1_5' title="bbox 473 531 2053 605">
     <span class='ocr_line' id='line_1_5' title="bbox 473 531 2053 605; baseline -0.006 -11"><span class='ocrx_word' id='word_1_24' title='bbox 473 540 700 604; x_wconf 75' lang='lat' dir='ltr'><strong>suisses;</strong></span> <span class='ocrx_word' id='word_1_25' title='bbox 729 546 747 590; x_wconf 90' lang='lat' dir='ltr'><strong>t</strong></span> <span class='ocrx_word' id='word_1_26' title='bbox 779 547 975 600; x_wconf 89' lang='lat' dir='ltr'><strong>autem,</strong></span> <span class='ocrx_word' id='word_1_27' title='bbox 1009 552 1132 597; x_wconf 83' lang='lat' dir='ltr'><strong>cum</strong></span> <span class='ocrx_word' id='word_1_28' title='bbox 1156 537 1209 590; x_wconf 93' lang='lat' dir='ltr'><strong>in</strong></span> <span class='ocrx_word' id='word_1_29' title='bbox 1236 535 1393 588; x_wconf 91' lang='lat' dir='ltr'><strong>tertia</strong></span> <span class='ocrx_word' id='word_1_30' title='bbox 1423 550 1651 605; x_wconf 83' lang='lat' dir='ltr'><strong>persona</strong></span> <span class='ocrx_word' id='word_1_31' title='bbox 1680 533 1874 604; x_wconf 86' lang='lat' dir='ltr'><strong>plurali</strong></span> <span class='ocrx_word' id='word_1_32' title='bbox 1907 531 1944 595; x_wconf 88' lang='grc' dir='ltr'><strong>ι,</strong></span> <span class='ocrx_word' id='word_1_33' title='bbox 1967 532 2053 586; x_wconf 85' lang='lat' dir='ltr'><strong>vel</strong></span> 
     </span>
    </p>
   </div>
   <div class='ocr_carea' id='block_1_6' title="bbox 473 623 2055 696">
    <p class='ocr_par' dir='ltr' id='par_1_6' title="bbox 473 623 2055 696">
     <span class='ocr_line' id='line_1_6' title="bbox 473 623 2055 696; baseline -0.003 -16"><span class='ocrx_word' id='word_1_34' title='bbox 473 647 527 691; x_wconf 83' lang='grc' dir='ltr'><em>η,</em></span> <span class='ocrx_word' id='word_1_35' title='bbox 557 629 638 681; x_wconf 77' lang='lat' dir='ltr'><strong>vel</strong></span> <span class='ocrx_word' id='word_1_36' title='bbox 663 644 705 687; x_wconf 76' lang='grc' dir='ltr'><strong>δ,</strong></span> <span class='ocrx_word' id='word_1_37' title='bbox 737 626 819 680; x_wconf 90' lang='lat' dir='ltr'><strong>vel</strong></span> <span class='ocrx_word' id='word_1_38' title='bbox 855 643 880 679; x_wconf 91' lang='lat' dir='ltr'><strong>r</strong></span> <span class='ocrx_word' id='word_1_39' title='bbox 905 635 1030 681; x_wconf 89' lang='lat' dir='ltr'><strong>ante</strong></span> <span class='ocrx_word' id='word_1_40' title='bbox 1057 642 1114 682; x_wconf 91' lang='lat' dir='ltr'><strong>se</strong></span> <span class='ocrx_word' id='word_1_41' title='bbox 1142 626 1321 690; x_wconf 92' lang='lat' dir='ltr'><strong>habet,</strong></span> <span class='ocrx_word' id='word_1_42' title='bbox 1347 626 1605 696; x_wconf 77' lang='lat' dir='ltr'><strong>syllabam</strong></span> <span class='ocrx_word' id='word_1_43' title='bbox 1643 623 2055 694; x_wconf 77' lang='lat' dir='ltr'><strong>facitpositione</strong></span> 
     </span>
    </p>
   </div>
   <div class='ocr_carea' id='block_1_7' title="bbox 473 714 2056 787">
    <p class='ocr_par' dir='ltr' id='par_1_7' title="bbox 473 714 2056 787">
     <span class='ocr_line' id='line_1_7' title="bbox 473 714 2056 787; baseline -0.003 -17"><span class='ocrx_word' id='word_1_44' title='bbox 473 718 706 787; x_wconf 86' lang='lat' dir='ltr'><strong>longam,</strong></span> <span class='ocrx_word' id='word_1_45' title='bbox 736 726 795 769; x_wconf 90' lang='lat' dir='ltr'><strong>ut</strong></span> <span class='ocrx_word' id='word_1_46' title='bbox 821 726 1017 782; x_wconf 86' lang='lat' dir='ltr'><strong>amant,</strong></span> <span class='ocrx_word' id='word_1_47' title='bbox 1051 716 1324 779; x_wconf 78' lang='lat' dir='ltr'><strong>docebant,</strong></span> <span class='ocrx_word' id='word_1_48' title='bbox 1355 725 1625 785; x_wconf 80' lang='lat' dir='ltr'><strong>ponerent,</strong></span> <span class='ocrx_word' id='word_1_49' title='bbox 1659 714 1951 775; x_wconf 87' lang='lat' dir='ltr'><strong>nutrierint,</strong></span> <span class='ocrx_word' id='word_1_50' title='bbox 2000 720 2056 766; x_wconf 88' lang='lat' dir='ltr'><strong>et</strong></span> 
     </span>
    </p>
   </div>
   <div class='ocr_carea' id='block_1_8' title="bbox 472 806 2056 877">
    <p class='ocr_par' dir='ltr' id='par_1_8' title="bbox 472 806 2056 877">
     <span class='ocr_line' id='line_1_8' title="bbox 472 806 2056 877; baseline -0.003 -16"><span class='ocrx_word' id='word_1_51' title='bbox 472 808 598 871; x_wconf 83' lang='lat' dir='ltr'><strong>vult,</strong></span> <span class='ocrx_word' id='word_1_52' title='bbox 657 809 778 877; x_wconf 81' lang='lat' dir='ltr'><strong>fert,</strong></span> <span class='ocrx_word' id='word_1_53' title='bbox 831 817 925 860; x_wconf 88' lang='lat' dir='ltr'><strong>est.</strong></span> <span class='ocrx_word' id='word_1_54' title='bbox 977 807 1216 876; x_wconf 84' lang='lat' dir='ltr'><strong>Denique</strong></span> <span class='ocrx_word' id='word_1_55' title='bbox 1260 806 1677 877; x_wconf 89' lang='lat' dir='ltr'><strong>penultimarum</strong></span> <span class='ocrx_word' id='word_1_56' title='bbox 1709 812 1872 874; x_wconf 89' lang='lat' dir='ltr'><strong>atque</strong></span> <span class='ocrx_word' id='word_1_57' title='bbox 1903 812 2056 858; x_wconf 87' lang='lat' dir='ltr'><strong>ante-</strong></span> 
     </span>
    </p>
   </div>
   <div class='ocr_carea' id='block_1_9' title="bbox 472 895 2056 968">
    <p class='ocr_par' dir='ltr' id='par_1_9' title="bbox 472 895 2056 968">
     <span class='ocr_line' id='line_1_9' title="bbox 472 895 2056 968; baseline -0.002 -16"><span class='ocrx_word' id='word_1_58' title='bbox 472 899 892 968; x_wconf 90' lang='lat' dir='ltr'><strong>penultimarum</strong></span> <span class='ocrx_word' id='word_1_59' title='bbox 947 897 1138 951; x_wconf 76' lang='lat' dir='ltr'><strong>notitia</strong></span> <span class='ocrx_word' id='word_1_60' title='bbox 1202 913 1232 950; x_wconf 87' lang='lat' dir='ltr'><strong>a</strong></span> <span class='ocrx_word' id='word_1_61' title='bbox 1296 905 1527 966; x_wconf 77' lang='lat' dir='ltr'><strong>quatuor</strong></span> <span class='ocrx_word' id='word_1_62' title='bbox 1585 895 2056 965; x_wconf 87' lang='lat' dir='ltr'><strong>coniugationibus</strong></span> 
     </span>
    </p>
   </div>
   <div class='ocr_carea' id='block_1_10' title="bbox 473 981 2055 1064">
    <p class='ocr_par' dir='ltr' id='par_1_10' title="bbox 473 981 2055 1064">
     <span class='ocr_line' id='line_1_10' title="bbox 473 981 2055 1064; baseline -0.001 -19"><span class='ocrx_word' id='word_1_63' title='bbox 473 993 708 1048; x_wconf 77' lang='lat' dir='ltr'><strong>maxime</strong></span> <span class='ocrx_word' id='word_1_64' title='bbox 723 993 1036 1062; x_wconf 85' lang='lat' dir='ltr'><strong>percipitur,</strong></span> <span class='ocrx_word' id='word_1_65' title='bbox 1057 994 1179 1063; x_wconf 89' lang='lat' dir='ltr'><strong>quia</strong></span> <span class='ocrx_word' id='word_1_66' title='bbox 1197 993 1376 1047; x_wconf 86' lang='lat' dir='ltr'><strong>omnia</strong></span> <span class='ocrx_word' id='word_1_67' title='bbox 1401 994 1568 1048; x_wconf 88' lang='lat' dir='ltr'><strong>verba</strong></span> <span class='ocrx_word' id='word_1_68' title='bbox 1604 1009 1722 1064; x_wconf 84' lang='lat' dir='ltr'><strong>quae</strong></span> <span class='ocrx_word' id='word_1_69' title='bbox 1760 981 2055 1046; x_wconf 82' lang='lat' dir='ltr'><strong>secundum</strong></span> 
     </span>
    </p>
   </div>
   <div class='ocr_carea' id='block_1_11' title="bbox 472 1080 2052 1156">
    <p class='ocr_par' dir='ltr' id='par_1_11' title="bbox 472 1080 2052 1156">
     <span class='ocr_line' id='line_1_11' title="bbox 472 1080 2052 1156; baseline -0.001 -23"><span class='ocrx_word' id='word_1_70' title='bbox 472 1081 773 1152; x_wconf 82' lang='lat' dir='ltr'><strong>analogiam</strong></span> <span class='ocrx_word' id='word_1_71' title='bbox 787 1081 1144 1146; x_wconf 89' lang='lat' dir='ltr'><strong>declinantur,</strong></span> <span class='ocrx_word' id='word_1_72' title='bbox 1161 1092 1392 1151; x_wconf 79' lang='lat' dir='ltr'><strong>quatuor</strong></span> <span class='ocrx_word' id='word_1_73' title='bbox 1415 1083 1821 1156; x_wconf 88' lang='lat' dir='ltr'><strong>coniugationes</strong></span> <span class='ocrx_word' id='word_1_74' title='bbox 1832 1080 2052 1134; x_wconf 85' lang='lat' dir='ltr'><strong>habent.</strong></span> 
     </span>
    </p>
   </div>
   <div class='ocr_carea' id='block_1_12' title="bbox 542 1171 2057 1243">
    <p class='ocr_par' dir='ltr' id='par_1_12' title="bbox 542 1171 2057 1243">
     <span class='ocr_line' id='line_1_12' title="bbox 542 1171 2057 1243; baseline -0.001 -17"><span class='ocrx_word' id='word_1_75' title='bbox 542 1172 724 1226; x_wconf 86' lang='lat' dir='ltr'><strong>Prima</strong></span> <span class='ocrx_word' id='word_1_76' title='bbox 775 1172 939 1243; x_wconf 78' lang='lat' dir='ltr'><strong>igitur</strong></span> <span class='ocrx_word' id='word_1_77' title='bbox 989 1180 1074 1227; x_wconf 86' lang='lat' dir='ltr'><strong>est</strong></span> <span class='ocrx_word' id='word_1_78' title='bbox 1127 1171 1455 1243; x_wconf 90' lang='lat' dir='ltr'><strong>coniugatio,</strong></span> <span class='ocrx_word' id='word_1_79' title='bbox 1489 1189 1608 1242; x_wconf 73' lang='lat' dir='ltr'><strong>quae</strong></span> <span class='ocrx_word' id='word_1_80' title='bbox 1655 1172 1711 1224; x_wconf 91' lang='lat' dir='ltr'><strong>in</strong></span> <span class='ocrx_word' id='word_1_81' title='bbox 1765 1171 2057 1226; x_wconf 86' lang='lat' dir='ltr'><strong>indicativo</strong></span> 
     </span>
    </p>
   </div>
   <div class='ocr_carea' id='block_1_13' title="bbox 473 1261 2057 1334">
    <p class='ocr_par' dir='ltr' id='par_1_13' title="bbox 473 1261 2057 1334">
     <span class='ocr_line' id='line_1_13' title="bbox 473 1261 2057 1334; baseline -0.003 -16"><span class='ocrx_word' id='word_1_82' title='bbox 473 1265 656 1329; x_wconf 89' lang='lat' dir='ltr'><strong>modo,</strong></span> <span class='ocrx_word' id='word_1_83' title='bbox 689 1278 917 1318; x_wconf 90' lang='lat' dir='ltr'><strong>numero</strong></span> <span class='ocrx_word' id='word_1_84' title='bbox 941 1263 1224 1334; x_wconf 83' lang='lat' dir='ltr'><strong>singulari,</strong></span> <span class='ocrx_word' id='word_1_85' title='bbox 1250 1271 1492 1332; x_wconf 90' lang='lat' dir='ltr'><strong>tempore</strong></span> <span class='ocrx_word' id='word_1_86' title='bbox 1519 1262 1794 1333; x_wconf 65' lang='lat' dir='ltr'><strong>prazsenti,</strong></span> <span class='ocrx_word' id='word_1_87' title='bbox 1820 1261 2057 1318; x_wconf 88' lang='lat' dir='ltr'><strong>secunda</strong></span> 
     </span>
    </p>
   </div>
   <div class='ocr_carea' id='block_1_14' title="bbox 471 1353 2058 1426">
    <p class='ocr_par' dir='ltr' id='par_1_14' title="bbox 471 1353 2058 1426">
     <span class='ocr_line' id='line_1_14' title="bbox 471 1353 2058 1426; baseline -0.003 -16"><span class='ocrx_word' id='word_1_88' title='bbox 471 1370 722 1424; x_wconf 82' lang='lat' dir='ltr'><strong>persona,</strong></span> <span class='ocrx_word' id='word_1_89' title='bbox 774 1355 941 1410; x_wconf 90' lang='lat' dir='ltr'><strong>verbo</strong></span> <span class='ocrx_word' id='word_1_90' title='bbox 987 1355 1163 1409; x_wconf 91' lang='lat' dir='ltr'><strong>activo</strong></span> <span class='ocrx_word' id='word_1_91' title='bbox 1189 1365 1248 1409; x_wconf 91' lang='lat' dir='ltr'><strong>et</strong></span> <span class='ocrx_word' id='word_1_92' title='bbox 1278 1355 1508 1408; x_wconf 85' lang='lat' dir='ltr'><strong>neutrali</strong></span> <span class='ocrx_word' id='word_1_93' title='bbox 1556 1355 1612 1408; x_wconf 90' lang='lat' dir='ltr'><strong>in</strong></span> <span class='ocrx_word' id='word_1_94' title='bbox 1653 1371 1711 1408; x_wconf 89' lang='lat' dir='ltr'><strong>as</strong></span> <span class='ocrx_word' id='word_1_95' title='bbox 1738 1353 2058 1426; x_wconf 71' lang='lat' dir='ltr'><strong>productam</strong></span> 
     </span>
    </p>
   </div>
   <div class='ocr_carea' id='block_1_15' title="bbox 473 1444 2058 1515">
    <p class='ocr_par' dir='ltr' id='par_1_15' title="bbox 473 1444 2058 1515">
     <span class='ocr_line' id='line_1_15' title="bbox 473 1444 2058 1515; baseline -0.004 -15"><span class='ocrx_word' id='word_1_96' title='bbox 473 1445 691 1500; x_wconf 91' lang='lat' dir='ltr'><strong>desinit.</strong></span> <span class='ocrx_word' id='word_1_97' title='bbox 723 1445 1030 1512; x_wconf 80' lang='lat' dir='ltr'><strong>secundum</strong></span> <span class='ocrx_word' id='word_1_98' title='bbox 1060 1445 1276 1515; x_wconf 89' lang='lat' dir='ltr'><strong>quidem</strong></span> <span class='ocrx_word' id='word_1_99' title='bbox 1301 1445 1721 1500; x_wconf 81' lang='lat' dir='ltr'><strong>declinationem</strong></span> <span class='ocrx_word' id='word_1_100' title='bbox 1750 1459 1911 1514; x_wconf 87' lang='lat' dir='ltr'><strong>quam</strong></span> <span class='ocrx_word' id='word_1_101' title='bbox 1944 1444 2058 1512; x_wconf 88' lang='lat' dir='ltr'><strong>ipsa</strong></span> 
     </span>
    </p>
   </div>
   <div class='ocr_carea' id='block_1_16' title="bbox 476 1533 2061 1606">
    <p class='ocr_par' dir='ltr' id='par_1_16' title="bbox 476 1533 2061 1606">
     <span class='ocr_line' id='line_1_16' title="bbox 476 1533 2061 1606; baseline -0.004 -16"><span class='ocrx_word' id='word_1_102' title='bbox 476 1534 639 1590; x_wconf 88' lang='lat' dir='ltr'><strong>habet</strong></span> <span class='ocrx_word' id='word_1_103' title='bbox 666 1536 722 1588; x_wconf 89' lang='lat' dir='ltr'><strong>in</strong></span> <span class='ocrx_word' id='word_1_104' title='bbox 765 1535 1040 1604; x_wconf 70' lang='lat' dir='ltr'><strong>praesenti,</strong></span> <span class='ocrx_word' id='word_1_105' title='bbox 1073 1536 1315 1590; x_wconf 88' lang='lat' dir='ltr'><strong>omnium</strong></span> <span class='ocrx_word' id='word_1_106' title='bbox 1349 1533 1787 1606; x_wconf 91' lang='lat' dir='ltr'><strong>coniugationum</strong></span> <span class='ocrx_word' id='word_1_107' title='bbox 1816 1533 2061 1603; x_wconf 86' lang='lat' dir='ltr'><strong>praeteri-</strong></span> 
     </span>
    </p>
   </div>
   <div class='ocr_carea' id='block_1_17' title="bbox 479 1624 2062 1697">
    <p class='ocr_par' dir='ltr' id='par_1_17' title="bbox 479 1624 2062 1697">
     <span class='ocr_line' id='line_1_17' title="bbox 479 1624 2062 1697; baseline -0.001 -17"><span class='ocrx_word' id='word_1_108' title='bbox 479 1635 592 1680; x_wconf 88' lang='lat' dir='ltr'><strong>tum</strong></span> <span class='ocrx_word' id='word_1_109' title='bbox 624 1624 999 1694; x_wconf 81' lang='lat' dir='ltr'><strong>imperfectum</strong></span> <span class='ocrx_word' id='word_1_110' title='bbox 1037 1633 1092 1682; x_wconf 89' lang='lat' dir='ltr'><strong>et</strong></span> <span class='ocrx_word' id='word_1_111' title='bbox 1119 1626 1401 1696; x_wconf 89' lang='lat' dir='ltr'><strong>plusquam</strong></span> <span class='ocrx_word' id='word_1_112' title='bbox 1444 1627 1742 1697; x_wconf 86' lang='lat' dir='ltr'><strong>perfectum</strong></span> <span class='ocrx_word' id='word_1_113' title='bbox 1771 1626 1826 1680; x_wconf 93' lang='lat' dir='ltr'><strong>in</strong></span> <span class='ocrx_word' id='word_1_114' title='bbox 1857 1625 2062 1680; x_wconf 90' lang='lat' dir='ltr'><strong>indica-</strong></span> 
     </span>
    </p>
   </div>
   <div class='ocr_carea' id='block_1_18' title="bbox 480 1713 2062 1784">
    <p class='ocr_par' dir='ltr' id='par_1_18' title="bbox 480 1713 2062 1784">
     <span class='ocr_line' id='line_1_18' title="bbox 480 1713 2062 1784; baseline 0.001 -18"><span class='ocrx_word' id='word_1_115' title='bbox 480 1715 611 1781; x_wconf 85' lang='lat' dir='ltr'><strong>tivo,</strong></span> <span class='ocrx_word' id='word_1_116' title='bbox 643 1729 741 1768; x_wconf 90' lang='lat' dir='ltr'><strong>nec</strong></span> <span class='ocrx_word' id='word_1_117' title='bbox 787 1729 893 1768; x_wconf 90' lang='lat' dir='ltr'><strong>non</strong></span> <span class='ocrx_word' id='word_1_118' title='bbox 922 1715 1171 1779; x_wconf 83' lang='lat' dir='ltr'><strong>secundae</strong></span> <span class='ocrx_word' id='word_1_119' title='bbox 1198 1724 1253 1783; x_wconf 91' lang='lat' dir='ltr'><strong>et</strong></span> <span class='ocrx_word' id='word_1_120' title='bbox 1279 1715 1452 1769; x_wconf 77' lang='lat' dir='ltr'><strong>tertiae</strong></span> <span class='ocrx_word' id='word_1_121' title='bbox 1479 1723 1536 1769; x_wconf 89' lang='lat' dir='ltr'><strong>et</strong></span> <span class='ocrx_word' id='word_1_122' title='bbox 1575 1722 1783 1784; x_wconf 82' lang='lat' dir='ltr'><strong>quartae</strong></span> <span class='ocrx_word' id='word_1_123' title='bbox 1811 1713 2062 1784; x_wconf 89' lang='lat' dir='ltr'><strong>coniuga-</strong></span> 
     </span>
    </p>
   </div>
   <div class='ocr_carea' id='block_1_19' title="bbox 2155 531 3761 602">
    <p class='ocr_par' dir='ltr' id='par_1_19' title="bbox 2155 531 3761 602">
     <span class='ocr_line' id='line_1_19' title="bbox 2155 531 3761 602; baseline -0.002 -16"><span class='ocrx_word' id='word_1_124' title='bbox 2155 532 2295 588; x_wconf 85' lang='lat' dir='ltr'><strong>sicut</strong></span> <span class='ocrx_word' id='word_1_125' title='bbox 2321 531 2598 602; x_wconf 85' lang='lat' dir='ltr'><strong>superiora</strong></span> <span class='ocrx_word' id='word_1_126' title='bbox 2619 531 2970 600; x_wconf 89' lang='lat' dir='ltr'><strong>penultimam</strong></span> <span class='ocrx_word' id='word_1_127' title='bbox 2995 547 3022 585; x_wconf 90' lang='lat' dir='ltr'><strong>e</strong></span> <span class='ocrx_word' id='word_1_128' title='bbox 3043 531 3229 599; x_wconf 81' lang='lat' dir='ltr'><strong>primae</strong></span> <span class='ocrx_word' id='word_1_129' title='bbox 3251 547 3314 586; x_wconf 89' lang='lat' dir='ltr'><strong>ac</strong></span> <span class='ocrx_word' id='word_1_130' title='bbox 3338 531 3589 586; x_wconf 76' lang='lat' dir='ltr'><strong>secunda:</strong></span> <span class='ocrx_word' id='word_1_131' title='bbox 3610 545 3761 600; x_wconf 81' lang='lat' dir='ltr'><strong>per—</strong></span> 
     </span>
    </p>
   </div>
   <div class='ocr_carea' id='block_1_20' title="bbox 2156 621 3760 693">
    <p class='ocr_par' dir='ltr' id='par_1_20' title="bbox 2156 621 3760 693">
     <span class='ocr_line' id='line_1_20' title="bbox 2156 621 3760 693; baseline 0 -16"><span class='ocrx_word' id='word_1_132' title='bbox 2156 637 2300 677; x_wconf 78' lang='lat' dir='ltr'><strong>sonae</strong></span> <span class='ocrx_word' id='word_1_133' title='bbox 2333 621 2557 691; x_wconf 85' lang='lat' dir='ltr'><strong>pluralis</strong></span> <span class='ocrx_word' id='word_1_134' title='bbox 2603 623 2670 676; x_wconf 91' lang='lat' dir='ltr'><strong>ad</strong></span> <span class='ocrx_word' id='word_1_135' title='bbox 2700 621 2930 676; x_wconf 79' lang='lat' dir='ltr'><strong>fortnam</strong></span> <span class='ocrx_word' id='word_1_136' title='bbox 2976 624 3260 692; x_wconf 71' lang='lat' dir='ltr'><strong>praesentis</strong></span> <span class='ocrx_word' id='word_1_137' title='bbox 3308 624 3569 692; x_wconf 87' lang='lat' dir='ltr'><strong>temporis</strong></span> <span class='ocrx_word' id='word_1_138' title='bbox 3612 638 3760 693; x_wconf 84' lang='lat' dir='ltr'><strong>pro—</strong></span> 
     </span>
    </p>
   </div>
   <div class='ocr_carea' id='block_1_21' title="bbox 2157 712 3760 785">
    <p class='ocr_par' dir='ltr' id='par_1_21' title="bbox 2157 712 3760 785">
     <span class='ocr_line' id='line_1_21' title="bbox 2157 712 3760 785; baseline -0.001 -18"><span class='ocrx_word' id='word_1_139' title='bbox 2157 713 2375 768; x_wconf 81' lang='lat' dir='ltr'><strong>ducunt.</strong></span> <span class='ocrx_word' id='word_1_140' title='bbox 2395 712 2653 766; x_wconf 87' lang='lat' dir='ltr'><strong>Similiter</strong></span> <span class='ocrx_word' id='word_1_141' title='bbox 2673 719 2728 767; x_wconf 91' lang='lat' dir='ltr'><strong>et</strong></span> <span class='ocrx_word' id='word_1_142' title='bbox 2749 713 2802 767; x_wconf 92' lang='lat' dir='ltr'><strong>in</strong></span> <span class='ocrx_word' id='word_1_143' title='bbox 2824 713 3038 783; x_wconf 91' lang='lat' dir='ltr'><strong>passivo</strong></span> <span class='ocrx_word' id='word_1_144' title='bbox 3056 713 3243 767; x_wconf 89' lang='lat' dir='ltr'><strong>eadem</strong></span> <span class='ocrx_word' id='word_1_145' title='bbox 3267 723 3506 782; x_wconf 88' lang='lat' dir='ltr'><strong>tempora</strong></span> <span class='ocrx_word' id='word_1_146' title='bbox 3533 715 3760 785; x_wconf 80' lang='lat' dir='ltr'><strong>absque</strong></span> 
     </span>
    </p>
   </div>
   <div class='ocr_carea' id='block_1_22' title="bbox 2155 800 3761 872">
    <p class='ocr_par' dir='ltr' id='par_1_22' title="bbox 2155 800 3761 872">
     <span class='ocr_line' id='line_1_22' title="bbox 2155 800 3761 872; baseline 0.002 -19"><span class='ocrx_word' id='word_1_147' title='bbox 2155 801 2430 869; x_wconf 69' lang='lat' dir='ltr'><strong>prmterito</strong></span> <span class='ocrx_word' id='word_1_148' title='bbox 2476 800 2718 872; x_wconf 80' lang='lat' dir='ltr'><strong>perfecto</strong></span> <span class='ocrx_word' id='word_1_149' title='bbox 2761 810 2816 855; x_wconf 86' lang='lat' dir='ltr'><strong>et</strong></span> <span class='ocrx_word' id='word_1_150' title='bbox 2854 801 3136 870; x_wconf 86' lang='lat' dir='ltr'><strong>plusquam</strong></span> <span class='ocrx_word' id='word_1_151' title='bbox 3183 802 3422 871; x_wconf 80' lang='lat' dir='ltr'><strong>perfecto</strong></span> <span class='ocrx_word' id='word_1_152' title='bbox 3451 802 3761 870; x_wconf 57' lang='lat' dir='ltr'><strong>praesentis</strong></span> 
     </span>
    </p>
   </div>
   <div class='ocr_carea' id='block_1_23' title="bbox 2159 889 3761 961">
    <p class='ocr_par' dir='ltr' id='par_1_23' title="bbox 2159 889 3761 961">
     <span class='ocr_line' id='line_1_23' title="bbox 2159 889 3761 961; baseline 0.002 -19"><span class='ocrx_word' id='word_1_153' title='bbox 2159 891 2415 961; x_wconf 90' lang='lat' dir='ltr'><strong>temporis</strong></span> <span class='ocrx_word' id='word_1_154' title='bbox 2460 889 2874 944; x_wconf 88' lang='lat' dir='ltr'><strong>declinationem</strong></span> <span class='ocrx_word' id='word_1_155' title='bbox 2920 891 3202 946; x_wconf 89' lang='lat' dir='ltr'><strong>imitantur</strong></span> <span class='ocrx_word' id='word_1_156' title='bbox 3230 902 3288 946; x_wconf 90' lang='lat' dir='ltr'><strong>ut</strong></span> <span class='ocrx_word' id='word_1_157' title='bbox 3325 891 3548 956; x_wconf 71' lang='lat' dir='ltr'><strong>docetis,</strong></span> <span class='ocrx_word' id='word_1_158' title='bbox 3581 893 3761 945; x_wconf 87' lang='lat' dir='ltr'><strong>doce-</strong></span> 
     </span>
    </p>
   </div>
   <div class='ocr_carea' id='block_1_24' title="bbox 2157 982 3765 1050">
    <p class='ocr_par' dir='ltr' id='par_1_24' title="bbox 2157 982 3765 1050">
     <span class='ocr_line' id='line_1_24' title="bbox 2157 982 3765 1050; baseline 0.002 -17"><span class='ocrx_word' id='word_1_159' title='bbox 2157 991 2263 1047; x_wconf 96' lang='lat' dir='ltr'><strong>tur,</strong></span> <span class='ocrx_word' id='word_1_160' title='bbox 2295 982 2562 1048; x_wconf 84' lang='lat' dir='ltr'><strong>docemur,</strong></span> <span class='ocrx_word' id='word_1_161' title='bbox 2591 982 2868 1047; x_wconf 85' lang='lat' dir='ltr'><strong>docemini,</strong></span> <span class='ocrx_word' id='word_1_162' title='bbox 2898 982 3182 1050; x_wconf 81' lang='lat' dir='ltr'><strong>docentur;</strong></span> <span class='ocrx_word' id='word_1_163' title='bbox 3214 1001 3442 1049; x_wconf 86' lang='lat' dir='ltr'><strong>amarcr,</strong></span> <span class='ocrx_word' id='word_1_164' title='bbox 3477 985 3631 1048; x_wconf 86' lang='lat' dir='ltr'><strong>reris,</strong></span> <span class='ocrx_word' id='word_1_165' title='bbox 3665 999 3765 1037; x_wconf 77' lang='lat' dir='ltr'><strong>re-</strong></span> 
     </span>
    </p>
   </div>
   <div class='ocr_carea' id='block_1_25' title="bbox 2158 1072 3756 1137">
    <p class='ocr_par' dir='ltr' id='par_1_25' title="bbox 2158 1072 3756 1137">
     <span class='ocr_line' id='line_1_25' title="bbox 2158 1072 3756 1137; baseline 0.001 -13"><span class='ocrx_word' id='word_1_166' title='bbox 2158 1082 2265 1137; x_wconf 88' lang='lat' dir='ltr'><strong>tur,</strong></span> <span class='ocrx_word' id='word_1_167' title='bbox 2291 1088 2484 1135; x_wconf 89' lang='lat' dir='ltr'><strong>remur,</strong></span> <span class='ocrx_word' id='word_1_168' title='bbox 2515 1072 2720 1136; x_wconf 88' lang='lat' dir='ltr'><strong>remini,</strong></span> <span class='ocrx_word' id='word_1_169' title='bbox 2751 1082 2966 1137; x_wconf 88' lang='lat' dir='ltr'><strong>rentur;</strong></span> <span class='ocrx_word' id='word_1_170' title='bbox 2996 1073 3229 1137; x_wconf 86' lang='lat' dir='ltr'><strong>docerer,</strong></span> <span class='ocrx_word' id='word_1_171' title='bbox 3259 1075 3536 1137; x_wconf 86' lang='lat' dir='ltr'><strong>docereris,</strong></span> <span class='ocrx_word' id='word_1_172' title='bbox 3576 1084 3756 1137; x_wconf 84' lang='lat' dir='ltr'><strong>retur,</strong></span> 
     </span>
    </p>
   </div>
   <div class='ocr_carea' id='block_1_26' title="bbox 2160 1163 3757 1233">
    <p class='ocr_par' dir='ltr' id='par_1_26' title="bbox 2160 1163 3757 1233">
     <span class='ocr_line' id='line_1_26' title="bbox 2160 1163 3757 1233; baseline -0.002 -16"><span class='ocrx_word' id='word_1_173' title='bbox 2160 1178 2352 1226; x_wconf 86' lang='lat' dir='ltr'><strong>remur,</strong></span> <span class='ocrx_word' id='word_1_174' title='bbox 2383 1163 2588 1226; x_wconf 89' lang='lat' dir='ltr'><strong>remini,</strong></span> <span class='ocrx_word' id='word_1_175' title='bbox 2635 1172 3106 1233; x_wconf 85' lang='lat' dir='ltr'><strong>rentur;ponerer,</strong></span> <span class='ocrx_word' id='word_1_176' title='bbox 3141 1165 3291 1228; x_wconf 87' lang='lat' dir='ltr'><strong>reris,</strong></span> <span class='ocrx_word' id='word_1_177' title='bbox 3333 1175 3494 1228; x_wconf 86' lang='lat' dir='ltr'><strong>retur,</strong></span> <span class='ocrx_word' id='word_1_178' title='bbox 3543 1180 3757 1227; x_wconf 86' lang='lat' dir='ltr'><strong>remur,</strong></span> 
     </span>
    </p>
   </div>
   <div class='ocr_carea' id='block_1_27' title="bbox 2159 1255 3756 1322">
    <p class='ocr_par' dir='ltr' id='par_1_27' title="bbox 2159 1255 3756 1322">
     <span class='ocr_line' id='line_1_27' title="bbox 2159 1255 3756 1322; baseline -0.001 -13"><span class='ocrx_word' id='word_1_179' title='bbox 2159 1255 2364 1320; x_wconf 90' lang='lat' dir='ltr'><strong>remini,</strong></span> <span class='ocrx_word' id='word_1_180' title='bbox 2382 1264 2590 1320; x_wconf 86' lang='lat' dir='ltr'><strong>rentur;</strong></span> <span class='ocrx_word' id='word_1_181' title='bbox 2614 1256 2851 1319; x_wconf 85' lang='lat' dir='ltr'><strong>nutriter,</strong></span> <span class='ocrx_word' id='word_1_182' title='bbox 2877 1257 3028 1322; x_wconf 87' lang='lat' dir='ltr'><strong>reris,</strong></span> <span class='ocrx_word' id='word_1_183' title='bbox 3071 1266 3234 1320; x_wconf 89' lang='lat' dir='ltr'><strong>retur,</strong></span> <span class='ocrx_word' id='word_1_184' title='bbox 3274 1273 3468 1320; x_wconf 87' lang='lat' dir='ltr'><strong>remur,</strong></span> <span class='ocrx_word' id='word_1_185' title='bbox 3515 1257 3756 1320; x_wconf 84' lang='lat' dir='ltr'><strong>remini,</strong></span> 
     </span>
    </p>
   </div>
   <div class='ocr_carea' id='block_1_28' title="bbox 2161 1336 3758 1409">
    <p class='ocr_par' dir='ltr' id='par_1_28' title="bbox 2161 1336 3758 1409">
     <span class='ocr_line' id='line_1_28' title="bbox 2161 1336 3758 1409; baseline 0 -13"><span class='ocrx_word' id='word_1_186' title='bbox 2161 1336 2373 1408; x_wconf 85' lang='lat' dir='ltr'><strong>rentur;</strong></span> <span class='ocrx_word' id='word_1_187' title='bbox 2421 1359 2601 1408; x_wconf 83' lang='lat' dir='ltr'><strong>amer,</strong></span> <span class='ocrx_word' id='word_1_188' title='bbox 2651 1345 2842 1408; x_wconf 87' lang='lat' dir='ltr'><strong>meris,</strong></span> <span class='ocrx_word' id='word_1_189' title='bbox 2888 1355 3110 1409; x_wconf 87' lang='lat' dir='ltr'><strong>ametur,</strong></span> <span class='ocrx_word' id='word_1_190' title='bbox 3158 1360 3413 1407; x_wconf 82' lang='lat' dir='ltr'><strong>amemur,</strong></span> <span class='ocrx_word' id='word_1_191' title='bbox 3456 1344 3758 1407; x_wconf 79' lang='lat' dir='ltr'><strong>amemini,</strong></span> 
     </span>
    </p>
   </div>
   <div class='ocr_carea' id='block_1_29' title="bbox 2161 1433 3754 1505">
    <p class='ocr_par' dir='ltr' id='par_1_29' title="bbox 2161 1433 3754 1505">
     <span class='ocr_line' id='line_1_29' title="bbox 2161 1433 3754 1505; baseline 0.001 -19"><span class='ocrx_word' id='word_1_192' title='bbox 2161 1443 2420 1505; x_wconf 85' lang='lat' dir='ltr'><strong>amentur.</strong></span> <span class='ocrx_word' id='word_1_193' title='bbox 2439 1433 2618 1487; x_wconf 89' lang='lat' dir='ltr'><strong>Etisla</strong></span> <span class='ocrx_word' id='word_1_194' title='bbox 2647 1434 2863 1502; x_wconf 90' lang='lat' dir='ltr'><strong>quidem</strong></span> <span class='ocrx_word' id='word_1_195' title='bbox 2891 1436 2945 1488; x_wconf 91' lang='lat' dir='ltr'><strong>in</strong></span> <span class='ocrx_word' id='word_1_196' title='bbox 2975 1437 3208 1490; x_wconf 87' lang='lat' dir='ltr'><strong>secunda</strong></span> <span class='ocrx_word' id='word_1_197' title='bbox 3239 1445 3293 1491; x_wconf 89' lang='lat' dir='ltr'><strong>et</strong></span> <span class='ocrx_word' id='word_1_198' title='bbox 3319 1437 3478 1491; x_wconf 87' lang='lat' dir='ltr'><strong>tertia</strong></span> <span class='ocrx_word' id='word_1_199' title='bbox 3505 1450 3754 1505; x_wconf 86' lang='lat' dir='ltr'><strong>persona</strong></span> 
     </span>
    </p>
   </div>
   <div class='ocr_carea' id='block_1_30' title="bbox 2162 1520 3754 1595">
    <p class='ocr_par' dir='ltr' id='par_1_30' title="bbox 2162 1520 3754 1595">
     <span class='ocr_line' id='line_1_30' title="bbox 2162 1520 3754 1595; baseline 0.002 -20"><span class='ocrx_word' id='word_1_200' title='bbox 2162 1520 2448 1590; x_wconf 77' lang='lat' dir='ltr'><strong>singulari,</strong></span> <span class='ocrx_word' id='word_1_201' title='bbox 2473 1521 2713 1590; x_wconf 85' lang='lat' dir='ltr'><strong>etprima</strong></span> <span class='ocrx_word' id='word_1_202' title='bbox 2738 1537 2801 1576; x_wconf 90' lang='lat' dir='ltr'><strong>ac</strong></span> <span class='ocrx_word' id='word_1_203' title='bbox 2831 1525 2988 1577; x_wconf 89' lang='lat' dir='ltr'><strong>tertia</strong></span> <span class='ocrx_word' id='word_1_204' title='bbox 3016 1525 3211 1594; x_wconf 90' lang='lat' dir='ltr'><strong>plurali</strong></span> <span class='ocrx_word' id='word_1_205' title='bbox 3238 1525 3594 1595; x_wconf 89' lang='lat' dir='ltr'><strong>penultimam</strong></span> <span class='ocrx_word' id='word_1_206' title='bbox 3625 1525 3754 1580; x_wconf 91' lang='lat' dir='ltr'><strong>lon-</strong></span> 
     </span>
    </p>
   </div>
   <div class='ocr_carea' id='block_1_31' title="bbox 2163 1614 3675 1688">
    <p class='ocr_par' dir='ltr' id='par_1_31' title="bbox 2163 1614 3675 1688">
     <span class='ocr_line' id='line_1_31' title="bbox 2163 1614 3675 1688; baseline 0.001 -20"><span class='ocrx_word' id='word_1_207' title='bbox 2163 1627 2286 1682; x_wconf 80' lang='lat' dir='ltr'><strong>gam</strong></span> <span class='ocrx_word' id='word_1_208' title='bbox 2314 1614 2583 1682; x_wconf 82' lang='lat' dir='ltr'><strong>habentet</strong></span> <span class='ocrx_word' id='word_1_209' title='bbox 2612 1615 3089 1684; x_wconf 89' lang='lat' dir='ltr'><strong>antepenultimam</strong></span> <span class='ocrx_word' id='word_1_210' title='bbox 3118 1617 3171 1670; x_wconf 92' lang='lat' dir='ltr'><strong>in</strong></span> <span class='ocrx_word' id='word_1_211' title='bbox 3197 1618 3431 1672; x_wconf 85' lang='lat' dir='ltr'><strong>secunda</strong></span> <span class='ocrx_word' id='word_1_212' title='bbox 3454 1617 3675 1688; x_wconf 89' lang='lat' dir='ltr'><strong>plurali.</strong></span> 
     </span>
    </p>
   </div>
   <div class='ocr_carea' id='block_1_32' title="bbox 2234 1704 3760 1778">
    <p class='ocr_par' dir='ltr' id='par_1_32' title="bbox 2234 1704 3760 1778">
     <span class='ocr_line' id='line_1_32' title="bbox 2234 1704 3760 1778; baseline 0.003 -20"><span class='ocrx_word' id='word_1_213' title='bbox 2234 1704 2415 1759; x_wconf 89' lang='lat' dir='ltr'><strong>Tertia</strong></span> <span class='ocrx_word' id='word_1_214' title='bbox 2449 1705 2756 1775; x_wconf 89' lang='lat' dir='ltr'><strong>coniugatio</strong></span> <span class='ocrx_word' id='word_1_215' title='bbox 2785 1715 2866 1761; x_wconf 85' lang='lat' dir='ltr'><strong>est</strong></span> <span class='ocrx_word' id='word_1_216' title='bbox 2892 1721 3011 1776; x_wconf 66' lang='lat' dir='ltr'><strong>qum</strong></span> <span class='ocrx_word' id='word_1_217' title='bbox 3054 1708 3109 1761; x_wconf 90' lang='lat' dir='ltr'><strong>in</strong></span> <span class='ocrx_word' id='word_1_218' title='bbox 3143 1710 3374 1762; x_wconf 90' lang='lat' dir='ltr'><strong>secunda</strong></span> <span class='ocrx_word' id='word_1_219' title='bbox 3405 1724 3633 1778; x_wconf 87' lang='lat' dir='ltr'><strong>persona</strong></span> <span class='ocrx_word' id='word_1_220' title='bbox 3667 1709 3760 1762; x_wconf 82' lang='lat' dir='ltr'><strong>in-</strong></span> 
     </span>
    </p>
   </div>
   <div class='ocr_carea' id='block_1_33' title="bbox 478 1788 3756 1876">
    <p class='ocr_par' dir='ltr' id='par_1_33' title="bbox 478 1788 3756 1876">
     <span class='ocr_line' id='line_1_33' title="bbox 478 1788 3756 1876; baseline 0.002 -19"><span class='ocrx_word' id='word_1_221' title='bbox 478 1804 644 1858; x_wconf 87' lang='lat' dir='ltr'><strong>tionis</strong></span> <span class='ocrx_word' id='word_1_222' title='bbox 686 1805 982 1873; x_wconf 88' lang='lat' dir='ltr'><strong>optativum</strong></span> <span class='ocrx_word' id='word_1_223' title='bbox 1028 1803 1268 1859; x_wconf 80' lang='lat' dir='ltr'><strong>futurum</strong></span> <span class='ocrx_word' id='word_1_224' title='bbox 1311 1813 1367 1876; x_wconf 82' lang='lat' dir='ltr'><strong>et</strong></span> <span class='ocrx_word' id='word_1_225' title='bbox 1389 1819 1629 1874; x_wconf 71' lang='lat' dir='ltr'><strong>praesens</strong></span> <span class='ocrx_word' id='word_1_226' title='bbox 1659 1798 2057 1874; x_wconf 67' lang='lat' dir='ltr'><strong>Subiunctivum</strong></span> <span class='ocrx_word' id='word_1_227' title='bbox 2087 1794 2136 1853; x_wconf 83' lang='grc' dir='ltr'><strong>Β</strong></span> <span class='ocrx_word' id='word_1_228' title='bbox 2164 1788 2380 1848; x_wconf 72' lang='grc' dir='ltr'><strong>ἀίοεηίνί</strong></span> <span class='ocrx_word' id='word_1_229' title='bbox 2407 1795 2570 1867; x_wconf 65' lang='lat' dir='ltr'><strong>modi.</strong></span> <span class='ocrx_word' id='word_1_230' title='bbox 2598 1798 2854 1866; x_wconf 71' lang='grc' dir='ltr'><strong>ιθιηρονίε</strong></span> <span class='ocrx_word' id='word_1_231' title='bbox 2873 1797 3174 1865; x_wconf 53' lang='lat' dir='ltr'><strong>Praesentis.</strong></span> <span class='ocrx_word' id='word_1_232' title='bbox 3202 1799 3490 1868; x_wconf 72' lang='lat' dir='ltr'><strong>SingUlaI‘iS</strong></span> <span class='ocrx_word' id='word_1_233' title='bbox 3509 1800 3756 1863; x_wconf 69' lang='lat' dir='ltr'><strong>numeri.</strong></span> 
     </span>
    </p>
   </div>
   <div class='ocr_carea' id='block_1_34' title="bbox 477 1893 2059 1964">
    <p class='ocr_par' dir='ltr' id='par_1_34' title="bbox 477 1893 2059 1964">
     <span class='ocr_line' id='line_1_34' title="bbox 477 1893 2059 1964; baseline 0 -18"><span class='ocrx_word' id='word_1_234' title='bbox 477 1893 855 1959; x_wconf 87' lang='lat' dir='ltr'><strong>declinantur,</strong></span> <span class='ocrx_word' id='word_1_235' title='bbox 914 1901 976 1947; x_wconf 89' lang='lat' dir='ltr'><strong>ut</strong></span> <span class='ocrx_word' id='word_1_236' title='bbox 1025 1909 1212 1958; x_wconf 89' lang='lat' dir='ltr'><strong>amas,</strong></span> <span class='ocrx_word' id='word_1_237' title='bbox 1283 1903 1458 1958; x_wconf 90' lang='lat' dir='ltr'><strong>amat,</strong></span> <span class='ocrx_word' id='word_1_238' title='bbox 1515 1909 1779 1964; x_wconf 81' lang='lat' dir='ltr'><strong>amamus,</strong></span> <span class='ocrx_word' id='word_1_239' title='bbox 1838 1894 2059 1960; x_wconf 72' lang='lat' dir='ltr'><strong>amatis,</strong></span> 
     </span>
    </p>
   </div>
   <div class='ocr_carea' id='block_1_35' title="bbox 477 1967 2062 2048">
    <p class='ocr_par' dir='ltr' id='par_1_35' title="bbox 477 1967 2062 2048">
     <span class='ocr_line' id='line_1_35' title="bbox 477 1967 2062 2048; baseline -0.001 -11"><span class='ocrx_word' id='word_1_240' title='bbox 477 1993 694 2048; x_wconf 88' lang='lat' dir='ltr'><strong>amant;</strong></span> <span class='ocrx_word' id='word_1_241' title='bbox 723 1983 986 2048; x_wconf 88' lang='lat' dir='ltr'><strong>amabam,</strong></span> <span class='ocrx_word' id='word_1_242' title='bbox 1010 1967 1254 2048; x_wconf 76' lang='lat' dir='ltr'><strong>amabas,</strong></span> <span class='ocrx_word' id='word_1_243' title='bbox 1289 1983 1521 2046; x_wconf 88' lang='lat' dir='ltr'><strong>amabat,</strong></span> <span class='ocrx_word' id='word_1_244' title='bbox 1550 1985 1876 2048; x_wconf 83' lang='lat' dir='ltr'><strong>amabamus,</strong></span> <span class='ocrx_word' id='word_1_245' title='bbox 1909 1999 2062 2035; x_wconf 89' lang='lat' dir='ltr'><strong>ama-</strong></span> 
     </span>
    </p>
   </div>
   <div class='ocr_carea' id='block_1_36' title="bbox 477 2072 2059 2140">
    <p class='ocr_par' dir='ltr' id='par_1_36' title="bbox 477 2072 2059 2140">
     <span class='ocr_line' id='line_1_36' title="bbox 477 2072 2059 2140; baseline -0.002 -11"><span class='ocrx_word' id='word_1_246' title='bbox 477 2075 633 2140; x_wconf 85' lang='lat' dir='ltr'><strong>batis,</strong></span> <span class='ocrx_word' id='word_1_247' title='bbox 686 2075 967 2138; x_wconf 89' lang='lat' dir='ltr'><strong>amabant;</strong></span> <span class='ocrx_word' id='word_1_248' title='bbox 1002 2073 1269 2137; x_wconf 84' lang='lat' dir='ltr'><strong>docebant,</strong></span> <span class='ocrx_word' id='word_1_249' title='bbox 1323 2073 1434 2137; x_wconf 85' lang='lat' dir='ltr'><strong>bas,</strong></span> <span class='ocrx_word' id='word_1_250' title='bbox 1489 2073 1600 2138; x_wconf 88' lang='lat' dir='ltr'><strong>bat,</strong></span> <span class='ocrx_word' id='word_1_251' title='bbox 1656 2073 1859 2138; x_wconf 85' lang='lat' dir='ltr'><strong>bamus,</strong></span> <span class='ocrx_word' id='word_1_252' title='bbox 1904 2072 2059 2138; x_wconf 89' lang='lat' dir='ltr'><strong>batis,</strong></span> 
     </span>
    </p>
   </div>
   <div class='ocr_carea' id='block_1_37' title="bbox 475 2163 2062 2236">
    <p class='ocr_par' dir='ltr' id='par_1_37' title="bbox 475 2163 2062 2236">
     <span class='ocr_line' id='line_1_37' title="bbox 475 2163 2062 2236; baseline -0.003 -15"><span class='ocrx_word' id='word_1_253' title='bbox 475 2169 598 2221; x_wconf 85' lang='lat' dir='ltr'><strong>bant</strong></span> <span class='ocrx_word' id='word_1_254' title='bbox 613 2184 632 2232; x_wconf 88' lang='lat'><strong>;</strong></span> <span class='ocrx_word' id='word_1_255' title='bbox 648 2166 917 2236; x_wconf 80' lang='lat' dir='ltr'><strong>ponebam,</strong></span> <span class='ocrx_word' id='word_1_256' title='bbox 935 2164 1046 2231; x_wconf 89' lang='lat' dir='ltr'><strong>bas,</strong></span> <span class='ocrx_word' id='word_1_257' title='bbox 1062 2164 1170 2230; x_wconf 90' lang='lat' dir='ltr'><strong>bat,</strong></span> <span class='ocrx_word' id='word_1_258' title='bbox 1186 2165 1389 2225; x_wconf 88' lang='lat' dir='ltr'><strong>bamus,</strong></span> <span class='ocrx_word' id='word_1_259' title='bbox 1410 2164 1562 2228; x_wconf 85' lang='lat' dir='ltr'><strong>batis,</strong></span> <span class='ocrx_word' id='word_1_260' title='bbox 1579 2163 1698 2217; x_wconf 92' lang='lat' dir='ltr'><strong>bant</strong></span> <span class='ocrx_word' id='word_1_261' title='bbox 1715 2180 1733 2227; x_wconf 88' lang='lat'><strong>;</strong></span> <span class='ocrx_word' id='word_1_262' title='bbox 1748 2163 2062 2228; x_wconf 77' lang='lat' dir='ltr'><strong>nutriebant,</strong></span> 
     </span>
    </p>
   </div>
   <div class='ocr_carea' id='block_1_38' title="bbox 475 2255 2062 2325">
    <p class='ocr_par' dir='ltr' id='par_1_38' title="bbox 475 2255 2062 2325">
     <span class='ocr_line' id='line_1_38' title="bbox 475 2255 2062 2325; baseline -0.004 -12"><span class='ocrx_word' id='word_1_263' title='bbox 475 2259 588 2325; x_wconf 89' lang='lat' dir='ltr'><strong>bas,</strong></span> <span class='ocrx_word' id='word_1_264' title='bbox 645 2258 754 2324; x_wconf 91' lang='lat' dir='ltr'><strong>bat,</strong></span> <span class='ocrx_word' id='word_1_265' title='bbox 800 2257 1002 2320; x_wconf 81' lang='lat' dir='ltr'><strong>bamus,</strong></span> <span class='ocrx_word' id='word_1_266' title='bbox 1038 2257 1189 2321; x_wconf 88' lang='lat' dir='ltr'><strong>batis,</strong></span> <span class='ocrx_word' id='word_1_267' title='bbox 1222 2255 1382 2318; x_wconf 85' lang='lat' dir='ltr'><strong>bant;</strong></span> <span class='ocrx_word' id='word_1_268' title='bbox 1415 2271 1734 2319; x_wconf 86' lang='lat' dir='ltr'><strong>amaveram,</strong></span> <span class='ocrx_word' id='word_1_269' title='bbox 1766 2271 2062 2320; x_wconf 87' lang='lat' dir='ltr'><strong>amaveras,</strong></span> 
     </span>
    </p>
   </div>
   <div class='ocr_carea' id='block_1_39' title="bbox 479 2341 2064 2415">
    <p class='ocr_par' dir='ltr' id='par_1_39' title="bbox 479 2341 2064 2415">
     <span class='ocr_line' id='line_1_39' title="bbox 479 2341 2064 2415; baseline -0.004 -12"><span class='ocrx_word' id='word_1_270' title='bbox 479 2341 771 2415; x_wconf 78' lang='lat' dir='ltr'><strong>ornaverat,</strong></span> <span class='ocrx_word' id='word_1_271' title='bbox 805 2363 1190 2412; x_wconf 87' lang='lat' dir='ltr'><strong>amaveramus,</strong></span> <span class='ocrx_word' id='word_1_272' title='bbox 1234 2347 1564 2412; x_wconf 80' lang='lat' dir='ltr'><strong>amaveratis,</strong></span> <span class='ocrx_word' id='word_1_273' title='bbox 1599 2354 1898 2398; x_wconf 80' lang='lat' dir='ltr'><strong>amaverunt</strong></span> <span class='ocrx_word' id='word_1_274' title='bbox 1916 2362 1935 2410; x_wconf 82' lang='lat'><strong>,&#39;</strong></span> <span class='ocrx_word' id='word_1_275' title='bbox 1966 2345 2064 2397; x_wconf 76' lang='lat' dir='ltr'><strong>dc-</strong></span> 
     </span>
    </p>
   </div>
   <div class='ocr_carea' id='block_1_40' title="bbox 478 2431 2062 2504">
    <p class='ocr_par' dir='ltr' id='par_1_40' title="bbox 478 2431 2062 2504">
     <span class='ocr_line' id='line_1_40' title="bbox 478 2431 2062 2504; baseline -0.004 -10"><span class='ocrx_word' id='word_1_276' title='bbox 478 2457 710 2504; x_wconf 86' lang='lat' dir='ltr'><strong>cueram,</strong></span> <span class='ocrx_word' id='word_1_277' title='bbox 746 2431 855 2504; x_wconf 80' lang='lat' dir='ltr'><strong>ras,</strong></span> <span class='ocrx_word' id='word_1_278' title='bbox 887 2449 988 2503; x_wconf 87' lang='lat' dir='ltr'><strong>rat,</strong></span> <span class='ocrx_word' id='word_1_279' title='bbox 1024 2453 1232 2502; x_wconf 80' lang='lat' dir='ltr'><strong>ramus,-</strong></span> <span class='ocrx_word' id='word_1_280' title='bbox 1257 2437 1409 2500; x_wconf 87' lang='lat' dir='ltr'><strong>ratis,</strong></span> <span class='ocrx_word' id='word_1_281' title='bbox 1442 2445 1564 2488; x_wconf 80' lang='lat' dir='ltr'><strong>rant</strong></span> <span class='ocrx_word' id='word_1_282' title='bbox 1582 2452 1600 2501; x_wconf 88' lang='lat'><strong>;</strong></span> <span class='ocrx_word' id='word_1_283' title='bbox 1630 2451 1929 2504; x_wconf 79' lang='lat' dir='ltr'><strong>posueram,</strong></span> <span class='ocrx_word' id='word_1_284' title='bbox 1953 2451 2062 2500; x_wconf 88' lang='lat' dir='ltr'><strong>ras,</strong></span> 
     </span>
    </p>
   </div>
   <div class='ocr_carea' id='block_1_41' title="bbox 481 2527 2061 2594">
    <p class='ocr_par' dir='ltr' id='par_1_41' title="bbox 481 2527 2061 2594">
     <span class='ocr_line' id='line_1_41' title="bbox 481 2527 2061 2594; baseline -0.003 -12"><span class='ocrx_word' id='word_1_285' title='bbox 481 2541 584 2594; x_wconf 79' lang='lat' dir='ltr'><strong>rat,</strong></span> <span class='ocrx_word' id='word_1_286' title='bbox 624 2544 822 2590; x_wconf 88' lang='lat' dir='ltr'><strong>ramus,</strong></span> <span class='ocrx_word' id='word_1_287' title='bbox 848 2528 999 2591; x_wconf 86' lang='lat' dir='ltr'><strong>ratis,</strong></span> <span class='ocrx_word' id='word_1_288' title='bbox 1024 2536 1139 2579; x_wconf 89' lang='lat' dir='ltr'><strong>rant</strong></span> <span class='ocrx_word' id='word_1_289' title='bbox 1164 2544 1182 2592; x_wconf 90' lang='lat'><strong>;</strong></span> <span class='ocrx_word' id='word_1_290' title='bbox 1212 2527 1551 2590; x_wconf 84' lang='lat' dir='ltr'><strong>nutriveram,</strong></span> <span class='ocrx_word' id='word_1_291' title='bbox 1582 2541 1693 2591; x_wconf 88' lang='lat' dir='ltr'><strong>ras,</strong></span> <span class='ocrx_word' id='word_1_292' title='bbox 1725 2535 1830 2591; x_wconf 88' lang='lat' dir='ltr'><strong>rat,</strong></span> <span class='ocrx_word' id='word_1_293' title='bbox 1863 2541 2061 2590; x_wconf 85' lang='lat' dir='ltr'><strong>ramus,</strong></span> 
     </span>
    </p>
   </div>
   <div class='ocr_carea' id='block_1_42' title="bbox 480 2616 2067 2683">
    <p class='ocr_par' dir='ltr' id='par_1_42' title="bbox 480 2616 2067 2683">
     <span class='ocr_line' id='line_1_42' title="bbox 480 2616 2067 2683; baseline -0.003 -10"><span class='ocrx_word' id='word_1_294' title='bbox 480 2619 633 2682; x_wconf 85' lang='lat' dir='ltr'><strong>ratis,</strong></span> <span class='ocrx_word' id='word_1_295' title='bbox 660 2627 812 2683; x_wconf 86' lang='lat' dir='ltr'><strong>rant;</strong></span> <span class='ocrx_word' id='word_1_296' title='bbox 841 2616 1078 2682; x_wconf 77' lang='lat' dir='ltr'><strong>doceam,</strong></span> <span class='ocrx_word' id='word_1_297' title='bbox 1109 2616 1320 2683; x_wconf 80' lang='lat' dir='ltr'><strong>doceas,</strong></span> <span class='ocrx_word' id='word_1_298' title='bbox 1369 2616 1575 2683; x_wconf 87' lang='lat' dir='ltr'><strong>doceat,</strong></span> <span class='ocrx_word' id='word_1_299' title='bbox 1617 2616 1932 2682; x_wconf 84' lang='lat' dir='ltr'><strong>doceamus,</strong></span> <span class='ocrx_word' id='word_1_300' title='bbox 1973 2616 2067 2670; x_wconf 78' lang='lat' dir='ltr'><strong>dc-</strong></span> 
     </span>
    </p>
   </div>
   <div class='ocr_carea' id='block_1_43' title="bbox 477 2708 2064 2778">
    <p class='ocr_par' dir='ltr' id='par_1_43' title="bbox 477 2708 2064 2778">
     <span class='ocr_line' id='line_1_43' title="bbox 477 2708 2064 2778; baseline -0.002 -13"><span class='ocrx_word' id='word_1_301' title='bbox 477 2709 661 2774; x_wconf 78' lang='lat' dir='ltr'><strong>ceatis,</strong></span> <span class='ocrx_word' id='word_1_302' title='bbox 691 2708 944 2774; x_wconf 86' lang='lat' dir='ltr'><strong>doceant;</strong></span> <span class='ocrx_word' id='word_1_303' title='bbox 996 2723 1223 2778; x_wconf 87' lang='lat' dir='ltr'><strong>ponam,</strong></span> <span class='ocrx_word' id='word_1_304' title='bbox 1281 2725 1395 2773; x_wconf 91' lang='lat' dir='ltr'><strong>nas,</strong></span> <span class='ocrx_word' id='word_1_305' title='bbox 1448 2718 1572 2774; x_wconf 87' lang='lat' dir='ltr'><strong>nat,</strong></span> <span class='ocrx_word' id='word_1_306' title='bbox 1629 2724 1836 2774; x_wconf 84' lang='lat' dir='ltr'><strong>namus,</strong></span> <span class='ocrx_word' id='word_1_307' title='bbox 1893 2711 2064 2775; x_wconf 86' lang='lat' dir='ltr'><strong>natis,</strong></span> 
     </span>
    </p>
   </div>
   <div class='ocr_carea' id='block_1_44' title="bbox 484 2794 2068 2863">
    <p class='ocr_par' dir='ltr' id='par_1_44' title="bbox 484 2794 2068 2863">
     <span class='ocr_line' id='line_1_44' title="bbox 484 2794 2068 2863; baseline 0.001 -11"><span class='ocrx_word' id='word_1_308' title='bbox 484 2794 642 2862; x_wconf 81' lang='lat' dir='ltr'><strong>nant;</strong></span> <span class='ocrx_word' id='word_1_309' title='bbox 673 2798 924 2862; x_wconf 89' lang='lat' dir='ltr'><strong>nutriam,</strong></span> <span class='ocrx_word' id='word_1_310' title='bbox 950 2813 1030 2862; x_wconf 85' lang='lat' dir='ltr'><strong>as,</strong></span> <span class='ocrx_word' id='word_1_311' title='bbox 1061 2803 1138 2862; x_wconf 89' lang='lat' dir='ltr'><strong>at,</strong></span> <span class='ocrx_word' id='word_1_312' title='bbox 1169 2813 1336 2861; x_wconf 83' lang='lat' dir='ltr'><strong>amus,</strong></span> <span class='ocrx_word' id='word_1_313' title='bbox 1370 2798 1494 2863; x_wconf 81' lang='lat' dir='ltr'><strong>alis,</strong></span> <span class='ocrx_word' id='word_1_314' title='bbox 1523 2807 1648 2863; x_wconf 87' lang='lat' dir='ltr'><strong>ant;</strong></span> <span class='ocrx_word' id='word_1_315' title='bbox 1677 2806 1732 2852; x_wconf 90' lang='lat' dir='ltr'><strong>et</strong></span> <span class='ocrx_word' id='word_1_316' title='bbox 1769 2799 1839 2853; x_wconf 89' lang='lat' dir='ltr'><strong>ob</strong></span> <span class='ocrx_word' id='word_1_317' title='bbox 1869 2798 1924 2852; x_wconf 89' lang='lat' dir='ltr'><strong>id</strong></span> <span class='ocrx_word' id='word_1_318' title='bbox 1951 2800 2068 2854; x_wconf 65' lang='lat' dir='ltr'><strong>hac</strong></span> 
     </span>
    </p>
   </div>
   <div class='ocr_carea' id='block_1_45' title="bbox 485 2887 2067 2958">
    <p class='ocr_par' dir='ltr' id='par_1_45' title="bbox 485 2887 2067 2958">
     <span class='ocr_line' id='line_1_45' title="bbox 485 2887 2067 2958; baseline -0.002 -14"><span class='ocrx_word' id='word_1_319' title='bbox 485 2887 666 2944; x_wconf 86' lang='lat' dir='ltr'><strong>omnia</strong></span> <span class='ocrx_word' id='word_1_320' title='bbox 703 2887 1054 2957; x_wconf 87' lang='lat' dir='ltr'><strong>penultimam</strong></span> <span class='ocrx_word' id='word_1_321' title='bbox 1102 2904 1132 2940; x_wconf 93' lang='lat' dir='ltr'><strong>a</strong></span> <span class='ocrx_word' id='word_1_322' title='bbox 1180 2887 1234 2940; x_wconf 91' lang='lat' dir='ltr'><strong>in</strong></span> <span class='ocrx_word' id='word_1_323' title='bbox 1281 2889 1454 2957; x_wconf 88' lang='lat' dir='ltr'><strong>prima</strong></span> <span class='ocrx_word' id='word_1_324' title='bbox 1494 2903 1559 2942; x_wconf 90' lang='lat' dir='ltr'><strong>ac</strong></span> <span class='ocrx_word' id='word_1_325' title='bbox 1590 2888 1827 2943; x_wconf 89' lang='lat' dir='ltr'><strong>secunda</strong></span> <span class='ocrx_word' id='word_1_326' title='bbox 1875 2888 2067 2958; x_wconf 88' lang='lat' dir='ltr'><strong>plurali</strong></span> 
     </span>
    </p>
   </div>
   <div class='ocr_carea' id='block_1_46' title="bbox 463 2973 2066 3049">
    <p class='ocr_par' dir='ltr' id='par_1_46' title="bbox 463 2973 2066 3049">
     <span class='ocr_line' id='line_1_46' title="bbox 463 2973 2066 3049; baseline -0.002 -14"><span class='ocrx_word' id='word_1_327' title='bbox 463 2973 809 3049; x_wconf 81' lang='lat' dir='ltr'><strong>producunt.</strong></span> <span class='ocrx_word' id='word_1_328' title='bbox 840 2977 1100 3032; x_wconf 82' lang='lat' dir='ltr'><strong>Similiter</strong></span> <span class='ocrx_word' id='word_1_329' title='bbox 1127 2985 1182 3030; x_wconf 86' lang='lat' dir='ltr'><strong>et</strong></span> <span class='ocrx_word' id='word_1_330' title='bbox 1209 2978 1258 3030; x_wconf 92' lang='lat' dir='ltr'><strong>in</strong></span> <span class='ocrx_word' id='word_1_331' title='bbox 1291 2977 1455 3032; x_wconf 89' lang='lat' dir='ltr'><strong>verbo</strong></span> <span class='ocrx_word' id='word_1_332' title='bbox 1483 2979 1699 3047; x_wconf 88' lang='lat' dir='ltr'><strong>passivo</strong></span> <span class='ocrx_word' id='word_1_333' title='bbox 1730 2978 1848 3032; x_wconf 69' lang='lat' dir='ltr'><strong>haec</strong></span> <span class='ocrx_word' id='word_1_334' title='bbox 1877 2980 2066 3035; x_wconf 89' lang='lat' dir='ltr'><strong>eadem</strong></span> 
     </span>
    </p>
   </div>
   <div class='ocr_carea' id='block_1_47' title="bbox 485 3067 2068 3140">
    <p class='ocr_par' dir='ltr' id='par_1_47' title="bbox 485 3067 2068 3140">
     <span class='ocr_line' id='line_1_47' title="bbox 485 3067 2068 3140; baseline 0 -17"><span class='ocrx_word' id='word_1_335' title='bbox 485 3081 729 3140; x_wconf 88' lang='lat' dir='ltr'><strong>tempora</strong></span> <span class='ocrx_word' id='word_1_336' title='bbox 774 3069 979 3136; x_wconf 88' lang='lat' dir='ltr'><strong>absque</strong></span> <span class='ocrx_word' id='word_1_337' title='bbox 1023 3067 1298 3136; x_wconf 81' lang='lat' dir='ltr'><strong>praeterito</strong></span> <span class='ocrx_word' id='word_1_338' title='bbox 1323 3067 1608 3137; x_wconf 90' lang='lat' dir='ltr'><strong>plusquam</strong></span> <span class='ocrx_word' id='word_1_339' title='bbox 1651 3068 1894 3138; x_wconf 83' lang='lat' dir='ltr'><strong>perfecto</strong></span> <span class='ocrx_word' id='word_1_340' title='bbox 1931 3083 2068 3138; x_wconf 68' lang='lat' dir='ltr'><strong>prae-</strong></span> 
     </span>
    </p>
   </div>
   <div class='ocr_carea' id='block_1_48' title="bbox 419 3138 2139 3229">
    <p class='ocr_par' dir='ltr' id='par_1_48' title="bbox 419 3138 2139 3229">
     <span class='ocr_line' id='line_1_48' title="bbox 419 3138 2139 3229; baseline 0 -15"><span class='ocrx_word' id='word_1_341' title='bbox 419 3156 421 3158; x_wconf 68' lang='grc'><em>’</em></span> <span class='ocrx_word' id='word_1_342' title='bbox 485 3138 658 3214; x_wconf 82' lang='lat' dir='ltr'><strong>sentis</strong></span> <span class='ocrx_word' id='word_1_343' title='bbox 693 3159 954 3228; x_wconf 89' lang='lat' dir='ltr'><strong>temporis</strong></span> <span class='ocrx_word' id='word_1_344' title='bbox 983 3157 1400 3213; x_wconf 86' lang='lat' dir='ltr'><strong>declinationem</strong></span> <span class='ocrx_word' id='word_1_345' title='bbox 1451 3171 1770 3229; x_wconf 90' lang='lat' dir='ltr'><strong>sequuntur,</strong></span> <span class='ocrx_word' id='word_1_346' title='bbox 1823 3171 1883 3216; x_wconf 91' lang='lat' dir='ltr'><strong>ut</strong></span> <span class='ocrx_word' id='word_1_347' title='bbox 1920 3179 2069 3215; x_wconf 90' lang='lat' dir='ltr'><strong>ama—</strong></span> <span class='ocrx_word' id='word_1_348' title='bbox 2095 3138 2139 3200; x_wconf 67' lang='grc' dir='ltr'><strong>Ο</strong></span> 
     </span>
    </p>
   </div>
   <div class='ocr_carea' id='block_1_49' title="bbox 483 3242 2066 3318">
    <p class='ocr_par' dir='ltr' id='par_1_49' title="bbox 483 3242 2066 3318">
     <span class='ocr_line' id='line_1_49' title="bbox 483 3242 2066 3318; baseline 0 -14"><span class='ocrx_word' id='word_1_349' title='bbox 483 3253 578 3316; x_wconf 88' lang='lat' dir='ltr'><strong>ris,</strong></span> <span class='ocrx_word' id='word_1_350' title='bbox 613 3259 848 3314; x_wconf 88' lang='lat' dir='ltr'><strong>amatur,</strong></span> <span class='ocrx_word' id='word_1_351' title='bbox 880 3242 1140 3314; x_wconf 88' lang='lat' dir='ltr'><strong>amamur,</strong></span> <span class='ocrx_word' id='word_1_352' title='bbox 1169 3251 1452 3316; x_wconf 87' lang='lat' dir='ltr'><strong>amamini,</strong></span> <span class='ocrx_word' id='word_1_353' title='bbox 1486 3262 1776 3317; x_wconf 88' lang='lat' dir='ltr'><strong>amantur;</strong></span> <span class='ocrx_word' id='word_1_354' title='bbox 1819 3253 2066 3318; x_wconf 89' lang='lat' dir='ltr'><strong>amabar,</strong></span> 
     </span>
    </p>
   </div>
   <div class='ocr_carea' id='block_1_50' title="bbox 483 3343 2068 3411">
    <p class='ocr_par' dir='ltr' id='par_1_50' title="bbox 483 3343 2068 3411">
     <span class='ocr_line' id='line_1_50' title="bbox 483 3343 2068 3411; baseline 0.001 -14"><span class='ocrx_word' id='word_1_355' title='bbox 483 3343 648 3408; x_wconf 82' lang='lat' dir='ltr'><strong>buris,</strong></span> <span class='ocrx_word' id='word_1_356' title='bbox 675 3343 849 3407; x_wconf 86' lang='lat' dir='ltr'><strong>batur,</strong></span> <span class='ocrx_word' id='word_1_357' title='bbox 873 3344 1078 3406; x_wconf 89' lang='lat' dir='ltr'><strong>bamur,</strong></span> <span class='ocrx_word' id='word_1_358' title='bbox 1106 3343 1321 3408; x_wconf 82' lang='lat' dir='ltr'><strong>bantini,</strong></span> <span class='ocrx_word' id='word_1_359' title='bbox 1347 3345 1572 3408; x_wconf 85' lang='lat' dir='ltr'><strong>bantur;</strong></span> <span class='ocrx_word' id='word_1_360' title='bbox 1595 3344 1882 3411; x_wconf 86' lang='lat' dir='ltr'><strong>nutriebar,</strong></span> <span class='ocrx_word' id='word_1_361' title='bbox 1907 3345 2068 3411; x_wconf 84' lang='lat' dir='ltr'><strong>baris,</strong></span> 
     </span>
    </p>
   </div>
   <div class='ocr_carea' id='block_1_51' title="bbox 486 3435 2069 3503">
    <p class='ocr_par' dir='ltr' id='par_1_51' title="bbox 486 3435 2069 3503">
     <span class='ocr_line' id='line_1_51' title="bbox 486 3435 2069 3503; baseline 0.002 -16"><span class='ocrx_word' id='word_1_362' title='bbox 486 3435 660 3499; x_wconf 87' lang='lat' dir='ltr'><strong>batur,</strong></span> <span class='ocrx_word' id='word_1_363' title='bbox 692 3436 898 3499; x_wconf 86' lang='lat' dir='ltr'><strong>bantur,</strong></span> <span class='ocrx_word' id='word_1_364' title='bbox 935 3435 1150 3496; x_wconf 87' lang='lat' dir='ltr'><strong>bamini,</strong></span> <span class='ocrx_word' id='word_1_365' title='bbox 1181 3435 1404 3501; x_wconf 72' lang='lat' dir='ltr'><strong>bantur;</strong></span> <span class='ocrx_word' id='word_1_366' title='bbox 1436 3436 1679 3503; x_wconf 82' lang='lat' dir='ltr'><strong>docebar,</strong></span> <span class='ocrx_word' id='word_1_367' title='bbox 1704 3438 1866 3502; x_wconf 83' lang='lat' dir='ltr'><strong>buris,</strong></span> <span class='ocrx_word' id='word_1_368' title='bbox 1895 3437 2069 3502; x_wconf 86' lang='lat' dir='ltr'><strong>batur,</strong></span> 
     </span>
    </p>
   </div>
   <div class='ocr_carea' id='block_1_52' title="bbox 487 3526 2073 3596">
    <p class='ocr_par' dir='ltr' id='par_1_52' title="bbox 487 3526 2073 3596">
     <span class='ocr_line' id='line_1_52' title="bbox 487 3526 2073 3596; baseline 0.001 -16"><span class='ocrx_word' id='word_1_369' title='bbox 487 3529 692 3592; x_wconf 73' lang='lat' dir='ltr'><strong>(matur,</strong></span> <span class='ocrx_word' id='word_1_370' title='bbox 733 3526 951 3591; x_wconf 87' lang='lat' dir='ltr'><strong>bamini,</strong></span> <span class='ocrx_word' id='word_1_371' title='bbox 985 3526 1211 3592; x_wconf 83' lang='lat' dir='ltr'><strong>bantur;</strong></span> <span class='ocrx_word' id='word_1_372' title='bbox 1262 3527 1514 3596; x_wconf 86' lang='lat' dir='ltr'><strong>ponebar,</strong></span> <span class='ocrx_word' id='word_1_373' title='bbox 1548 3530 1708 3595; x_wconf 86' lang='lat' dir='ltr'><strong>baris,</strong></span> <span class='ocrx_word' id='word_1_374' title='bbox 1761 3529 1934 3594; x_wconf 89' lang='lat' dir='ltr'><strong>batur,</strong></span> <span class='ocrx_word' id='word_1_375' title='bbox 1982 3529 2073 3582; x_wconf 91' lang='lat' dir='ltr'><strong>ba-</strong></span> 
     </span>
    </p>
   </div>
   <div class='ocr_carea' id='block_1_53' title="bbox 486 3607 2070 3686">
    <p class='ocr_par' dir='ltr' id='par_1_53' title="bbox 486 3607 2070 3686">
     <span class='ocr_line' id='line_1_53' title="bbox 486 3607 2070 3686; baseline 0.001 -15"><span class='ocrx_word' id='word_1_376' title='bbox 486 3635 634 3681; x_wconf 87' lang='lat' dir='ltr'><strong>mur,</strong></span> <span class='ocrx_word' id='word_1_377' title='bbox 695 3607 914 3682; x_wconf 82' lang='lat' dir='ltr'><strong>bamini,</strong></span> <span class='ocrx_word' id='word_1_378' title='bbox 946 3618 1166 3682; x_wconf 84' lang='lat' dir='ltr'><strong>bantur;</strong></span> <span class='ocrx_word' id='word_1_379' title='bbox 1226 3619 1446 3684; x_wconf 73' lang='lat' dir='ltr'><strong>doceat,</strong></span> <span class='ocrx_word' id='word_1_380' title='bbox 1497 3621 1633 3684; x_wconf 88' lang='lat' dir='ltr'><strong>aris,</strong></span> <span class='ocrx_word' id='word_1_381' title='bbox 1694 3632 1842 3686; x_wconf 87' lang='lat' dir='ltr'><strong>atur,</strong></span> <span class='ocrx_word' id='word_1_382' title='bbox 1899 3637 2070 3684; x_wconf 90' lang='lat' dir='ltr'><strong>amur,</strong></span> 
     </span>
    </p>
   </div>
   <div class='ocr_carea' id='block_1_54' title="bbox 491 3707 2072 3774">
    <p class='ocr_par' dir='ltr' id='par_1_54' title="bbox 491 3707 2072 3774">
     <span class='ocr_line' id='line_1_54' title="bbox 491 3707 2072 3774; baseline 0.002 -16"><span class='ocrx_word' id='word_1_383' title='bbox 491 3707 678 3769; x_wconf 80' lang='lat' dir='ltr'><strong>amitti,</strong></span> <span class='ocrx_word' id='word_1_384' title='bbox 711 3715 908 3770; x_wconf 87' lang='lat' dir='ltr'><strong>antur;</strong></span> <span class='ocrx_word' id='word_1_385' title='bbox 939 3723 1127 3774; x_wconf 79' lang='lat' dir='ltr'><strong>ponar,</strong></span> <span class='ocrx_word' id='word_1_386' title='bbox 1161 3709 1254 3770; x_wconf 82' lang='lat' dir='ltr'><strong>ris,</strong></span> <span class='ocrx_word' id='word_1_387' title='bbox 1284 3718 1426 3772; x_wconf 88' lang='lat' dir='ltr'><strong>atur,</strong></span> <span class='ocrx_word' id='word_1_388' title='bbox 1455 3718 1632 3771; x_wconf 82' lang='lat' dir='ltr'><strong>‘amur,</strong></span> <span class='ocrx_word' id='word_1_389' title='bbox 1669 3710 1854 3774; x_wconf 82' lang='lat' dir='ltr'><strong>amitti,</strong></span> <span class='ocrx_word' id='word_1_390' title='bbox 1879 3719 2072 3774; x_wconf 88' lang='lat' dir='ltr'><strong>antur;</strong></span> 
     </span>
    </p>
   </div>
   <div class='ocr_carea' id='block_1_55' title="bbox 491 3796 2075 3862">
    <p class='ocr_par' dir='ltr' id='par_1_55' title="bbox 491 3796 2075 3862">
     <span class='ocr_line' id='line_1_55' title="bbox 491 3796 2075 3862; baseline 0.003 -14"><span class='ocrx_word' id='word_1_391' title='bbox 491 3796 720 3860; x_wconf 80' lang='lat' dir='ltr'><strong>ttutriar,</strong></span> <span class='ocrx_word' id='word_1_392' title='bbox 754 3797 885 3860; x_wconf 86' lang='lat' dir='ltr'><strong>aris,</strong></span> <span class='ocrx_word' id='word_1_393' title='bbox 918 3805 1056 3859; x_wconf 85' lang='lat' dir='ltr'><strong>atur,</strong></span> <span class='ocrx_word' id='word_1_394' title='bbox 1098 3812 1270 3860; x_wconf 89' lang='lat' dir='ltr'><strong>amur,</strong></span> <span class='ocrx_word' id='word_1_395' title='bbox 1320 3798 1506 3862; x_wconf 89' lang='lat' dir='ltr'><strong>amini,</strong></span> <span class='ocrx_word' id='word_1_396' title='bbox 1537 3808 1696 3851; x_wconf 89' lang='lat' dir='ltr'><strong>antur</strong></span> <span class='ocrx_word' id='word_1_397' title='bbox 1725 3813 1738 3851; x_wconf 90' lang='lat'><strong>:</strong></span> <span class='ocrx_word' id='word_1_398' title='bbox 1772 3810 1826 3851; x_wconf 83' lang='lat' dir='ltr'><strong>et</strong></span> <span class='ocrx_word' id='word_1_399' title='bbox 1864 3798 1932 3852; x_wconf 84' lang='lat' dir='ltr'><strong>ob</strong></span> <span class='ocrx_word' id='word_1_400' title='bbox 1971 3799 2075 3853; x_wconf 88' lang='lat' dir='ltr'><strong>hoc</strong></span> 
     </span>
    </p>
   </div>
   <div class='ocr_carea' id='block_1_56' title="bbox 491 3885 2075 3958">
    <p class='ocr_par' dir='ltr' id='par_1_56' title="bbox 491 3885 2075 3958">
     <span class='ocr_line' id='line_1_56' title="bbox 491 3885 2075 3958; baseline 0.003 -20"><span class='ocrx_word' id='word_1_401' title='bbox 491 3885 604 3954; x_wconf 89' lang='lat' dir='ltr'><strong>ipsa</strong></span> <span class='ocrx_word' id='word_1_402' title='bbox 634 3901 848 3956; x_wconf 89' lang='lat' dir='ltr'><strong>quoque</strong></span> <span class='ocrx_word' id='word_1_403' title='bbox 876 3885 1226 3956; x_wconf 87' lang='lat' dir='ltr'><strong>penultimatn</strong></span> <span class='ocrx_word' id='word_1_404' title='bbox 1256 3889 1505 3941; x_wconf 71' lang='lat' dir='ltr'><strong>secuntlte&#39;</strong></span> <span class='ocrx_word' id='word_1_405' title='bbox 1531 3903 1776 3958; x_wconf 79' lang='lat' dir='ltr'><strong>persona;-</strong></span> <span class='ocrx_word' id='word_1_406' title='bbox 1803 3898 1854 3942; x_wconf 88' lang='lat' dir='ltr'><strong>et</strong></span> <span class='ocrx_word' id='word_1_407' title='bbox 1905 3889 2075 3943; x_wconf 62' lang='lat' dir='ltr'><strong>tertiae</strong></span> 
     </span>
    </p>
   </div>
   <div class='ocr_carea' id='block_1_57' title="bbox 495 3978 2077 4048">
    <p class='ocr_par' dir='ltr' id='par_1_57' title="bbox 495 3978 2077 4048">
     <span class='ocr_line' id='line_1_57' title="bbox 495 3978 2077 4048; baseline 0.002 -17"><span class='ocrx_word' id='word_1_408' title='bbox 495 3978 802 4046; x_wconf 86' lang='lat' dir='ltr'><strong>singularis,</strong></span> <span class='ocrx_word' id='word_1_409' title='bbox 834 3991 932 4031; x_wconf 88' lang='lat' dir='ltr'><strong>nec</strong></span> <span class='ocrx_word' id='word_1_410' title='bbox 963 3992 1067 4031; x_wconf 92' lang='lat' dir='ltr'><strong>non</strong></span> <span class='ocrx_word' id='word_1_411' title='bbox 1095 3985 1149 4030; x_wconf 83' lang='lat' dir='ltr'><strong>et</strong></span> <span class='ocrx_word' id='word_1_412' title='bbox 1174 3979 1360 4046; x_wconf 64' lang='lat' dir='ltr'><strong>primae</strong></span> <span class='ocrx_word' id='word_1_413' title='bbox 1391 3994 1455 4034; x_wconf 90' lang='lat' dir='ltr'><strong>ac</strong></span> <span class='ocrx_word' id='word_1_414' title='bbox 1477 3980 1650 4034; x_wconf 87' lang='lat' dir='ltr'><strong>tertiae</strong></span> <span class='ocrx_word' id='word_1_415' title='bbox 1680 3979 1923 4048; x_wconf 90' lang='lat' dir='ltr'><strong>pluralis,</strong></span> <span class='ocrx_word' id='word_1_416' title='bbox 1953 3995 2077 4048; x_wconf 86' lang='lat' dir='ltr'><strong>pro-</strong></span> 
     </span>
    </p>
   </div>
   <div class='ocr_carea' id='block_1_58' title="bbox 499 4066 2076 4138">
    <p class='ocr_par' dir='ltr' id='par_1_58' title="bbox 499 4066 2076 4138">
     <span class='ocr_line' id='line_1_58' title="bbox 499 4066 2076 4138; baseline 0.003 -19"><span class='ocrx_word' id='word_1_417' title='bbox 499 4067 716 4120; x_wconf 86' lang='lat' dir='ltr'><strong>ductam</strong></span> <span class='ocrx_word' id='word_1_418' title='bbox 745 4066 965 4130; x_wconf 88' lang='lat' dir='ltr'><strong>habent,</strong></span> <span class='ocrx_word' id='word_1_419' title='bbox 993 4077 1048 4119; x_wconf 90' lang='lat' dir='ltr'><strong>et</strong></span> <span class='ocrx_word' id='word_1_420' title='bbox 1085 4066 1372 4122; x_wconf 88' lang='lat' dir='ltr'><strong>secundam</strong></span> <span class='ocrx_word' id='word_1_421' title='bbox 1402 4083 1688 4138; x_wconf 88' lang='lat' dir='ltr'><strong>personam</strong></span> <span class='ocrx_word' id='word_1_422' title='bbox 1729 4069 1992 4138; x_wconf 89' lang='lat' dir='ltr'><strong>pluralem</strong></span> <span class='ocrx_word' id='word_1_423' title='bbox 2022 4070 2076 4123; x_wconf 91' lang='lat' dir='ltr'><strong>in</strong></span> 
     </span>
    </p>
   </div>
   <div class='ocr_carea' id='block_1_59' title="bbox 494 4155 1271 4224">
    <p class='ocr_par' dir='ltr' id='par_1_59' title="bbox 494 4155 1271 4224">
     <span class='ocr_line' id='line_1_59' title="bbox 494 4155 1271 4224; baseline 0 -15"><span class='ocrx_word' id='word_1_424' title='bbox 494 4155 922 4224; x_wconf 79' lang='lat' dir='ltr'><strong>antepenultitna</strong></span> <span class='ocrx_word' id='word_1_425' title='bbox 951 4155 1271 4224; x_wconf 89' lang='lat' dir='ltr'><strong>producunt.</strong></span> 
     </span>
    </p>
   </div>
   <div class='ocr_carea' id='block_1_60' title="bbox 573 4238 2078 4316">
    <p class='ocr_par' dir='ltr' id='par_1_60' title="bbox 573 4238 2078 4316">
     <span class='ocr_line' id='line_1_60' title="bbox 573 4238 2078 4316; baseline 0.003 -14"><span class='ocrx_word' id='word_1_426' title='bbox 573 4248 819 4302; x_wconf 88' lang='lat' dir='ltr'><strong>Secunda</strong></span> <span class='ocrx_word' id='word_1_427' title='bbox 856 4262 982 4316; x_wconf 88' lang='lat' dir='ltr'><strong>ergo</strong></span> <span class='ocrx_word' id='word_1_428' title='bbox 1030 4254 1115 4300; x_wconf 87' lang='lat' dir='ltr'><strong>est</strong></span> <span class='ocrx_word' id='word_1_429' title='bbox 1167 4238 1471 4315; x_wconf 80' lang='lat' dir='ltr'><strong>coniugatio</strong></span> <span class='ocrx_word' id='word_1_430' title='bbox 1512 4262 1630 4315; x_wconf 62' lang='lat' dir='ltr'><strong>qum</strong></span> <span class='ocrx_word' id='word_1_431' title='bbox 1678 4249 1734 4302; x_wconf 92' lang='lat' dir='ltr'><strong>in</strong></span> <span class='ocrx_word' id='word_1_432' title='bbox 1788 4251 2078 4306; x_wconf 79' lang='lat' dir='ltr'><strong>indicativo</strong></span> 
     </span>
    </p>
   </div>
   <div class='ocr_carea' id='block_1_61' title="bbox 508 4335 2078 4408">
    <p class='ocr_par' dir='ltr' id='par_1_61' title="bbox 508 4335 2078 4408">
     <span class='ocr_line' id='line_1_61' title="bbox 508 4335 2078 4408; baseline 0.003 -17"><span class='ocrx_word' id='word_1_433' title='bbox 508 4337 669 4391; x_wconf 86' lang='lat' dir='ltr'><strong>modo</strong></span> <span class='ocrx_word' id='word_1_434' title='bbox 705 4349 931 4389; x_wconf 90' lang='lat' dir='ltr'><strong>numero</strong></span> <span class='ocrx_word' id='word_1_435' title='bbox 957 4335 1238 4405; x_wconf 81' lang='lat' dir='ltr'><strong>singulari,</strong></span> <span class='ocrx_word' id='word_1_436' title='bbox 1275 4336 1328 4388; x_wconf 89' lang='lat' dir='ltr'><strong>in</strong></span> <span class='ocrx_word' id='word_1_437' title='bbox 1356 4337 1520 4390; x_wconf 88' lang='lat' dir='ltr'><strong>stanti</strong></span> <span class='ocrx_word' id='word_1_438' title='bbox 1552 4348 1811 4408; x_wconf 90' lang='lat' dir='ltr'><strong>tempore,</strong></span> <span class='ocrx_word' id='word_1_439' title='bbox 1844 4343 2078 4395; x_wconf 85' lang='lat' dir='ltr'><strong>secunda</strong></span> 
     </span>
    </p>
   </div>
   <div class='ocr_carea' id='block_1_62' title="bbox 502 4423 2078 4496">
    <p class='ocr_par' dir='ltr' id='par_1_62' title="bbox 502 4423 2078 4496">
     <span class='ocr_line' id='line_1_62' title="bbox 502 4423 2078 4496; baseline 0.001 -15"><span class='ocrx_word' id='word_1_440' title='bbox 502 4440 756 4496; x_wconf 84' lang='lat' dir='ltr'><strong>persona,</strong></span> <span class='ocrx_word' id='word_1_441' title='bbox 787 4437 981 4494; x_wconf 82' lang='lat' dir='ltr'><strong>genere</strong></span> <span class='ocrx_word' id='word_1_442' title='bbox 1023 4423 1195 4476; x_wconf 81' lang='lat' dir='ltr'><strong>activo</strong></span> <span class='ocrx_word' id='word_1_443' title='bbox 1222 4431 1274 4476; x_wconf 90' lang='lat' dir='ltr'><strong>ct</strong></span> <span class='ocrx_word' id='word_1_444' title='bbox 1301 4426 1528 4477; x_wconf 86' lang='lat' dir='ltr'><strong>neutrali</strong></span> <span class='ocrx_word' id='word_1_445' title='bbox 1557 4443 1608 4478; x_wconf 85' lang='lat' dir='ltr'><strong>es</strong></span> <span class='ocrx_word' id='word_1_446' title='bbox 1657 4428 1710 4480; x_wconf 91' lang='lat' dir='ltr'><strong>in</strong></span> <span class='ocrx_word' id='word_1_447' title='bbox 1743 4427 1849 4481; x_wconf 86' lang='lat' dir='ltr'><strong>ﬁne</strong></span> <span class='ocrx_word' id='word_1_448' title='bbox 1877 4429 2078 4496; x_wconf 88' lang='lat' dir='ltr'><strong>produ-</strong></span> 
     </span>
    </p>
   </div>
   <div class='ocr_carea' id='block_1_63' title="bbox 2164 1884 3756 1960">
    <p class='ocr_par' dir='ltr' id='par_1_63' title="bbox 2164 1884 3756 1960">
     <span class='ocr_line' id='line_1_63' title="bbox 2164 1884 3756 1960; baseline 0.004 -23"><span class='ocrx_word' id='word_1_449' title='bbox 2164 1884 2554 1954; x_wconf 86' lang='lat' dir='ltr'><strong>signilicatione</strong></span> <span class='ocrx_word' id='word_1_450' title='bbox 2583 1887 2757 1940; x_wconf 90' lang='lat' dir='ltr'><strong>activa</strong></span> <span class='ocrx_word' id='word_1_451' title='bbox 2785 1898 2839 1940; x_wconf 87' lang='lat' dir='ltr'><strong>et</strong></span> <span class='ocrx_word' id='word_1_452' title='bbox 2867 1887 3099 1941; x_wconf 89' lang='lat' dir='ltr'><strong>neutrali</strong></span> <span class='ocrx_word' id='word_1_453' title='bbox 3148 1889 3193 1942; x_wconf 89' lang='lat' dir='ltr'><strong>is</strong></span> <span class='ocrx_word' id='word_1_454' title='bbox 3238 1889 3455 1943; x_wconf 85' lang='lat' dir='ltr'><strong>ﬁnalem</strong></span> <span class='ocrx_word' id='word_1_455' title='bbox 3497 1890 3756 1960; x_wconf 88' lang='lat' dir='ltr'><strong>corripit.</strong></span> 
     </span>
    </p>
   </div>
   <div class='ocr_carea' id='block_1_64' title="bbox 2163 1976 3759 2047">
    <p class='ocr_par' dir='ltr' id='par_1_64' title="bbox 2163 1976 3759 2047">
     <span class='ocr_line' id='line_1_64' title="bbox 2163 1976 3759 2047; baseline 0.001 -16"><span class='ocrx_word' id='word_1_456' title='bbox 2163 1977 2245 2031; x_wconf 91' lang='lat' dir='ltr'><strong>Ad</strong></span> <span class='ocrx_word' id='word_1_457' title='bbox 2273 1976 2432 2047; x_wconf 87' lang='lat' dir='ltr'><strong>huius</strong></span> <span class='ocrx_word' id='word_1_458' title='bbox 2459 1977 2865 2032; x_wconf 90' lang='lat' dir='ltr'><strong>similitudinem</strong></span> <span class='ocrx_word' id='word_1_459' title='bbox 2897 1979 3234 2033; x_wconf 89' lang='lat' dir='ltr'><strong>declinantur</strong></span> <span class='ocrx_word' id='word_1_460' title='bbox 3276 1979 3518 2036; x_wconf 80' lang='lat' dir='ltr'><strong>futurum</strong></span> <span class='ocrx_word' id='word_1_461' title='bbox 3545 1980 3759 2035; x_wconf 82' lang='lat' dir='ltr'><strong>indica-</strong></span> 
     </span>
    </p>
   </div>
   <div class='ocr_carea' id='block_1_65' title="bbox 2125 2069 3755 2140">
    <p class='ocr_par' dir='ltr' id='par_1_65' title="bbox 2125 2069 3755 2140">
     <span class='ocr_line' id='line_1_65' title="bbox 2125 2069 3755 2140; baseline 0.002 -19"><span class='ocrx_word' id='word_1_462' title='bbox 2125 2106 2132 2113; x_wconf 82' lang='lat'><strong>.</strong></span> <span class='ocrx_word' id='word_1_463' title='bbox 2167 2069 2259 2122; x_wconf 89' lang='lat' dir='ltr'><strong>tivi</strong></span> <span class='ocrx_word' id='word_1_464' title='bbox 2289 2069 2461 2138; x_wconf 90' lang='lat' dir='ltr'><strong>prima</strong></span> <span class='ocrx_word' id='word_1_465' title='bbox 2485 2077 2539 2123; x_wconf 90' lang='lat' dir='ltr'><strong>et</strong></span> <span class='ocrx_word' id='word_1_466' title='bbox 2555 2069 2790 2123; x_wconf 86' lang='lat' dir='ltr'><strong>secunda</strong></span> <span class='ocrx_word' id='word_1_467' title='bbox 2812 2070 3202 2140; x_wconf 86' lang='lat' dir='ltr'><strong>coniugatione,</strong></span> <span class='ocrx_word' id='word_1_468' title='bbox 3232 2087 3330 2126; x_wconf 91' lang='lat' dir='ltr'><strong>nec</strong></span> <span class='ocrx_word' id='word_1_469' title='bbox 3356 2086 3462 2126; x_wconf 90' lang='lat' dir='ltr'><strong>non</strong></span> <span class='ocrx_word' id='word_1_470' title='bbox 3479 2079 3536 2126; x_wconf 90' lang='lat' dir='ltr'><strong>et</strong></span> <span class='ocrx_word' id='word_1_471' title='bbox 3555 2083 3755 2140; x_wconf 89' lang='lat' dir='ltr'><strong>quarta</strong></span> 
     </span>
    </p>
   </div>
   <div class='ocr_carea' id='block_1_66' title="bbox 2161 2159 3759 2231">
    <p class='ocr_par' dir='ltr' id='par_1_66' title="bbox 2161 2159 3759 2231">
     <span class='ocr_line' id='line_1_66' title="bbox 2161 2159 3759 2231; baseline 0.003 -19"><span class='ocrx_word' id='word_1_472' title='bbox 2161 2159 2219 2228; x_wconf 85' lang='lat' dir='ltr'><strong>in</strong></span> <span class='ocrx_word' id='word_1_473' title='bbox 2231 2159 2318 2214; x_wconf 89' lang='lat' dir='ltr'><strong>his</strong></span> <span class='ocrx_word' id='word_1_474' title='bbox 2329 2159 2507 2214; x_wconf 88' lang='lat' dir='ltr'><strong>verbis</strong></span> <span class='ocrx_word' id='word_1_475' title='bbox 2523 2174 2644 2229; x_wconf 63' lang='lat' dir='ltr'><strong>qua;</strong></span> <span class='ocrx_word' id='word_1_476' title='bbox 2665 2159 2717 2212; x_wconf 93' lang='lat' dir='ltr'><strong>in</strong></span> <span class='ocrx_word' id='word_1_477' title='bbox 2738 2160 2909 2229; x_wconf 89' lang='lat' dir='ltr'><strong>prima</strong></span> <span class='ocrx_word' id='word_1_478' title='bbox 2924 2175 3152 2228; x_wconf 88' lang='lat' dir='ltr'><strong>persona</strong></span> <span class='ocrx_word' id='word_1_479' title='bbox 3170 2160 3455 2229; x_wconf 61' lang='lat' dir='ltr'><strong>praesentis</strong></span> <span class='ocrx_word' id='word_1_480' title='bbox 3490 2163 3759 2231; x_wconf 85' lang='lat' dir='ltr'><strong>temporis</strong></span> 
     </span>
    </p>
   </div>
   <div class='ocr_carea' id='block_1_67' title="bbox 2166 2249 3760 2329">
    <p class='ocr_par' dir='ltr' id='par_1_67' title="bbox 2166 2249 3760 2329">
     <span class='ocr_line' id='line_1_67' title="bbox 2166 2249 3760 2329; baseline 0.001 -25"><span class='ocrx_word' id='word_1_481' title='bbox 2166 2251 2220 2304; x_wconf 89' lang='lat' dir='ltr'><strong>in</strong></span> <span class='ocrx_word' id='word_1_482' title='bbox 2242 2267 2300 2303; x_wconf 89' lang='lat' dir='ltr'><strong>eo</strong></span> <span class='ocrx_word' id='word_1_483' title='bbox 2315 2250 2585 2304; x_wconf 90' lang='lat' dir='ltr'><strong>desinunt.</strong></span> <span class='ocrx_word' id='word_1_484' title='bbox 2612 2249 2743 2303; x_wconf 77' lang='lat' dir='ltr'><strong>item</strong></span> <span class='ocrx_word' id='word_1_485' title='bbox 2761 2249 3085 2318; x_wconf 90' lang='lat' dir='ltr'><strong>subiunctivi</strong></span> <span class='ocrx_word' id='word_1_486' title='bbox 3103 2253 3432 2320; x_wconf 79' lang='lat' dir='ltr'><strong>praeteritum</strong></span> <span class='ocrx_word' id='word_1_487' title='bbox 3449 2252 3760 2329; x_wconf 82' lang='lat' dir='ltr'><strong>perfectum</strong></span> 
     </span>
    </p>
   </div>
   <div class='ocr_carea' id='block_1_68' title="bbox 2167 2341 3754 2414">
    <p class='ocr_par' dir='ltr' id='par_1_68' title="bbox 2167 2341 3754 2414">
     <span class='ocr_line' id='line_1_68' title="bbox 2167 2341 3754 2414; baseline 0.001 -19"><span class='ocrx_word' id='word_1_488' title='bbox 2167 2341 2599 2411; x_wconf 84' lang='lat' dir='ltr'><strong>atquefuturum,</strong></span> <span class='ocrx_word' id='word_1_489' title='bbox 2620 2351 2680 2396; x_wconf 90' lang='lat' dir='ltr'><strong>ut</strong></span> <span class='ocrx_word' id='word_1_490' title='bbox 2704 2359 2863 2412; x_wconf 87' lang='lat' dir='ltr'><strong>pono,</strong></span> <span class='ocrx_word' id='word_1_491' title='bbox 2881 2345 3052 2413; x_wconf 87' lang='lat' dir='ltr'><strong>ponis,</strong></span> <span class='ocrx_word' id='word_1_492' title='bbox 3074 2345 3239 2414; x_wconf 85' lang='lat' dir='ltr'><strong>ponit,</strong></span> <span class='ocrx_word' id='word_1_493' title='bbox 3254 2346 3517 2413; x_wconf 81' lang='lat' dir='ltr'><strong>ponimus,</strong></span> <span class='ocrx_word' id='word_1_494' title='bbox 3533 2348 3754 2414; x_wconf 80' lang='lat' dir='ltr'><strong>ponitis,</strong></span> 
     </span>
    </p>
   </div>
   <div class='ocr_carea' id='block_1_69' title="bbox 2165 2434 3757 2505">
    <p class='ocr_par' dir='ltr' id='par_1_69' title="bbox 2165 2434 3757 2505">
     <span class='ocr_line' id='line_1_69' title="bbox 2165 2434 3757 2505; baseline 0 -17"><span class='ocrx_word' id='word_1_495' title='bbox 2165 2443 2386 2505; x_wconf 84' lang='lat' dir='ltr'><strong>ponunt;</strong></span> <span class='ocrx_word' id='word_1_496' title='bbox 2417 2435 2623 2496; x_wconf 88' lang='lat' dir='ltr'><strong>amabo,</strong></span> <span class='ocrx_word' id='word_1_497' title='bbox 2640 2434 2734 2492; x_wconf 89' lang='lat' dir='ltr'><strong>bis.</strong></span> <span class='ocrx_word' id='word_1_498' title='bbox 2755 2435 2846 2499; x_wconf 90' lang='lat' dir='ltr'><strong>bit,</strong></span> <span class='ocrx_word' id='word_1_499' title='bbox 2866 2435 3055 2499; x_wconf 87' lang='lat' dir='ltr'><strong>bimus,</strong></span> <span class='ocrx_word' id='word_1_500' title='bbox 3075 2435 3215 2499; x_wconf 88' lang='lat' dir='ltr'><strong>bitis,</strong></span> <span class='ocrx_word' id='word_1_501' title='bbox 3235 2436 3392 2500; x_wconf 89' lang='lat' dir='ltr'><strong>bunt;</strong></span> <span class='ocrx_word' id='word_1_502' title='bbox 3414 2436 3634 2500; x_wconf 88' lang='lat' dir='ltr'><strong>docebo,</strong></span> <span class='ocrx_word' id='word_1_503' title='bbox 3653 2438 3757 2500; x_wconf 72' lang='lat' dir='ltr'><strong>bis,</strong></span> 
     </span>
    </p>
   </div>
   <div class='ocr_carea' id='block_1_70' title="bbox 2167 2525 3758 2595">
    <p class='ocr_par' dir='ltr' id='par_1_70' title="bbox 2167 2525 3758 2595">
     <span class='ocr_line' id='line_1_70' title="bbox 2167 2525 3758 2595; baseline 0.001 -17"><span class='ocrx_word' id='word_1_504' title='bbox 2167 2525 2261 2590; x_wconf 87' lang='lat' dir='ltr'><strong>bit,</strong></span> <span class='ocrx_word' id='word_1_505' title='bbox 2281 2525 2471 2590; x_wconf 89' lang='lat' dir='ltr'><strong>bimus,</strong></span> <span class='ocrx_word' id='word_1_506' title='bbox 2487 2525 2624 2590; x_wconf 84' lang='lat' dir='ltr'><strong>bitis,</strong></span> <span class='ocrx_word' id='word_1_507' title='bbox 2641 2525 2896 2590; x_wconf 85' lang='lat' dir='ltr'><strong>bunt;ibo,</strong></span> <span class='ocrx_word' id='word_1_508' title='bbox 2913 2526 3030 2588; x_wconf 87' lang='lat' dir='ltr'><strong>ibis,</strong></span> <span class='ocrx_word' id='word_1_509' title='bbox 3045 2526 3160 2595; x_wconf 83' lang='lat' dir='ltr'><strong>ibit,</strong></span> <span class='ocrx_word' id='word_1_510' title='bbox 3177 2526 3551 2591; x_wconf 85' lang='lat' dir='ltr'><strong>ibimus,ibttis,</strong></span> <span class='ocrx_word' id='word_1_511' title='bbox 3570 2529 3758 2591; x_wconf 83' lang='lat' dir='ltr'><strong>ibunt;</strong></span> 
     </span>
    </p>
   </div>
   <div class='ocr_carea' id='block_1_71' title="bbox 2169 2614 3762 2685">
    <p class='ocr_par' dir='ltr' id='par_1_71' title="bbox 2169 2614 3762 2685">
     <span class='ocr_line' id='line_1_71' title="bbox 2169 2614 3762 2685; baseline 0.003 -18"><span class='ocrx_word' id='word_1_512' title='bbox 2169 2614 2346 2685; x_wconf 83' lang='lat' dir='ltr'><strong>quibo,</strong></span> <span class='ocrx_word' id='word_1_513' title='bbox 2371 2614 2464 2677; x_wconf 85' lang='lat' dir='ltr'><strong>bis,</strong></span> <span class='ocrx_word' id='word_1_514' title='bbox 2487 2614 2580 2678; x_wconf 88' lang='lat' dir='ltr'><strong>bit,</strong></span> <span class='ocrx_word' id='word_1_515' title='bbox 2597 2614 2783 2680; x_wconf 88' lang='lat' dir='ltr'><strong>bimus,</strong></span> <span class='ocrx_word' id='word_1_516' title='bbox 2802 2615 3105 2680; x_wconf 87' lang='lat' dir='ltr'><strong>bitis,bunt;</strong></span> <span class='ocrx_word' id='word_1_517' title='bbox 3129 2618 3430 2681; x_wconf 68' lang='lat' dir='ltr'><strong>amaverim,</strong></span> <span class='ocrx_word' id='word_1_518' title='bbox 3457 2619 3549 2680; x_wconf 86' lang='lat' dir='ltr'><strong>ris,</strong></span> <span class='ocrx_word' id='word_1_519' title='bbox 3575 2621 3668 2680; x_wconf 88' lang='lat' dir='ltr'><strong>rit,</strong></span> <span class='ocrx_word' id='word_1_520' title='bbox 3688 2621 3762 2671; x_wconf 87' lang='lat' dir='ltr'><strong>ri-</strong></span> 
     </span>
    </p>
   </div>
   <div class='ocr_carea' id='block_1_72' title="bbox 2168 2705 3758 2772">
    <p class='ocr_par' dir='ltr' id='par_1_72' title="bbox 2168 2705 3758 2772">
     <span class='ocr_line' id='line_1_72' title="bbox 2168 2705 3758 2772; baseline 0.004 -16"><span class='ocrx_word' id='word_1_521' title='bbox 2168 2719 2306 2767; x_wconf 87' lang='lat' dir='ltr'><strong>mus,</strong></span> <span class='ocrx_word' id='word_1_522' title='bbox 2340 2705 2475 2768; x_wconf 83' lang='lat' dir='ltr'><strong>ritis,</strong></span> <span class='ocrx_word' id='word_1_523' title='bbox 2504 2705 2640 2769; x_wconf 88' lang='lat' dir='ltr'><strong>rint;</strong></span> <span class='ocrx_word' id='word_1_524' title='bbox 2667 2705 2957 2770; x_wconf 88' lang='lat' dir='ltr'><strong>docuerim,</strong></span> <span class='ocrx_word' id='word_1_525' title='bbox 2987 2706 3079 2770; x_wconf 88' lang='lat' dir='ltr'><strong>ris,</strong></span> <span class='ocrx_word' id='word_1_526' title='bbox 3116 2707 3205 2772; x_wconf 88' lang='lat' dir='ltr'><strong>rit,</strong></span> <span class='ocrx_word' id='word_1_527' title='bbox 3236 2707 3422 2771; x_wconf 86' lang='lat' dir='ltr'><strong>rimus,</strong></span> <span class='ocrx_word' id='word_1_528' title='bbox 3446 2709 3580 2772; x_wconf 84' lang='lat' dir='ltr'><strong>ritis,</strong></span> <span class='ocrx_word' id='word_1_529' title='bbox 3613 2711 3758 2770; x_wconf 87' lang='lat' dir='ltr'><strong>rint;</strong></span> 
     </span>
    </p>
   </div>
   <div class='ocr_carea' id='block_1_73' title="bbox 2168 2793 3756 2863">
    <p class='ocr_par' dir='ltr' id='par_1_73' title="bbox 2168 2793 3756 2863">
     <span class='ocr_line' id='line_1_73' title="bbox 2168 2793 3756 2863; baseline 0.004 -17"><span class='ocrx_word' id='word_1_530' title='bbox 2168 2795 2454 2863; x_wconf 81' lang='lat' dir='ltr'><strong>posuerim,</strong></span> <span class='ocrx_word' id='word_1_531' title='bbox 2471 2793 2560 2858; x_wconf 67' lang='lat' dir='ltr'><strong>ris&#39;,</strong></span> <span class='ocrx_word' id='word_1_532' title='bbox 2583 2796 2668 2859; x_wconf 88' lang='lat' dir='ltr'><strong>rit,</strong></span> <span class='ocrx_word' id='word_1_533' title='bbox 2688 2797 2871 2862; x_wconf 90' lang='lat' dir='ltr'><strong>rimus,</strong></span> <span class='ocrx_word' id='word_1_534' title='bbox 2891 2798 3027 2861; x_wconf 82' lang='lat' dir='ltr'><strong>ritis,</strong></span> <span class='ocrx_word' id='word_1_535' title='bbox 3046 2799 3144 2850; x_wconf 81' lang='lat' dir='ltr'><strong>rint</strong></span> <span class='ocrx_word' id='word_1_536' title='bbox 3162 2815 3180 2862; x_wconf 91' lang='lat'><strong>;</strong></span> <span class='ocrx_word' id='word_1_537' title='bbox 3197 2799 3520 2862; x_wconf 85' lang='lat' dir='ltr'><strong>nutriverim,</strong></span> <span class='ocrx_word' id='word_1_538' title='bbox 3537 2801 3635 2861; x_wconf 86' lang='lat' dir='ltr'><strong>ris,</strong></span> <span class='ocrx_word' id='word_1_539' title='bbox 3657 2802 3756 2862; x_wconf 85' lang='lat' dir='ltr'><strong>rit,</strong></span> 
     </span>
    </p>
   </div>
   <div class='ocr_carea' id='block_1_74' title="bbox 2172 2885 3756 2955">
    <p class='ocr_par' dir='ltr' id='par_1_74' title="bbox 2172 2885 3756 2955">
     <span class='ocr_line' id='line_1_74' title="bbox 2172 2885 3756 2955; baseline 0.004 -18"><span class='ocrx_word' id='word_1_540' title='bbox 2172 2885 2355 2950; x_wconf 85' lang='lat' dir='ltr'><strong>rimus,</strong></span> <span class='ocrx_word' id='word_1_541' title='bbox 2389 2886 2523 2950; x_wconf 87' lang='lat' dir='ltr'><strong>ritis,</strong></span> <span class='ocrx_word' id='word_1_542' title='bbox 2564 2888 2697 2949; x_wconf 90' lang='lat' dir='ltr'><strong>rint;</strong></span> <span class='ocrx_word' id='word_1_543' title='bbox 2730 2904 2992 2951; x_wconf 89' lang='lat' dir='ltr'><strong>amavero,</strong></span> <span class='ocrx_word' id='word_1_544' title='bbox 3022 2890 3115 2952; x_wconf 88' lang='lat' dir='ltr'><strong>ris,</strong></span> <span class='ocrx_word' id='word_1_545' title='bbox 3138 2890 3228 2952; x_wconf 83' lang='lat' dir='ltr'><strong>rit,</strong></span> <span class='ocrx_word' id='word_1_546' title='bbox 3260 2897 3313 2942; x_wconf 84' lang='lat' dir='ltr'><strong>et</strong></span> <span class='ocrx_word' id='word_1_547' title='bbox 3342 2889 3474 2954; x_wconf 85' lang='lat' dir='ltr'><strong>rel.;</strong></span> <span class='ocrx_word' id='word_1_548' title='bbox 3502 2890 3756 2955; x_wconf 84' lang='lat' dir='ltr'><strong>docuero,</strong></span> 
     </span>
    </p>
   </div>
   <div class='ocr_carea' id='block_1_75' title="bbox 2172 2976 3757 3046">
    <p class='ocr_par' dir='ltr' id='par_1_75' title="bbox 2172 2976 3757 3046">
     <span class='ocr_line' id='line_1_75' title="bbox 2172 2976 3757 3046; baseline 0.003 -18"><span class='ocrx_word' id='word_1_549' title='bbox 2172 2976 2265 3039; x_wconf 89' lang='lat' dir='ltr'><strong>ris,</strong></span> <span class='ocrx_word' id='word_1_550' title='bbox 2304 2976 2393 3040; x_wconf 87' lang='lat' dir='ltr'><strong>rit,</strong></span> <span class='ocrx_word' id='word_1_551' title='bbox 2447 2984 2501 3029; x_wconf 89' lang='lat' dir='ltr'><strong>et</strong></span> <span class='ocrx_word' id='word_1_552' title='bbox 2534 2976 2666 3041; x_wconf 89' lang='lat' dir='ltr'><strong>rel.;</strong></span> <span class='ocrx_word' id='word_1_553' title='bbox 2696 2993 2936 3046; x_wconf 86' lang='lat' dir='ltr'><strong>posuero,</strong></span> <span class='ocrx_word' id='word_1_554' title='bbox 2970 2978 3060 3041; x_wconf 88' lang='lat' dir='ltr'><strong>ris,</strong></span> <span class='ocrx_word' id='word_1_555' title='bbox 3091 2977 3179 3042; x_wconf 90' lang='lat' dir='ltr'><strong>rit,</strong></span> <span class='ocrx_word' id='word_1_556' title='bbox 3211 2987 3265 3032; x_wconf 91' lang='lat' dir='ltr'><strong>et</strong></span> <span class='ocrx_word' id='word_1_557' title='bbox 3303 2978 3432 3043; x_wconf 89' lang='lat' dir='ltr'><strong>rel.;</strong></span> <span class='ocrx_word' id='word_1_558' title='bbox 3482 2981 3757 3042; x_wconf 75' lang='lat' dir='ltr'><strong>nutriere,</strong></span> 
     </span>
    </p>
   </div>
   <div class='ocr_carea' id='block_1_76' title="bbox 2173 3066 3761 3138">
    <p class='ocr_par' dir='ltr' id='par_1_76' title="bbox 2173 3066 3761 3138">
     <span class='ocr_line' id='line_1_76' title="bbox 2173 3066 3761 3138; baseline 0.002 -20"><span class='ocrx_word' id='word_1_559' title='bbox 2173 3066 2266 3130; x_wconf 89' lang='lat' dir='ltr'><strong>ris,</strong></span> <span class='ocrx_word' id='word_1_560' title='bbox 2297 3067 2387 3131; x_wconf 86' lang='lat' dir='ltr'><strong>rit,</strong></span> <span class='ocrx_word' id='word_1_561' title='bbox 2417 3077 2470 3120; x_wconf 88' lang='lat' dir='ltr'><strong>et</strong></span> <span class='ocrx_word' id='word_1_562' title='bbox 2496 3066 2592 3120; x_wconf 88' lang='lat' dir='ltr'><strong>rel.</strong></span> <span class='ocrx_word' id='word_1_563' title='bbox 2628 3067 2684 3121; x_wconf 91' lang='lat' dir='ltr'><strong>ld</strong></span> <span class='ocrx_word' id='word_1_564' title='bbox 2717 3066 2826 3138; x_wconf 86' lang='lat' dir='ltr'><strong>[Et]</strong></span> <span class='ocrx_word' id='word_1_565' title='bbox 2858 3068 2976 3121; x_wconf 89' lang='lat' dir='ltr'><strong>ideo</strong></span> <span class='ocrx_word' id='word_1_566' title='bbox 3004 3068 3118 3122; x_wconf 75' lang='lat' dir='ltr'><strong>hzec</strong></span> <span class='ocrx_word' id='word_1_567' title='bbox 3165 3070 3220 3122; x_wconf 92' lang='lat' dir='ltr'><strong>in</strong></span> <span class='ocrx_word' id='word_1_568' title='bbox 3248 3068 3354 3123; x_wconf 89' lang='lat' dir='ltr'><strong>illis</strong></span> <span class='ocrx_word' id='word_1_569' title='bbox 3382 3070 3514 3124; x_wconf 87' lang='lat' dir='ltr'><strong>locis</strong></span> <span class='ocrx_word' id='word_1_570' title='bbox 3539 3071 3630 3124; x_wconf 88' lang='lat' dir='ltr'><strong>ubi</strong></span> <span class='ocrx_word' id='word_1_571' title='bbox 3671 3087 3761 3123; x_wconf 59' lang='lat' dir='ltr'><strong>suo</strong></span> 
     </span>
    </p>
   </div>
   <div class='ocr_carea' id='block_1_77' title="bbox 2171 3158 3760 3229">
    <p class='ocr_par' dir='ltr' id='par_1_77' title="bbox 2171 3158 3760 3229">
     <span class='ocr_line' id='line_1_77' title="bbox 2171 3158 3760 3229; baseline 0.001 -17"><span class='ocrx_word' id='word_1_572' title='bbox 2171 3158 2386 3228; x_wconf 83' lang='lat' dir='ltr'><strong>periura</strong></span> <span class='ocrx_word' id='word_1_573' title='bbox 2419 3159 2677 3226; x_wconf 87' lang='lat' dir='ltr'><strong>producta</strong></span> <span class='ocrx_word' id='word_1_574' title='bbox 2706 3173 2826 3211; x_wconf 89' lang='lat' dir='ltr'><strong>esse</strong></span> <span class='ocrx_word' id='word_1_575' title='bbox 2856 3159 3109 3224; x_wconf 82' lang='lat' dir='ltr'><strong>diximus,</strong></span> <span class='ocrx_word' id='word_1_576' title='bbox 3155 3161 3540 3229; x_wconf 90' lang='lat' dir='ltr'><strong>corripiuntur.</strong></span> <span class='ocrx_word' id='word_1_577' title='bbox 3575 3160 3672 3215; x_wconf 91' lang='lat' dir='ltr'><strong>Sic</strong></span> <span class='ocrx_word' id='word_1_578' title='bbox 3706 3170 3760 3214; x_wconf 87' lang='lat' dir='ltr'><strong>et</strong></span> 
     </span>
    </p>
   </div>
   <div class='ocr_carea' id='block_1_78' title="bbox 2174 3246 3757 3318">
    <p class='ocr_par' dir='ltr' id='par_1_78' title="bbox 2174 3246 3757 3318">
     <span class='ocr_line' id='line_1_78' title="bbox 2174 3246 3757 3318; baseline 0 -15"><span class='ocrx_word' id='word_1_579' title='bbox 2174 3250 2227 3303; x_wconf 92' lang='lat' dir='ltr'><strong>in</strong></span> <span class='ocrx_word' id='word_1_580' title='bbox 2259 3250 2479 3317; x_wconf 89' lang='lat' dir='ltr'><strong>passivo</strong></span> <span class='ocrx_word' id='word_1_581' title='bbox 2503 3246 2742 3302; x_wconf 84' lang='lat' dir='ltr'><strong>futurum</strong></span> <span class='ocrx_word' id='word_1_582' title='bbox 2775 3249 3051 3302; x_wconf 84' lang='lat' dir='ltr'><strong>indicativi</strong></span> <span class='ocrx_word' id='word_1_583' title='bbox 3093 3249 3146 3302; x_wconf 91' lang='lat' dir='ltr'><strong>in</strong></span> <span class='ocrx_word' id='word_1_584' title='bbox 3175 3251 3349 3318; x_wconf 89' lang='lat' dir='ltr'><strong>prima</strong></span> <span class='ocrx_word' id='word_1_585' title='bbox 3382 3251 3467 3305; x_wconf 90' lang='lat' dir='ltr'><strong>vel</strong></span> <span class='ocrx_word' id='word_1_586' title='bbox 3516 3251 3757 3305; x_wconf 84' lang='lat' dir='ltr'><strong>secunda</strong></span> 
     </span>
    </p>
   </div>
   <div class='ocr_carea' id='block_1_79' title="bbox 2173 3340 3759 3412">
    <p class='ocr_par' dir='ltr' id='par_1_79' title="bbox 2173 3340 3759 3412">
     <span class='ocr_line' id='line_1_79' title="bbox 2173 3340 3759 3412; baseline 0.001 -16"><span class='ocrx_word' id='word_1_587' title='bbox 2173 3341 2552 3411; x_wconf 83' lang='lat' dir='ltr'><strong>coniugatione</strong></span> <span class='ocrx_word' id='word_1_588' title='bbox 2578 3340 2646 3394; x_wconf 91' lang='lat' dir='ltr'><strong>ad</strong></span> <span class='ocrx_word' id='word_1_589' title='bbox 2676 3341 2847 3395; x_wconf 88' lang='lat' dir='ltr'><strong>instar</strong></span> <span class='ocrx_word' id='word_1_590' title='bbox 2875 3343 3164 3410; x_wconf 62' lang='lat' dir='ltr'><strong>praesentis</strong></span> <span class='ocrx_word' id='word_1_591' title='bbox 3195 3344 3454 3412; x_wconf 89' lang='lat' dir='ltr'><strong>temporis</strong></span> <span class='ocrx_word' id='word_1_592' title='bbox 3479 3343 3759 3399; x_wconf 85' lang='lat' dir='ltr'><strong>declinan-</strong></span> 
     </span>
    </p>
   </div>
   <div class='ocr_carea' id='block_1_80' title="bbox 2175 3433 3754 3503">
    <p class='ocr_par' dir='ltr' id='par_1_80' title="bbox 2175 3433 3754 3503">
     <span class='ocr_line' id='line_1_80' title="bbox 2175 3433 3754 3503; baseline 0 -16"><span class='ocrx_word' id='word_1_593' title='bbox 2175 3441 2281 3497; x_wconf 85' lang='lat' dir='ltr'><strong>tur,</strong></span> <span class='ocrx_word' id='word_1_594' title='bbox 2313 3442 2372 3486; x_wconf 84' lang='lat' dir='ltr'><strong>ut</strong></span> <span class='ocrx_word' id='word_1_595' title='bbox 2400 3449 2584 3502; x_wconf 86' lang='lat' dir='ltr'><strong>ponar,</strong></span> <span class='ocrx_word' id='word_1_596' title='bbox 2615 3433 2842 3501; x_wconf 70' lang='lat' dir='ltr'><strong>ponaris,</strong></span> <span class='ocrx_word' id='word_1_597' title='bbox 2873 3435 3105 3501; x_wconf 84' lang='lat' dir='ltr'><strong>ponitur,</strong></span> <span class='ocrx_word' id='word_1_598' title='bbox 3161 3435 3431 3502; x_wconf 87' lang='lat' dir='ltr'><strong>ponimur,</strong></span> <span class='ocrx_word' id='word_1_599' title='bbox 3461 3436 3754 3503; x_wconf 67' lang='lat' dir='ltr'><strong>ponimiuii,</strong></span> 
     </span>
    </p>
   </div>
   <div class='ocr_carea' id='block_1_81' title="bbox 2173 3523 3752 3594">
    <p class='ocr_par' dir='ltr' id='par_1_81' title="bbox 2173 3523 3752 3594">
     <span class='ocr_line' id='line_1_81' title="bbox 2173 3523 3752 3594; baseline 0.001 -17"><span class='ocrx_word' id='word_1_600' title='bbox 2173 3533 2470 3594; x_wconf 86' lang='lat' dir='ltr'><strong>ponuntur;</strong></span> <span class='ocrx_word' id='word_1_601' title='bbox 2524 3523 2761 3588; x_wconf 91' lang='lat' dir='ltr'><strong>amabor,</strong></span> <span class='ocrx_word' id='word_1_602' title='bbox 2797 3523 3074 3587; x_wconf 87' lang='lat' dir='ltr'><strong>amaberis,</strong></span> <span class='ocrx_word' id='word_1_603' title='bbox 3122 3525 3404 3590; x_wconf 90' lang='lat' dir='ltr'><strong>amabitur,</strong></span> <span class='ocrx_word' id='word_1_604' title='bbox 3437 3526 3752 3585; x_wconf 87' lang='lat' dir='ltr'><strong>amabimur,</strong></span> 
     </span>
    </p>
   </div>
   <div class='ocr_carea' id='block_1_82' title="bbox 2176 3608 3757 3681">
    <p class='ocr_par' dir='ltr' id='par_1_82' title="bbox 2176 3608 3757 3681">
     <span class='ocr_line' id='line_1_82' title="bbox 2176 3608 3757 3681; baseline 0.001 -15"><span class='ocrx_word' id='word_1_605' title='bbox 2176 3608 2502 3678; x_wconf 86' lang='lat' dir='ltr'><strong>amabimini,</strong></span> <span class='ocrx_word' id='word_1_606' title='bbox 2535 3614 2887 3677; x_wconf 88' lang='lat' dir='ltr'><strong>amabuntur;</strong></span> <span class='ocrx_word' id='word_1_607' title='bbox 2936 3613 3179 3678; x_wconf 89' lang='lat' dir='ltr'><strong>docebor,</strong></span> <span class='ocrx_word' id='word_1_608' title='bbox 3229 3614 3513 3681; x_wconf 90' lang='lat' dir='ltr'><strong>doceberis,</strong></span> <span class='ocrx_word' id='word_1_609' title='bbox 3550 3614 3757 3668; x_wconf 84' lang='lat' dir='ltr'><strong>docebi-</strong></span> 
     </span>
    </p>
   </div>
   <div class='ocr_carea' id='block_1_83' title="bbox 2177 3702 3755 3774">
    <p class='ocr_par' dir='ltr' id='par_1_83' title="bbox 2177 3702 3755 3774">
     <span class='ocr_line' id='line_1_83' title="bbox 2177 3702 3755 3774; baseline 0.003 -19"><span class='ocrx_word' id='word_1_610' title='bbox 2177 3712 2285 3766; x_wconf 87' lang='lat' dir='ltr'><strong>tur,</strong></span> <span class='ocrx_word' id='word_1_611' title='bbox 2340 3703 2656 3768; x_wconf 87' lang='lat' dir='ltr'><strong>docebimur,</strong></span> <span class='ocrx_word' id='word_1_612' title='bbox 2710 3702 3038 3768; x_wconf 87' lang='lat' dir='ltr'><strong>docebimini,</strong></span> <span class='ocrx_word' id='word_1_613' title='bbox 3092 3703 3416 3758; x_wconf 89' lang='lat' dir='ltr'><strong>docebuntur</strong></span> <span class='ocrx_word' id='word_1_614' title='bbox 3467 3723 3480 3758; x_wconf 90' lang='lat'>:</span> <span class='ocrx_word' id='word_1_615' title='bbox 3547 3706 3755 3774; x_wconf 86' lang='lat' dir='ltr'><strong>istaquc</strong></span> 
     </span>
    </p>
   </div>
   <div class='ocr_carea' id='block_1_84' title="bbox 2177 3793 3756 3865">
    <p class='ocr_par' dir='ltr' id='par_1_84' title="bbox 2177 3793 3756 3865">
     <span class='ocr_line' id='line_1_84' title="bbox 2177 3793 3756 3865; baseline 0.001 -18"><span class='ocrx_word' id='word_1_616' title='bbox 2177 3799 2358 3847; x_wconf 87' lang='lat' dir='ltr'><strong>omnia</strong></span> <span class='ocrx_word' id='word_1_617' title='bbox 2387 3793 2551 3847; x_wconf 89' lang='lat' dir='ltr'><strong>simili</strong></span> <span class='ocrx_word' id='word_1_618' title='bbox 2579 3793 2737 3847; x_wconf 92' lang='lat' dir='ltr'><strong>modo</strong></span> <span class='ocrx_word' id='word_1_619' title='bbox 2777 3793 3166 3862; x_wconf 81' lang='lat' dir='ltr'><strong>Corripiuntur,</strong></span> <span class='ocrx_word' id='word_1_620' title='bbox 3211 3796 3371 3849; x_wconf 89' lang='lat' dir='ltr'><strong>sivei</strong></span> <span class='ocrx_word' id='word_1_621' title='bbox 3413 3795 3596 3851; x_wconf 86' lang='lat' dir='ltr'><strong>brevis</strong></span> <span class='ocrx_word' id='word_1_622' title='bbox 3636 3813 3756 3865; x_wconf 83' lang='lat' dir='ltr'><strong>pcr-</strong></span> 
     </span>
    </p>
   </div>
   <div class='ocr_carea' id='block_1_85' title="bbox 2179 3881 3486 3953">
    <p class='ocr_par' dir='ltr' id='par_1_85' title="bbox 2179 3881 3486 3953">
     <span class='ocr_line' id='line_1_85' title="bbox 2179 3881 3486 3953; baseline 0.002 -15"><span class='ocrx_word' id='word_1_623' title='bbox 2179 3885 2458 3947; x_wconf 84' lang='lat' dir='ltr'><strong>manserit,</strong></span> <span class='ocrx_word' id='word_1_624' title='bbox 2491 3884 2603 3938; x_wconf 88' lang='lat' dir='ltr'><strong>sive</strong></span> <span class='ocrx_word' id='word_1_625' title='bbox 2631 3898 2689 3938; x_wconf 88' lang='lat' dir='ltr'><strong>se</strong></span> <span class='ocrx_word' id='word_1_626' title='bbox 2716 3885 2769 3937; x_wconf 89' lang='lat' dir='ltr'><strong>in</strong></span> <span class='ocrx_word' id='word_1_627' title='bbox 2793 3901 2820 3936; x_wconf 90' lang='lat' dir='ltr'><strong>e</strong></span> <span class='ocrx_word' id='word_1_628' title='bbox 2846 3881 3486 3953; x_wconf 49' lang='lat' dir='ltr'><strong>correptam&#39;mutaverit.</strong></span> 
     </span>
    </p>
   </div>
   <div class='ocr_carea' id='block_1_86' title="bbox 2252 3977 3752 4050">
    <p class='ocr_par' dir='ltr' id='par_1_86' title="bbox 2252 3977 3752 4050">
     <span class='ocr_line' id='line_1_86' title="bbox 2252 3977 3752 4050; baseline 0.002 -21"><span class='ocrx_word' id='word_1_629' title='bbox 2252 3978 2457 4042; x_wconf 77' lang='lat' dir='ltr'><strong>Quarta</strong></span> <span class='ocrx_word' id='word_1_630' title='bbox 2483 3986 2663 4030; x_wconf 90' lang='lat' dir='ltr'><strong>autem</strong></span> <span class='ocrx_word' id='word_1_631' title='bbox 2701 3977 3009 4046; x_wconf 90' lang='lat' dir='ltr'><strong>coniugatio</strong></span> <span class='ocrx_word' id='word_1_632' title='bbox 3039 3978 3092 4031; x_wconf 90' lang='lat' dir='ltr'><strong>in</strong></span> <span class='ocrx_word' id='word_1_633' title='bbox 3141 3979 3434 4034; x_wconf 86' lang='lat' dir='ltr'><strong>indicativo</strong></span> <span class='ocrx_word' id='word_1_634' title='bbox 3465 3980 3752 4050; x_wconf 69' lang='lat' dir='ltr'><strong>prazscnti,</strong></span> 
     </span>
    </p>
   </div>
   <div class='ocr_carea' id='block_1_87' title="bbox 2181 4067 3754 4137">
    <p class='ocr_par' dir='ltr' id='par_1_87' title="bbox 2181 4067 3754 4137">
     <span class='ocr_line' id='line_1_87' title="bbox 2181 4067 3754 4137; baseline 0.001 -19"><span class='ocrx_word' id='word_1_635' title='bbox 2181 4067 2414 4119; x_wconf 89' lang='lat' dir='ltr'><strong>secunda</strong></span> <span class='ocrx_word' id='word_1_636' title='bbox 2444 4080 2673 4134; x_wconf 87' lang='lat' dir='ltr'><strong>persona</strong></span> <span class='ocrx_word' id='word_1_637' title='bbox 2709 4067 2993 4137; x_wconf 80' lang='lat' dir='ltr'><strong>singulari,</strong></span> <span class='ocrx_word' id='word_1_638' title='bbox 3028 4069 3205 4122; x_wconf 91' lang='lat' dir='ltr'><strong>activo</strong></span> <span class='ocrx_word' id='word_1_639' title='bbox 3233 4083 3430 4137; x_wconf 85' lang='lat' dir='ltr'><strong>genere</strong></span> <span class='ocrx_word' id='word_1_640' title='bbox 3455 4077 3511 4121; x_wconf 91' lang='lat' dir='ltr'><strong>et</strong></span> <span class='ocrx_word' id='word_1_641' title='bbox 3546 4079 3754 4122; x_wconf 54' lang='lat' dir='ltr'><strong>neutra-</strong></span> 
     </span>
    </p>
   </div>
   <div class='ocr_carea' id='block_1_88' title="bbox 2182 4154 3753 4228">
    <p class='ocr_par' dir='ltr' id='par_1_88' title="bbox 2182 4154 3753 4228">
     <span class='ocr_line' id='line_1_88' title="bbox 2182 4154 3753 4228; baseline 0.003 -21"><span class='ocrx_word' id='word_1_642' title='bbox 2182 4154 2236 4218; x_wconf 88' lang='lat' dir='ltr'><strong>li,</strong></span> <span class='ocrx_word' id='word_1_643' title='bbox 2269 4157 2284 4207; x_wconf 89' lang='lat' dir='ltr'><strong>i</strong></span> <span class='ocrx_word' id='word_1_644' title='bbox 2313 4157 2630 4223; x_wconf 86' lang='lat' dir='ltr'><strong>productam</strong></span> <span class='ocrx_word' id='word_1_645' title='bbox 2657 4163 2782 4210; x_wconf 88' lang='lat' dir='ltr'><strong>ante</strong></span> <span class='ocrx_word' id='word_1_646' title='bbox 2829 4174 2854 4208; x_wconf 84' lang='lat' dir='ltr'><strong>s</strong></span> <span class='ocrx_word' id='word_1_647' title='bbox 2887 4159 3063 4221; x_wconf 89' lang='lat' dir='ltr'><strong>habet,</strong></span> <span class='ocrx_word' id='word_1_648' title='bbox 3112 4159 3328 4228; x_wconf 89' lang='lat' dir='ltr'><strong>passivo</strong></span> <span class='ocrx_word' id='word_1_649' title='bbox 3375 4162 3675 4222; x_wconf 88' lang='lat' dir='ltr'><strong>communi,</strong></span> <span class='ocrx_word' id='word_1_650' title='bbox 3707 4172 3753 4212; x_wconf 85' lang='lat' dir='ltr'><strong>et</strong></span> 
     </span>
    </p>
   </div>
   <div class='ocr_carea' id='block_1_89' title="bbox 2183 4247 3757 4321">
    <p class='ocr_par' dir='ltr' id='par_1_89' title="bbox 2183 4247 3757 4321">
     <span class='ocr_line' id='line_1_89' title="bbox 2183 4247 3757 4321; baseline 0.004 -22"><span class='ocrx_word' id='word_1_651' title='bbox 2183 4247 2469 4314; x_wconf 85' lang='lat' dir='ltr'><strong>deponenti</strong></span> <span class='ocrx_word' id='word_1_652' title='bbox 2502 4256 2627 4302; x_wconf 89' lang='lat' dir='ltr'><strong>ante</strong></span> <span class='ocrx_word' id='word_1_653' title='bbox 2651 4249 2995 4303; x_wconf 90' lang='lat' dir='ltr'><strong>novissimam</strong></span> <span class='ocrx_word' id='word_1_654' title='bbox 3035 4251 3314 4321; x_wconf 83' lang='lat' dir='ltr'><strong>syllabam,</strong></span> <span class='ocrx_word' id='word_1_655' title='bbox 3355 4261 3413 4306; x_wconf 88' lang='lat' dir='ltr'><strong>ul.</strong></span> <span class='ocrx_word' id='word_1_656' title='bbox 3437 4256 3634 4316; x_wconf 88' lang='lat' dir='ltr'><strong>nutrio,</strong></span> <span class='ocrx_word' id='word_1_657' title='bbox 3667 4271 3757 4305; x_wconf 84' lang='lat' dir='ltr'><strong>nu-</strong></span> 
     </span>
    </p>
   </div>
   <div class='ocr_carea' id='block_1_90' title="bbox 2182 4339 3755 4403">
    <p class='ocr_par' dir='ltr' id='par_1_90' title="bbox 2182 4339 3755 4403">
     <span class='ocr_line' id='line_1_90' title="bbox 2182 4339 3755 4403; baseline 0.005 -16"><span class='ocrx_word' id='word_1_658' title='bbox 2182 4339 2298 4400; x_wconf 82' lang='lat' dir='ltr'><strong>tris,</strong></span> <span class='ocrx_word' id='word_1_659' title='bbox 2333 4339 2513 4403; x_wconf 85' lang='lat' dir='ltr'><strong>nutrit,</strong></span> <span class='ocrx_word' id='word_1_660' title='bbox 2549 4340 2769 4401; x_wconf 85' lang='lat' dir='ltr'><strong>mttrior,</strong></span> <span class='ocrx_word' id='word_1_661' title='bbox 2807 4340 3025 4393; x_wconf 80' lang='lat' dir='ltr'><strong>nutriris</strong></span> <span class='ocrx_word' id='word_1_662' title='bbox 3052 4355 3068 4390; x_wconf 91' lang='lat'><em>:</em></span> <span class='ocrx_word' id='word_1_663' title='bbox 3102 4341 3218 4396; x_wconf 72' lang='lat' dir='ltr'><strong>htec</strong></span> <span class='ocrx_word' id='word_1_664' title='bbox 3242 4350 3296 4395; x_wconf 86' lang='lat' dir='ltr'><strong>et</strong></span> <span class='ocrx_word' id='word_1_665' title='bbox 3328 4341 3381 4399; x_wconf 85' lang='lat' dir='ltr'><strong>iu</strong></span> <span class='ocrx_word' id='word_1_666' title='bbox 3407 4342 3510 4396; x_wconf 87' lang='lat' dir='ltr'><strong>hoc.</strong></span> <span class='ocrx_word' id='word_1_667' title='bbox 3530 4343 3755 4396; x_wconf 60' lang='lat' dir='ltr'><strong>dili‘crta</strong></span> 
     </span>
    </p>
   </div>
   <div class='ocr_carea' id='block_1_91' title="bbox 2187 4429 3756 4501">
    <p class='ocr_par' dir='ltr' id='par_1_91' title="bbox 2187 4429 3756 4501">
     <span class='ocr_line' id='line_1_91' title="bbox 2187 4429 3756 4501; baseline 0.003 -20"><span class='ocrx_word' id='word_1_668' title='bbox 2187 4430 2345 4482; x_wconf 87' lang='lat' dir='ltr'><strong>tertia</strong></span> <span class='ocrx_word' id='word_1_669' title='bbox 2373 4431 2513 4497; x_wconf 87' lang='lat' dir='ltr'><strong>quod</strong></span> <span class='ocrx_word' id='word_1_670' title='bbox 2545 4431 2562 4481; x_wconf 78' lang='grc' dir='ltr'><strong>ί</strong></span> <span class='ocrx_word' id='word_1_671' title='bbox 2609 4429 2842 4500; x_wconf 89' lang='lat' dir='ltr'><strong>longam,</strong></span> <span class='ocrx_word' id='word_1_672' title='bbox 2878 4446 3036 4498; x_wconf 86' lang='lat' dir='ltr'><strong>quam</strong></span> <span class='ocrx_word' id='word_1_673' title='bbox 3084 4433 3134 4484; x_wconf 92' lang='lat' dir='ltr'><strong>in</strong></span> <span class='ocrx_word' id='word_1_674' title='bbox 3165 4432 3416 4501; x_wconf 70' lang='lat' dir='ltr'><strong>prmsenti</strong></span> <span class='ocrx_word' id='word_1_675' title='bbox 3459 4443 3700 4500; x_wconf 82' lang='lat' dir='ltr'><strong>tempore</strong></span> <span class='ocrx_word' id='word_1_676' title='bbox 3731 4449 3756 4485; x_wconf 89' lang='lat' dir='ltr'><strong>a</strong></span> 
     </span>
    </p>
   </div>
   <div class='ocr_carea' id='block_1_92' title="bbox 508 4505 3758 4591">
    <p class='ocr_par' dir='ltr' id='par_1_92' title="bbox 508 4505 3758 4591">
     <span class='ocr_line' id='line_1_92' title="bbox 508 4505 3758 4591; baseline 0.002 -22"><span class='ocrx_word' id='word_1_677' title='bbox 508 4525 650 4570; x_wconf 90' lang='lat' dir='ltr'><strong>ctam</strong></span> <span class='ocrx_word' id='word_1_678' title='bbox 679 4515 860 4568; x_wconf 80' lang='lat' dir='ltr'><strong>habet.</strong></span> <span class='ocrx_word' id='word_1_679' title='bbox 893 4512 987 4566; x_wconf 90' lang='lat' dir='ltr'><strong>Cui</strong></span> <span class='ocrx_word' id='word_1_680' title='bbox 1015 4511 1232 4583; x_wconf 78' lang='lat' dir='ltr'><strong>[Quam]</strong></span> <span class='ocrx_word' id='word_1_681' title='bbox 1258 4511 1668 4567; x_wconf 84' lang='lat' dir='ltr'><strong>declinationem</strong></span> <span class='ocrx_word' id='word_1_682' title='bbox 1700 4527 1996 4583; x_wconf 88' lang='lat' dir='ltr'><strong>sequuntur</strong></span> <span class='ocrx_word' id='word_1_683' title='bbox 2026 4519 2081 4571; x_wconf 90' lang='lat' dir='ltr'><strong>in</strong></span> <span class='ocrx_word' id='word_1_684' title='bbox 2115 4505 2159 4562; x_wconf 77' lang='grc' dir='ltr'><strong>Ι)</strong></span> <span class='ocrx_word' id='word_1_685' title='bbox 2188 4521 2420 4574; x_wconf 88' lang='lat' dir='ltr'><strong>secunda</strong></span> <span class='ocrx_word' id='word_1_686' title='bbox 2452 4535 2677 4589; x_wconf 87' lang='lat' dir='ltr'><strong>persona</strong></span> <span class='ocrx_word' id='word_1_687' title='bbox 2709 4523 2938 4590; x_wconf 83' lang='lat' dir='ltr'><strong>accepit,</strong></span> <span class='ocrx_word' id='word_1_688' title='bbox 2969 4533 3148 4576; x_wconf 69' lang='lat' dir='ltr'><strong>St&#39;l‘Vﬂl</strong></span> <span class='ocrx_word' id='word_1_689' title='bbox 3174 4540 3293 4576; x_wconf 87' lang='lat' dir='ltr'><strong>eam</strong></span> <span class='ocrx_word' id='word_1_690' title='bbox 3338 4524 3534 4591; x_wconf 89' lang='lat' dir='ltr'><strong>ubique</strong></span> <span class='ocrx_word' id='word_1_691' title='bbox 3567 4526 3758 4591; x_wconf 87' lang='lat' dir='ltr'><strong>produ-</strong></span> 
     </span>
    </p>
   </div>
   <div class='ocr_carea' id='block_1_93' title="bbox 507 4605 2083 4676">
    <p class='ocr_par' dir='ltr' id='par_1_93' title="bbox 507 4605 2083 4676">
     <span class='ocr_line' id='line_1_93' title="bbox 507 4605 2083 4676; baseline 0 -14"><span class='ocrx_word' id='word_1_692' title='bbox 507 4609 655 4663; x_wconf 87' lang='lat' dir='ltr'><strong>omni</strong></span> <span class='ocrx_word' id='word_1_693' title='bbox 687 4605 1063 4674; x_wconf 82' lang='lat' dir='ltr'><strong>coniugatione</strong></span> <span class='ocrx_word' id='word_1_694' title='bbox 1093 4605 1313 4674; x_wconf 90' lang='lat' dir='ltr'><strong>optativi</strong></span> <span class='ocrx_word' id='word_1_695' title='bbox 1357 4605 1498 4658; x_wconf 85' lang='lat' dir='ltr'><strong>modi</strong></span> <span class='ocrx_word' id='word_1_696' title='bbox 1547 4622 1782 4674; x_wconf 61' lang='lat' dir='ltr'><strong>praesens</strong></span> <span class='ocrx_word' id='word_1_697' title='bbox 1811 4617 1864 4662; x_wconf 88' lang='lat' dir='ltr'><strong>et</strong></span> <span class='ocrx_word' id='word_1_698' title='bbox 1893 4619 2083 4676; x_wconf 84' lang='lat' dir='ltr'><strong>praete-</strong></span> 
     </span>
    </p>
   </div>
   <div class='ocr_carea' id='block_1_94' title="bbox 509 4697 2086 4768">
    <p class='ocr_par' dir='ltr' id='par_1_94' title="bbox 509 4697 2086 4768">
     <span class='ocr_line' id='line_1_94' title="bbox 509 4697 2086 4768; baseline 0.003 -16"><span class='ocrx_word' id='word_1_699' title='bbox 509 4699 672 4752; x_wconf 91' lang='lat' dir='ltr'><strong>ritum</strong></span> <span class='ocrx_word' id='word_1_700' title='bbox 707 4697 1084 4766; x_wconf 78' lang='lat' dir='ltr'><strong>imperfectum</strong></span> <span class='ocrx_word' id='word_1_701' title='bbox 1135 4705 1293 4765; x_wconf 85' lang='lat' dir='ltr'><strong>atque</strong></span> <span class='ocrx_word' id='word_1_702' title='bbox 1323 4699 1650 4766; x_wconf 65' lang='lat' dir='ltr'><strong>praeteritum</strong></span> <span class='ocrx_word' id='word_1_703' title='bbox 1703 4700 2000 4768; x_wconf 77' lang='lat' dir='ltr'><strong>perfectum</strong></span> <span class='ocrx_word' id='word_1_704' title='bbox 2032 4711 2086 4756; x_wconf 87' lang='lat' dir='ltr'><strong>ct</strong></span> 
     </span>
    </p>
   </div>
   <div class='ocr_carea' id='block_1_95' title="bbox 505 4787 2084 4860">
    <p class='ocr_par' dir='ltr' id='par_1_95' title="bbox 505 4787 2084 4860">
     <span class='ocr_line' id='line_1_95' title="bbox 505 4787 2084 4860; baseline 0.003 -18"><span class='ocrx_word' id='word_1_705' title='bbox 505 4787 841 4860; x_wconf 67' lang='lat' dir='ltr'><strong>praeteritum</strong></span> <span class='ocrx_word' id='word_1_706' title='bbox 900 4787 1184 4856; x_wconf 89' lang='lat' dir='ltr'><strong>plusquam</strong></span> <span class='ocrx_word' id='word_1_707' title='bbox 1249 4787 1582 4855; x_wconf 83' lang='lat' dir='ltr'><strong>perfectum,</strong></span> <span class='ocrx_word' id='word_1_708' title='bbox 1645 4798 1701 4843; x_wconf 90' lang='lat' dir='ltr'><strong>et</strong></span> <span class='ocrx_word' id='word_1_709' title='bbox 1763 4790 2084 4858; x_wconf 87' lang='lat' dir='ltr'><strong>subiunctivi</strong></span> 
     </span>
    </p>
   </div>
   <div class='ocr_carea' id='block_1_96' title="bbox 513 4875 2112 4950">
    <p class='ocr_par' dir='ltr' id='par_1_96' title="bbox 513 4875 2112 4950">
     <span class='ocr_line' id='line_1_96' title="bbox 513 4875 2112 4950; baseline 0.004 -20"><span class='ocrx_word' id='word_1_710' title='bbox 513 4876 847 4946; x_wconf 71' lang='lat' dir='ltr'><strong>praeteritum</strong></span> <span class='ocrx_word' id='word_1_711' title='bbox 907 4875 1296 4944; x_wconf 80' lang='lat' dir='ltr'><strong>imperfectum,</strong></span> <span class='ocrx_word' id='word_1_712' title='bbox 1335 4886 1387 4931; x_wconf 90' lang='lat' dir='ltr'><strong>et</strong></span> <span class='ocrx_word' id='word_1_713' title='bbox 1432 4878 1713 4948; x_wconf 77' lang='lat' dir='ltr'><strong>plusquam</strong></span> <span class='ocrx_word' id='word_1_714' title='bbox 1764 4881 2112 4950; x_wconf 70' lang='lat' dir='ltr'><strong>perl&#39;ectttm,‘</strong></span> 
     </span>
    </p>
   </div>
   <div class='ocr_carea' id='block_1_97' title="bbox 508 4967 2090 5041">
    <p class='ocr_par' dir='ltr' id='par_1_97' title="bbox 508 4967 2090 5041">
     <span class='ocr_line' id='line_1_97' title="bbox 508 4967 2090 5041; baseline 0.004 -19"><span class='ocrx_word' id='word_1_715' title='bbox 508 4984 610 5022; x_wconf 88' lang='lat' dir='ltr'><strong>nec</strong></span> <span class='ocrx_word' id='word_1_716' title='bbox 633 4982 738 5021; x_wconf 90' lang='lat' dir='ltr'><strong>non</strong></span> <span class='ocrx_word' id='word_1_717' title='bbox 765 4972 818 5020; x_wconf 84' lang='lat' dir='ltr'><strong>et</strong></span> <span class='ocrx_word' id='word_1_718' title='bbox 843 4967 1065 5036; x_wconf 82' lang='lat' dir='ltr'><strong>Optativi</strong></span> <span class='ocrx_word' id='word_1_719' title='bbox 1086 4967 1320 5022; x_wconf 81' lang='lat' dir='ltr'><strong>futurum</strong></span> <span class='ocrx_word' id='word_1_720' title='bbox 1343 4981 1396 5024; x_wconf 90' lang='lat' dir='ltr'><strong>et</strong></span> <span class='ocrx_word' id='word_1_721' title='bbox 1419 4972 1739 5040; x_wconf 88' lang='lat' dir='ltr'><strong>subiunctivi</strong></span> <span class='ocrx_word' id='word_1_722' title='bbox 1756 4987 2013 5041; x_wconf 66' lang='lat' dir='ltr'><strong>praesens,</strong></span> <span class='ocrx_word' id='word_1_723' title='bbox 2037 4975 2090 5028; x_wconf 92' lang='lat' dir='ltr'><strong>in</strong></span> 
     </span>
    </p>
   </div>
   <div class='ocr_carea' id='block_1_98' title="bbox 508 5056 2152 5144">
    <p class='ocr_par' dir='ltr' id='par_1_98' title="bbox 508 5056 2152 5144">
     <span class='ocr_line' id='line_1_98' title="bbox 508 5056 2152 5144; baseline 0.004 -30"><span class='ocrx_word' id='word_1_724' title='bbox 508 5061 684 5131; x_wconf 88' lang='lat' dir='ltr'><strong>prima</strong></span> <span class='ocrx_word' id='word_1_725' title='bbox 701 5060 1098 5130; x_wconf 86' lang='lat' dir='ltr'><strong>coniugatione,</strong></span> <span class='ocrx_word' id='word_1_726' title='bbox 1127 5061 1368 5128; x_wconf 86' lang='lat' dir='ltr'><strong>utdoces,</strong></span> <span class='ocrx_word' id='word_1_727' title='bbox 1395 5064 1560 5129; x_wconf 88' lang='lat' dir='ltr'><strong>docet,</strong></span> <span class='ocrx_word' id='word_1_728' title='bbox 1588 5065 1851 5144; x_wconf 77' lang='lat' dir='ltr'><strong>docemus,</strong></span> <span class='ocrx_word' id='word_1_729' title='bbox 1876 5065 2088 5131; x_wconf 85' lang='lat' dir='ltr'><strong>docetis,</strong></span> <span class='ocrx_word' id='word_1_730' title='bbox 2149 5056 2152 5060; x_wconf 25' lang='grc' dir='ltr'>λ</span> 
     </span>
    </p>
   </div>
   <div class='ocr_carea' id='block_1_99' title="bbox 511 5151 2089 5222">
    <p class='ocr_par' dir='ltr' id='par_1_99' title="bbox 511 5151 2089 5222">
     <span class='ocr_line' id='line_1_99' title="bbox 511 5151 2089 5222; baseline 0.004 -19"><span class='ocrx_word' id='word_1_731' title='bbox 511 5151 693 5204; x_wconf 85' lang='lat' dir='ltr'><strong>docent</strong></span> <span class='ocrx_word' id='word_1_732' title='bbox 709 5168 726 5213; x_wconf 91' lang='lat'><strong>;</strong></span> <span class='ocrx_word' id='word_1_733' title='bbox 745 5167 997 5213; x_wconf 78' lang='lat' dir='ltr'><strong>amarem,</strong></span> <span class='ocrx_word' id='word_1_734' title='bbox 1017 5167 1242 5214; x_wconf 82' lang='lat' dir='ltr'><strong>amares,</strong></span> <span class='ocrx_word' id='word_1_735' title='bbox 1265 5165 1805 5219; x_wconf 85' lang='lat' dir='ltr'><strong>amaret,amaremus,</strong></span> <span class='ocrx_word' id='word_1_736' title='bbox 1822 5158 2089 5222; x_wconf 88' lang='lat' dir='ltr'><strong>amarelis,</strong></span> 
     </span>
    </p>
   </div>
   <div class='ocr_carea' id='block_1_100' title="bbox 2188 4611 3757 4678">
    <p class='ocr_par' dir='ltr' id='par_1_100' title="bbox 2188 4611 3757 4678">
     <span class='ocr_line' id='line_1_100' title="bbox 2188 4611 3757 4678; baseline 0.003 -16"><span class='ocrx_word' id='word_1_737' title='bbox 2188 4619 2350 4673; x_wconf 88' lang='lat' dir='ltr'><strong>ctam,</strong></span> <span class='ocrx_word' id='word_1_738' title='bbox 2383 4618 2442 4663; x_wconf 88' lang='lat' dir='ltr'><strong>ut</strong></span> <span class='ocrx_word' id='word_1_739' title='bbox 2489 4611 2544 4662; x_wconf 92' lang='lat' dir='ltr'><strong>in</strong></span> <span class='ocrx_word' id='word_1_740' title='bbox 2573 4612 2910 4678; x_wconf 86' lang='lat' dir='ltr'><strong>imperativo,</strong></span> <span class='ocrx_word' id='word_1_741' title='bbox 2946 4615 3102 4674; x_wconf 86' lang='lat' dir='ltr'><strong>nutri,</strong></span> <span class='ocrx_word' id='word_1_742' title='bbox 3139 4615 3354 4677; x_wconf 85' lang='lat' dir='ltr'><strong>nutrito,</strong></span> <span class='ocrx_word' id='word_1_743' title='bbox 3402 4616 3624 4678; x_wconf 85' lang='lat' dir='ltr'><strong>nutrire,</strong></span> <span class='ocrx_word' id='word_1_744' title='bbox 3664 4631 3757 4666; x_wconf 81' lang='lat' dir='ltr'><strong>nu-</strong></span> 
     </span>
    </p>
   </div>
   <div class='ocr_carea' id='block_1_101' title="bbox 2190 4700 3756 4768">
    <p class='ocr_par' dir='ltr' id='par_1_101' title="bbox 2190 4700 3756 4768">
     <span class='ocr_line' id='line_1_101' title="bbox 2190 4700 3756 4768; baseline 0.005 -18"><span class='ocrx_word' id='word_1_745' title='bbox 2190 4700 2376 4762; x_wconf 87' lang='lat' dir='ltr'><strong>tritor;</strong></span> <span class='ocrx_word' id='word_1_746' title='bbox 2411 4707 2465 4752; x_wconf 87' lang='lat' dir='ltr'><strong>et</strong></span> <span class='ocrx_word' id='word_1_747' title='bbox 2493 4700 2547 4751; x_wconf 93' lang='lat' dir='ltr'><strong>in</strong></span> <span class='ocrx_word' id='word_1_748' title='bbox 2583 4700 2845 4754; x_wconf 85' lang='lat' dir='ltr'><strong>inlinitivo</strong></span> <span class='ocrx_word' id='word_1_749' title='bbox 2876 4703 3057 4754; x_wconf 87' lang='lat' dir='ltr'><strong>audire</strong></span> <span class='ocrx_word' id='word_1_750' title='bbox 3084 4702 3167 4756; x_wconf 89' lang='lat' dir='ltr'><strong>vel</strong></span> <span class='ocrx_word' id='word_1_751' title='bbox 3193 4703 3389 4767; x_wconf 80' lang='lat' dir='ltr'><strong>audiri,</strong></span> <span class='ocrx_word' id='word_1_752' title='bbox 3437 4711 3492 4757; x_wconf 89' lang='lat' dir='ltr'><strong>et</strong></span> <span class='ocrx_word' id='word_1_753' title='bbox 3518 4705 3572 4757; x_wconf 91' lang='lat' dir='ltr'><strong>in</strong></span> <span class='ocrx_word' id='word_1_754' title='bbox 3599 4713 3756 4768; x_wconf 62' lang='lat' dir='ltr'><strong>(acte-</strong></span> 
     </span>
    </p>
   </div>
   <div class='ocr_carea' id='block_1_102' title="bbox 2190 4789 3759 4863">
    <p class='ocr_par' dir='ltr' id='par_1_102' title="bbox 2190 4789 3759 4863">
     <span class='ocr_line' id='line_1_102' title="bbox 2190 4789 3759 4863; baseline 0.003 -21"><span class='ocrx_word' id='word_1_755' title='bbox 2190 4789 2264 4843; x_wconf 91' lang='lat' dir='ltr'><strong>ris</strong></span> <span class='ocrx_word' id='word_1_756' title='bbox 2296 4789 2378 4843; x_wconf 90' lang='lat' dir='ltr'><strong>bis</strong></span> <span class='ocrx_word' id='word_1_757' title='bbox 2409 4791 2688 4844; x_wconf 88' lang='lat' dir='ltr'><strong>similibus.</strong></span> <span class='ocrx_word' id='word_1_758' title='bbox 2724 4791 3026 4846; x_wconf 85' lang='lat' dir='ltr'><strong>Meminisse</strong></span> <span class='ocrx_word' id='word_1_759' title='bbox 3054 4805 3181 4862; x_wconf 88' lang='lat' dir='ltr'><strong>ergo</strong></span> <span class='ocrx_word' id='word_1_760' title='bbox 3221 4792 3382 4848; x_wconf 91' lang='lat' dir='ltr'><strong>debes</strong></span> <span class='ocrx_word' id='word_1_761' title='bbox 3427 4794 3592 4863; x_wconf 92' lang='lat' dir='ltr'><strong>quod,</strong></span> <span class='ocrx_word' id='word_1_762' title='bbox 3624 4795 3759 4848; x_wconf 88' lang='lat' dir='ltr'><strong>sicut</strong></span> 
     </span>
    </p>
   </div>
   <div class='ocr_carea' id='block_1_103' title="bbox 2191 4882 3758 4955">
    <p class='ocr_par' dir='ltr' id='par_1_103' title="bbox 2191 4882 3758 4955">
     <span class='ocr_line' id='line_1_103' title="bbox 2191 4882 3758 4955; baseline 0.004 -22"><span class='ocrx_word' id='word_1_763' title='bbox 2191 4890 2440 4933; x_wconf 77' lang='lat' dir='ltr'><strong>neutrum</strong></span> <span class='ocrx_word' id='word_1_764' title='bbox 2500 4883 2721 4935; x_wconf 85' lang='lat' dir='ltr'><strong>verbum</strong></span> <span class='ocrx_word' id='word_1_765' title='bbox 2762 4882 2923 4935; x_wconf 81' lang='lat' dir='ltr'><strong>activi</strong></span> <span class='ocrx_word' id='word_1_766' title='bbox 2956 4883 3101 4937; x_wconf 84' lang='lat' dir='ltr'><strong>verbi</strong></span> <span class='ocrx_word' id='word_1_767' title='bbox 3139 4885 3377 4952; x_wconf 87' lang='lat' dir='ltr'><strong>regulam</strong></span> <span class='ocrx_word' id='word_1_768' title='bbox 3414 4887 3658 4955; x_wconf 86' lang='lat' dir='ltr'><strong>sequitur</strong></span> <span class='ocrx_word' id='word_1_769' title='bbox 3708 4889 3758 4940; x_wconf 87' lang='lat' dir='ltr'><strong>in</strong></span> 
     </span>
    </p>
   </div>
   <div class='ocr_carea' id='block_1_104' title="bbox 2194 4975 3758 5058">
    <p class='ocr_par' dir='ltr' id='par_1_104' title="bbox 2194 4975 3758 5058">
     <span class='ocr_line' id='line_1_104' title="bbox 2194 4975 3758 5058; baseline 0.005 -32"><span class='ocrx_word' id='word_1_770' title='bbox 2194 4975 2336 5027; x_wconf 92' lang='lat' dir='ltr'><strong>omni</strong></span> <span class='ocrx_word' id='word_1_771' title='bbox 2355 4975 2745 5058; x_wconf 56' lang='lat' dir='ltr'><strong>coniugatione,</strong></span> <span class='ocrx_word' id='word_1_772' title='bbox 2768 4977 2844 5029; x_wconf 86' lang='lat' dir='ltr'><strong>sic</strong></span> <span class='ocrx_word' id='word_1_773' title='bbox 2860 4977 3076 5044; x_wconf 82' lang='lat' dir='ltr'><strong>passivi,</strong></span> <span class='ocrx_word' id='word_1_774' title='bbox 3102 4993 3382 5034; x_wconf 91' lang='lat' dir='ltr'><strong>commune</strong></span> <span class='ocrx_word' id='word_1_775' title='bbox 3398 4988 3453 5032; x_wconf 87' lang='lat' dir='ltr'><strong>et</strong></span> <span class='ocrx_word' id='word_1_776' title='bbox 3465 4982 3758 5048; x_wconf 88' lang='lat' dir='ltr'><strong>deponens,</strong></span> 
     </span>
    </p>
   </div>
   <div class='ocr_carea' id='block_1_105' title="bbox 2195 5067 3762 5140">
    <p class='ocr_par' dir='ltr' id='par_1_105' title="bbox 2195 5067 3762 5140">
     <span class='ocr_line' id='line_1_105' title="bbox 2195 5067 3762 5140; baseline 0.004 -21"><span class='ocrx_word' id='word_1_777' title='bbox 2195 5075 2250 5119; x_wconf 89' lang='lat' dir='ltr'><strong>et</strong></span> <span class='ocrx_word' id='word_1_778' title='bbox 2266 5067 2320 5118; x_wconf 91' lang='lat' dir='ltr'><strong>in</strong></span> <span class='ocrx_word' id='word_1_779' title='bbox 2335 5067 2433 5120; x_wconf 86' lang='lat' dir='ltr'><strong>hoc</strong></span> <span class='ocrx_word' id='word_1_780' title='bbox 2448 5081 2632 5120; x_wconf 90' lang='lat' dir='ltr'><strong>eorum</strong></span> <span class='ocrx_word' id='word_1_781' title='bbox 2646 5076 2961 5136; x_wconf 86' lang='lat' dir='ltr'><strong>potestatem</strong></span> <span class='ocrx_word' id='word_1_782' title='bbox 2980 5069 3304 5139; x_wconf 84' lang='lat' dir='ltr'><strong>investigare</strong></span> <span class='ocrx_word' id='word_1_783' title='bbox 3318 5085 3415 5139; x_wconf 88' lang='lat' dir='ltr'><strong>per</strong></span> <span class='ocrx_word' id='word_1_784' title='bbox 3427 5071 3659 5140; x_wconf 76' lang='lat' dir='ltr'><strong>syllabas</strong></span> <span class='ocrx_word' id='word_1_785' title='bbox 3673 5087 3762 5140; x_wconf 90' lang='lat' dir='ltr'><strong>po-</strong></span> 
     </span>
    </p>
   </div>
   <div class='ocr_carea' id='block_1_106' title="bbox 2197 5158 3759 5232">
    <p class='ocr_par' dir='ltr' id='par_1_106' title="bbox 2197 5158 3759 5232">
     <span class='ocr_line' id='line_1_106' title="bbox 2197 5158 3759 5232; baseline 0.005 -22"><span class='ocrx_word' id='word_1_786' title='bbox 2197 5166 2298 5212; x_wconf 91' lang='lat' dir='ltr'><strong>tes.</strong></span> <span class='ocrx_word' id='word_1_787' title='bbox 2315 5158 2612 5213; x_wconf 86' lang='lat' dir='ltr'><strong>Notandum</strong></span> <span class='ocrx_word' id='word_1_788' title='bbox 2631 5169 2807 5213; x_wconf 86' lang='lat' dir='ltr'><strong>autem</strong></span> <span class='ocrx_word' id='word_1_789' title='bbox 2831 5161 2972 5228; x_wconf 90' lang='lat' dir='ltr'><strong>quod</strong></span> <span class='ocrx_word' id='word_1_790' title='bbox 2986 5163 3172 5230; x_wconf 73' lang='lat' dir='ltr'><strong>prima:</strong></span> <span class='ocrx_word' id='word_1_791' title='bbox 3185 5161 3577 5232; x_wconf 87' lang='lat' dir='ltr'><strong>coniugationis</strong></span> <span class='ocrx_word' id='word_1_792' title='bbox 3596 5165 3759 5219; x_wconf 88' lang='lat' dir='ltr'><strong>verba</strong></span> 
     </span>
    </p>
   </div>
   <div class='ocr_carea' id='block_1_107' title="bbox 513 5241 2096 5312">
    <p class='ocr_par' dir='ltr' id='par_1_107' title="bbox 513 5241 2096 5312">
     <span class='ocr_line' id='line_1_107' title="bbox 513 5241 2096 5312; baseline 0.005 -20"><span class='ocrx_word' id='word_1_793' title='bbox 513 5251 780 5303; x_wconf 84' lang='lat' dir='ltr'><strong>amarent;</strong></span> <span class='ocrx_word' id='word_1_794' title='bbox 811 5241 1068 5305; x_wconf 87' lang='lat' dir='ltr'><strong>docerem,</strong></span> <span class='ocrx_word' id='word_1_795' title='bbox 1102 5256 1204 5304; x_wconf 89' lang='lat' dir='ltr'><strong>res,</strong></span> <span class='ocrx_word' id='word_1_796' title='bbox 1236 5251 1333 5306; x_wconf 88' lang='lat' dir='ltr'><strong>ret,</strong></span> <span class='ocrx_word' id='word_1_797' title='bbox 1364 5259 1554 5309; x_wconf 87' lang='lat' dir='ltr'><strong>remus,</strong></span> <span class='ocrx_word' id='word_1_798' title='bbox 1581 5249 1724 5310; x_wconf 87' lang='lat' dir='ltr'><strong>retis,</strong></span> <span class='ocrx_word' id='word_1_799' title='bbox 1759 5257 1903 5312; x_wconf 87' lang='lat' dir='ltr'><strong>rent;</strong></span> <span class='ocrx_word' id='word_1_800' title='bbox 1931 5249 2096 5301; x_wconf 87' lang='lat' dir='ltr'><strong>nutri-</strong></span> 
     </span>
    </p>
   </div>
   <div class='ocr_carea' id='block_1_108' title="bbox 517 5324 2094 5400">
    <p class='ocr_par' dir='ltr' id='par_1_108' title="bbox 517 5324 2094 5400">
     <span class='ocr_line' id='line_1_108' title="bbox 517 5324 2094 5400; baseline 0.007 -20"><span class='ocrx_word' id='word_1_801' title='bbox 517 5344 644 5394; x_wconf 83' lang='lat' dir='ltr'><strong>rcm,</strong></span> <span class='ocrx_word' id='word_1_802' title='bbox 672 5345 770 5392; x_wconf 85' lang='lat' dir='ltr'><strong>res,</strong></span> <span class='ocrx_word' id='word_1_803' title='bbox 800 5339 894 5392; x_wconf 89' lang='lat' dir='ltr'><strong>ret,</strong></span> <span class='ocrx_word' id='word_1_804' title='bbox 924 5346 1119 5397; x_wconf 88' lang='lat' dir='ltr'><strong>remus,</strong></span> <span class='ocrx_word' id='word_1_805' title='bbox 1150 5332 1289 5396; x_wconf 88' lang='lat' dir='ltr'><strong>retis,</strong></span> <span class='ocrx_word' id='word_1_806' title='bbox 1324 5324 1467 5398; x_wconf 83' lang='lat' dir='ltr'><strong>rent;</strong></span> <span class='ocrx_word' id='word_1_807' title='bbox 1498 5339 1824 5400; x_wconf 67' lang='lat' dir='ltr'><strong>amovissent,</strong></span> <span class='ocrx_word' id='word_1_808' title='bbox 1866 5339 2094 5391; x_wconf 82' lang='lat' dir='ltr'><strong>amovis-</strong></span> 
     </span>
    </p>
   </div>
   <div class='ocr_carea' id='block_1_109' title="bbox 517 5421 2095 5493">
    <p class='ocr_par' dir='ltr' id='par_1_109' title="bbox 517 5421 2095 5493">
     <span class='ocr_line' id='line_1_109' title="bbox 517 5421 2095 5493; baseline 0.004 -19"><span class='ocrx_word' id='word_1_809' title='bbox 517 5437 618 5484; x_wconf 80' lang='lat' dir='ltr'><strong>scs,</strong></span> <span class='ocrx_word' id='word_1_810' title='bbox 641 5421 937 5485; x_wconf 85' lang='lat' dir='ltr'><strong>amavisset,</strong></span> <span class='ocrx_word' id='word_1_811' title='bbox 966 5423 1356 5489; x_wconf 85' lang='lat' dir='ltr'><strong>amavissemus,</strong></span> <span class='ocrx_word' id='word_1_812' title='bbox 1387 5427 1726 5492; x_wconf 86' lang='lat' dir='ltr'><strong>amavissetis,</strong></span> <span class='ocrx_word' id='word_1_813' title='bbox 1752 5430 2095 5493; x_wconf 85' lang='lat' dir='ltr'><strong>amovissent;</strong></span> 
     </span>
    </p>
   </div>
   <div class='ocr_carea' id='block_1_110' title="bbox 520 5500 2092 5586">
    <p class='ocr_par' dir='ltr' id='par_1_110' title="bbox 520 5500 2092 5586">
     <span class='ocr_line' id='line_1_110' title="bbox 520 5500 2092 5586; baseline 0.004 -20"><span class='ocrx_word' id='word_1_814' title='bbox 520 5500 846 5576; x_wconf 77' lang='lat' dir='ltr'><strong>docuisscm,</strong></span> <span class='ocrx_word' id='word_1_815' title='bbox 884 5529 998 5576; x_wconf 83' lang='lat' dir='ltr'><strong>ses,</strong></span> <span class='ocrx_word' id='word_1_816' title='bbox 1031 5523 1127 5578; x_wconf 89' lang='lat' dir='ltr'><strong>set,</strong></span> <span class='ocrx_word' id='word_1_817' title='bbox 1171 5532 1360 5581; x_wconf 82' lang='lat' dir='ltr'><strong>scmus,</strong></span> <span class='ocrx_word' id='word_1_818' title='bbox 1423 5518 1564 5582; x_wconf 88' lang='lat' dir='ltr'><strong>setis,</strong></span> <span class='ocrx_word' id='word_1_819' title='bbox 1598 5529 1738 5582; x_wconf 87' lang='lat' dir='ltr'><strong>seut;</strong></span> <span class='ocrx_word' id='word_1_820' title='bbox 1779 5520 2092 5586; x_wconf 82' lang='lat' dir='ltr'><strong>posuissem,</strong></span> 
     </span>
    </p>
   </div>
   <div class='ocr_carea' id='block_1_111' title="bbox 510 5608 2096 5676">
    <p class='ocr_par' dir='ltr' id='par_1_111' title="bbox 510 5608 2096 5676">
     <span class='ocr_line' id='line_1_111' title="bbox 510 5608 2096 5676; baseline 0.003 -18"><span class='ocrx_word' id='word_1_821' title='bbox 510 5621 600 5673; x_wconf 38' lang='lat' dir='ltr'><strong>.ses</strong></span> <span class='ocrx_word' id='word_1_822' title='bbox 632 5645 645 5669; x_wconf 94' lang='lat'><strong>,</strong></span> <span class='ocrx_word' id='word_1_823' title='bbox 697 5613 793 5666; x_wconf 88' lang='lat' dir='ltr'><strong>set,</strong></span> <span class='ocrx_word' id='word_1_824' title='bbox 853 5620 1064 5669; x_wconf 77' lang='lat' dir='ltr'><strong>scmus,</strong></span> <span class='ocrx_word' id='word_1_825' title='bbox 1119 5608 1238 5661; x_wconf 78' lang='lat' dir='ltr'><strong>setis</strong></span> <span class='ocrx_word' id='word_1_826' title='bbox 1267 5647 1282 5672; x_wconf 88' lang='lat'><strong>,</strong></span> <span class='ocrx_word' id='word_1_827' title='bbox 1347 5618 1505 5673; x_wconf 88' lang='lat' dir='ltr'><strong>sent;</strong></span> <span class='ocrx_word' id='word_1_828' title='bbox 1567 5611 1924 5676; x_wconf 80' lang='lat' dir='ltr'><strong>nutririssem,</strong></span> <span class='ocrx_word' id='word_1_829' title='bbox 1981 5627 2096 5674; x_wconf 86' lang='lat' dir='ltr'><strong>ses,</strong></span> 
     </span>
    </p>
   </div>
   <div class='ocr_carea' id='block_1_112' title="bbox 528 5696 2095 5766">
    <p class='ocr_par' dir='ltr' id='par_1_112' title="bbox 528 5696 2095 5766">
     <span class='ocr_line' id='line_1_112' title="bbox 528 5696 2095 5766; baseline 0.003 -18"><span class='ocrx_word' id='word_1_830' title='bbox 528 5705 635 5758; x_wconf 77' lang='lat' dir='ltr'><strong>set,</strong></span> <span class='ocrx_word' id='word_1_831' title='bbox 691 5712 862 5750; x_wconf 75' lang='lat' dir='ltr'><strong>senius</strong></span> <span class='ocrx_word' id='word_1_832' title='bbox 894 5735 907 5760; x_wconf 95' lang='lat'><strong>,</strong></span> <span class='ocrx_word' id='word_1_833' title='bbox 978 5696 1119 5758; x_wconf 84' lang='lat' dir='ltr'><strong>sctis,</strong></span> <span class='ocrx_word' id='word_1_834' title='bbox 1164 5709 1320 5762; x_wconf 84' lang='lat' dir='ltr'><strong>sent;</strong></span> <span class='ocrx_word' id='word_1_835' title='bbox 1376 5715 1542 5753; x_wconf 82' lang='lat' dir='ltr'><strong>amem</strong></span> <span class='ocrx_word' id='word_1_836' title='bbox 1581 5741 1594 5765; x_wconf 97' lang='lat'><strong>,</strong></span> <span class='ocrx_word' id='word_1_837' title='bbox 1659 5709 1798 5754; x_wconf 82' lang='lat' dir='ltr'><strong>ames</strong></span> <span class='ocrx_word' id='word_1_838' title='bbox 1827 5742 1840 5766; x_wconf 95' lang='lat'><strong>,</strong></span> <span class='ocrx_word' id='word_1_839' title='bbox 1911 5711 2046 5754; x_wconf 80' lang='lat' dir='ltr'><strong>amet</strong></span> <span class='ocrx_word' id='word_1_840' title='bbox 2081 5741 2095 5766; x_wconf 92' lang='lat'><strong>,</strong></span> 
     </span>
    </p>
   </div>
   <div class='ocr_carea' id='block_1_113' title="bbox 2196 5248 3762 5322">
    <p class='ocr_par' dir='ltr' id='par_1_113' title="bbox 2196 5248 3762 5322">
     <span class='ocr_line' id='line_1_113' title="bbox 2196 5248 3762 5322; baseline 0.006 -21"><span class='ocrx_word' id='word_1_841' title='bbox 2196 5263 2304 5302; x_wconf 91' lang='lat' dir='ltr'><strong>non</strong></span> <span class='ocrx_word' id='word_1_842' title='bbox 2339 5248 2509 5302; x_wconf 79' lang='lat' dir='ltr'><strong>solum</strong></span> <span class='ocrx_word' id='word_1_843' title='bbox 2530 5249 2670 5302; x_wconf 88' lang='lat' dir='ltr'><strong>illam</strong></span> <span class='ocrx_word' id='word_1_844' title='bbox 2694 5266 2724 5301; x_wconf 88' lang='lat' dir='ltr'><strong>a</strong></span> <span class='ocrx_word' id='word_1_845' title='bbox 2755 5264 2914 5317; x_wconf 89' lang='lat' dir='ltr'><strong>quam</strong></span> <span class='ocrx_word' id='word_1_846' title='bbox 2945 5251 3010 5303; x_wconf 87' lang='lat' dir='ltr'><strong>ad</strong></span> <span class='ocrx_word' id='word_1_847' title='bbox 3033 5249 3259 5306; x_wconf 82' lang='lat' dir='ltr'><strong>formam</strong></span> <span class='ocrx_word' id='word_1_848' title='bbox 3287 5255 3567 5322; x_wconf 81' lang='lat' dir='ltr'><strong>praesentis</strong></span> <span class='ocrx_word' id='word_1_849' title='bbox 3592 5256 3643 5309; x_wconf 90' lang='lat' dir='ltr'><strong>in</strong></span> <span class='ocrx_word' id='word_1_850' title='bbox 3661 5273 3762 5310; x_wconf 59' lang='grc' dir='ltr'><strong>ρω-</strong></span> 
     </span>
    </p>
   </div>
   <div class='ocr_carea' id='block_1_114' title="bbox 2202 5337 3763 5413">
    <p class='ocr_par' dir='ltr' id='par_1_114' title="bbox 2202 5337 3763 5413">
     <span class='ocr_line' id='line_1_114' title="bbox 2202 5337 3763 5413; baseline 0.005 -24"><span class='ocrx_word' id='word_1_851' title='bbox 2202 5337 2334 5391; x_wconf 90' lang='lat' dir='ltr'><strong>teris</strong></span> <span class='ocrx_word' id='word_1_852' title='bbox 2358 5339 2687 5404; x_wconf 81' lang='lat' dir='ltr'><strong>temporibus</strong></span> <span class='ocrx_word' id='word_1_853' title='bbox 2705 5339 2999 5392; x_wconf 88' lang='lat' dir='ltr'><strong>secundum</strong></span> <span class='ocrx_word' id='word_1_854' title='bbox 3023 5341 3337 5408; x_wconf 70' lang='lat' dir='ltr'><strong>praedictam</strong></span> <span class='ocrx_word' id='word_1_855' title='bbox 3353 5343 3614 5396; x_wconf 80' lang='lat' dir='ltr'><strong>rationem</strong></span> <span class='ocrx_word' id='word_1_856' title='bbox 3640 5360 3763 5413; x_wconf 81' lang='lat' dir='ltr'><strong>pm-</strong></span> 
     </span>
    </p>
   </div>
   <div class='ocr_carea' id='block_1_115' title="bbox 2199 5429 3763 5501">
    <p class='ocr_par' dir='ltr' id='par_1_115' title="bbox 2199 5429 3763 5501">
     <span class='ocr_line' id='line_1_115' title="bbox 2199 5429 3763 5501; baseline 0.003 -18"><span class='ocrx_word' id='word_1_857' title='bbox 2199 5430 2402 5484; x_wconf 89' lang='lat' dir='ltr'><strong>ducunt</strong></span> <span class='ocrx_word' id='word_1_858' title='bbox 2432 5431 2558 5498; x_wconf 91' lang='lat' dir='ltr'><strong>quin</strong></span> <span class='ocrx_word' id='word_1_859' title='bbox 2590 5430 2750 5483; x_wconf 87' lang='lat' dir='ltr'><strong>etiam</strong></span> <span class='ocrx_word' id='word_1_860' title='bbox 2774 5429 2919 5483; x_wconf 90' lang='lat' dir='ltr'><strong>illam</strong></span> <span class='ocrx_word' id='word_1_861' title='bbox 2951 5447 3112 5500; x_wconf 89' lang='lat' dir='ltr'><strong>quam</strong></span> <span class='ocrx_word' id='word_1_862' title='bbox 3141 5448 3169 5485; x_wconf 93' lang='lat' dir='ltr'><strong>a</strong></span> <span class='ocrx_word' id='word_1_863' title='bbox 3196 5433 3450 5501; x_wconf 66' lang='lat' dir='ltr'><strong>praesenti</strong></span> <span class='ocrx_word' id='word_1_864' title='bbox 3476 5433 3763 5490; x_wconf 77' lang='lat' dir='ltr'><strong>indicativo</strong></span> 
     </span>
    </p>
   </div>
   <div class='ocr_carea' id='block_1_116' title="bbox 2201 5521 3762 5593">
    <p class='ocr_par' dir='ltr' id='par_1_116' title="bbox 2201 5521 3762 5593">
     <span class='ocr_line' id='line_1_116' title="bbox 2201 5521 3762 5593; baseline 0.005 -21"><span class='ocrx_word' id='word_1_865' title='bbox 2201 5522 2432 5574; x_wconf 87' lang='lat' dir='ltr'><strong>secunda</strong></span> <span class='ocrx_word' id='word_1_866' title='bbox 2459 5535 2688 5588; x_wconf 87' lang='lat' dir='ltr'><strong>persona</strong></span> <span class='ocrx_word' id='word_1_867' title='bbox 2719 5521 2977 5589; x_wconf 83' lang='lat' dir='ltr'><strong>singulari</strong></span> <span class='ocrx_word' id='word_1_868' title='bbox 3007 5529 3346 5591; x_wconf 87' lang='lat' dir='ltr'><strong>acceperant,</strong></span> <span class='ocrx_word' id='word_1_869' title='bbox 3375 5523 3488 5577; x_wconf 75' lang='lat' dir='ltr'><strong>sive</strong></span> <span class='ocrx_word' id='word_1_870' title='bbox 3507 5525 3555 5578; x_wconf 91' lang='lat' dir='ltr'><strong>in</strong></span> <span class='ocrx_word' id='word_1_871' title='bbox 3576 5526 3762 5593; x_wconf 79' lang='lat' dir='ltr'><strong>penul-</strong></span> 
     </span>
    </p>
   </div>
   <div class='ocr_carea' id='block_1_117' title="bbox 2205 5613 3763 5684">
    <p class='ocr_par' dir='ltr' id='par_1_117' title="bbox 2205 5613 3763 5684">
     <span class='ocr_line' id='line_1_117' title="bbox 2205 5613 3763 5684; baseline 0.005 -20"><span class='ocrx_word' id='word_1_872' title='bbox 2205 5614 2408 5676; x_wconf 77' lang='lat' dir='ltr'><strong>limam,</strong></span> <span class='ocrx_word' id='word_1_873' title='bbox 2426 5613 2536 5665; x_wconf 87' lang='lat' dir='ltr'><strong>sive</strong></span> <span class='ocrx_word' id='word_1_874' title='bbox 2553 5613 2603 5664; x_wconf 93' lang='lat' dir='ltr'><strong>in</strong></span> <span class='ocrx_word' id='word_1_875' title='bbox 2619 5613 3094 5682; x_wconf 87' lang='lat' dir='ltr'><strong>antepcnultimam</strong></span> <span class='ocrx_word' id='word_1_876' title='bbox 3109 5630 3200 5668; x_wconf 87' lang='lat' dir='ltr'><strong>seu</strong></span> <span class='ocrx_word' id='word_1_877' title='bbox 3226 5615 3278 5668; x_wconf 93' lang='lat' dir='ltr'><strong>in</strong></span> <span class='ocrx_word' id='word_1_878' title='bbox 3293 5626 3543 5684; x_wconf 88' lang='lat' dir='ltr'><strong>quartam</strong></span> <span class='ocrx_word' id='word_1_879' title='bbox 3559 5627 3679 5672; x_wconf 88' lang='lat' dir='ltr'><strong>ante</strong></span> <span class='ocrx_word' id='word_1_880' title='bbox 3703 5620 3763 5672; x_wconf 85' lang='lat' dir='ltr'><strong>li-</strong></span> 
     </span>
    </p>
   </div>
   <div class='ocr_carea' id='block_1_118' title="bbox 2203 5695 3758 5777">
    <p class='ocr_par' dir='ltr' id='par_1_118' title="bbox 2203 5695 3758 5777">
     <span class='ocr_line' id='line_1_118' title="bbox 2203 5695 3758 5777; baseline 0.006 -24"><span class='ocrx_word' id='word_1_881' title='bbox 2203 5716 2322 5753; x_wconf 87' lang='lat' dir='ltr'><strong>nem</strong></span> <span class='ocrx_word' id='word_1_882' title='bbox 2354 5701 2607 5769; x_wconf 74' lang='lat' dir='ltr'><strong>syllabam</strong></span> <span class='ocrx_word' id='word_1_883' title='bbox 2640 5702 2839 5767; x_wconf 85' lang='lat' dir='ltr'><strong>veniat,</strong></span> <span class='ocrx_word' id='word_1_884' title='bbox 2866 5695 3075 5770; x_wconf 78' lang='lat' dir='ltr'><strong>semper</strong></span> <span class='ocrx_word' id='word_1_885' title='bbox 3105 5717 3225 5757; x_wconf 88' lang='lat' dir='ltr'><strong>eam</strong></span> <span class='ocrx_word' id='word_1_886' title='bbox 3272 5704 3488 5777; x_wconf 85' lang='lat' dir='ltr'><strong>longam</strong></span> <span class='ocrx_word' id='word_1_887' title='bbox 3526 5707 3758 5762; x_wconf 85' lang='lat' dir='ltr'><strong>habent:</strong></span> 
     </span>
    </p>
   </div>
   <div class='ocr_carea' id='block_1_119' title="bbox 3835 5849 3864 6300">
    <p class='ocr_par' dir='ltr' id='par_1_119' title="bbox 3835 6079 3864 6300">
     <span class='ocr_line' id='line_1_119' title="bbox 3862 6079 3863 6136; baseline 0 0"><span class='ocrx_word' id='word_1_888' title='bbox 3862 6079 3863 6136; x_wconf 74' lang='lat' dir='ltr'><strong>l</strong></span> 
     </span>
     <span class='ocr_line' id='line_1_120' title="bbox 3835 6139 3864 6300; baseline 0 0"><span class='ocrx_word' id='word_1_889' title='bbox 3835 6205 3864 6300; x_wconf 50' lang='grc' dir='ltr'><em>Α</em></span> 
     </span>
    </p>
   </div>
  </div>
