3918 6328
133 362 240 422 σω

948 370 1333 429 EXCERPTIO
1371 370 1458 427 DE
1496 371 1681 427 ARTE
1718 370 2168 444 GBAMMATICA
2205 368 2560 428 PRISCIANI.

3267 376 3378 436 650

129 475 189 533 in
215 478 302 534 his
325 479 570 535 videlicet
601 483 930 552 temporibus
973 494 1023 538 et
1055 472 1248 549 modis,
1279 500 1505 555 quorum
1545 483 1706 539 verba
1736 488 1786 545 Α
1812 491 1917 547 tur,
1972 483 2168 552 ubique
2217 499 2336 538 eam
2387 490 2602 540 servant
2637 493 2957 553 correptam,
3013 495 3072 538 ut
3119 503 3151 540 a
3195 488 3380 561 doceo,

128 570 322 624 subter
347 578 600 626 notantur
626 581 684 626 ιιι
708 589 736 627 a
762 576 1038 644 praesenti,
1077 577 1263 640 donas,
1295 578 1575 642 donamus,
1608 577 1708 629 do-

129 660 305 724 natis;
332 659 664 730 imperfecto,
701 666 998 729 donabam;
1026 665 1270 735 perfecto
1303 666 1526 731 donavi;
1562 659 1708 735 plus-

128 763 298 818 quam
327 751 586 819 perfecto,
615 754 964 819 donaveram;
994 753 1197 820 futuro,
1228 755 1450 809 donabo.
1479 755 1708 826 lmpera-

128 837 245 893 tivo
293 840 450 896 modo
479 842 754 912 praesenti,
802 843 964 909 dona,
1015 844 1239 898 donate:
1271 843 1451 899 futuro
1489 845 1704 908 donato,

126 928 398 998 donatote,
428 934 658 988 donante
697 951 716 988 :
751 935 1011 1005 optativo,
1050 935 1368 1006 imperfecto
1394 946 1450 992 et
1485 937 1708 1007 conjun-

126 1021 293 1086 ctivo,
321 1023 603 1088 donarem;
634 1025 916 1096 plusquam
946 1025 1205 1096 perfecto,
1249 1007 1555 1094 donassem;
1577 1043 1704 1084 con-

117 1111 368 1186 iunctivo
395 1113 652 1183 perfecto,
679 1118 1042 1180 donaverint;
1076 1116 1273 1181 futuro,
1306 1117 1562 1172 donavere
1579 1135 1597 1183 ;
1625 1119 1706 1172 in-

123 1199 338 1257 ﬂnitivo
365 1205 634 1272 praesenti,
674 1205 904 1271 donare;
936 1205 1202 1275 perfecto,
1230 1206 1505 1261 donaviste
1522 1223 1541 1270 ;
1570 1214 1624 1260 et
1647 1207 1702 1261 in

122 1297 380 1367 praesenti
411 1298 697 1353 indicativo
712 1313 910 1369 genere
933 1299 1169 1368 passivo,
1196 1299 1434 1363 donaris,
1453 1299 1696 1364 donatur,

121 1388 406 1465 donantur,
471 1389 761 1452 donamini,
806 1389 1110 1454 donantur;
1151 1389 1485 1458 imperfecto,
1540 1390 1702 1442 dona-

124 1477 239 1554 bar,
273 1478 564 1530 donabaris
583 1494 603 1542 ;
634 1477 835 1542 futuro,
869 1478 1122 1543 donabor,
1173 1477 1483 1542 donaberis;
1531 1479 1698 1546 impe-

118 1567 304 1621 rativo
328 1567 606 1636 praesenti,
646 1567 880 1633 donare;
910 1566 1123 1634 futuro;
1151 1568 1407 1633 donator;
1434 1570 1692 1638 optativo,

121 1661 402 1729 praeterito
428 1658 764 1729 imperfecto,
795 1659 1042 1725 donarer,
1066 1659 1363 1724 donareris,
1394 1660 1696 1724 donaretur,

122 1751 464 1816 donarentur,
516 1750 863 1814 donaremini,
892 1750 1232 1804 donarentur.
1265 1749 1537 1824 Infinitive
1559 1765 1699 1819 prae-

1812 574 2001 643 imper.
2037 589 2223 643 praes,
2255 574 2455 639 doceat,
2490 574 2740 638 doceant;
2770 581 2823 628 et
2848 582 3012 644 optat.
3049 574 3226 631 futuro
3266 581 3381 637 sive

1810 663 2082 732 conjunct.
2135 677 2390 732 praesens,
2438 664 2670 728 doceam,
2721 665 2925 732 doceas,
2971 673 3025 720 et
3070 667 3193 734 rel.,
3227 678 3284 724 et
3325 670 3382 727 in

1809 757 2044 824 passivo,
2071 756 2234 810 iidem
2263 756 2408 811 modi
2432 766 2487 811 et
2514 764 2752 828 tempora
2790 760 3002 824 eadem,
3025 767 3085 814 ut
3108 742 3384 831 doceatur,

1808 846 2111 913 doceamur,
2159 847 2468 912 doceantur,
2516 856 2571 902 et
2619 849 2829 915 docear,
2881 849 3136 918 docearis,
3178 861 3234 907 et
3282 853 3380 910 rel.

1808 936 2026 1007 Hocque
2051 938 2328 994 sciendum
2372 938 2514 1008 quod
2544 953 2650 994 non
2695 948 2902 995 tantum
2939 942 3055 998 haec
3079 942 3383 1016 conjugatio

1807 1026 1860 1085 in
1883 1028 2053 1096 prima
2069 1044 2296 1098 persona
2311 1029 2585 1084 indicativi
2600 1047 2626 1083 e
2641 1039 2762 1085 ante
2783 1048 2812 1084 o
2833 1033 3078 1102 corripit,
3095 1035 3201 1089 imo
3220 1037 3383 1092 etiam

1809 1117 1863 1172 in
1892 1120 2107 1174 caeteris
2130 1120 2597 1192 coniugationibus
2623 1121 2754 1175 aliae'
2779 1122 2990 1178 vocales
3016 1133 3141 1179 ante
3172 1142 3202 1180 ο
3234 1126 3386 1182 simi-

1808 1210 1936 1265 liter
1961 1213 2346 1282 corripiuntur.
2388 1212 2443 1266 ln
2478 1213 2652 1282 prima
2681 1211 3056 1282 conjugatione
3082 1233 3109 1269 e
3137 1217 3219 1272 vel
3254 1235 3284 1271 ο
3325 1224 3388 1275 ιιι

1802 1304 2011 1370 inchoo,
2059 1322 2192 1370 meo,
2222 1322 2380 1370 creo;
2411 1307 2466 1360 in
2500 1296 2656 1360 tertia
2695 1307 2713 1358 i
2749 1305 2829 1360 vel
2858 1323 2913 1371 ιι,
2957 1315 3018 1361 ιιι
3055 1290 3343 1375 facio,-ruo
3366 1349 3383 1376 ,

1802 1397 1985 1451 induo.
2022 1397 2082 1452 In
2110 1405 2303 1466 quarta
2329 1413 2544 1467 quoque
2571 1398 2818 1454 similiter
2846 1399 2865 1451 i
2891 1399 3183 1466 breviatur,
3223 1401 3308 1454 vel
3337 1387 3384 1468 e,

1755 1512 1757 1514 -
1804 1494 1862 1539 ut
1911 1503 1972 1540 eo
2003 1488 2059 1542 et
2105 1486 2286 1540 audio.
2339 1486 2430 1540 Fit
2473 1487 2577 1542 hoc
2624 1503 2730 1543 non
2786 1487 2841 1542 in
2883 1489 2968 1544 his
3012 1489 3204 1555 solum,
3264 1506 3390 1547 raro

1805 1573 1950 1628 enim
2003 1573 2058 1628 in
2111 1571 2323 1628 Latinis
2359 1573 2684 1630 dictionibus
2737 1577 2979 1632 vocalem
3035 1579 3388 1649 penultimam

1805 1671 1928 1717 ante
1958 1662 2186 1744 alteram
2222 1663 2464 1719 vocalem
2496 1665 2813 1735 productam
2846 1667 3106 1722 invenies.
3138 1669 3263 1723 ideo
3293 1685 3390 1722 au-

1805 1761 1913 1805 tem
1944 1752 2179 1808 diximus
2208 1769 2351 1820 raro,
2380 1753 2505 1824 quia
2535 1754 2589 1808 in
2619 1755 2690 1823 ﬁo
2719 1755 2887 1810 verbo
2912 1764 3161 1812 auctores
3189 1757 3388 1826 produ-

122 1841 284 1906 senti,
344 1842 561 1907 donari;
619 1842 696 1897 sic
751 1851 805 1896 ct
851 1840 1031 1897 omnia
1091 1840 1250 1910 hujus
1310 1841 1701 1912 conjugationis
1730 1839 2345 1912 B‘cuntpenultimam,
2376 1853 2436 1899 ut
2464 1845 2613 1916 Virg.
2646 1845 2700 1899 in
2729 1846 3031 1902 Bucolicis:

122 1932 311 1998 verba,
348 1941 574 2002 excepto
603 1948 710 2010 uno
744 1930 1131 2003 menosyllabo,
1160 1932 1249 1996 do,
1271 1933 1384 1997 das,
1416 1933 1558 2002 quod
1577 1947 1705 1986 con-

119 2036 200 2081 tra
230 2025 518 2098 [regulam]
549 2026 900 2095 penultimam
947 2025 1003 2080 in
1028 2024 1299 2094 plerisque
1336 2025 1598 2095 corripit,
1644 2033 1716 2078 ut~

118 2117 173 2173 in
201 2118 478 2188 praeterito
509 2115 848 2187 imperfecto,
873 2124 930 2170 et
956 2114 1155 2180 futuro,
1189 2123 1243 2173 et
1284 2116 1512 2181 inﬁnito,
1543 2124 1597 2171 et
1645 2116 1698 2171 in

115 2208 400 2278 participio
447 2223 510 2260 ac
557 2207 749 2276 supino
797 2207 982 2271 verbo,
1035 2207 1138 2261 nisi
1183 2206 1396 2276 quando
1431 2205 1700 2276 positione

115 2299 435 2366 producitur
458 2306 511 2352 ct
549 2298 767 2352 nomine
794 2297 1019 2363 verbali,
1057 2305 1118 2353 ut
1146 2297 1359 2366 damus,
1393 2299 1550 2361 datis,
1600 2298 1698 2351 da-

118 2391 208 2452 ris,
238 2388 416 2453 datur,
467 2388 678 2452 dabam,
709 2388 865 2453 dabo,
897 2388 1099 2453 darem,
1130 2388 1277 2454 dare,
1323 2389 1498 2453 datus,
1538 2388 1698 2440 datu-

118 2497 226 2544 rus,
261 2481 466 2544 datum,
492 2479 641 2544 datu,
672 2479 843 2544 dator,
881 2487 936 2532 et
963 2494 1081 2546 quae
1127 2494 1193 2532 ex
1220 2479 1304 2532 his
1333 2479 1508 2533 solent
1549 2478 1695 2543 ﬁeri,

116 2581 178 2626 ut
198 2571 501 2637 dabamini;
531 2570 730 2640 ubique
755 2569 900 2624 enim
925 2569 980 2623 in
1007 2570 1091 2624 bis
1118 2569 1392 2625 breviatur
1425 2569 1511 2634 da,
1547 2567 1693 2639 Virg.

117 2662 174 2716 in
199 2677 216 2715 ι
244 2660 462 2716 ίΕιιθὶἀ.
495 2679 508 2714 :

241 2750 336 2800 Vix
360 2766 389 2800 e
409 2755 673 2812 conspectu
699 2734 875 2802 Sicula;
899 2749 1088 2801 telluris
1108 2750 1159 2801 in
1182 2749 1334 2802 altum

242 2812 368 2863 Vela
393 2815 570 2862 dabant
595 2812 712 2864 laeti.

115 2891 436 2953 lneodem‘:

244 2985 382 3036 Adsit
403 2985 582 3037 laetitiae
603 2983 821 3037 Bacchus
845 2985 984 3037 dator
1004 2992 1060 3037 et
1081 2986 1206 3044 bona
1230 2984 1376 3036 Juno.

114 3070 438 3129 lneodem:

243 3162 286 3216 Ο
311 3164 434 3226 passi
459 3165 700 3226 graviora,
724 3163 861 3213 dabit
882 3162 1019 3213 Deus
1042 3162 1120 3212 bis
1137 3173 1331 3225 quoque
1353 3158 1522 3212 finem.

114 3243 266 3302 Idem
291 3245 344 3299 in
370 3244 560 3301 eodem
594 3263 606 3298 :

241 3334 462 3384 Si-datur
483 3332 671 3384 Italiam
687 3333 836 3384 sociis
859 3337 912 3384 et
935 3344 1062 3394 rege
1087 3336 1310 3395 recepto.

144 3415 269 3473 dem
298 3415 351 3469 in
385 3431 482 3470 vr:

245 3503 333 3554 Cui
369 3504 512 3556 datus
534 3503 784 3556 haerebam
808 3507 991 3565 custos,
1014 3514 1282 3566 cursusque
1303 3501 1552 3565 regebam.

113 3586 266 3644 idem
296 3588 349 3641 in
377 3602 437 3642 ιιι
469 3601 484 3641 :

247 3674 312 3727 Et
328 3683 471 3739 pater
496 3676 738 3729 Anchises
757 3675 878 3728 dare
902 3673 1014 3725 fatis
1034 3671 1143 3724 vela
1155 3672 1376 3737 iubebat.

115 3755 345 3813 Persius
380 3775 391 3810 ε

247 3846 375 3905 Οιιὶιι
394 3847 562 3895 damus
586 3848 634 3895 id
658 3848 852 3909 superis
874 3847 937 3896 de
956 3857 1133 3909 magna
1158 3844 1285 3906 quod
1304 3843 1424 3895 dare
1446 3843 1605 3905 lance,

243 3909 349 3958 Non
381 3910 525 3970 possit
547 3909 708 3972 magni
724 3906 952 3957 Messala
972 3906 1098 3969 lippa
1124 3917 1354 3968 propago.

115 3991 272 4046 Virg.
303 3992 358 4045 in
385 4005 437 4044 ιν
468 4007 484 4045 :

259 4032 272 4044 .
303 4007 358 4045 ιιι
385 4007 437 4044 ιν
468 4007 484 4045 :

219 4007 398 4132 8Ferte
417 4081 504 4132 citi
527 4081 758 4141 ﬂammas,
782 4078 898 4130 date
919 4076 1040 4139 tela,
1065 4076 1306 4140 impellite
1329 4087 1510 4128 remon.

114 4168 371 4224 Lucanus
407 4167 461 4220 in
489 4181 542 4220 tv
569 4184 582 4218 :

245 4258 457 4309 maxima
478 4254 566 4304 sed
589 4254 672 4304 fati
693 4253 895 4303 ducibus
922 4256 1169 4301 momenta
1195 4250 1439 4298 daturum.

188 4343 259 4397 Et
287 4340 535 4395 secundae
563 4335 951 4407 coniugationis
981 4335 1162 4398 verba,
1187 4333 1434 4387 similiter
1455 4329 1544 4383 illa
1577 4343 1698 4399 qua:

117 4454 143 4490 e
174 4436 392 4504 longam
445 4448 474 4485 a
521 4431 773 4500 praesenti
823 4429 1133 4492 indicativo,
1186 4441 1416 4496 persona
1463 4425 1697 4480 secunda

117 4523 402 4592 singulari,
456 4519 792 4591 originaliler
821 4518 1072 4582 tulerant,
1127 4517 1432 4586 ubicunque
1477 4532 1594 4570 eam
1645 4516 1697 4569 in
1725 4551 1776 4610 Β

117 4612 296 4666 modis
351 4610 435 4664 vel
475 4610 806 4678 temporibus
852 4609 1071 4671 habent,
1102 4621 1312 4676 semper
1341 4622 1461 4661 eam
1504 4606 1700 4674 produ-

119 4710 273 4765 cunt,
299 4709 358 4754 ut
389 4716 418 4753 a
454 4701 624 4762 doces,
655 4699 917 4761 docemus,
951 4698 1178 4758 docetis;
1234 4696 1568 4766 imperfecto,
1599 4695 1696 4747 do-

122 4792 335 4854 cebam,
389 4788 642 4853 docebas,
691 4796 746 4842 et
797 4787 934 4852 rel.;
997 4787 1208 4850 futuro,
1268 4787 1491 4850 docebo,
1543 4786 1696 4838 doce-

123 4882 224 4946 bis,
280 4888 335 4933 et
382 4880 512 4943 rel.;
569 4877 882 4946 imperfecto
933 4890 1162 4943 praesen.
1193 4915 1206 4939 ,
1259 4874 1416 4938 doce,
1479 4875 1697 4938 docete;

125 4968 350 5034 futuro,
403 4970 627 5033 docete,
695 4968 946 5029 docetote,
996 4949 1256 5040 docento;
1305 4965 1543 5033 optativo
1600 4965 1699 5017 im-

123 5040 391 5133 perfecto,
443 5058 699 5120 docerem,
732 5056 964 5119 doceres,
1011 5062 1066 5107 ct
1097 5052 1191 5105 rcl.
1219 5069 1232 5114 ;
1264 5053 1458 5105 inlinit.
1517 5067 1697 5120 praes"

127 5151 335 5203 docere.
381 5145 510 5199 ltem
558 5145 848 5197 indicativo
890 5142 1140 5212 praesenti
1203 5137 1401 5210 passivi
1449 5142 1700 5211 generis,

128 5241 360 5303 deceris,
401 5237 632 5299 docetur,
665 5234 929 5296 docemur,
971 5233 1245 5295 docemini,
1297 5232 1580 5295 docentur;
1606 5233 1705 5284 im-

129 5328 393 5403 perfecto,
446 5324 688 5388 docebar,
724 5321 1012 5385 docebaris,
1058 5329 1112 5375 et
1141 5320 1271 5383 rel.;
1325 5320 1524 5382 futuro,
1560 5321 1709 5374 doce-

131 5419 249 5486 bar,
277 5417 562 5482 doceberis,
594 5425 650 5469 et
677 5412 797 5478 rel.;
832 5413 1152 5482 imperativo
1187 5410 1458 5480 praesenti,
1487 5410 1702 5476 docere,

132 5510 428 5572 (camini;
483 5491 690 5572 futuro,
741 5505 980 5567 docetor,
1047 5504 1324 5569 docentor,
1377 5502 1703 5581 docentinor;

135 5599 376 5672 optativo
401 5597 485 5650 vel
515 5595 854 5666 coniunctivo
875 5590 1209 5661 imperfecto,
1240 5592 1469 5655 docerer,
1496 5590 1706 5644 docere-

137 5696 249 5757 ris,
295 5698 352 5746 et
378 5689 508 5752 rel.;
553 5687 815 5741 infinitivo
861 5683 1130 5755 praesenti,
1179 5683 1371 5736 doceri.
1405 5680 1534 5736 Haec
1578 5682 1703 5735 item

139 5801 259 5857 qua:
281 5800 309 5839 a
331 5784 503 5853 prima
531 5794 758 5850 persona
786 5777 1075 5841 indicativi,
1106 5785 1371 5846 correpta,
1401 5792 1447 5841 e,
1476 5789 1704 5828 nascun-

622 5870 888 5930 Pnnon.
935 5866 1095 5929 CXI.

1932 1939 2104 2006 omnia
2128 1955 2210 2006 vel
2235 1957 2451 2007 medium
2477 1955 2591 2006 (iant
2617 1969 2774 2021 mare,
2798 1961 2949 2010 vivite
2967 1959 3120 2010 silvae.

1802 2036 1962 2094 Initio
1994 2038 2180 2111 [Forte
2207 2047 2263 2095 et
2303 2040 2359 2094 in
2387 2039 2492 2113 ius]
2523 2042 2860 2098 terminantis
2897 2044 3118 2115 genitivi
3153 2045 3387 2114 penulti-

1803 2145 1890 2182 ma
1920 2144 2150 2199 anceps,
2202 2131 2344 2185 sicut
2383 2130 2490 2201 jam
2544 2140 2669 2187 ante
2719 2135 3277 2191 commemoravimus.
3327 2136 3384 2191 In

1802 2219 2007 2274 Graecis
2042 2229 2222 2274 autem
2268 2220 2593 2277 dictionibus
2635 2237 2773 2292 saepe
2819 2223 2922 2278 hoc
2967 2223 3272 2289 invenitur,
3325 2233 3384 2280 ut

1803 2309 2100 2376 Menelaus,
2159 2312 2469 2382 spondwus,
2541 2312 2864 2366 diacamilla.
2929 2312 3108 2367 Tertia
3169 2329 3383 2383 quoque

1800 2399 2185 2470 conjugatione
2221 2415 2453 2470 persona
2473 2401 2760 2471 singularis
2791 2403 3066 2458 indicativi
3096 2406 3380 2473 praesentis

1801 2494 1852 2549 in
1887 2496 1932 2549 is
1970 2496 2186 2575 brevem
2243 2495 2456 2562 ﬁnitur;
2514 2498 2808 2552 notandum
2838 2498 2980 2567 quod
3007 2499 3186 2552 omnia
3215 2499 3380 2551 verba

1799 2585 1959 2655 hujus
1989 2585 2402 2656 coniugationis,
2457 2587 2549 2643 sii
2596 2588 2815 2642 brevem
2857 2587 2911 2641 in
2962 2588 3066 2641 ﬁne
3106 2588 3256 2641 verbi
3297 2586 3381 2641 vel

1799 2677 1853 2730 in
1882 2677 2059 2732 medio
2089 2673 2141 2730 in
2169 2693 2196 2730 e
2225 2677 2574 2742 mutaverint,
2611 2677 2806 2747 ubique
2833 2693 2951 2733 eam
2978 2677 3292 2747 corripiant,
3324 2685 3385 2732 ut

1797 2766 1944 2835 legis,
1980 2765 2110 2836 lege,
2143 2765 2328 2836 legere,
2373 2766 2590 2836 legerer,
2630 2776 2855 2836 excepto
2885 2783 3005 2822 cum
3036 2784 3066 2820 a
3107 2768 3278 2822 tribus
3322 2768 3380 2823 in

1796 2858 1974 2911 medio
2002 2857 2153 2912 verbi
2177 2857 2448 2926 excipitur
2473 2859 2915 2923 consonantibus,
2949 2859 3002 2923 b,
3047 2876 3119 2923 m,
3145 2860 3287 2924 velt,
3320 2866 3381 2912 ut

1798 2948 2049 3019 legebam,
2080 2948 2303 3018 legebar,
2320 2949 2567 3018 legemus,
2593 2949 2845 3020 legemur,
2868 2949 3083 3018 legetur.
3114 2949 3379 3004 Caeterum

1798 3037 1898 3091 iin
1942 3037 2122 3092 medio
2146 3038 2294 3092 verbi
2321 3038 2550 3107 positam
2601 3037 2799 3107 ubique
2843 3037 3113 3102 breviant,
3142 3047 3202 3091 ut
3247 3037 3376 3108 legi-

1803 3145 1940 3192 mus,
1956 3127 2147 3197 legitis,
2171 3126 2342 3196 legite,
2371 3127 2545 3197 legito,
2561 3127 2768 3196 legitur,
2795 3126 3032 3197 tegimur,
3057 3127 3310 3197 legimini,
3327 3137 3382 3183 et

1802 3220 1902 3275 rel.
1949 3219 2079 3286 Quae
2128 3227 2308 3273 autem
2338 3219 2393 3273 in
2423 3221 2615 3288 quarta
2649 3219 3027 3289 conjugatione
3071 3234 3101 3272 a
3141 3222 3378 3274 secunda

1801 3325 2033 3381 persona
2069 3306 2344 3364 indicativi
2372 3310 2651 3378 praesentis
2699 3319 3012 3375 nascuntur,
3047 3310 3188 3366 sicut
3216 3327 3381 3381 supra

1803 3399 2060 3463 diximus,
2089 3399 2109 3452 i
2153 3413 2366 3469 semper
2409 3399 2619 3469 longam
2643 3400 2858 3461 habent,
2898 3400 3034 3453 utin
3066 3386 3378 3465 indicativo,

1801 3489 1868 3543 ab
1905 3489 2079 3555 audis,
2123 3490 2384 3550 audimus,
2446 3489 2659 3541 auditis.
2709 3488 2930 3556 lmper.,
2983 3488 3137 3552 audi,
3180 3481 3375 3557 audite,

1801 3577 2002 3642 audito,
2042 3578 2292 3632 auditote.
2325 3576 2506 3648 Optat.
2537 3577 2794 3643 audirem,
2825 3578 3056 3642 audires,
3086 3590 3140 3633 et
3163 3580 3262 3634 rel.
3287 3580 3378 3640 ln-

1801 3666 2029 3731 iinitivo,
2078 3668 2282 3734 audire,
2324 3677 2378 3722 et
2425 3669 2478 3722 in
2505 3671 2719 3739 passivo
2748 3671 3029 3741 praesentis
3058 3671 3378 3739 indicativi;

1802 3755 2026 3822 audiris,
2059 3757 2292 3823 auditur,
2341 3758 2610 3824 audimur,
2642 3759 2932 3824 audimini;
2965 3762 3118 3830 imp.,
3171 3763 3379 3829 audire,

1801 3847 2047 3910 auditor;
2069 3856 2181 3916 opt.
2214 3848 2299 3902 vel
2324 3850 2591 3919 conjunc.,
2612 3851 2842 3915 audirer,
2871 3852 3154 3919 audireris,
3188 3862 3240 3907 ct
3275 3853 3374 3908 rel.

1798 3934 1998 3988 Inﬁnit.
2011 3976 2024 4000 ,
2042 3937 2236 3990 audiri.
2254 3937 2383 4004 Quae
2401 3953 2527 3993 vero
2543 3955 2570 3993 a
2583 3940 2754 4008 prima
2776 3956 3006 4010 persona
3021 3943 3380 4014 generanturi

1800 4043 2017 4098 semper
2038 4029 2255 4084 brevem
2272 4030 2488 4094 habent,
2513 4040 2571 4083 ut
2596 4031 2648 4084 in
2679 4034 2929 4100 praesenti
2955 4034 3241 4098 indicativo
3264 4043 3374 4089 ter-

1802 4118 1875 4171 tia
1904 4122 2133 4186 persona
2155 4117 2397 4188 pluralis,
2416 4117 2594 4183 audio,
2624 4121 2865 4184 audiunt,
2881 4132 2936 4176 et
2958 4124 3013 4176 in
3036 4121 3217 4178 futuro
3237 4124 3378 4192 ejus-

1801 4207 1924 4262 dem
1955 4209 2123 4273 modi,
2153 4207 2389 4273 audiant,
2413 4209 2617 4274 audies,
2644 4217 2698 4263 et
2729 4211 2826 4263 rel.
2854 4227 2868 4275 ;
2905 4212 3095 4280 imper.
3120 4227 3372 4280 pransum,

1801 4291 2000 4361 audiat,
2030 4298 2595 4364 audiamus,audiatis,
2627 4301 2866 4365 audiant,
2890 4308 2943 4356 et
2969 4300 3094 4366 fut.,
3121 4303 3375 4357 audiunto

1802 4390 1884 4445 vel
1913 4390 2237 4443 audiuntote.
2271 4389 2454 4459 Optat.
2488 4390 2572 4444 vel
2605 4390 2852 4461 conjunc.
2888 4392 3102 4461 imper.,
3135 4393 3373 4457 audiam,

1803 4481 2011 4547 audias,
2046 4490 2100 4535 et
2125 4480 2220 4535 rel.
2254 4481 2320 4534 Et
2349 4482 2402 4534 in
2447 4481 2680 4549 passivo,
2710 4481 2910 4536 eisdem
2940 4483 3113 4536 modis
3153 4492 3205 4535 et
3241 4491 3377 4534 tem-

1802 4575 2060 4643 poribus,
2119 4580 2181 4626 ut
2234 4572 2542 4636 audiuntur,
2597 4567 2803 4635 audiar,
2874 4572 3124 4634 audieris,
3157 4581 3212 4626 et
3251 4587 3371 4635 rea,

1803 4668 2085 4729 audiatur,
2135 4665 2468 4728 audiamini,
2515 4664 2834 4728 audiantur,
2893 4664 3206 4729 audiuntur,
3272 4682 3358 4717 au-

1803 4760 1941 4825 diar,
1991 4758 2260 4820 audiaris,
2305 4765 2358 4811 et
2401 4739 2495 4810 rel.
2543 4756 2693 4823 Quod
2722 4756 2952 4809 maxime
2981 4757 3032 4808 in
3061 4755 3145 4809 his
3193 4756 3373 4808 verbis

1803 4859 2007 4921 quartae
2037 4833 2452 4920 conjugationis',
2501 4863 2618 4915 quae
2671 4847 2722 4899 in
2753 4861 2815 4899 eo
2863 4845 2916 4899 in
2942 4845 3110 4915 prima
3143 4859 3373 4914 personat

1804 4944 2076 4999 indicativi
2108 4942 2378 5005 desinunt,
2408 4939 2741 5002 ostenditur;
2775 4938 2897 5007 quia
2933 4952 3049 5007 quae
3079 4952 3109 4990 a
3139 4935 3373 4990 secunda

1802 5050 2030 5106 persona
2093 5042 2411 5097 nascuntur,
2452 5031 2712 5101 ilongam
2744 5032 2962 5093 habent,
3009 5038 3067 5083 ut
3091 5030 3153 5092 is,
3199 5029 3370 5089 imus,

1803 5128 1914 5190 itis,
1954 5127 2113 5191 ibam,
2156 5127 2290 5190 ibas,
2338 5125 2428 5189 ivi,
2480 5125 2692 5186 iveram,
2743 5121 2842 5181 ibo,
2877 5122 2965 5184 ite,
3017 5128 3070 5173 et
3096 5117 3194 5173 rei.
3245 5116 3375 5183 Qua)

1806 5224 1984 5268 autem
2034 5231 2064 5267 a
2095 5214 2288 5284 prima,
2333 5229 2360 5264 e
2410 5219 2654 5279 correpta
2716 5208 3150 5279 pronuntiantur,
3197 5215 3250 5282 ut
3289 5223 3372 5267 eo,

1806 5313 1944 5365 eunt,
1993 5320 2129 5367 eam,
2182 5319 2291 5367 eas,
2342 5310 2396 5356 et
2443 5300 2540 5354 rel.
2591 5298 2892 5353 Notandum
2943 5313 3069 5368 ergo
3104 5306 3186 5350 est
3229 5297 3372 5365 quo-J

1806 5399 2139 5469 praeteritum
2174 5394 2546 5464 imperfectum
2600 5392 2768 5446 tertiae
2820 5388 2904 5443 vel
2941 5397 3144 5457 quartae
3191 5383 3375 5454 conju-

1809 5490 2038 5561 gationis
2068 5487 2356 5542 indicativo
2383 5483 2674 5549 modo_non
2704 5496 2734 5532 a
2779 5477 3008 5534 secunda
3039 5491 3290 5546 persona,
3317 5489 3375 5528 ut

1807 5582 1992 5652 primae
2022 5579 2108 5632 vel
2131 5576 2375 5632 secundae
2403 5571 2811 5641 coniugationis.
2838 5568 3003 5629 venit,
3027 5575 3084 5620 ut
3111 5563 3372 5630 amabam,

1809 5672 2074 5737 docebant,
2105 5670 2198 5724 sed
2228 5684 2257 5721 a
2280 5668 2474 5736 prima,
2502 5679 2530 5716 ο
2559 5661 2705 5716 ﬁnali
2729 5661 2779 5714 in
2805 5677 2830 5712 e
2854 5659 3065 5728 longam
3092 5668 3370 5717 conversa,

1811 5775 1862 5821 ct
1892 5763 2070 5820 addita
2107 5760 2243 5825 bam,
2281 5767 2339 5812 ιιι
2384 5755 2660 5827 faciebant,
2694 5749 2991 5811 induebant,
3031 5742 3294 5815 legebam,’
3323 5751 3374 5797 et

2868 5842 2941 5900 21
