3918 6364
499 365 594 424 651

1137 365 1197 420 Β.
1239 361 1492 420 RABANI
1530 360 1749 419 MAURI
1787 356 2107 421 ARCHIEP.
2148 353 2455 414 MOGUN'I'.
2495 350 2787 413 OPERUM'
2815 351 2996 409 PARS
3033 349 3121 407 III.

3645 343 3752 401 €52

497 485 796 548 audiebam,
826 479 1133 545 serviebant,
1161 478 1490 542 muniebant;
1522 473 1693 530 vocali
1749 483 1930 527 tamen
1957 471 2076 526 ubi—
2103 473 2154 534 Α
2178 468 2320 539 cipio
2346 466 2665 537 repetentia,
2709 464 2756 520 si
2778 465 2834 519 in
2857 463 3108 533 pmsenti
3144 461 3501 532 penultimam
3527 458 3754 514 brevem

497 592 709 647 cunque
735 583 860 630 ante
879 591 907 629 e
931 573 1194 638 evenerit,
1219 578 1485 639 correpta.
1519 567 1576 622 Si
1599 574 1776 621 autem
1803 565 1858 617 in
1879 569 2073 634 quarta

497 665 872 749 conjugatione
897 680 925 718 e
951 678 1050 734 per
1076 675 1366 733 syncopam
1397 660 1671 714 abstracta
1696 655 1921 719 fuerit,-i
1950 667 2075 723 pro-

497 743 732 819 ducitur,
788 760 847 808 ut
898 751 1166 814 audibam,
1213 748 1472 812 venibam,
1527 746 1689 800 ibam.
1732 742 2072 798 Praeteritum

497 863 628 918 ergo
652 843 949 916 perfectum
995 843 1048 897 in
1101 840 1260 896 activi
1292 838 1446 894 verbi
1488 836 1869 900 declinatione,
1899 833 2074 904 prima

495 951 726 1008 persona
774 932 1069 997 indicativi,
1096 931 1152 985 in
1197 930 1458 1001 ilongam
1495 928 1771 994 terminat,
1811 939 1976 996 quam
2021 931 2076 979 et

496 1036 692 1083 natura
725 1025 1042 1096 productam
1082 1021 1243 1077 habet
1269 1021 1458 1076 eodem
1485 1029 1730 1090 tempore
1762 1017 1818 1073 in
1845 1014 2077 1086 penulti-

496 1137 586 1179 ma
611 1119 859 1176 secundm
899 1113 1188 1185 singularis
1237 1120 1400 1184 atque
1438 1111 1681 1184 pluralis,
1712 1117 1773 1162 ut
1801 1105 2073 1171 amovisti,

496 1209 782 1267 amavistis.
819 1207 876 1261 ln
900 1206 1056 1259 tertia
1080 1218 1294 1274 quoque
1319 1218 1552 1274 persona
1588 1198 1849 1272 singulari
1875 1239 1890 1264 ,
1922 1207 1983 1252 ut
2018 1197 2075 1251 in

497 1304 675 1375 prima
704 1299 894 1371 plurali
923 1313 1043 1353 eam
1073 1297 1318 1367 corripit,
1343 1303 1403 1351 ut
1432 1294 1646 1360 amavit,
1682 1292 1990 1346 amavimus.
2014 1287 2076 1342 In

497 1395 656 1451 tertia
680 1408 811 1448 vero
837 1391 1055 1462 plurali,
1081 1389 1326 1444 eamdem
1351 1388 1370 1441 i
1390 1387 1707 1456 productam
1731 1385 1784 1438 in
1807 1400 1835 1438 e
1860 1381 2076 1452 longam

495 1486 554 1541 in
598 1483 892 1556 penultima
923 1481 1211 1545 convertit,
1242 1487 1304 1534 ut
1341 1485 1644 1532 amaverunt
1679 1476 1765 1530 vel
1815 1488 2074 1536 amovere,

494 1573 783 1628 docuerunt
805 1571 889 1627 vel
915 1572 1158 1626 docuere.
1183 1568 1251 1622 Et
1275 1567 1553 1623 sciendum
1573 1564 1717 1634 quod
1739 1557 2078 1633 praeteritum

493 1664 778 1735 plusquam
827 1660 1126 1734 perfectum
1154 1658 1429 1715 indicativi
1459 1655 1623 1720 modi,
1655 1663 1709 1709 et
1744 1651 2079 1723 praeteritum

494 1755 795 1829 perfectum
840 1752 1167 1825 subjunctivi
1220 1751 1383 1816 modi,
1429 1757 1588 1818 atque
1632 1743 1872 1798 futurum
1901 1755 1970 1796 ex
1995 1753 2083 1794 su-

2173 558 2481 623 babuerint,
2524 558 2578 610 in
2626 555 2903 626 praeterito
2935 567 3149 623 quoque
3179 551 3483 622 corripiunt
3509 565 3656 614 eam,
3699 558 3756 603 ut

2173 652 2323 715 cado,
2358 649 2553 713 cecidi;
2595 664 2750 712 cano,
2777 646 2974 711 cecini;
3012 645 3183 714 pario,
3231 644 3424 713 peperi.
3457 641 3551 696 Sin
3593 641 3758 711 longa

2174 747 2245 801 sit
2274 745 2326 798 in
2355 741 2609 813 praesenti
2651 739 2946 810 penultima
2993 736 3333 802 naturaliter,
3382 737 3437 790 in
3481 734 3759 806 prmterito

2173 849 2387 904 quoque
2414 831 2748 902 producitur,
2775 837 2839 884 ut
2857 827 3030 893 caedo,
3060 826 3257 891 cecidi;
3283 826 3434 896 pedo,
3461 824 3665 895 pepedi.
3698 820 3758 876 Si

2172 925 2440 997 positione
2469 925 2539 978 sit
2555 921 2857 993 penultima
2883 919 2939 974 in
2959 918 3213 988 praesenti
3235 917 3414 981 longa,
3438 925 3523 971 est
3538 911 3762 985 quando

2174 1023 2424 1071 servatur
2465 1015 2521 1068 in
2565 1011 2879 1084 praeterito;
2916 1009 3134 1078 quando
3165 1005 3424 1075 abjecerit
3455 1017 3762 1060 consonan-

2173 1116 2304 1175 tem,
2347 1106 2658 1178 corripitur.
2710 1103 2974 1158 Servatur
3011 1100 3066 1154 in
3111 1100 3197 1155 his
3242 1116 3254 1152 :
3298 1113 3475 1170 posco,
3515 1093 3763 1167 poposci;

2173 1216 2354 1273 parco,
2395 1198 2632 1270 peperci;
2662 1195 2811 1266 fallo,
2844 1191 3042 1264 fefelli;
3075 1191 3265 1258 tendo,
3296 1188 3525 1254 tetendi;
3565 1186 3762 1257 pendo,

2175 1293 2428 1367 pependi;
2466 1307 2621 1346 curro
2641 1331 2657 1356 ,
2704 1287 2957 1343 cucurri:
3009 1283 3222 1353 abiecta
3270 1290 3601 1339 consonante
3641 1295 3768 1336 cor-

2177 1385 2372 1455 ripitur
2401 1383 2455 1438 in
2492 1382 2598 1447 his,
2635 1381 2801 1446 disco,
2851 1377 3052 1443 didici;
3106 1373 3278 1443 pello,
3323 1371 3533 1444 pepuli;
3573 1380 3764 1441 tango,

2179 1479 2354 1554 tetigi;
2366 1492 2557 1548 pango,
2570 1473 2740 1545 pepigi
2751 1489 2772 1537 ;
2783 1485 2975 1542 pungo,
2991 1467 3188 1540 pupugi
3199 1485 3220 1533 ;
3235 1465 3420 1532 tundo,
3434 1463 3609 1517 tutudi
3615 1462 3766 1529 .Qua

2180 1578 2361 1625 autem
2375 1567 2428 1622 in
2445 1566 2552 1621 line
2561 1572 2831 1635 repetunt,
2852 1560 3204 1632 penultimam
3218 1555 3764 1629 sempercorripiunt,

2179 1658 2426 1721 utcredo,
2444 1655 2641 1712 credidi
2659 1672 2678 1720 ;
2697 1653 2884 1718 vendo,
2900 1650 3109 1707 vendidi
3128 1667 3146 1716 ;
3167 1647 3349 1720 perdo,
3367 1646 3575 1717 perdidi
3602 1662 3621 1710 ;
3646 1660 3768 1716 pro-

2182 1746 2496 1820 do,prodidi
2510 1764 2529 1813 ;
2551 1742 2990 1810 condo,condidi;
3013 1740 3175 1805 addo,
3195 1738 3412 1803 addidi;
3439 1738 3601 1802 abdo,
3625 1737 3770 1804 abdi-

494 1820 742 1922 pradicto
770 1820 1013 1919 tempore
1039 1845 1300 1911 nascitur,
1324 1844 1344 1896 i
1369 1834 1525 1910 longa
1553 1839 1607 1892 in
1634 1854 1661 1892 e
1689 1838 1908 1892 brevem
1953 1849 2082 1890 con—
2107 1820 2155 1884 Β
2185 1838 2268 1904 di,
2289 1837 2570 1902 abscondo,
2589 1832 2916 1889 abscondidi.
2933 1829 2977 1884 A
2999 1829 3147 1900 pario
3177 1844 3307 1885 vero
3334 1827 3634 1898 composita
3663 1827 3768 1882 tria

493 1955 654 1995 versa
680 1954 780 2010 per
817 1936 1011 1994 omnes
1056 1930 1481 2004 coniugationes,
1523 1936 1579 1983 et
1614 1927 2080 1994 omnibus-perso-

496 2029 582 2084 nis
617 2036 778 2099 atque
814 2035 1046 2097 utroque
1094 2037 1342 2087 numero,
1387 2028 1458 2075 ub
1495 2017 1690 2083 amavi,
1741 2030 2038 2071 amaveram
2060 2054 2075 2080 ,

496 2118 801 2184 amaverim,
854 2131 1116 2171 amavero.
1173 2105 1285 2168 Nec
1326 2125 1435 2166 non
1484 2118 1540 2165 et
1587 2106 1920 2178 prateritum
1959 2103 2081 2174 plus

493 2227 656 2286 quam
680 2209 980 2282 perfectum
1007 2207 1232 2281 Optativi
1277 2206 1391 2261 sive
1421 2200 1769 2271 coniunctivi,
1805 2205 1859 2253 et
1900 2212 1967 2252 ex
1999 2196 2080 2252 eis

495 2301 721 2361 veniens
746 2300 1082 2372 prmteritum
1108 2295 1380 2358 inﬁnitivi,
1411 2310 1478 2350 ex
1504 2292 1693 2348 eodem
1713 2298 1956 2359 tempore
1983 2300 2080 2341 na-

497 2402 742 2474 scuntur,
773 2400 833 2446 ut
847 2392 1048 2445 utinam
1078 2389 1162 2444 vel
1187 2405 1305 2442 cum
1330 2385 1659 2448 amavissem,
1685 2381 1969 2442 amovisse;
1987 2377 2084 2430 do-

497 2465 744 2547 cuissem,
774 2472 1046 2545 docuisse;
1079 2479 1194 2533 haec
1217 2483 1274 2532 et
1320 2483 1514 2529 natura
1543 2479 1597 2527 et
1619 2469 1889 2540 positione
1919 2467 1938 2521 i
1963 2465 2082 2521 lon-

493 2589 618 2644 gam
645 2572 868 2628 habent.
921 2568 1253 2628 Penultimas
1303 2566 1469 2636 igitur
1499 2561 1730 2633 syllabas
1770 2573 1934 2628 supra
1970 2571 2082 2612 me-

495 2664 694 2720 morati
721 2661 1000 2733 temporis,
1032 2660 1085 2714 id
1112 2668 1214 2724 est,
1243 2656 1504 2728 praeteriti
1530 2651 1757 2724 perfecti
1803 2647 2082 2705 indicativi

497 2754 646 2810 modi
667 2753 854 2824 prima:
879 2764 1125 2822 persona:
1152 2746 1458 2817 singularis,
1490 2744 1657 2798 antei
1687 2740 1923 2804 ﬁnalem,
1950 2752 2083 2807 qua-

493 2846 573 2902 les
595 2845 724 2911 sint,
767 2856 1101 2913 nonparum
1127 2841 1283 2910 juvat
1321 2849 1667 2908 cognoscere,
1692 2831 1926 2886 maxime
1955 2843 2081 2884 cum

495 2935 565 2990 ad
597 2935 864 3006 originem
888 2931 1006 3001 ejus
1027 2940 1348 2986 ceterorum
1376 2927 1658 2982 modorum
1682 2922 1862 2978 omnia
1889 2926 2082 2990 praete-

498 3028 604 3081 rita
644 3022 882 3097 perfecta
928 3023 1043 3079 sive
1071 3022 1356 3093 plusquam
1383 3018 1624 3090 perfecta
1667 3015 1982 3084 respiciant,
2025 3017 2081 3065 et

495 3117 614 3188 ejus
643 3115 961 3187 qualitatem
988 3116 1043 3170 in
1089 3114 1175 3169 bis
1204 3113 1444 3184 syllabis,
1474 3125 1609 3181 quas
1639 3109 1977 3176 incorruptas
2010 3105 2079 3159 ab

494 3223 560 3264 eo
593 3215 937 3278 acceperant,
973 3215 1213 3261 servant.
1255 3204 1315 3259 In
1343 3204 1391 3258 vi
1420 3218 1549 3274 ergo
1580 3200 1840 3273 syllabam
1883 3196 2070 3253 termi-

493 3301 741 3355 nantium
768 3299 946 3353 omnis
987 3297 1279 3368 penultima
1318 3296 1477 3365 longa
1503 3302 1604 3358 est,
1641 3290 1723 3346 vel
1747 3298 1961 3354 natura,
1983 3285 2072 3341 vel

494 3390 785 3461 positione,
825 3397 882 3442 ut
916 3388 1109 3452 amavi,
1137 3387 1260 3450 lavi,
1288 3386 1418 3449 vovi,
1455 3382 1607 3445 movi,
1634 3381 1823 3451 cupivi,
1852 3376 2069 3440 munivi,

497 3481 692 3536 audivi.
726 3479 908 3536 Tertia
931 3494 1064 3534 vero
1098 3485 1154 3534 et
1179 3486 1372 3546 quarta
1396 3474 1770 3544 conjugatione
1812 3472 1865 3525 in
1891 3469 1960 3523 ivi
1982 3470 2076 3523 de-

498 3571 732 3627 sinentia
764 3571 949 3635 verba,
979 3569 1025 3624 si
1069 3587 1097 3624 v
1140 3583 1446 3624 consonans
1497 3564 1857 3633 intercipitur,
1899 3559 2072 3616 corri-

497 3664 652 3735 piunt
673 3665 691 3716 i
715 3663 1091 3733 penultimam,
1122 3670 1181 3715 ut
1206 3662 1394 3730 cupivi,
1433 3659 1605 3729 cupii;
1638 3656 1911 3716 arcessivi;
1942 3653 2072 3718 sivi,

494 3755 562 3809 sii
577 3770 596 3820 ;
613 3753 825 3816 munivi,
843 3754 1043 3820 munii;
1060 3752 1262 3817 audivi,
1275 3751 1440 3804 audii.
1460 3750 1516 3803 In
1539 3749 1594 3800 ui
1616 3747 1816 3802 divisas
1834 3743 2076 3798 omnium

497 3844 935 3915 conjugationum
966 3843 1131 3898 verba
1161 3841 1510 3896 inveniuntur
1549 3836 1896 3893 terminantia
1924 3849 1938 3887 :
1966 3832 2078 3903 pri-

498 3952 621 4002 ma,
648 3944 708 3990 ut
731 3935 900 4000 tonui,
934 3936 1110 3999 secui;
1157 3932 1426 3997 secundae,
1466 3940 1526 3984 ut
1551 3931 1714 3994 tenui,
1745 3927 1939 3992 habui;
1969 3935 2078 3980 ter-

500 4029 609 4093 tiae,
653 4037 714 4082 ut
752 4029 939 4093 annui,
977 4028 1163 4098 posui;
1210 4035 1436 4095 quartae,
1487 4031 1548 4077 ut
1591 4022 1795 4093 aperui,
1836 4018 2073 4090 prosilui.

498 4119 688 4177 Omnis
734 4127 912 4174 autem
934 4117 1231 4188 penultima
1273 4114 1431 4182 hujus
1463 4114 1670 4177 formae,
1709 4112 1762 4165 id
1791 4119 1892 4173 est,
1928 4111 1979 4163 in
2025 4110 2079 4162 ui

498 4210 702 4266 divisas
732 4209 1093 4264 desinentium
1138 4206 1451 4276 corripitur.
1493 4205 1550 4258 In
1602 4203 1647 4257 si
1675 4202 2079 4258 terminantium

497 4303 856 4375 perfectorum
911 4301 1238 4374 penultima,
1295 4298 1374 4352 vel
1416 4307 1629 4361 natura,
1673 4295 1760 4350 vel
1810 4293 2082 4364 positione

497 4394 867 4465 producuntur
895 4410 907 4444 :
941 4401 1155 4455 natura,
1179 4398 1243 4444 ut
1269 4389 1434 4454 rideo,
1467 4388 1590 4452 risi;
1633 4385 1850 4447 suadeo,
1891 4383 2079 4446 suasi;

498 4484 681 4549 evado,
730 4483 901 4548 evasi;
946 4481 1157 4544 haurio,
1206 4479 1359 4532 hausi
1375 4477 1707 4546 ;positione,
1755 4483 1816 4528 ut
1865 4488 2072 4536 maneo,

497 4575 711 4639 mansi;
742 4587 884 4643 repo,
937 4570 1091 4640 repsi.
1135 4567 1202 4622 Et
1240 4567 1292 4620 in
1337 4566 1391 4620 xi
1421 4564 1766 4619 terminantia
1800 4561 2075 4631 praeterita

497 4666 849 4738 penultimam
879 4679 1092 4732 semper
1115 4662 1432 4732 producunt,
1459 4668 1519 4712 ut
1537 4658 1718 4728 frigeo,
1748 4657 1907 4726 frixi;
1937 4655 2081 4726 pelli-

499 4775 609 4824 ceo,
638 4756 864 4829 pellexi;
900 4772 1074 4825 pergo,
1107 4759 1346 4824 perrexi;
1389 4751 1574 4820 diligo,
1626 4750 1818 4814 dilexi;
1861 4750 2071 4813 sancio,

499 4847 654 4903 sanxi
670 4863 689 4911 ;
713 4845 896 4909 vincia,
928 4844 1090 4896 vinxi.
1129 4842 1256 4895 Bibo
1282 4855 1496 4911 quoque
1523 4840 1648 4905 bibi,
1686 4839 1857 4892 tertia:
1883 4836 2072 4904 conju-

504 4937 734 5008 gationis
768 4934 1009 4996 verbum,
1039 4941 1091 4986 et
1113 4946 1178 4985 ex
1205 4946 1270 4985 eo
1295 4929 1614 4998 composita,
1643 4937 1702 4981 ut
1725 4927 1890 4990 ebibo,
1932 4933 1988 4979 et
2019 4926 2072 4979 in

496 5026 748 5098 praesenti
804 5032 855 5078 et
903 5025 956 5077 in
1006 5023 1281 5091 praeterito
1331 5019 1638 5090 corripiunt
1687 5018 2062 5088 penultimam.

500 5113 692 5172 Scindo
725 5114 862 5166 enim
895 5121 948 5166 et
984 5112 1148 5180 ﬁndo,
1183 5111 1393 5164 etiamsi
1438 5111 1490 5163 in
1523 5110 1774 5178 praesenti
1803 5109 2070 5179 positione

497 5208 607 5267 sint
643 5204 818 5272 longa,
859 5203 912 5256 in
962 5203 1235 5271 praeterito
1285 5209 1460 5256 tamen
1505 5200 1858 5272 penultimam
1901 5200 1919 5253 i
1957 5214 2072 5255 cor-

496 5297 718 5366 ripiunt,
749 5304 806 5348 ut
850 5293 1004 5358 acidi,
1029 5293 1144 5361 ﬁdi.
1195 5291 1285 5346 Sic
1328 5299 1382 5346 et
1423 5293 1686 5361 contingo,
1726 5292 1948 5361 contigi;
1995 5299 2072 5342 at-

498 5387 664 5455 tingo,
691 5384 856 5454 attigi.
891 5383 1084 5436 Primae
1119 5383 1333 5451 quidem
1383 5382 1770 5452 conjugationis
1807 5381 1913 5435 duo
1955 5397 2069 5435 mo-

2179 1929 2358 2000 quarti
2389 1927 2594 1983 ordinis
2620 1922 2809 1989 verba,
2841 1930 2901 1977 ut
2930 1921 3150 1992 reperio,
3201 1918 3458 1990 comperio
3477 1958 3493 1984 ,
3520 1918 3764 1988 deperio,

2180 2019 2479 2090 corripiunt
2504 2014 2854 2087 penultimam
2881 2012 2935 2065 in
2963 2010 3260 2080 praeterito,
3306 2017 3368 2073 ut
3390 2007 3585 2079 reperi,
3631 2024 3769 2061 cont-

2178 2109 2310 2181 peri,
2340 2109 2536 2179 deperi,
2564 2121 2664 2161 nec
2692 2119 2796 2159 non
2833 2112 2890 2158 et
2913 2103 3020 2158 ista
3050 2111 3103 2156 et
3126 2101 3307 2156 omnia
3338 2115 3458 2170 quae
3481 2115 3548 2153 ex
3579 2100 3769 2155 eodem

2179 2201 2345 2255 verbo
2377 2199 2630 2254 videntur
2676 2210 2796 2251 esse
2843 2193 3170 2264 composita,
3219 2201 3414 2245 natura
3464 2205 3683 2258 semper
3709 2206 3768 2258 pe

2179 2291 2440 2365 syllabam
2468 2288 2688 2342 brevem
2719 2285 2942 2350 habent,
2973 2282 3029 2338 in
3058 2295 3384 2353 quocunque
3427 2280 3499 2334 sit
3529 2279 3683 2346 loco,
3711 2287 3770 2334 ut

2180 2383 2383 2455 aperio,
2448 2380 2661 2452 aperui;
2703 2377 2942 2448 coaperio
2966 2415 2981 2442 ,
3027 2373 3302 2444 cooperui;
3345 2372 3609 2442 experior,
3653 2387 3771 2436 ope-

2181 2475 2307 2528 rior.
2334 2471 2582 2526 Lucanus
2605 2469 2658 2523 in
2686 2483 2741 2523 1v
2769 2483 2784 2521 :

2303 2560 2558 2612 Tradimus
2581 2558 2851 2620 Hesperias
2873 2561 3074 2619 gentes,
3101 2553 3347 2618 aperimus
3365 2552 3517 2607 ans.

2779 2657 2851 2713 De
2877 2657 3154 2713 anomalis.

2249 2754 2308 2808 ln
2333 2750 2596 2808 anomalis
2625 2764 2820 2820 nempe
2849 2749 3116 2803 rationem
3156 2747 3489 2818 producendi
3524 2746 3612 2802 vel
3655 2761 3767 2802 cor-

2179 2845 2430 2917 ripiendi,
2463 2851 2623 2914 prout
2661 2855 2969 2912 possumus,
2998 2855 3141 2894 nunc
3177 2839 3416 2895 breviter
3443 2841 3760 2909 pandemus.

2180 2935 2320 2991 Fero
2347 2975 2364 3002 ,
2427 2935 2652 2989 verbum
2707 2931 2996 3001 inaequale,
3038 2932 3251 3000 generis
3294 2932 3478 2996 activi,
3528 2931 3766 3000 primam

2182 3027 2443 3101 syllabam
2466 3041 2682 3097 semper
2707 3026 2924 3079 brevem
2962 3025 3126 3078 habet
3149 3024 3203 3080 in
3231 3024 3480 3079 erunibus
3509 3024 3688 3079 modis
3713 3029 3770 3080 et

2183 3115 2554 3186 temporibus,
2601 3121 2829 3181 excepto
2872 3112 3088 3182 quando
3133 3113 3401 3181 positione
3428 3113 3766 3182 producitur.

2180 3207 2235 3262 ln
2263 3206 2502 3262 secunda
2531 3205 2676 3258 enim
2696 3217 2931 3273 persona
2960 3203 3216 3275 singulari
3239 3205 3523 3274 praesentis
3552 3204 3766 3259 indica-

2177 3299 2271 3354 tivi
2298 3311 2590 3370 syncopam
2616 3295 2764 3360 facit,
2789 3294 2842 3349 id
2864 3304 2966 3362 est,
2993 3296 3376 3360 concisionem,
3406 3305 3465 3350 ut
3480 3295 3612 3364 fero,
3639 3295 3744 3364 fers

2173 3401 2229 3448 et
2256 3393 2327 3447 ob
2355 3392 2456 3446 hoc
2477 3389 2660 3444 omnia
2685 3403 2806 3456 quae
2834 3402 2866 3440 a
2895 3389 3131 3442 secunda
3172 3403 3401 3458 persona
3434 3353 3769 3453 nascuntur:

2179 3489 2403 3538 servant
2439 3481 2556 3551 ejus
2600 3479 2981 3543 concisionem,
3014 3487 3075 3533 ut
3106 3479 3233 3549 fers,
3273 3479 3393 3548 fert,
3441 3480 3620 3549 fertis;
3663 3480 3764 3549 fer,

2179 3574 2328 3644 ferte,
2374 3572 2530 3642 ferto,
2576 3571 2779 3641 fertote,
2827 3569 2980 3639 ferre.
3041 3570 3108 3623 Et
3155 3571 3270 3624 lucc
3292 3579 3504 3637 cuncta,
3533 3582 3761 3642 excepto

2175 3679 2284 3720 uno
2331 3664 2411 3732 fer
2442 3663 2726 3734 prazsentis
2770 3661 3072 3730 imperativi
3123 3661 3446 3732 singularis,
3495 3662 3768 3732 positione

2178 3756 2336 3822 longa
2363 3763 2505 3809 sunt.
2545 3754 2604 3808 ln
2643 3752 2763 3807 aliis
2791 3766 3005 3822 quoque
3033 3752 3283 3806 omnibus
3316 3753 3521 3819 modis,
3553 3762 3767 3825 tempo-

2182 3845 2329 3899 ribus
2355 3850 2410 3898 et
2435 3843 2681 3912 personis
2712 3842 2882 3896 tertiae
2911 3841 3305 3912 conjugationis
3334 3843 3606 3898 rationem
3638 3861 3765 3899 scr-

2177 3933 2291 4002 vat,
2320 3935 2571 3991 videlicet
2615 3936 2741 4005 quia
2788 3950 2908 4004 qua:
2954 3951 2984 3989 a
3017 3918 3197 4006 prima.
3215 3951 3450 4006 persona
3490 3939 3766 4009 accipiunt

2179 4026 2450 4098 regulam,
2493 4034 2694 4080 rectam
2735 4024 3154 4079 declinationem
3180 4035 3499 4095 sequuntur,
3535 4038 3593 4082 ut
3625 4029 3762 4098 fero,

2180 4116 2408 4185 ferebam
2432 4156 2447 4181 ,
2491 4115 2680 4185 feram.
2729 4112 2869 4170 Nam
2895 4117 3226 4184 praeteritum
3251 4118 3555 4187 perfectum
3580 4120 3763 4174 abusi-

2182 4221 2305 4261 vum
2338 4207 2522 4270 habet,
2555 4204 2607 4259 id
2659 4214 2765 4269 est,
2805 4205 2923 4270 mu,
2949 4207 3092 4275 quod
3142 4207 3365 4262 alterius
3395 4195 3546 4263 verbi
3591 4209 3763 4279 ρει-[ο-

2182 4307 2329 4354 ctum
2350 4306 2452 4361 est,
2481 4297 2535 4351 id
2570 4304 2674 4363 est,
2699 4296 2848 4362 tollo,
2879 4297 3040 4362 tollis,
3079 4298 3198 4362 tuli,
3238 4298 3398 4365 facit;
3446 4302 3551 4355 hoc
3580 4310 3760 4359 tamen

2182 4389 2514 4458 praeteritum
2562 4397 2617 4444 et
2657 4388 2837 4443 omnia
2875 4403 2995 4457 quae
3024 4405 3054 4443 a
3085 4403 3144 4443 se
3171 4399 3486 4454 nascuntur,
3527 4393 3760 4460 primam

2185 4480 2443 4551 syllabam
2466 4480 2799 4552 corripiunt,
2830 4487 2890 4535 ut
2928 4479 3048 4545 tuli,
3071 4480 3272 4547 tulisti;
3299 4490 3354 4537 et
3408 4483 3653 4549 tuleram,
3679 4495 3761 4537 tu-

2181 4573 2340 4638 leras,
2386 4572 2639 4636 tulissem,
2685 4571 2914 4638 tulisses,
2941 4570 3167 4636 tulerim,
3196 4571 3411 4639 tuleris;
3457 4575 3543 4632 vel
3568 4576 3757 4641 tulero,

2182 4665 2386 4730 tuleris,
2426 4665 2624 4719 tulisse.
2684 4663 2741 4718 In
2771 4666 2985 4733 passivo
3011 4680 3224 4734 quoque
3250 4667 3504 4722 similiter
3528 4672 3756 4739 corripi-

2181 4766 2293 4822 tur,
2337 4756 2440 4811 nisi
2479 4755 2695 4825 quando
2744 4754 3014 4822 positione
3061 4757 3379 4824 producitur
3423 4766 3478 4813 et
3522 4758 3660 4828 redit
3689 4761 3758 4816 ad

2179 4847 2517 4918 analogiam,
2572 4846 2976 4915 declinaturque
3023 4849 3316 4903 secundum
3359 4849 3597 4921 regulam
3625 4868 3758 4921 prte-

2180 4939 2334 4994 dictze
2375 4937 2788 5008 conjugationis,
2832 4937 2935 4991 nisi
2987 4939 3130 5006 quod
3171 4939 3226 4992 in
3272 4942 3546 5008 praeterito
3577 4952 3629 4997 et
3670 4945 3755 4999 bis

2174 5048 2291 5116 qua:
2314 5048 2382 5086 ex
2405 5032 2509 5086 hoc
2531 5038 2845 5095 nascuntur,
2872 5029 3246 5084 litteraturam
3263 5041 3456 5085 mutat.
3509 5033 3643 5088 Nam
3675 5035 3755 5089 l'a-

2173 5120 2246 5174 cit
2291 5119 2580 5174 indicativo
2629 5118 2902 5190 praesenti,
2950 5117 3113 5188 feror,
3153 5120 3354 5190 feraris,
3407 5121 3598 5191 fertur,
3625 5125 3755 5193 feri.

2173 5225 2311 5274 mur,
2357 5208 2607 5278 ferimini,
2647 5208 2920 5277 feruntur;
2969 5210 3301 5278 praeteritum
3351 5211 3752 5282 imperfectum,

2174 5299 2395 5370 ferebar,
2437 5299 2714 5367 ferebaris,
2768 5308 2824 5354 et
2869 5299 3001 5366 rel.;
3048 5303 3377 5372 prmteritum
3427 5305 3752 5372 perfectum.

2173 5390 2311 5444 latus
2336 5407 2471 5456 sum,
2503 5408 2578 5456 es,
2608 5400 2702 5454 est,
2735 5397 2789 5445 et
2816 5389 2914 5446 rei.
2957 5390 3049 5447 Sic
3068 5393 3251 5447 omnia
3279 5397 3576 5449 secundum
3615 5413 3752 5453 ana-

498 5474 792 5546 nosyllaba,
832 5486 910 5528 sto
937 5484 992 5529 et
1029 5475 1118 5539 do,
1161 5474 1462 5544 corripiunt
1488 5473 1808 5542 penultimas
1832 5473 1886 5526 in
1925 5487 2069 5542 prae-
2165 5482 2364 5553 logiam
2397 5482 2761 5549 declinantur;
2810 5482 2957 5539 istud
2991 5493 3170 5540 tamen
3197 5471 3534 5555 praeteritum
3559 5489 3754 5558 primis

498 5565 682 5630 terito,
712 5573 772 5618 ut
794 5567 930 5631 steti,
972 5564 1112 5618 dedi.
1146 5562 1237 5619 Sic
1261 5574 1317 5619 et
1344 5579 1410 5621 ex
1443 5565 1522 5618 eis
1547 5565 1865 5634 composita,
1898 5572 1957 5618 ut
1991 5580 2070 5617 re-

2172 5574 2393 5645 syllabis
2456 5573 2855 5645 producendum
2922 5589 3044 5631 esse
3102 5577 3337 5632 ostendit
3399 5581 3751 5650 participium

498 5667 601 5722 sto,
632 5657 827 5722 restiti;
858 5656 1039 5722 reddo,
1067 5656 1292 5711 reddidi.
1318 5654 1513 5710 Tertia:
1535 5663 1712 5710 autem
1745 5655 1989 5725 quzedam
2013 5656 2068 5710 in
2170 5663 2497 5732 prateritum
2516 5703 2530 5728 ,
2559 5677 2590 5716 a
2617 5677 2724 5732 quo
2751 5671 2837 5718 est
2867 5664 3246 5735 compositum.
3276 5665 3530 5724 Lucanus
3573 5669 3632 5724 in
3655 5686 3711 5726 ιν
3735 5687 3751 5728 ε

501 5747 764 5819 principio
784 5747 1015 5817 syllabas
1044 5755 1311 5816 tepetunt,
1339 5749 1583 5816 quaedam
1607 5748 1663 5803 in
1695 5748 1817 5802 line.
1842 5744 1902 5800 lu
1925 5743 2069 5803 urin-

2296 5773 2450 5825 Oraut
2468 5775 2714 5836 Cecropia
2732 5772 2931 5836 prelum
2950 5773 3122 5828 fronde
3144 5775 3396 5829 linem.
