3918 6378
227 405 330 468 853

223 519 292 575 Et
318 520 373 574 in
397 521 585 576 eodem
609 537 624 574 :

346 607 410 658 Et
434 612 807 671 posttranstatas
829 619 1021 663 exusta
1051 609 1290 665 Phocidos
1321 628 1478 665 arces.

223 709 528 766 Notandum
569 728 697 769 vero
732 715 874 784 quod
916 714 1119 784 aufero,
1146 717 1330 786 απογρ,
1356 718 1545 789 infero,
1569 719 1784 789 suffero,

223 802 456 872 confero,
480 805 704 875 profero,
735 806 976 876 prafero,
1018 809 1292 879 transfero,
1332 810 1660 881 circumfero,
1692 829 1788 868 an-

221 891 408 959 tefero,
453 903 507 947 et
559 895 737 949 omnia
766 911 884 965 qua:
935 911 1002 951 ex
1042 898 1144 954 hoc
1188 901 1352 954 verbo
1394 901 1787 968 videaturesse

221 984 522 1052 composita
545 1024 564 1050 ,
611 985 727 1054 eius
775 985 1186 1042 declinationem
1232 989 1288 1044 in
1315 997 1542 1059 utroque
1590 1005 1786 1059 genere

221 1082 461 1128 servant.
499 1073 626 1128 Volo
657 1091 869 1146 quoque
893 1079 1116 1133 verbum
1143 1079 1406 1147 neutrale,
1444 1082 1557 1137 sive
1585 1083 1785 1152 primas

213 1163 454 1235 Syllabas
480 1166 539 1221 in
577 1183 613 1220 ο.
642 1176 850 1233 mutet,
875 1170 988 1225 sive
1015 1185 1138 1226 cum
1166 1188 1196 1225 ο
1226 1180 1435 1238 servet,
1462 1176 1677 1230 easdem
1705 1183 1786 1229 ta-

220 1268 342 1306 men
368 1268 580 1324 semper
606 1258 827 1326 corripit
849 1267 1060 1326 natura,
1087 1269 1143 1314 ut
1168 1261 1303 1328 uolo,
1333 1261 1588 1328 volumus,
1625 1262 1782 1330 volui,

217 1344 505 1411 volueram,
537 1347 805 1411 voluerim.
831 1349 1061 1418 uoluero,
1105 1360 1237 1418 etc.,
1264 1352 1438 1419 velim,
1457 1353 1603 1420 uelis,
1633 1355 1782 1420 uelit;

217 1445 272 1490 et
296 1437 398 1492 rel.
447 1437 510 1492 In
528 1441 723 1508 quibus
772 1450 950 1497 tamen
989 1460 1018 1496 e
1056 1444 1320 1512 positione
1361 1447 1694 1517 producitur,
1725 1455 1786 1500 ut

215 1526 420 1593 vellem,
467 1526 739 1596 velles,“
779 1533 875 1588 rel.
936 1533 1192 1590 Secunda
1235 1551 1466 1608 namque
1507 1538 1780 1594 indicativi

215 1631 447 1686 persona
496 1619 784 1691 singularis
809 1623 886 1690 ,in
928 1627 1175 1694 praesenti
1220 1628 1534 1697 producitur
1565 1637 1778 1696 natura,

213 1707 271 1763 id
291 1719 398 1774 est,
441 1713 538 1766 vis.
593 1713 662 1767 Et
698 1713 756 1768 in
795 1717 1033 1784 optativo
1063 1716 1272 1783 futuro,
1302 1719 1416 1774 sive
1442 1718 1780 1787 coniunctivo

210 1800 494 1868 presenti,
518 1800 734 1856 ﬁnalem
761 1803 1021 1874 syllabam.
1045 1807 1290 1862 secundm
1318 1822 1560 1877 personae
1592 1809 1776 1880 singu-

210 1883 363 1953 laris,
393 1897 447 1942 et
471 1891 820 1960 penulatimam
845 1894 1031 1964 prima:
1054 1904 1110 1951 et
1135 1897 1382 1952 secundas
1427 1898 1669 1968 pluralis,
1704 1899 1778 1956 si-
1804 1886 1852 1945 Β

189 1978 321 2032 -mili
348 1981 512 2035 modo
534 1995 728 2037 natura
752 1984 1018 2052 producit,
1044 1986 1188 2053 uelis,
1222 1987 1456 2058 velimus,
1490 1989 1687 2054 uelitis;
1723 1991 1778 2047 in

210 2071 426 2125 caeteris
455 2086 588 2127 vero
607 2073 827 2143 pluralis
855 2077 1088 2143 numeri,
1118 2078 1233 2132 sive
1268 2096 1324 2155 ιι,
1368 2079 1438 2134 sit
1462 2080 1776 2148 permitima,

210 2167 267 2212 ut
310 2160 549 2216 volumus
572 2203 587 2228 ,
635 2164 748 2220 sive
791 2167 830 2232 ἰ,
876 2175 936 2220 ut
975 2167 1321 2235 uoluerimus,
1353 2184 1563 2238 semper
1587 2171 1780 2227 breves

210 2256 373 2301 sunt:
412 2249 503 2305 ubi
537 2261 720 2306 autem.
747 2253 916 2310 forma
964 2257 1033 2312 sit
1069 2259 1257 2328 primae
1282 2260 1690 2330 coujugationis,
1721 2268 1781 2316 ut

207 2335 439 2390 uolebam
462 2379 475 2402 ,
509 2342 769 2396 uolueram
796 2383 810 2408 ,
849 2345 931 2399 vel
974 2350 1252 2415 secundae,
1292 2359 1352 2404 ut
1375 2351 1572 2416 uellem,
1604 2351 1776 2418 velles,

206 2423 506 2492 voluissem,
537 2427 783 2486 voluisses'
797 2451 816 2499 ;
845 2434 1054 2493 illarum
1082 2437 1513 2509 coniugationum
1540 2442 1777 2513 regulam

210 2526 513 2583 sequuntur
556 2534 786 2588 quarum
833 2521 1064 2579 formam
1108 2527 1325 2582 habent.
1349 2528 1429 2583 Ex
1469 2531 1571 2585 hoc
1615 2531 1778 2602 igitur

209 2604 374 2660 verbo
397 2610 693 2678 composita
719 2623 845 2667 sunt
865 2614 967 2669 alia
992 2616 1106 2672 duo
1117 2603 1310 2685 verba,
1359 2620 1412 2674 id
1432 2629 1546 2689 est,
1574 2621 1694 2676 nolo
1721 2630 1776 2676 et

208 2694 366 2748 malo.
395 2695 531 2752 Nolo
554 2715 681 2756 vero
709 2718 776 2758 ex
802 2721 906 2759 non
931 2714 986 2761 et
1019 2707 1161 2774 volo,
1206 2717 1261 2765 et
1302 2701 1424 2767 ideo
1445 2711 1596 2781 iuxta
1618 2729 1774 2770 suum

208 2786 434 2858 simplex
460 2792 714 2861 inprima
733 2807 887 2865 parte
911 2815 1124 2871 semper
1149 2803 1481 2872 producitur.
1512 2804 1773 2864 Martialis

207 2877 259 2932 in
284 2878 740 2952 Epigrammatis:

337 2990 372 3039 U
382 2994 628 3069 gracilem
653 2995 748 3069 tibi,
763 3002 933 3069 postra.
947 3003 1296 3069 epigrammata
1308 3003 1439 3069 polo,

384 3050 494 3099 Non
516 3055 685 3102 audire
707 3057 860 3120 celer,
880 3060 968 3108 sed
980 3050 1211 3115 ieiuni;
1219 3050 1376 3128 cii—pls:

207 3128 272 3184 Et
296 3129 542 3188 Albanus
567 3135 621 3188 in
656 3135 967 3195 Monasticis
987 3155 1002 3193 :

325 3219 501 3270 Omnia
524 3234 633 3284 quae
655 3224 822 3275 dicunt
845 3227 1084 3292 homines,
1102 3237 1152 3281 tu
1175 3233 1384 3285 credere
1401 3235 1524 3288 noli.

207 3321 347 3378 lalo
370 3340 586 3396 quoque
615 3344 682 3383 ex
710 3333 874 3401 magis
910 3342 965 3388 et
1007 3335 1123 3390 uolo
1171 3341 1522 3411 compositum
1549 3352 1653 3414 est,
1683 3362 1770 3402 ma

207 3422 382 3469 tamen
413 3420 699 3486 producta.
730 3421 877 3492 Virg.
916 3425 971 3478 in
992 3424 1193 3496 Georg.
1214 3444 1281 3483 na
1306 3448 1320 3484 :

328 3523 392 3575 Et
412 3535 538 3588 quos
563 3535 648 3576 aut
673 3532 839 3590 pecori
860 3531 1030 3602 malint
1044 3536 1349 3586 summittere
1367 3537 1609 3591 habendo.

205 3620 319 3678 Edo
373 3623 598 3696 quidem
634 3633 882 3700 anmmle
949 3633 1302 3711 [anomalum]
1349 3644 1563 3712 generis
1608 3646 1770 3701 activi

207 3721 503 3776 secundam
519 3737 803 3792 personam
828 3713 1141 3801 corrumpit,
1171 3740 1232 3788 ut
1250 3750 1324 3798 es,
1353 3750 1381 3789 e
1409 3743 1588 3793 tamen
1613 3739 1770 3812 longa

207 3816 326 3862 ante
349 3826 400 3876 s,
430 3818 486 3864 et
513 3812 567 3865 in
597 3816 848 3872 omnibus
879 3822 1124 3888 personis
1162 3822 1245 3877 vel
1293 3828 1616 3896 temporibus
1649 3847 1768 3901 quas

206 3899 374 3954 solent
399 3916 467 3956 ex
493 3904 595 3958 hac
623 3908 857 3963 secunda
886 3912 1035 3968 nasci
1064 3928 1316 3983 persona,
1346 3930 1648 3988 corruptam
1667 3899 1768 3977 vin-

205 3990 382 4045 venies
411 3992 650 4063 regulam
683 3996 1096 4070 coniugationis,
1132 4020 1186 4058 es
1210 4005 1398 4060 tamen
1427 4011 1763 4076 productam,

204 4090 358 4145 quam
382 4095 413 4134 a
443 4084 683 4139 secunda
707 4100 1031 4157 acceperunt
1057 4106 1286 4160 persona
1302 4133 1317 4158 ,
1355 4106 1618 4151 servatam
1645 4099 1766 4153 ubi-

203 4180 329 4233 que'
363 4186 442 4235 es,
463 4181 560 4237 est,
590 4183 716 4239 este,
747 4186 870 4239 esto,
895 4187 1076 4244 estote,
1102 4191 1290 4265 essent,
1314 4199 1421 4238 esse
1453 4199 1472 4236 :
1500 4194 1676 4241 tamen
1709 4188 1761 4242 in

201 4255 388 4325 plurali
437 4277 665 4350 numero
690 4255 1271 4334 praesentisindicativi
1303 4285 1482 4331 servat
1522 4279 1760 4350 regulam

203 4347 369 4402 tertiae
409 4349 849 4422 conjugationise
882 4358 1076 4428 ubique
1124 4372 1391 4433 correpta,
1437 4374 1496 4420 ut
1537 4347 1757 4434 edimus,

200 4434 343 4491 editis
369 4478 385 4504 ,
434 4441 613 4495 edunt.
676 4442 935 4518 Similiter
976 4437 1344 4520 imprteterito
1367 4455 1677 4525 imperfecto
1705 4471 1761 4513 et

198 4525 388 4589 futuro,
423 4529 655 4595 edebam,
699 4533 850 4586 edam
874 4574 890 4599 ,
933 4544 987 4590 et
1022 4537 1076 4590 in
1113 4543 1366 4598 omnibus
1381 4560 1499 4613 quae
1527 4546 1700 4618 solent
1726 4562 1757 4601 a
1782 4561 1836 4622 D

196 4617 362 4684 prima
409 4621 558 4674 nasci
593 4637 841 4690 persona,
873 4627 982 4682 hoc.
1006 4639 1107 4695 est,
1136 4632 1189 4685 in
1215 4635 1371 4689 tertia
1399 4651 1621 4704 persona
1651 4617 1751 4692 im-

197 4709 439 4774 perativi,
466 4718 523 4763 ut
546 4712 685 4777 edat,
717 4723 768 4769 et
814 4715 867 4770 in
894 4716 1073 4773 futuro
1110 4724 1331 4792 optativi
1357 4727 1562 4795 quiaest
1588 4730 1748 4782 etiam

198 4796 596 4865 subiunctivum
614 4818 873 4872 prasente,
902 4809 1072 4874 edam,
1108 4813 1250 4878 edas,
1271 4816 1412 4880 edat,
1434 4825 1490 4871 et
1518 4818 1612 4872 rel.
1636 4819 1748 4889 pri-

195 4896 278 4937 ma
301 4886 500 4954 syllaba
529 4901 797 4960 correpta,
825 4903 886 4947 ut
912 4895 1179 4954 mularis.
1203 4902 1267 4955 de
1297 4905 1540 4972 palumbe
1565 4925 1576 4958 :

311 4973 779 5058 '"ﬁ‘l‘L'ii‘Bf‘E'PPF
803 4985 990 5058 eum
1014 4987 1338 5058 ιιεδειωαιυε
1362 4995 1589 5058 nam»

408 5050 470 5086 on
497 5039 607 5089 edat
628 5039 752 5092 hanc
775 5044 1042 5109 volucrem,
1066 5050 1147 5109 qui
1167 5039 1297 5112 cupit
1317 5039 1432 5102 esse
1447 5039 1612 5120 alii...

193 5107 270 5169 Ex
313 5115 414 5171 hoc
458 5120 643 5189 utique
686 5123 851 5179 verbo
903 5107 1213 5184 derivantur
1231 5107 1467 5202 comedo,
1505 5107 1740 5209 amledo,

196 5202 369 5272 abedo,
410 5210 722 5280 circumdo,
769 5224 825 5271 et
859 5217 974 5285 eius
1005 5221 1411 5280 declinationem
1443 5229 1494 5282 in
1518 5202 1744 5303 utroque

196 5304 378 5361 genere
406 5314 640 5358 servant.
682 5303 968 5364 Sciendum
993 5321 1170 5368 tamen
1199 5317 1340 5385 quod
1367 5329 1573 5378 veteres
1601 5325 1742 5382 istud

196 5385 405 5480 verbum
453 5408 558 5446 non
602 5409 870 5480 corrupte,
920 5405 1012 5458 sed
1057 5405 1261 5480 integre
1312 5416 1608 5472 secundum
1631 5429 1739 5477 ter-

197 5471 319 5529 tiam
341 5480 760 5552 coniugationem
812 5471 1196 5561 declinabant:
1221 5507 1278 5552 ut
1315 5501 1432 5566 edo,
1455 5471 1737 5576 edis,

198 5576 426 5637 correpta
475 5576 644 5642 prima
690 5579 889 5650 syllaba
913 5622 928 5648 ,
975 5592 1030 5637 et
1081 5587 1174 5641 rel.
1206 5589 1338 5645 Cato
1368 5592 1435 5646 ad
1463 5592 1630 5651 ﬁlium
1671 5601 1739 5658 de

1035 412 1422 471 EXCERPTIO
1456 416 1544 472 DE
1581 415 1771 472 ARTE
1806 415 2256 477 GRAMMATICA
2291 423 2646 480 PRISCIANI.

3334 434 3440 490 654

2008 528 2340 640 gttiiliaodubitet
2355 535 2378 582 ?
2399 547 2506 586 nam
2531 531 2664 599 saepe
2678 536 2814 589 favos
2835 538 3034 602 ignotus
3055 540 3226 594 abedit

1881 687 1952 745 Et
1976 689 2236 749 Martialis
2256 714 2271 750 ι

2006 773 2126 845 Ipse
2139 798 2254 836 suas
2271 798 2511 851 nunquam
2524 789 2768 843 barbarus
2782 795 2888 846 edit
2905 807 3054 849 aves:

1883 866 2130 937 eubique
2173 868 2345 941 longa.
2397 871 2526 927 Sum
2570 876 2752 947 itaque
2790 879 3011 934 verbum
3054 879 3443 937 substantivum

1884 957 2127 1013 anomale
2164 975 2262 1029 per
2307 977 2496 1019 omnes
2537 968 2723 1023 modos
2739 1008 2768 1050 ,ο
2792 983 3051 1028 numeros
3085 981 3139 1028 et
3163 989 3442 1044 personas,

1882 1046 2084 1113 primas
2112 1049 2342 1117 syllabas
2371 1053 2562 1113 breves
2611 1046 2803 1114 natura
2833 1061 3015 1126 habet,
3049 1071 3116 1117 ut
3129 1079 3265 1128 sum,
3287 1080 3362 1130 es,
3392 1071 3446 1118 et

1883 1151 2097 1204 sumus;
2121 1139 2456 1211 imperfecto,
2480 1163 2648 1214 eram,
2667 1165 2804 1215 eras,
2818 1158 2873 1205 et
2893 1151 2989 1205 rel.
3011 1169 3025 1218 ;
3051 1152 3289 1223 perfecto
3304 1194 3318 1220 ,
3344 1139 3455 1224 fui,‘

1884 1225 2052 1295 fuisti,
2088 1229 2209 1306 fuit,
2240 1233 2458 1302 fuimus,
2487 1245 2542 1291 et
2565 1237 2698 1305 rel.;
2738 1239 3019 1310 plusquam
3051 1242 3308 1312 perfecto,
3335 1243 3461 1314 fue-.

1885 1332 2018 1382 ram,
2047 1318 2244 1387 fueras,
2285 1331 2340 1378 et
2366 1325 2461 1379 rel.
2496 1343 2510 1392 ;
2541 1325 2742 1395 futuro,
2770 1346 2880 1396 ero,
2915 1333 3039 1398 eris,
3069 1333 3184 1399 erit,
3213 1343 3270 1388 et
3302 1333 3400 1390 rel.
3425 1351 3440 1401 ;

1882 1409 2138 1476 optativo,
2170 1411 2402 1482 fuissem,
2451 1417 2663 1486 fuisses,
2695 1429 2750 1474 et
2784 1420 2917 1488 rel.;
2965 1422 3286 1491 coniunctivi
3323 1441 3446 1496 per-

1883 1493 2006 1566 l'ec,,
2040 1498 2249 1567 fuerim,
2292 1503 2582 1575 plusquam
2610 1507 2812 1576 perfec.
2849 1513 3097 1580 fuissem;
3122 1513 3221 1568 fut.
3256 1493 3444 1582 fuero;

1880 1597 2108 1658 excepto
2153 1607 2259 1647 uno
2305 1593 2488 1650 futuro
2537 1605 2743 1653 tantum
2800 1603 3022 1670 optativi
3067 1603 3151 1660 vel
3190 1605 3444 1675 praesenti

1880 1679 2226 1749 subiunctivi,
2255 1692 2317 1739 ut
2345 1687 2465 1753 sim,
2504 1689 2597 1760 sis,
2634 1691 2721 1756 sit,
2755 1692 2940 1759 simus,
2977 1694 3113 1760 sitis,
3145 1694 3266 1760 sint,
3301 1696 3444 1766 quod

1881 1770 2113 1825 secunda
2159 1788 2389 1842 persona
2431 1777 2700 1848 singulari
2721 1782 2967 1851 producit
2994 1785 3440 1856 monosyllabum,

1880 1869 1933 1914 et
1963 1861 2015 1915 in
2044 1863 2216 1932 prima
2259 1873 2420 1935 atque
2449 1871 2680 1937 secunda
2709 1870 2901 1940 plurali
2950 1874 3319 1944 penultimam.
3359 1877 3446 1932 Fit

1883 1961 2061 2010 tamen
2103 1966 2156 2011 et
2182 1958 2236 2012 in
2265 1960 2368 2014 hoc
2399 1962 2562 2017 verbo
2595 1961 2863 2032 aliquibus
2887 1967 3134 2035 personis
3161 1969 3444 2037 productio

1880 2046 2183 2114 positionis,
2215 2057 2268 2102 et
2308 2050 2361 2103 in
2388 2052 2541 2105 tertia
2573 2039 2803 2122 persona
2829 2057 3112 2124 praesentis
3147 2056 3443 2126 indicativi,

1879 2124 1943 2187 ut
1968 2143 2118 2199 sunt;
2157 2137 2269 2191 sive
2315 2139 2547 2194 secunda
2578 2152 2806 2210 persena
2846 2142 3087 2213 pluralis,
3131 2155 3191 2227 ut
3224 2147 3365 2212 estis,
3391 2157 3448 2202 et

1882 2223 2128 2294 imperat.
2157 2225 2255 2280 fut.
2288 2229 2519 2282 secunda
2549 2243 2800 2298 persona,
2830 2241 2955 2295 esto,
2994 2223 3184 2299 estote;
3219 2243 3273 2288 et
3309 2251 3446 2304 prai-

1845 2314 2018 2372 ,‘senti
2048 2322 2235 2383 optat,
2279 2331 2461 2382 essem,
2499 2334 2667 2386 esses,
2703 2330 2854 2386 esset,
2894 2329 2948 2376 et
2991 2323 3130 2390 rel.;
3181 2323 3443 2380 inﬂnitivo

1879 2410 2152 2468 praesent.,
2195 2419 2324 2459 esse.
2369 2403 2627 2471 Similiter
2667 2416 2721 2464 et
2765 2425 2885 2480 quae
2929 2412 2998 2467 ab
3043 2427 3109 2468 eo
3149 2404 3442 2484 composita

1879 2491 1995 2560 eius
2019 2494 2370 2552 declinatione
2394 2499 2779 2569 dignoscantur
2804 2503 2889 2558 vel
2915 2506 3176 2574 producta
3213 2505 3297 2561 vel
3324 2523 3444 2562 cor-

1880 2593 2029 2654 repta
2054 2600 2193 2653 esse,
2214 2595 2276 2643 ut
2313 2605 2522 2659 possum
2546 2631 2560 2657 ,
2599 2608 2795 2655 assum,
2822 2609 3068 2664 prmum,
3110 2596 3321 2662 desum,
3352 2598 3442 2653 αθ.

1877 2690 2014 2739 sum,
2067 2675 2338 2742 intersum,
2381 2695 2619 2748 prosum,
2667 2697 2972 2752 supersum;
3014 2685 3162 2753 quod
3197 2683 3443 2755 plurimis

1878 2764 2135 2835 exemplis
2160 2768 2374 2835 probari
2397 2778 2595 2839 potest.
2628 2771 2885 2827 Martialis
2906 2774 2958 2828 in
2983 2773 3257 2846 Epigram.
3283 2792 3301 2831 :

2065 2874 2311 2945 Etﬁcatitas
2327 2877 2478 2938 bello,
2501 2884 2553 2945 et
2574 2879 2944 2945 saltas,AAttice,
2963 2883 3092 2945 belle
3116 2897 3134 2942 ξ

2115 2934 2281 2985 Bellus
2306 2949 2364 2988 es
2379 2934 2484 2989 arte
2504 2938 2637 3005 lyrae,
2659 2934 2818 2994 bellus
2835 2955 2892 2994 es
2905 2934 3014 2997 a'rte
3032 2934 3171 3008 ιγνὸ.

1873 3034 2016 3092 idem
2043 3038 2099 3092 in
2122 3039 2310 3094 eodem
2336 3057 2350 3094 :

1994 3125 2218 3191 Nunquid
2239 3144 2445 3183 securus
2467 3147 2562 3186 non
2586 3144 2729 3201 potes
2751 3142 2993 3205 arrigere.

1793 3224 1844 3294 α
1873 3200 2020 3277 Virg.
2053 3207 2106 3261 in
2127 3207 2311 3269 Bucol.
2338 3226 2355 3264 :

1999 3294 2106 3347 liuc
2128 3300 2270 3358 ades,
2291 3312 2323 3348 o
2355 3300 2574 3364 Galatea,
2597 3307 2709 3370 quis
2724 3316 2802 3360 est
2824 3322 2932 3360 nam
2953 3311 3095 3362 ludus
3116 3315 3165 3364 in
3191 3314 3374 3368 undia'l

1871 3375 1940 3431 Et
1964 3375 2106 3432 idem
2129 3396 2142 3432 :

1992 3468 2100 3519 Huc
2123 3470 2256 3534 ades,
2286 3474 2441 3524 insani
2462 3474 2661 3542 feriant,
2682 3481 2812 3545 sine,
2836 3482 2994 3541 littora
3023 3486 3215 3539 duca...

1870 3544 2012 3602 Idem
2041 3549 2095 3604 in
2121 3552 2308 3607 eodem
2331 3573 2344 3608 :

2112 3639 2219 3692 Non
2241 3646 2401 3695 omnia
2425 3659 2678 3708 possumus
2698 3664 2884 3706 omnes.

1869 3715 1936 3773 Et
1960 3719 2100 3775 idem
2125 3740 2137 3776 :

1991 3808 2107 3861 Haec
2129 3811 2219 3862 tibi
2241 3825 2442 3879 semper
2462 3827 2627 3883 erunt,
2653 3828 2706 3872 et
2724 3835 2833 3874 cum
2853 3826 3084 3878 solemnia
3105 3829 3245 3883 dona.

1867 3888 1996 3946 Item
2023 3909 2036 3946 :

1990 3983 2081 4034 Hic
2104 3991 2265 4035 tamen
2293 3989 2383 4039 hac
2403 4003 2592 4043 mecum
2616 3998 2799 4056 poteris
2817 4003 3131 4064 requiescere
3150 4013 3311 4060 nocte.

1863 4062 1994 4118 item
2019 4083 2030 4118 :

1991 4152 2258 4210 Fortunate
2281 4172 2425 4226 puer,
2447 4169 2501 4213 tn
2521 4177 2650 4217 nunc
2670 4171 2770 4219 eris
2789 4168 2914 4222 alter
2934 4176 2994 4223 ab
3017 4175 3117 4228 illo.

1864 4233 2082 4292 Memini
2108 4254 2320 4311 quoque
2359 4252 2414 4298 et
2456 4247 2545 4300 odi
2588 4249 2642 4303 in
2688 4251 2975 4320 indicativo
3006 4267 3111 4313 tam
3143 4265 3424 4330 praesentis

1861 4328 2123 4395 temporis
2150 4345 2308 4398 quam
2336 4336 2592 4401 praeteriti
2619 4338 2724 4392 vim
2741 4340 2902 4398 habet
2935 4332 3118 4402 ulti'ma
3142 4328 3417 4419 producta.

1859 4413 1918 4466 la
1946 4417 2156 4472 caeteris
2206 4427 2380 4474 autem
2411 4422 2744 4494 temporibus
2767 4439 2824 4484 et
2859 4435 3033 4490 modis
3059 4413 3268 4494 terliam
3293 4457 3420 4497 con-

1855 4499 2191 4574 iugationem
2243 4521 2559 4579 sequuntur.
2642 4515 2780 4573 Nam
2827 4524 2944 4576 aeui
2982 4540 3220 4593 presens
3263 4546 3419 4586 nosco

1860 4593 2005 4649 facit.

2444 4689 2524 4746 De.
2542 4696 2826 4763 gerundiis.

1921 4793 2228 4890 Gerundia,
2282 4799 2367 4853 vel
2404 4805 2703 4890 participia
2729 4849 2743 4873 ,
2790 4811 2870 4866 vel
2912 4814 3138 4883 supina,
3179 4819 3415 4890 quinque

1849 4890 1976 4936 sunt
2025 4884 2080 4937 in
2129 4884 2431 4956 huiusmodi
2478 4893 2716 4960 vocibus,
2779 4908 2836 4950 ut
2881 4903 3116 4970 amandi,
3161 4884 3408 4978 amando,

1847 4972 2152 5040 amandum,
2184 4987 2438 5043 amatum,
2481 4994 2675 5037 amatu.
2708 4985 2783 5041 De
2809 4990 3011 5047 ultimis
3040 5010 3223 5051 eorum
3246 4972 3407 5069 sylla;

1846 5062 1930 5117 bis
1948 5063 2060 5133 iam
2089 5066 2349 5134 diximus;
2380 5085 2523 5126 nunc
2548 5089 2676 5130 vero
2702 5079 2767 5134 de
2793 5083 3098 5150 penultimis
3126 5062 3404 5148 dicendum

1847 5160 1946 5215 est,
1981 5155 2104 5221 quia
2133 5172 2237 5210 non
2266 5159 2544 5217 minimum
2574 5166 2788 5234 adjuvat
2821 5187 2913 5227 cas
2943 5176 3100 5240 sciri,
3137 5195 3258 5233 cum
3284 5196 3406 5249 par-

1845 5242 2029 5312 ticipia
2059 5248 2316 5328 prateriti
2348 5260 2402 5304 et
2433 5251 2598 5310 futuri
2629 5262 2883 5329 temporis
2909 5263 3031 5320 inde
3056 5242 3302 5333 veniant;
3345 5279 3405 5323 ut

1845 5340 2059 5398 amatu,
2101 5322 2304 5389 amatus
2335 5338 2418 5422 vel
2464 5322 2758 5410 amaturus:
2804 5358 2858 5402 et
2901 5355 3113 5406 nomina
3146 5355 3400 5423 verbalia,

1847 5431 1904 5476 ut
1931 5423 2156 5489 auditor,
2207 5410 2426 5482 audilio.
2481 5431 2682 5503 Regula
2732 5440 2871 5492 enim
2904 5443 3144 5508 quaedam

1843 5518 2075 5584 partium
2109 5512 2236 5576 hinc
2265 5522 2474 5577 videtur
2501 5529 2652 5592 oriri,
2690 5545 2807 5598 qua:
2844 5533 2912 5585 ad
2949 5534 3150 5589 medias
3170 5534 3404 5606 syllabas

1845 5610 2242 5674 cognoscendas
2290 5615 2686 5682 promptissima
2724 5618 2831 5684 sit,
2883 5630 2937 5674 et
2975 5623 3136 5679 totius
3178 5625 3407 5685 rationis

1219 5660 1230 5665 Α
1912 5660 1941 5674 υ
1997 5660 2238 5664 νίκη-η
2290 5660 2686 5682 r-----,--....._..
2724 5660 2831 5684 νη,
2884 5660 2937 5674 ν.
2977 5660 3136 5679 ..ωηο
3179 5660 3398 5685 ..ι-νη..

198 5664 400 5779 21:3qu
676 5669 893 5724 multum
925 5676 1094 5728 somni
1123 5678 1294 5747 affert,
1321 5682 1410 5752 qui
1438 5681 1586 5740 illum
1604 5688 1732 5746 edit.
1840 5698 2298 5766 perspicacissima
2352 5720 2569 5770 norma,
2618 5707 2682 5761 de
2725 5725 2832 5779 quo
2869 5713 3202 5772 manifestius
3232 5718 3288 5778 in
3310 5734 3398 5774 se-

199 5739 259 5796 Ει
286 5746 417 5818 Virg.
453 5753 503 5808 in
527 5771 574 5809 tv
600 5756 789 5831 Georg.
827 5781 838 5816 :

1842 5788 2124 5856 quentibus
2151 5792 2406 5850 dicemus.
2435 5793 2559 5851 Tria
2588 5798 2753 5871 igitur
2779 5805 2955 5872 priora
2991 5807 3178 5876 supina
3211 5809 3398 5878 penul«
