3918 6362
430 375 535 430 655

1060 373 1121 426 Β.
1161 369 1413 425 RABANI
1450 367 1669 426 MAURI
1706 352 2029 422 ARCHIEP.
2076 362 2383 420 MOGUNT.
2426 360 2708 418 OPERUM
2744 357 2924 416 PARS
2955 359 3044 416 ιιι.

3574 350 3682 409 656

433 492 593 546 timas
617 489 880 560 positione
904 489 1116 557 semper
1141 477 1482 555 producunt,
1537 486 1663 540 licet
1686 481 1890 538 vocalis
1911 495 2005 533 na—
2031 479 2082 539 Α
2111 477 2337 541 duobus,
2383 475 2436 530 id
2477 482 2578 538 est,
2621 462 2774 527 datus
2801 480 2856 527 et
2882 480 3073 533 status,
3103 468 3171 524 ab
3190 481 3300 522 uno
3325 465 3494 521 verbo
3521 465 3676 535 depo.

436 593 554 639 tura
585 585 656 641 sit
683 591 924 652 correpta
947 580 1030 634 vel
1052 581 1312 650 producta
1341 593 1437 649 per
1464 579 1655 633 omnes
1677 575 2006 647 coniugatio-

435 692 553 742 nes,
581 684 640 731 ut
670 674 902 737 amandi,
941 672 1188 736 amando,
1231 671 1546 735 amandum;
1598 668 1859 733 monendi,
1893 682 2004 719 mo-

434 770 623 836 nendo,
659 766 1003 828 monendum;
1039 763 1295 834 gemendi,
1341 761 1609 833 gemenda,
1664 759 2004 829 gemendum;

435 859 717 940 nutriendi,
748 855 1042 921 nutriendo,
1086 853 1439 909 nutriendum.
1492 851 1785 920 Sequentia
1825 859 2006 904 autem

434 954 537 1008 duo
558 951 754 1006 dehinc
783 955 1137 1018 exponentur.
1184 945 1373 1001 Omnia
1394 945 1584 1015 primm
1611 942 2005 1013 coniugationis

434 1045 594 1099 verba
635 1057 753 1112 quas
796 1041 851 1094 in
895 1040 942 1093 vi
980 1038 1312 1109 praeteritum
1344 1036 1637 1090 terminant
1665 1076 1679 1099 ,
1729 1035 1775 1088 vi
1812 1031 2004 1087 intum

433 1131 804 1189 convertentia
872 1127 1076 1184 faciunt
1133 1126 1323 1197 supina
1374 1123 1669 1195 penultima
1721 1123 2002 1193 producta,

435 1225 625 1288 amavi,
654 1231 916 1285 amatum;
976 1219 1187 1283 donavi,
1232 1217 1514 1281 donatum;
1559 1210 1721 1280 oravi,
1764 1224 2005 1279 oratum;

434 1315 576 1385 ﬂavi,
603 1315 821 1382 flatum;
840 1311 974 1381 juvi,
1005 1311 1192 1381 iutum,
1225 1316 1279 1363 et
1321 1323 1385 1362 ex
1417 1323 1480 1362 eo
1511 1307 1712 1376 adjuvi,
1738 1306 2003 1385 adiutum,

435 1383 538 1458 nec
575 1418 679 1456 non
711 1410 764 1456 et
794 1401 848 1454 in
891 1400 1101 1454 caeteris
1150 1397 1614 1468 coniugationibus
1670 1383 2005 1465 quaecunque

435 1495 489 1550 in
516 1495 788 1565 prmterito
836 1495 892 1548 in
937 1510 1099 1564 supra
1141 1493 1337 1548 dictam
1385 1493 1640 1563 syllabam
1692 1493 2002 1555 terminant,

435 1587 490 1641 id
517 1597 618 1653 est,
653 1590 695 1643 vi
721 1588 806 1642 vel
831 1589 869 1658 ii
895 1589 1074 1643 omnia
1096 1578 1444 1658 pennitimam
1473 1587 1776 1656 producunt
1820 1586 1874 1638 in
1919 1600 2008 1638 su-

434 1679 584 1750 pino,
632 1687 692 1732 ut
724 1680 890 1744 movi,
921 1689 1151 1743 motum;
1184 1679 1320 1742 nevi,
1358 1686 1565 1742 netum;
1598 1676 1733 1748 favi,
1769 1675 2006 1744 fautum;

433 1769 626 1840 cupivi,
661 1770 923 1839 cupitum;
953 1768 1098 1832 solvi,
1133 1767 1394 1831 solutum;
1435 1766 1591 1830 volui,
1623 1765 1886 1836 volutum;
1921 1782 2008 1818 ca-

2107 567 2257 621 nenti
2277 566 2528 621 secundae
2552 562 2965 634 coniugationis,
3004 561 3056 614 id
3083 567 3182 625 est,
3214 574 3353 623 reor,
3384 566 3552 620 ratus,
3593 564 3671 609 at-

2107 671 2211 726 que
2238 671 2345 711 uno
2374 655 2546 710 tertia:
2575 651 2991 724 coniugationis,
3025 649 3233 715 activo,
3281 665 3418 713 sero,
3446 647 3568 712 sevi,
3592 663 3680 700 sa-

2107 755 2238 812 tum,
2261 755 2426 801 satus.
2465 743 2688 800 DilIicile
2715 743 2860 797 enim
2887 740 3148 804 invenies,
3173 755 3201 794 e
3225 739 3375 794 verbi
3405 739 3457 792 in
3485 756 3516 792 α
3550 753 3687 793 con-

2109 838 2244 894 verti
2273 838 2613 910 participium
2645 837 2758 891 sive
2791 826 3064 905 supinum,
3093 830 3198 886 nisi
3231 830 3286 885 in
3307 845 3468 900 supra
3498 829 3683 885 dictis.

2105 928 2164 983 In
2215 928 2604 999 compositione
2646 942 2775 982 vero
2830 938 2993 995 supra
3051 923 3316 978 dictorum
3366 923 3686 991 supinorum

2105 1019 2220 1074 sive
2257 1019 2664 1090 participiorum
2707 1019 2764 1073 in
2801 1014 3186 1091 iconvertitu'r
3213 1022 3537 1082 correptam,
3589 1031 3684 1067 sa-

2113 1120 2222 1176 tus,
2253 1111 2462 1176 insitus,
2494 1109 2710 1164 obsitus.
2734 1106 2892 1177 Virg.
2911 1106 2964 1160 in
2986 1121 3024 1160 ιι
3048 1103 3296 1176 Georgic.
3325 1123 3338 1157 :

2232 1225 2442 1275 Vertere
2468 1225 2520 1274 lu
2545 1211 2770 1286 alterius,
2799 1201 3131 1285 mutatamque
3153 1219 3296 1270 insita
3319 1217 3443 1268 mala

2231 1286 2385 1336 Ferre
2407 1299 2598 1348 pyrum.

2107 1387 2165 1442 In
2189 1386 2243 1440 di
2269 1386 2568 1441 desinentia
2595 1385 2867 1454 praeterita
2894 1383 2980 1438 vel
3025 1383 3079 1438 in
3112 1398 3228 1436 sum
3263 1378 3556 1438 terminant
3591 1392 3682 1431 suo

2109 1478 2316 1547 pinum,
2344 1485 2400 1532 et
2430 1477 2697 1546 positione
2728 1475 3080 1558 penultimam
3106 1474 3429 1543 producunt,
3462 1478 3522 1522 ut
3549 1468 3684 1537 fodi,

2110 1567 2342 1635 fessum;
2364 1566 2575 1638 prandi,
2613 1556 2898 1637 pransum;
2941 1563 3121 1635 pandi,
3162 1577 3419 1631 pansum;
3450 1556 3683 1628 defendi.

2110 1655 2411 1727 defensum;
2450 1656 2725 1720 momordi,
2762 1670 3029 1718 morsum;
3076 1652 3206 1715 sedi,
3251 1666 3482 1712 sessum;
3527 1647 3690 1712 scidi,’

2113 1747 2328 1800 scissum
2345 1764 2364 1811 ;
2415 1745 2532 1814 ﬁdi,
2562 1745 2777 1813 ﬁssum;
2804 1743 2888 1797 vel
2934 1743 2989 1797 in
3014 1742 3162 1806 itum,
3189 1741 3338 1795 brevi
3369 1737 3681 1807 penultima,

433 1860 529 1926 lui,
558 1859 820 1925 culutum;
851 1861 1027 1914 audivi
1054 1859 1139 1913 vel
1161 1858 1325 1924 audii,
1359 1858 1629 1922 auditum;
1660 1856 1871 1920 munivi,
1895 1872 2009 1908 mu-

2113 1844 2167 1890 et
2187 1836 2422 1890 maxime
2444 1837 2498 1890 in
2530 1836 2613 1890 his
2639 1835 2820 1890 verbis
2849 1850 2968 1904 quae
3003 1833 3341 1887 iterationem
3379 1831 3688 1884 novissima:

436 1953 633 2016 nilum;
683 1941 1067 2020 exceptis°'his,
1115 1950 1230 2016 livi,
1280 1949 1463 2014 litum;
1510 1949 1644 2013 sivi,
1690 1948 1883 2011 silum;
1919 1947 2006 2012 ivi,

435 2050 600 2112 itum;
644 2047 801 2118 quivi,
841 2048 1072 2117 quitum;
1124 2047 1246 2111 civi,
1287 2047 1479 2110 citum;
1522 2044 1648 2109 sevi,
1684 2052 1889 2108 satum;
1925 2058 2010 2096 co—

433 2137 614 2208 gnovi,
646 2139 907 2206 cognitum
923 2155 942 2201 ;
973 2138 1186 2206 agnovi,
1219 2138 1480 2206 agnitum,
1506 2144 1560 2190 et
1585 2151 1650 2190 ex
1682 2137 1761 2189 eis
1788 2148 2008 2202 compo-

433 2228 558 2292 sita,
590 2227 1044 2292 obitum,aditum,
1072 2229 1412 2296 prmieritum,
1438 2228 1719 2297 nequitum.
1736 2226 1818 2280 Ab
1837 2213 2008 2278 ambio

435 2333 648 2388 quoque
679 2319 930 2388 supinum
972 2317 1056 2371 vel
1097 2318 1436 2386 participium
1489 2317 1738 2385 producit
1779 2314 2010 2386 penulti-

436 2423 580 2463 mam
606 2409 643 2461 i.
676 2407 895 2463 Ovidius
923 2407 978 2461 in
1004 2424 1021 2461 1
1050 2407 1549 2477 Metamorphoseon
1575 2424 1589 2459 :

564 2519 714 2568 Iussit
734 2525 787 2568 et
809 2520 1000 2568 ambita
1023 2519 1322 2568 circumdare
1348 2517 1503 2568 littora
1528 2525 1706 2580 teme;

439 2623 653 2694 quando
689 2638 883 2678 nomen
907 2631 1008 2688 est,
1032 2622 1274 2677 eamdem
1297 2621 1536 2691 corripit.
1560 2619 1688 2687 Quae
1717 2635 1848 2674 vero
1871 2619 1924 2673 in
1955 2619 2012 2671 ui

418 2713 639 2769 .divisas
667 2713 720 2767 in
751 2714 1024 2782 prmterito
1047 2713 1328 2778 desinunt,
1373 2713 1444 2782 si.
1465 2728 1569 2766 non
1599 2712 1865 2781 positione
1886 2726 2011 2781 pro-

437 2806 706 2861 ducuntur
744 2804 798 2857 in
838 2803 1047 2874 supino,
1092 2812 1149 2856 ul
1190 2803 1353 2867 secui,
1377 2812 1607 2866 sectum;
1637 2803 1791 2866 mica,
1827 2802 2007 2867 micui,

435 2895 682 2961 mictum;
732 2896 1186 2962 docui,doctum;
1218 2894 1380 2959 tenui,
1431 2903 1658 2958 lentum;
1711 2894 1892 2964 rapui,
1926 2909 2012 2946 ra-

434 2996 612 3059 ptum;
662 2987 860 3058 aperui,
893 2997 1165 3057 apertum;
1220 2985 1305 3040 vel
1341 3002 1377 3039 u
1408 2984 1761 3055 penultimam
1788 2985 2007 3050 habent,

435 3092 496 3140 ut
520 3085 662 3151 acui,
687 3094 928 3150 acutum;
956 3083 1124 3149 indui,
1148 3082 1422 3147 indutum;
1438 3084 1654 3137 ‘caatera
1689 3081 1868 3136 omnia
1891 3096 2010 3134 cor-

435 3174 724 3244 ripiuntur,
751 3182 811 3228 ut
846 3175 1014 3236 vetui,
1057 3173 1297 3236 vetitum;
1337 3171 1531 3239 crepui,
1563 3170 1848 3238 crepitum;
1883 3186 2007 3222 can-
2035 3193 2079 3256 C
2111 3221 2140 3258 0
2163 3170 2218 3258 ἰ
2244 3205 2261 3256 ί
2290 3170 2595 3272 mmmam
2626 3170 2989 3258 “‘addmbne

437 3263 560 3329 dui,
588 3263 884 3327 conditum;
927 3261 1138 3326 studui,
1178 3261 1462 3324 studitum;
1503 3259 1692 3325 habui,
1738 3257 2004 3323 habitum;

436 3353 636 3420 monui,
666 3353 952 3417 monitum;
993 3352 1181 3417 vomui,
1214 3352 1454 3405 vomitum
1472 3367 1492 3418 ;
1514 3351 1708 3420 gemui,
1732 3351 2009 3420 gemitum;

441 3441 652 3511 fremui,
702 3441 1002 3510 fremitum;
1047 3441 1264 3504 tremui,
1314 3441 1611 3518 tremitum;
1655 3447 1710 3492 et
1764 3454 1926 3492 unum
1977 3455 2011 3492 ιι

440 3531 788 3603 penultimam
836 3532 1039 3586 habens
1088 3533 1326 3594 brevem,
1373 3531 1474 3593 rui,
1519 3537 1732 3593 ratum;
1759 3537 1813 3582 et
1845 3544 1908 3597 ex
1947 3543 2012 3584 co

439 3622 759 3692 composita,
788 3629 848 3675 ut
877 3620 1042 3686 obrui,
1077 3621 1353 3681 obrutum;
1383 3619 1544 3684 dirui,
1575 3619 1845 3683 dirutum;
1876 3621 2008 3682 erui,

445 3724 671 3770 erutum.
710 3714 767 3767 lu
794 3714 838 3767 si
860 3728 1071 3782 quoque
1098 3712 1182 3767 vel
1210 3713 1264 3765 in
1288 3713 1343 3765 xi
1371 3711 1714 3766 terminantia
1741 3711 2013 3779 praeterita

438 3804 782 3876 penultimam
815 3805 990 3874 supini
1025 3813 1115 3858 aut
1159 3812 1351 3858 natura
1395 3811 1488 3856 aut
1511 3791 1774 3873 positione
1803 3817 2013 3871 semper

437 3899 756 3965 producunt,
788 3906 847 3951 ut
871 3897 986 3962 risi,
1017 3897 1213 3962 risum;
1240 3895 1456 3960 indulsi,
1488 3895 1774 3959 indultum,
1823 3893 1906 3948 vel
1927 3894 2010 3946 in-

441 3989 684 4054 dulsum;
712 3989 832 4053 lusi,
856 3988 1222 4059 lusum;_la:si,
1247 3987 1460 4052 ltesum;
1487 3987 1615 4051 ussi,
1647 3996 1855 4049 ustum;
1878 3984 2009 4051 luxi,

443 4081 674 4146 luctum;
707 4082 854 4145 auxi,
884 4091 1126 4144 auctum;
1169 4081 1316 4143 duxi,
1346 4082 1590 4144 ductum;
1619 4081 1752 4146 dixi,
1779 4081 2012 4143 dictum;

441 4158 603 4254 vinosi,
633 4154 892 4234 vinctum;
919 4171 1091 4234 sanxi,
1123 4179 1389 4234 sanctum;
1416 4171 1558 4240 ﬂexi,
1589 4170 1817 4238 ﬂexum;
1858 4170 2012 4238 ﬂuxi,

442 4267 664 4333 fluxum.
707 4261 838 4317 Steti
886 4277 1014 4316 vero
1042 4270 1235 4315 statum
1263 4263 1528 4332 supinum,
1569 4263 1860 4331 penultima
1888 4277 2015 4332 pro-

441 4357 618 4418 ducta,
653 4355 811 4409 debet
834 4352 1030 4418 facere,
1062 4353 1202 4406 unde
1232 4351 1483 4407 Lucanus
1517 4352 1572 4406 in
1602 4368 1654 4406 χι
1683 4370 1695 4405 :

569 4505 583 4520 .
625 4503 640 4520 .
685 4504 698 4518 .
737 4507 749 4520 .
785 4468 1062 4521 Constatura
1085 4467 1204 4516 ﬁdes
1223 4479 1486 4528 superum,

2114 1925 2332 1997 syllabas
2371 1925 2424 1978 in
2457 1925 2728 1994 praeterito
2757 1924 2978 1988 faciunt,
3028 1931 3086 1976 ut
3124 1921 3351 1993 reddidi,
3390 1921 3687 1984 redditum;

2112 2018 2334 2083 credidi,
2358 2017 2645 2082 creditum;
2686 2016 2910 2087 perdidi,
2932 2015 3224 2085 perditum;
3246 2007 3477 2075 condidi,
3510 2011 3689 2064 condi-

2111 2111 2252 2173 tum;
2302 2107 2530 2171 vendidi,
2579 2106 2860 2160 venditum.
2938 2103 3057 2157 Vidi
3078 2119 3290 2175 quoque
3310 2110 3366 2157 et
3396 2102 3512 2173 eius
3542 2113 3696 2156 com-‘

2111 2199 2281 2269 posita
2308 2197 2509 2267 providi
2549 2205 2603 2250 et
2663 2195 2862 2261 invidi,
2901 2190 3251 2266 penultimam
3283 2194 3336 2248 in
3365 2194 3559 2263 supino
3595 2208 3688 2248 na-

2051 2325 2059 2330 -
2098 2300 2232 2345 -tura
2252 2290 2573 2360 producunt,
2603 2289 2787 2354 visum,
2811 2289 3098 2359 provisum,
3127 2288 3384 2354 invisum;
3430 2286 3568 2357 fudi,
3603 2286 3689 2355 fu-

2114 2401 2250 2449 sum,
2274 2402 2306 2437 u
2330 2384 2506 2452 longa.
2538 2383 2594 2437 ln
2615 2383 2668 2452 gi
2695 2397 2905 2452 quoque
2934 2381 3084 2435 tlnita
3112 2382 3275 2436 verba
3301 2381 3354 2434 in
3384 2380 3686 2461 prasterito,

2112 2475 2496 2547 ipenultimam
2541 2476 2594 2529 in
2627 2473 2818 2545 supino
2851 2467 3124 2537 breviant,
3175 2483 3235 2524 ut
3280 2469 3412 2541 fugi,
3442 2478 3496 2524 et
3528 2485 3597 2524 ex
3623 2484 3687 2525 eo

2112 2566 2426 2635 composita,
2458 2565 2688 2634 confugi,
2713 2564 2934 2634 perfugi,
2959 2562 3146 2633 refugi,
3170 2560 3398 2627 "faciunt,
3437 2561 3686 2630 fugitum,

2111 2644 2453 2725 confugitu'm,
2483 2653 2820 2723 perfugitum,
2861 2653 3173 2721 refugitum;
3210 2651 3312 2721 legi
3353 2667 3568 2722 quoque
3615 2651 3689 2706 le-

2114 2758 2253 2801 ctum
2282 2746 2430 2812 facit,
2458 2747 2556 2815 egi,
2585 2754 2778 2810 actum,
2813 2743 2962 2814 fregi,
2988 2742 3233 2812 fractum,
3259 2750 3312 2796 et
3341 2758 3408 2798 ex
3435 2744 3514 2797 eis
3544 2758 3687 2798 com-

2111 2841 2283 2910 posita
2315 2849 2374 2893 ut
2397 2838 2600 2910 collegi,
2633 2838 2921 2892 collectum.
2981 2837 3040 2892 In
3062 2837 3112 2890 bi
3138 2838 3411 2893 desinens.
3437 2838 3684 2908 prmteri-

2113 2941 2246 2996 tum,
2281 2930 2503 3001 corripit
2547 2928 2896 2999 penultimam
2930 2929 2981 2982 in
3011 2928 3224 2996 supino,
3269 2928 3400 2995 bibi,
3431 2929 3685 2997 bibitum;

2111 3021 2264 3086 ebibi,
2289 3020 2567 3087 ebibitum;
2600 3036 2862 3090 compesco
2886 3027 2941 3074 et
2959 3019 3199 3089 deposco,
3241 3028 3295 3074 et
3320 3037 3493 3090 posco,
3523 3029 3576 3075 et
3602 3021 3686 3074 di-

2111 3129 2278 3177 sco,_a
2300 3113 2551 3182 pmsenti
2581 3124 2821 3181 tempore
2867 3111 3076 3166 faciunt
3112 3101 3362 3182 supinum
3388 3114 3689 3170 mutatione

3016 3211 3160 3268 tum;
3195 3220 3368 3272 posce,
3395 3207 3650 3273 poscitum
3667 3221 3688 3271 ;

2112 3311 2396 3365 compesco,
2427 3295 2814 3365 compescitum,
2857 3301 2912 3348 et
2949 3295 3198 3364 deposco,
3227 3295 3574 3365 deposcitum;
3607 3296 3690 3349 di-

2112 3401 2220 3448 sco,
2261 3383 2523 3438 discitum.
2577 3371 2795 3453 Peperci
2824 3398 2951 3439 vero
2977 3383 3062 3438 vel
3090 3385 3259 3453 parsi,
3291 3402 3504 3455 parsum
3533 3385 3684 3443 facit.

2111 3472 2238 3528 Feci
2261 3483 2316 3529 et
2333 3476 2463 3544 jeci,
2490 3474 2688 3544 factum
2715 3481 2768 3528 et
2787 3474 3026 3544 factum;
3048 3474 3140 3539 ici,
3162 3475 3351 3540 ictum;
3375 3477 3537 3545 reperi
3561 3491 3691 3532 vero

2112 3574 2168 3620 ct
2189 3566 2415 3635 comperi
2438 3607 2450 3631 ,
2485 3573 2538 3619 et
2565 3558 2759 3620 caetera
2796 3564 3036 3634 eiusdem
3070 3565 3294 3634 originis
3335 3568 3601 3637 positione
3632 3568 3688 3624 in

2113 3657 2303 3725 supino
2331 3656 2631 3725 producunt
2654 3655 3033 3724 penultimam,
3067 3663 3128 3710 ut
3155 3666 3490 3727 compertum,
3525 3676 3692 3729 reper-

2113 3753 2243 3810 tum,
2291 3753 2576 3812 expertum,
2628 3752 2880 3813 opertum.
2968 3743 3298 3814 Deponentia
3346 3762 3556 3814 quoque
3601 3745 3691 3801 vel

2113 3833 2416 3910 communia
2439 3833 2680 3902 quaedam
2705 3842 2848 3899 sunt,
2871 3849 3000 3903 quae
3027 3833 3081 3887 in
3111 3835 3302 3904 supino
3337 3835 3689 3905 penultimam

2114 3934 2307 3980 natura
2338 3925 2660 3994 producunt,
2685 3925 2930 3995 quaedam
2955 3936 3148 3982 natura
3179 3928 3500 3996 corripiunt,
3544 3941 3689 3996 quae-

2115 4020 2241 4072 dam
2270 4017 2538 4086 positione
2573 4025 2805 4084 tantum,
2837 4019 3083 4087 quaedam
3110 4028 3304 4075 natura
3330 4020 3490 4074 simul
3513 4028 3568 4074 et
3593 4033 3690 4089 po-

2115 4109 2311 4164 sitione
2363 4123 2482 4163 eam
2513 4107 2725 4180 longam
2755 4108 2992 4175 habent,
3031 4111 3126 4164 sed
3164 4111 3362 4180 positio
3390 4111 3550 4180 plana
3580 4117 3684 4166 est.

2114 4199 2380 4255 Caeterum
2410 4213 2529 4268 quae
2577 4207 2769 4252 natura
2806 4198 2891 4253 vel
2925 4199 3175 4269 producit
3219 4200 3304 4256 vel
3333 4201 3561 4270 corripit
3588 4214 3682 4256 ex-

2113 4306 2391 4362 ponemus.
2450 4289 2641 4345 Omnia
2677 4299 2854 4345 autem
2883 4291 3202 4360 deponentia
3230 4290 3316 4345 vel
3359 4293 3686 4357 communia,

2116 4401 2234 4456 qum
2260 4384 2608 4455 penultimam
2633 4401 2665 4436 a
2686 4384 2740 4438 in
2763 4383 2954 4454 supino
2974 4383 3192 4449 habent,
3216 4384 3522 4454 producunt
3542 4398 3686 4447 eam,

2117 4484 2176 4531 ut
2205 4476 2422 4539 irascor,
2473 4475 2698 4538 iratum;
2740 4474 3007 4539 criminor,
3069 4473 3690 4542 criminatum;excepto

445 4591 567 4630 cum
613 4576 795 4630 datum
833 4583 888 4628 et
927 4575 1115 4636 datus,
1168 4573 1308 4626 sicut
1359 4572 1604 4641 superius
1651 4573 2007 4640 ostendimus,
2041 4544 2093 4603 Β
2119 4567 2402 4636 uno,quod
2418 4582 2579 4637 supra
2601 4566 3163 4631 commemoravimus,
3185 4582 3324 4630 reor,
3346 4576 3538 4620 ratum.
3562 4566 3690 4631 Quae

444 4667 699 4736 corripiat
735 4683 766 4718 a
802 4662 1167 4734 penultimam.
1229 4662 1322 4716 Est
1354 4669 1531 4716 tamen
1574 4663 1626 4714 in
1661 4663 1760 4716 hoc
1797 4679 2011 4732 quoque

445 4755 737 4809 notandum
788 4755 931 4824 quod
984 4756 1198 4809 nomina
1227 4756 1294 4809 ab
1332 4769 1397 4808 eo
1418 4755 1661 4809 derivata
1706 4773 1736 4808 a
1777 4757 2008 4824 penulti-

444 4859 586 4897 mam
613 4843 696 4898 vel
726 4845 1200 4915 antepcnultimam
1243 4846 1573 4916 corripiunt,
1610 4854 1667 4900 ut
1692 4855 1879 4913 status,
1909 4857 2014 4901 sta-

446 4945 518 5001 ta,
542 4945 752 5002 statum,
778 4936 997 4990 stabilis.
1035 4935 1286 4993 Lucanus
1315 4939 1371 4992 in
1397 4953 1431 4991 ιι
1471 4953 1484 4992 :

690 5045 904 5103 Quorum
923 5051 1050 5096 stata
1073 5053 1291 5110 tempora
1314 5049 1472 5098 ﬂatus.

444 5128 590 5185 Idem
620 5128 674 5182 in
708 5143 740 5182 v
761 5147 775 5181 :

573 5221 723 5279 Quam
745 5231 840 5269 non
862 5219 1024 5270 stabili
1043 5221 1255 5271 tremulo
1272 5221 1359 5271 sed
1382 5222 1593 5274 culmine
1614 5229 1787 5274 cuncta

574 5282 885 5342 Despiceret.

455 5386 756 5456 Composita
811 5389 877 5443 ab
927 5403 993 5445 eo
1044 5391 1210 5444 variae
1258 5392 1605 5447 vetustissimi
1654 5392 2013 5464 protulerunt,

453 5492 587 5548 asto,
610 5484 823 5536 astitum
852 5491 904 5537 et
933 5493 1193 5549 astutum;
1241 5495 1449 5554 praesto,
1489 5488 1777 5556 praestitum
1799 5494 1854 5541 et
1877 5501 2014 5556 prce-

453 5586 665 5641 statum,
692 5577 708 5628 i
739 5586 1004 5648 correpta,
1039 5586 1090 5632 et
1119 5597 1149 5631 α
1176 5578 1455 5649 producta.
1488 5577 1552 5631 Et
1580 5580 1853 5633 sciendum
1878 5576 2018 5646 quod

458 5666 508 5718 in
534 5664 677 5720 nullo
706 5664 811 5721 alio
836 5668 1027 5737 supino
1056 5669 1168 5724 sive
1202 5669 1485 5739 participio
1517 5684 1610 5723 seu
1642 5669 1856 5723 nomine
1896 5684 2020 5738 par-

460 5755 678 5822 ticipiali
708 5775 738 5809 η
767 5758 1053 5826 pcnullima
1089 5760 1398 5831 corripitur,
1426 5761 1548 5833 _nisi
1579 5761 1641 5835 in
1671 5776 1829 5830 supra
1863 5760 2018 5816 dictis

2115 4676 2242 4716 vero
2269 4661 2466 4715 habent
2498 4660 2515 4710 i
2545 4667 2850 4727 correptam
2878 4659 2933 4712 in
2956 4657 3269 4728 penultima,
3293 4660 3541 4720 secanda:
3566 4665 3691 4711 sunt

2116 4750 2389 4812 veltertiac
2415 4747 2826 4816 coniugationis,
2872 4757 2930 4801 ut
2957 4763 3151 4812 vereor,
3180 4748 3434 4812 veritum;
3460 4749 3687 4811 intueor,

2115 4842 2392 4906 intuitum;
2434 4838 2700 4910 polliceor,
2741 4837 3068 4908 pollicitum;
3108 4837 3396 4906 adipiscar,
3441 4837 3690 4907 adipisci-

2119 4942 2226 4986 tum
2244 4951 2263 4997 ;
2295 4931 2589 4996 obliviscor,
2622 4942 2832 4998 quoque
2862 4926 3045 4982 debuit
3099 4925 3279 4981 facere
3323 4926 3688 4995 obliviscitum,

2125 5021 2217 5078 sed
2240 5036 2335 5089 per
2372 5019 2662 5092 synaeresin
2688 5017 2815 5072 facit
2842 5016 3083 5082 oblitum,
3113 5017 3130 5068 i
3155 5017 3439 5090 producta.
3482 5017 3689 5084 Czetera

2125 5114 2265 5168 enim
2290 5127 2408 5180 qua:
2431 5111 2448 5163 i
2477 5111 2802 5181 producunt,
2851 5115 3058 5176 quarta:
3104 5118 3230 5163 sunt
3255 5107 3648 5178 coniugationis
3668 5148 3685 5174 ,

2123 5211 2181 5256 ut
2227 5202 2463 5264 mentior,
2521 5200 2824 5261 mentitum;
2890 5199 3096 5264 metior,
3145 5198 3412 5261 metitum;
3469 5199 3688 5268 largior,

2123 5293 2386 5364 largitum.
2429 5291 2556 5357 Quae
2602 5297 2778 5342 autem
2829 5288 2988 5345 dubia
3039 5296 3164 5345 sunt
3210 5289 3350 5342 inter
3378 5292 3591 5344 tertiam
3631 5299 3693 5347 et

2124 5393 2369 5454 quartam
2391 5378 2839 5450 coniugationem,
2888 5380 3174 5450 aliquando
3215 5387 3467 5436 auctores
3492 5381 3693 5450 produ-

2121 5482 2268 5540 cunt,
2295 5470 2580 5542 aliquando
2604 5469 2900 5538 corripiunt
2924 5510 2938 5534 ,
2970 5479 3030 5525 ut
3049 5470 3238 5540 potior,
3264 5472 3426 5536 orior,
3471 5470 3687 5524 morior.

2122 5565 2268 5637 Virg.
2297 5566 2352 5620 in
2377 5580 2437 5618 ιιι
2469 5561 2680 5617 ᾹΞιιθὶᾱ.
2709 5579 2721 5615 :

2244 5661 2505 5806 3&3:
2538 5679 2794 5742 abrumpit,
2819 5679 3110 5744 Polydorum
3134 5681 3408 5745 obtruncat,
3433 5685 3486 5734 et
3505 5691 3618 5731 auro
