3918 6328
246 390 347 443 657

249 509 391 566 Idem
424 507 478 563 in
517 521 552 558 ιι
587 524 597 557 :

372 660 657 712 Nostrorum
677 657 940 717 obruimur,
962 654 1213 713 oriturque
1231 587 1702 700 iniserrigflésaedes.

246 746 502 802 Lucanus
525 741 580 796 in
603 756 656 795 ιν
681 758 695 794 :

375 835 480 886 Non
502 837 653 896 gratis
675 831 897 888 moritur,
919 824 1086 890 jugulo
1102 825 1190 887 qui
1212 829 1437 886 provocat
1454 822 1640 872 hostem

247 919 450 975 Nevius
471 918 526 971 in
554 915 734 970 Iliadis
769 927 808 965 ιι
834 929 848 964 :

376 1010 606 1058 Penetrat
631 1005 840 1066 penitus,
853 999 1167 1061 thalamoque
1187 996 1391 1059 potitur.

246 1090 489 1146 Lucilius
523 1087 576 1140 in
603 1101 664 1139 ιιι
691 1103 703 1137 :

373 1180 672 1231 Conturbare
697 1176 901 1225 animam
926 1172 1049 1234 potis
1073 1174 1167 1230 est,
1192 1170 1478 1231 quicunque
1497 1164 1731 1216 adoritur.

245 1266 454 1324 Ennius
482 1265 532 1317 in
561 1277 652 1316 11v
676 1258 996 1314 Annalium:

371 1356 509 1406 Nunc
534 1363 610 1403 est
630 1353 706 1401 illa
728 1352 851 1408 dies,
873 1361 979 1396 cum
1003 1347 1158 1409 gloria
1177 1345 1382 1409 maxima
1403 1353 1517 1391 sese

353 1407 519 1466 'Nnbis
541 1414 780 1472 ostendat,
804 1407 846 1460 si
871 1407 1084 1465 vivimus,
1108 1409 1214 1456 sive
1238 1407 1486 1453 morimur.

246 1502 451 1570 Supina
477 1512 663 1551 eorum
687 1501 831 1555 sunt,
859 1500 1048 1555 ortum,
1093 1490 1333 1558 potitum,
1364 1487 1628 1550 maritum,
1657 1485 1676 1537 i
1717 1497 1814 1554 pe-

245 1593 470 1648 nultima
500 1588 583 1642 vel
631 1586 920 1641 secundum
967 1580 1182 1636 tertiam
1215 1578 1646 1647 coniugationem
1693 1590 1814 1630 cor-

246 1692 419 1751 repta,
445 1679 530 1734 vel
556 1676 852 1733 secundum
882 1673 1128 1743 quartam
1159 1667 1440 1739 producta.
1479 1667 1617 1736 Ergo
1642 1682 1759 1735 quae
1782 1683 1816 1718 ιι

243 1773 595 1846 penultimam
624 1770 826 1823 habent
867 1767 920 1819 in
976 1765 1186 1832 supino,
1218 1761 1461 1815 eamdem
1493 1758 1814 1829 producunt,

245 1843 535 1932 utJoquor,
566 1853 829 1920 locutum;
861 1871 1064 1925 sequor,
1096 1861 1358 1913 secutum;
1388 1861 1527 1915 utor,
1550 1866 1734 1913 usum;
1762 1858 1819 1905 et
1844 1843 1892 1901 Β

245 1970 314 2009 ex
341 1954 420 2006 eis
450 1950 764 2019 composita,
797 1955 857 1999 ιιι
880 1943 1134 2008 alloquor,
1165 1941 1448 1994 allocutum
1465 1957 1484 2004 ;
1511 1955 1812 2010 consequor,

245 2050 620 2104 consecutum;
662 2038 866 2100 abutar,
909 2035 1146 2088 abusum.
1203 2032 1545 2099 Quaecunque
1573 2030 1716 2083 enim
1753 2029 1818 2082 de

245 2132 510 2189 anomalis
532 2131 736 2186 faciunt
764 2128 969 2198 supina,
998 2133 1091 2180 aut
1115 2140 1176 2179 ea
1207 2123 1471 2193 positione
1499 2122 1815 2190 producunt,

245 2230 308 2276 ut
335 2232 463 2284 tero,
495 2229 727 2282 tersum;
773 2216 908 2280 volo,
957 2214 1192 2275 vultum;
1218 2221 1311 2265 aut
1351 2219 1566 2276 natura,
1597 2218 1652 2263 ut
1687 2210 1804 2276 edo,

245 2329 388 2377 esus,
421 2318 475 2366 et
502 2311 569 2364 ab
599 2324 663 2363 eo
688 2308 1013 2377 composita,
1044 2313 1105 2360 ut
1129 2304 1362 2370 comedo,
1390 2320 1657 2368 comesus;
1701 2319 1817 2356 am-

247 2404 396 2469 bedo,
439 2401 676 2455 ambesus
695 2417 712 2464 ;
744 2399 930 2479 adedo,
955 2397 1162 2450 adesus.
1201 2395 1344 2466 Virg.
1370 2411 1426 2449 χι
1454 2410 1468 2448 :

434 2531 447 2544 .
487 2531 500 2545 .
537 2531 550 2544 .
590 2525 603 2541 .
638 2492 701 2544 Et
717 2492 936 2555 postibus
956 2489 1099 2539 haesit
1117 2487 1296 2539 adesis.

245 2601 388 2656 Idem
418 2599 470 2652 in
502 2612 562 2651 ιιι
592 2615 605 2650 :

371 2689 610 2740 Ambesas
631 2686 828 2748 subigat
848 2684 985 2734 malis
1009 2693 1298 2733 consumere
1318 2694 1526 2732 mensas.

245 2774 417 2846 Hujus
444 2781 623 2828 tamen
651 2771 800 2824 verbi
845 2777 900 2824 et
939 2767 1082 2822 aliud
1115 2767 1362 2836 supinum
1395 2764 1686 2830 invenitur,
1715 2763 1818 2817 esi-

245 2877 350 2928 ‘us,
378 2866 397 2918 i
426 2870 696 2931 correpta,
720 2859 861 2930 quod
887 2860 955 2913 ab
988 2857 1107 2921 edo,
1135 2857 1262 2919 edis,
1289 2856 1414 2920 edit,
1438 2855 1582 2909 venit
1613 2855 1820 2925 integra

243 2957 619 3014 declinatione.
652 2952 939 3008 Sciendum
978 2957 1156 3005 autem
1189 2949 1328 3018 quod
1366 2945 1419 3002 in
1448 2965 1534 3001 um
1570 2948 1820 3002 desinens

243 3048 531 3117 supinum,
577 3053 800 3114 accepto
844 3044 1010 3097 verbo
1038 3040 1248 3095 inﬁnito
1268 3040 1410 3110 quod
1453 3047 1538 3095 est
1564 3041 1638 3092 ire
1663 3038 1812 3104 facit,

243 3137 517 3192 inﬁnitum
556 3137 742 3200 futuri,
769 3141 1055 3188 ut'oratum
1089 3133 1184 3197 ire,
1231 3132 1438 3185 doctum
1467 3131 1562 3196 ire,
1617 3130 1809 3184 lectum

241 3233 340 3296 ire,
359 3230 596 3284 auditum
618 3230 728 3293 ire;
753 3227 1064 3297 frequenter
1097 3235 1276 3280 tamen
1299 3224 1658 3293 antiquissimi
1683 3239 1818 3279 neu-

244 3335 331 3381 tro
353 3323 635 3393 participio
675 3321 837 3375 futuri
864 3320 1126 3374 addebant
1154 3335 1262 3372 esse
1288 3358 1300 3381 ,
1333 3325 1388 3371 et.
1421 3316 1690 3370 inﬁnitum
1730 3315 1816 3369 fu-

244 3415 352 3469 turi
383 3412 776 3482 signiﬁcabant,
831 3419 892 3465 ut
928 3419 1197 3470 oraturum
1219 3426 1349 3474 esse,
1379 3423 1476 3479 pro
1503 3417 1706 3461 oratum
1745 3407 1820 3462 ire

244 3508 493 3568 dicentes
511 3548 526 3573 ,
561 3515 617 3562 et
641 3505 902 3576 facturum
924 3521 1033 3558 esse
1061 3520 1158 3573 pro
1190 3503 1387 3572 factum
1413 3502 1504 3554 ire.

843 3615 920 3669 De
957 3615 1232 3669 adverbiis.

323 3726 711 3782 Adverbiorum
761 3739 889 3795 ergo
943 3738 1042 3795 per
1111 3721 1349 3793 singulas
1414 3723 1819 3778 terminationes

247 3833 471 3877 necesse
498 3826 579 3871 est
607 3817 682 3870 ita
713 3815 913 3869 formas
951 3813 1234 3883 inspicere,
1265 3821 1324 3866 ut
1353 3827 1472 3880 qua:
1494 3813 1602 3866 sint
1630 3813 1820 3882 primi-

245 3912 380 3974 tiva,
412 3923 598 3977 quaeve
626 3907 938 3968 derivativa,
964 3903 1201 3970 diligenti
1235 3917 1362 3957 cura
1386 3903 1696 3957 iutimcmus
1716 3944 1729 3966 ,
1759 3911 1818 3958 ut

245 4003 374 4059 inde
423 3999 790 4071 productionis
839 3995 1020 4066 regula
1064 3995 1146 4049 vel
1191 3994 1545 4063 correptionis
1592 3993 1820 4048 manife-

194 4116 206 4134 ι
245 4091 386 4148 stius
411 4089 637 4144 eluceat.
657 4089 696 4141 Α
721 4087 887 4157 igitur
914 4083 1252 4139 terminantia
1274 4082 1641 4151 velprimitiva
1669 4092 1816 4148 sunt,

247 4195 313 4242 ut
338 4182 435 4246 ita,
463 4181 604 4249 quod
630 4179 800 4233 solum
819 4195 851 4230 a
879 4184 1179 4244 correptam
1206 4174 1387 4236 habet,
1419 4174 1665 4241 quamvis
1694 4173 1816 4242 qui-

247 4273 376 4330 dam
404 4281 527 4342 puta
555 4285 764 4340 quoque
787 4267 1097 4322 adverbium
1120 4280 1239 4320 esse
1269 4263 1557 4333 accipiant,
1592 4264 1818 4331 ideoque

246 4361 498 4421 Persium
528 4361 578 4415 id
608 4360 949 4427 corripuisse,
974 4365 1034 4410 ut
1062 4374 1073 4408 :

376 4474 477 4524 Hoc
498 4481 608 4534 puta
630 4484 724 4520 non
752 4472 933 4533 justum
955 4478 1052 4532 est,
1078 4467 1192 4518 illud
1215 4466 1356 4528 male,
1386 4468 1572 4516 rectius
1593 4464 1730 4514 illud.

245 4575 347 4632 Vel
376 4575 667 4644 composita
689 4613 703 4639 ,
733 4581 792 4626 ut
818 4583 1068 4643 prteterea
1087 4611 1102 4637 ,
1148 4575 1344 4626 interea
1367 4613 1380 4638 ,
1405 4583 1581 4641 postea
1601 4613 1615 4637 ,
1641 4580 1814 4637 antea,

241 4685 370 4741 quae
414 4668 592 4723 omnia
635 4668 936 4736 producunt
985 4683 1017 4719 a
1063 4666 1430 4731 terminalem,
1469 4667 1553 4720 vel
1599 4665 1819 4721 ablativi

243 4769 378 4817 sunt
396 4759 668 4813 nominum
690 4759 780 4827 qui
803 4773 900 4827 pro
921 4757 1191 4813 adverbiis
1215 4758 1575 4827 accipiuntur,
1590 4766 1669 4823 ut,
1691 4774 1816 4823 una,

241 4867 374 4922 qua,
399 4863 582 4917 nequa,
606 4845 786 4908 Roma,
817 4861 937 4915 qua:
963 4864 993 4899 a
1020 4845 1230 4916 longam
1261 4861 1418 4900 nemo
1439 4848 1645 4915 habere
1665 4846 1820 4900 dubi-

247 4947 348 4996 tat.
376 4937 430 4992 ln
451 4954 478 4990 e
506 4935 930 5006 correptam,vel
951 4936 1220 5006 primitiva
1242 4945 1387 5000 sunt,
1420 4943 1480 4989 ut
1502 4953 1653 5005 pone,
1671 4954 1817 5005 pene,

243 5045 426 5104 μορε,
456 5045 651 5098 nempe,
672 5028 877 5098 quippe,
906 5033 1060 5095 stupe,
1085 5027 1221 5093 inde,
1251 5038 1304 5080 et
1329 5042 1396 5080 ex
1418 5042 1483 5080 eo
1503 5028 1815 5096 composita,

246 5118 458 5184 deinde,
481 5118 718 5182 subinde,
743 5117 950 5180 exinde,
978 5117 1213 5184 proinde,
1247 5133 1364 5188 qua:
1393 5118 1570 5170 omnia
1598 5126 1817 5186 antepe-

244 5209 532 5266 nultimam
565 5209 766 5262 habent
796 5217 1028 5271 acutam,
1055 5209 1166 5263 sive
1189 5210 1311 5278 quia
1337 5225 1434 5279 per
1468 5210 1816 5277 adjectionem

245 5297 454 5354 habent
481 5296 579 5360 de,
611 5304 670 5350 ut
694 5295 1011 5364 quibusdam
1050 5297 1279 5362 videtur,
1327 5299 1468 5351 unde
1510 5292 1819 5367 frequenter

243 5386 556 5447 Invenimus
580 5389 699 5441 exin
722 5395 776 5441 et
796 5387 932 5439 dein.
966 5386 1111 5456 Virg.
1143 5387 1195 5440 in
1226 5403 1299 5441 vn
1325 5403 1340 5442 :

404 5478 529 5529 Exin
555 5481 818 5542 gorgoneis
841 5478 1015 5528 allecto
1034 5477 1208 5528 infecta
1235 5484 1467 5544 venenis;

243 5596 346 5639 seu
389 5583 560 5648 magis
605 5583 728 5650 quia
767 5582 1170 5651 praepositiones
1203 5594 1463 5652 separatze
1493 5595 1808 5654 gravantur;

246 5679 314 5727 ut
333 5680 512 5724 autem
538 5658 835 5738 conjunctae
860 5685 980 5724 esse
1002 5672 1367 5735 ostendantur,
1404 5683 1616 5726 acutum
1651 5675 1701 5726 in
1730 5676 1813 5729 his

249 5770 662 5831 assumpserunt
701 5771 978 5818 accentum
1008 5781 1018 5816 :
1050 5764 1314 5830 quomodo
1351 5766 1658 5834 conjunclio
1687 5769 1731 5820 si
1759 5777 1812 5823 ct

1055 377 1436 436 EXCER‘PTIO
1471 371 1775 432 DE‘ARTE
1811 373 2262 431 GRAMMATICA
2301 373 2664 430 PRISCIANI.’

1839 496 1892 556 Α
1919 509 1981 547 ne
2017 493 2352 557 adverbium,
2379 506 2499 546 cu'm
2520 497 2901 562 przeponuntur
2934 489 3164 559 quando,
3196 496 3253 542 ut
3276 506 3494 559 siquam-

3378 371 3482 426 (558

1919 585 2018 649 do,
2044 582 2337 654 nequando.
2381 581 2512 636 Nam
2537 581 2843 652 aliquando,
2874 580 3189 635 differentia:
3230 596 3389 636 causa
3421 584 3492 639 ab

1919 675 2209 745 aliquanto.
2233 672 2375 743 quod
2396 673 2729 727 consimilem
2758 687 2946 726 sonum
2987 671 3186 726 habere
3215 672 3489 739 videntur,

1919 768 2065 822 acuit
2103 764 2596 833 antepenultimam.
2623 762 2719 816 Vel
2746 763 3042 816 derivativa
3075 770 3199 821 sunt
3225 778 3254 816 a
3287 763 3488 826 verbis,

1916 868 1978 915 ut
2001 872 2249 930 peragro,
2265 874 2508 928 peregre;
2524 855 2709 926 punio,
2737 855 3225 924 impune;abnndo,
3251 855 3492 921 abunde;

1917 951 2043 1015 rito,
2068 949 2210 1004 unde
2231 947 2404 1012 irrito,
2433 949 2546 1001 rite.
2576 945 2802 1000 Nomina
2830 961 3040 1014 quoque
3080 961 3179 1014 pro
3221 946 3491 1000 adverbiis

1917 1038 1971 1092 in
2002 1055 2030 1092 ε
2049 1044 2354 1105 correptam
2377 1035 2674 1090 desinentia
2699 1033 3024 1097 invenimus,
3052 1042 3111 1087 ut
3136 1034 3313 1102 facile,
3337 1034 3487 1103 forte,

1915 1129 2164 1192 sublime,
2207 1126 2454 1197 quamvis
2493 1124 2646 1193 facile
2692 1132 2747 1178 et
2781 1122 2997 1177 sublime
3039 1123 3326 1176 accusativi
3360 1123 3484 1185 sint,

1917 1219 2050 1288 forte
2073 1226 2250 1272 autem
2281 1213 2544 1270 ablativus
2571 1234 2583 1268 :
2616 1216 2693 1270 sic
2725 1215 2887 1269 etiam
2916 1223 3094 1284 sponte
3116 1230 3212 1267 sua
3254 1222 3306 1267 et
3341 1229 3493 1266 mane

1917 1312 2082 1378 primo
2108 1308 2321 1363 nomina
2343 1323 2462 1362 esse
2487 1306 2840 1362 ostenduntur
2860 1305 3237 1375 conjunctione
3263 1304 3490 1358 aliorum

1919 1401 2460 1463 casualium,utdomi
2481 1415 2624 1462 sum;
2645 1397 2913 1468 poteenim
2941 1396 3007 1450 ab
3021 1413 3084 1450 eo
3107 1398 3246 1467 quod
3261 1397 3492 1478 estpotis

1920 1488 2178 1552 nascitur,
2196 1495 2256 1540 ιιι
2274 1487 2356 1539 hic
2371 1496 2426 1540 et
2442 1487 2550 1540 haec
2578 1488 2711 1556 potis
2737 1497 2789 1538 et
2809 1486 2905 1538 hoc
2924 1493 3060 1554 pote.
3077 1483 3229 1539 Unde
3241 1483 3488 1538 Persius:

2078 1599 2168 1657 Qui
2195 1605 2307 1660 pote
2329 1599 2400 1648 vis
2416 1597 2570 1647 dicam
2592 1599 2790 1660 nugaris
2807 1611 2915 1646 cum
2940 1597 3044 1655 tibi,
3070 1596 3208 1646 calve
3231 1611 3243 1656 ;

1922 1705 1974 1759 id
2000 1712 2102 1768 est,
2134 1702 2401 1772 quomodo
2426 1700 2718 1772 possibile?
2740 1699 2823 1754 Ab
2849 1715 2913 1753 eo
2934 1709 3112 1753 autem
3136 1700 3279 1768 quod
3305 1708 3387 1753 est
3413 1700 3495 1752 hic

1920 1804 1976 1850 et
2008 1797 2118 1848 hmc
2147 1796 2280 1863 potis
2321 1802 2374 1848 et
2423 1795 2518 1847 hoc
2546 1805 2694 1863 pote,
2745 1792 2804 1845 ﬁt
2844 1790 3267 1861 comparativum
3288 1829 3303 1854 ,
3331 1788 3413 1840 hic
3444 1794 3498 1839 ct

1920 1889 2030 1940 htec
2057 1887 2248 1956 potior,
2281 1892 2336 1938 et
2367 1885 2462 1937 hoc
2487 1886 2763 1954 potius,'et
2786 1883 3175 1953 superlativus,
3203 1890 3261 1934 ut
3289 1879 3498 1948 potissi-

1920 1993 2070 2042 mus;
2099 1991 2163 2030 ex
2190 1975 2386 2046 quibus
2409 1975 2568 2029 etiam
2595 1974 2846 2028 adverbia
2869 2015 2883 2037 ,
2926 1975 3096 2044 potius
3139 1981 3194 2026 et
3233 1972 3499 2042 potissime

1922 2078 2078 2134 sunt,
2105 2076 2159 2122 et
2186 2082 2216 2121 a
2253 2075 2378 2136 pote
2416 2077 2587 2136 utpote
2622 2067 2978 2134 compositum
3024 2064 3354 2120 adverbium.
3385 2063 3443 2116 In
3467 2079 3498 2116 e

1921 2160 2233 2230 productam
2269 2160 2539 2230 primitiva
2583 2175 2689 2214 non
2735 2158 2954 2223 inveni,
2993 2158 3088 2212 sed
3141 2156 3433 2212 dcrivativa
3464 2169 3497 2209 a

1921 2251 2228 2305 nominibus
2250 2250 2499 2326 secunda:
2520 2249 2894 2304 declinationis
2911 2289 2927 2315 ,
2948 2264 3175 2318 quorum
3206 2248 3416 2301 dativus
3431 2246 3495 2326 in

1922 2360 1950 2395 ο
1977 2343 2249 2407 desinens,
2276 2342 2329 2395 in
2350 2324 2386 2394 e
2402 2341 2611 2411 longam
2639 2341 2887 2406 vertitur,
2917 2350 2972 2395 et
2998 2340 3127 2396 facit
3148 2324 3458 2394 adverbium
3479 2378 3496 2402 ,

1921 2442 1982 2487 ut
2006 2433 2132 2487 huic
2155 2432 2322 2496 claro,
2351 2431 2524 2507 clare;
2552 2432 2725 2502 pigro,
2756 2432 2934 2501 pigre;
2968 2431 3191 2501 pulchro
3209 2470 3223 2495 ,
3250 2429 3495 2499 pulchre;

1922 2539 1953 2579 a
1973 2525 2170 2590 valido,
2190 2524 2336 2579 valde
2360 2540 2457 2593 per
2481 2538 2792 2596 syncopam,
2815 2513 3045 2588 afabro,
3074 2523 3303 2592 aﬂabre;
3333 2535 3463 2576 sano
3479 2558 3497 2587 ,

1921 2633 2080 2680 sane;
2109 2615 2242 2681 fero,
2269 2615 2394 2686 fere.
2424 2616 2781 2685 Excipiuntur
2808 2617 2932 2668 bene
2960 2623 3015 2669 et
3036 2614 3187 2676 male,
3221 2629 3250 2668 a
3275 2615 3415 2668 bono
3440 2619 3498 2668 et

1922 2706 2085 2771 malo,
2115 2708 2168 2762 in
2199 2723 2226 2761 e
2253 2708 2471 2762 brevem
2499 2707 2816 2770 desinentia,
2845 2722 2963 2776 qua:
2997 2706 3328 2774 inaequaliter
3347 2719 3501 2760 com-

1920 2809 2200 2869 parantur,
2223 2808 2283 2853 ut
2308 2800 2452 2866 bene,
2479 2798 2664 2853 melius
2683 2839 2697 2863 ,
2730 2799 2915 2867 optime
2931 2815 2949 2862 ;
2981 2807 3034 2852 et
3061 2813 3178 2867 qua:
3207 2798 3258 2852 in
3285 2812 3499 2865 compa-

1923 2892 2131 2947 ratione
2161 2892 2444 2956 deﬁciunt,
2471 2901 2531 2946 ut
2557 2893 2669 2962 pie,
2699 2891 2969 2960 piissime;
3010 2889 3228 2943 ulterius
3249 2931 3262 2954 ,
3293 2889 3498 2955 ultime,

1922 2984 2220 3037 novissime.
2255 2983 2415 3037 Multa
2457 2993 2636 3038 autem
2676 2999 2744 3039 ex
2789 2998 2949 3053 supra
2993 2983 3150 3038 dictis
3196 2983 3502 3038 nominibus

1923 3074 2038 3144 ipsa
2059 3075 2439 3129 terminatione
2465 3075 2628 3129 dativi
2653 3090 2751 3144 pro
2772 3075 3038 3130 adverbiis
3060 3076 3420 3145 accipiuntur,
3443 3083 3509 3145 ut

1849 3201 1894 3263 Ο
1925 3165 2059 3234 falso
2078 3206 2093 3231 ,
2124 3165 2360 3218 consulto
2381 3206 2394 3231 ,
2433 3175 2690 3235 postremo
2709 3205 2722 3230 ,
2754 3165 2937 3219 sedulo
2955 3206 2968 3229 ,
2996 3167 3294 3234 auspicato,
3323 3182 3499 3236 augu-

1926 3266 2039 3311 rato
2060 3297 2074 3324 ,
2103 3257 2380 3326 manifesto
2405 3298 2419 3322 ,
2444 3259 2646 3327 privato
2667 3299 2680 3322 ,
2713 3259 2949 3328 precario
2971 3300 2983 3322 ,
3012 3260 3220 3323 merito,
3265 3268 3319 3314 et
3357 3274 3498 3329 saepe

1921 3349 2220 3424 corripiunt
2251 3367 2280 3403 ο
2307 3349 2640 3404 terminalem
2661 3391 2676 3415 ,
2716 3350 2931 3419 quando
2973 3350 3028 3403 in
3065 3350 3301 3404 adverbii
3333 3348 3502 3420 signi-

1921 3440 2226 3495 ﬁcationem
2263 3449 2572 3506 transeunt,
2611 3447 2671 3495 ut
2706 3441 2839 3506 cito,
2877 3457 3025 3505 sero,
3065 3441 3241 3496 modo.
3265 3439 3500 3497 Juvena-

1921 3530 1988 3588 lis
2011 3532 2066 3586 in
2096 3548 2156 3587 ιιι
2187 3549 2200 3585 :

2070 3642 2135 3705 Et
2166 3645 2260 3692 cito
2284 3648 2514 3705 rapturus
2530 3645 2596 3694 de
2614 3641 2864 3693 nobilitate
2890 3655 3084 3693 comesa

2074 3704 2210 3763 Quod
2233 3704 2479 3766 superest.

1920 3788 2068 3858 Virg.
2095 3788 2149 3841 in
2179 3802 2230 3841 Iv
2261 3786 2518 3844 Aineidos
2545 3803 2559 3842 :

2044 3875 2118 3924 Tu
2145 3876 2286 3924 modo
2312 3889 2455 3937 posce
2477 3877 2598 3925 deos
2629 3876 2818 3925 veniam
2840 3878 3086 3939 sacrisque
3111 3877 3271 3928 litatis.

1922 3957 2128 4012 Statius
2164 3959 2215 4011 in
2248 3958 2594 4014 Thebaidosr
2629 3977 2641 4012 :

2044 4053 2170 4099 Sero
2195 4063 2380 4098 memor
2418 4051 2608 4100 thalami
2634 4056 2808 4102 mreste
2831 4051 3000 4102 solatia
3021 4053 3193 4102 mortis

2042 4112 2232 4161 Phoebe
2259 4124 2413 4173 paras.

1923 4213 2234 4267 Necessario
2261 4214 2480 4280 dicitur,
2509 4224 2562 4269 et
2593 4233 2794 4270 necesse
2815 4226 2936 4287 eget
2956 4219 3119 4274 verbo
3137 4219 3496 4277 substantive.

1917 4303 1964 4355 A
1987 4304 2187 4372 quintae
2209 4319 2423 4374 quoque
2450 4307 2820 4367 decl'mationis
2847 4310 3154 4365 nominibus
3180 4314 3501 4382 composita,

1919 4411 1946 4448 e
1974 4395 2298 4463 producunt,
2329 4398 2515 4465 pridie,
2540 4399 2714 4463 hodie,
2737 4401 3019 4468 postridie;
3052 4403 3266 4456 meridie
3287 4417 3504 4474 quoque

1923 4504 2021 4558 pro
2051 4490 2305 4544 adverbio
2331 4492 2612 4561 accipitur,
2643 4509 2765 4546 cum
2808 4494 2878 4546 sit
2908 4509 3126 4548 nomen.
3154 4495 3211 4548 ln
3240 4497 3259 4548 i
3289 4511 3502 4566 quoque

1922 4582 2240 4650 productam
2255 4583 2554 4637 desinentia
2572 4583 2918 4637 inveniuntur
2932 4585 3206 4650 adverbia,
3224 4587 3315 4640 scd
3327 4602 3501 4656 pauca

1921 4673 2190 4742 primitiva
2212 4715 2226 4739 ,
2260 4683 2320 4727 ιιι
2349 4675 2481 4727 heri.
2512 4673 2628 4726 Alia
2664 4689 2794 4728 vero
2824 4676 3040 4730 nomina
3087 4686 3213 4730 sunt
3255 4677 3373 4732 loco
3401 4680 3498 4735 ad-

1922 4763 2090 4816 verbii
2120 4765 2292 4832 posita
2317 4778 2414 4833 per
2440 4763 2733 4833 genitivum
2760 4764 3013 4834 pleraque
3032 4807 3046 4830 ,
3066 4775 3134 4819 ut
3156 4767 3325 4831 domi,
3361 4767 3512 4820 Tau—

1923 4855 2152 4918 rominii,
2185 4854 2480 4922 Lampsaci,
2517 4854 2658 4924 Tyri,
2684 4855 2899 4924 Ephesi,
2928 4856 3046 4910 belli
3061 4876 3079 4922 ;
3109 4873 3207 4927 per
3236 4859 3494 4929 dativum,

1923 4955 1981 4999 ut
2009 4947 2226 5015 vesperi,
2249 4948 2410 5011 sorti;
2441 4962 2539 5002 nec
2562 4963 2668 5000 non
2698 4948 2860 5002 etiam
2881 4963 2980 5018 per
3005 4949 3314 5014 ablativum,
3335 4961 3392 5006 ut
3409 4954 3500 5022 qui

1921 5055 2017 5108 pro
2036 5039 2292 5109 quomodo
2324 5039 2408 5093 vel
2437 5040 2574 5094 inde.
2599 5039 2654 5093 In
2687 5042 2705 5093 i
2747 5049 3049 5110 correptam
3079 5042 3183 5096 duo
3213 5042 3498 5098 inveniun-

1921 5139 2028 5196 tur,
2062 5131 2147 5182 ubi
2176 5139 2232 5184 et
2259 5130 2354 5194 ibi,
2378 5125 2430 5184 et
2452 5147 2516 5184 ex
2543 5133 2622 5184 eis
2644 5132 2965 5200 composita,
2994 5139 3052 5186 ut
3077 5133 3244 5185 sicubi
3266 5133 3414 5187 inibi.
3439 5134 3497 5189 In

1922 5237 1951 5273 o
1986 5220 2256 5288 primitiva
2291 5220 2525 5289 quidem,
2559 5229 2616 5273 ut
2643 5221 2876 5290 quando,
2911 5221 3224 5290 temporale,
3260 5231 3314 5276 et
3340 5237 3403 5276 ex
3431 5237 3498 5279 eo

1920 5311 2236 5380 composita,
2264 5312 2541 5381 siquando,
2577 5312 2850 5380 nequando
2870 5353 2883 5375 ,
2915 5313 3214 5382 aliquando,
3249 5328 3367 5382 quac
3400 5331 3496 5370 an-

1921 5400 2320 5470 tepenultimam
2351 5402 2552 5455 habent
2582 5410 2815 5465 acutam,
2847 5417 2912 5455 ne
2940 5401 3059 5455 dua:
3083 5413 3285 5471 partes,
3319 5413 3376 5458 ut
3403 5420 3494 5460 su-

1918 5505 2015 5560 pra
2046 5491 2246 5545 dictum
2271 5500 2372 5555 est,
2403 5506 2523 5546 esse
2542 5501 2800 5560 putentur
2827 5491 3009 5547 divisa:
3026 5533 3038 5557 ,
3062 5493 3147 5547 vel
3178 5493 3494 5551 differentia)

1919 5595 2100 5635 causa.
2126 5582 2430 5636 Derivativa
2460 5598 2586 5638 vero
2607 5599 2636 5636 a
2662 5583 2824 5646 facto,
2851 5583 3074 5652 fatuito;
3106 5585 3172 5638 ab
3192 5587 3358 5650 omni,
3385 5604 3498 5639 om-

1921 5672 2074 5735 nino;
2099 5686 2128 5723 a
2158 5671 2426 5736 fortuitus,
2459 5674 2710 5742 fortuito;
2758 5689 2788 5726 a
2832 5675 2931 5741 cis,
2963 5677 3089 5728 citro
3127 5685 3180 5730 et
3209 5677 3376 5740 citra;
3423 5678 3492 5733 ab

1921 5763 1995 5827 in,
2024 5763 2160 5817 intro
2185 5772 2241 5820 et
2264 5765 2426 5831 intra,
2463 5766 2623 5835 infra.
2651 5767 2788 5824 Sunt
2819 5770 2981 5825 etiam
3010 5771 3330 5841 composita,
3360 5789 3470 5841 pra:
