3918 6364
452 364 555 424 650
1053 362 1114 418 Β.
1156 360 1411 418 RABAN'I
1450 361 1669 419 MA'UBI
1702 361 2024 440 ARQHIEP.
2060 349 2374 421 HOGUNT.
2415 364 2701 424 OPERUM
2734 364 2918 423 PARS
2953 366 3045 424 Ill.
3596 369 3706 427 660

451 488 555 547 sto,
576 478 967 556 perfectosAlia
1000 490 1130 532 vero
1167 478 1383 532 nomina
1421 484 1547 533 sunt
1588 479 1671 535 vel
1708 480 2023 550 pronomina
2054 482 2103 542 Α
2132 480 2292 536 tionis
2320 481 2543 535 veniunt
2571 480 2626 536 in
2655 490 2733 535 ter
2752 470 3037 547 exeuntia,
3066 481 3156 537 sed
3189 483 3235 537 si
3267 484 3320 538 in
3361 502 3453 539 ens
3497 486 3713 545 desinat

455 569 831 625 adverbialiter
866 566 1104 639 prolata,
1150 576 1209 623 ut
1252 583 1415 639 supra
1454 570 1819 637 ostendimus,
1858 571 2023 640 falso,

453 661 661 727 merito,
687 658 860 724 solito,
890 657 1095 725 sedulo,
1114 660 1237 725 cito,
1268 674 1404 725 sero,
1430 675 1552 714 vero
1569 700 1585 727 ,
1609 669 1728 725 utro
1744 701 1760 728 ,
1788 671 2024 733 utroque,

455 749 660 823 aliqua,
683 767 744 804 eo
763 791 777 815 ,
800 748 912 804 illo.
954 747 1059 804 Sed
1087 746 1301 820 quando
1324 765 1423 819 pro
1461 751 1730 807 adverbiis
1755 753 2025 822 accipiun-

456 851 578 908 tur,
624 843 969 898 inveniuntur
1008 842 1295 897 interdum
1329 844 1680 912 corripien'tia
1713 862 1774 910 o,
1810 846 1937 914 quia
1972 846 2025 901 in

451 935 619 993 verbo
640 944 696 992 et
717 936 770 991 in
790 934 1046 991 adverbio
1069 953 1099 991 ο
1122 935 1432 991 indifferens
1446 929 1701 993 habetur.
1723 938 1781 993 In
1803 955 1837 992 u
1857 954 2026 1009 pauca

454 1025 801 1082 inveniuntur
823 1026 1246 1092 denominativa,
1272 1034 1339 1081 ut
1366 1027 1479 1093 diu,
1504 1036 1558 1082 et
1583 1044 1651 1084 ex
1671 1044 1736 1084 eo
1763 1028 2029 1100 composi-

453 1127 569 1175 tum
596 1119 847 1187 interdiu,
878 1127 933 1175 et
968 1134 1000 1173 a
1031 1126 1205 1183 nocte,
1236 1127 1413 1185 noctu,
1437 1136 1562 1199 nam
1582 1131 1699 1175 astu
1724 1134 1916 1176 nomen
1946 1128 2029 1176 est

454 1210 830 1267 indeclinabile
854 1210 1121 1281 quomodo
1160 1226 1342 1264 cornu.
1379 1210 1437 1265 In
1464 1229 1509 1265 ω
1533 1212 1901 1282 diphthongon
1933 1226 2031 1265 no-

454 1301 599 1355 mina
643 1309 773 1354 sunt
817 1299 1039 1370 genitivi
1087 1315 1247 1355 casus
1289 1300 1406 1355 loco
1447 1302 1686 1356 adverbii
1739 1302 1939 1370 posita,
1971 1310 2029 1355 ut

453 1391 658 1458 Romae,
680 1393 836 1458 caste,
860 1388 1076 1463 Capuw.
1099 1390 1161 1445 1n
1187 1409 1214 1445 ο
1242 1392 1515 1462 primitiva
1539 1393 1908 1460 inveniuntur,
1930 1395 2024 1456 sic,

452 1483 638 1549 donec,
660 1482 805 1555 quod
830 1484 995 1538 etiam
1024 1483 1270 1537 donicion
1300 1484 1507 1554 antiqui
1545 1484 1822 1549 dicebant;
1855 1492 1909 1538 et
1937 1484 2029 1539 de-

452 1574 678 1628 rivativa
706 1572 1116 1643 pronominum,
1144 1572 1253 1626 illic
1272 1613 1285 1635 ,
1318 1573 1437 1627 istic
1457 1614 1472 1638 ,
1496 1574 1602 1627 huc
1621 1613 1635 1637 ,
1665 1571 1792 1626 illuc
1810 1613 1825 1639 ,
1854 1573 2024 1640 istuc,

452 1667 595 1731 hinc,
618 1665 785 1732 illinc,
814 1667 988 1733 istinc,
1018 1667 1137 1732 hac,
1161 1666 1324 1733 istac,
1353 1666 1475 1720 illac
1494 1706 1509 1731 ,
1538 1676 1591 1721 et
1623 1667 1805 1722 omnia
1825 1667 1909 1721 vel
1932 1681 2023 1721 na-

454 1762 574 1808 tura
612 1754 694 1808 vel
733 1755 999 1825 positione
1036 1756 1341 1826 producunt
1384 1763 1682 1811 extremam
1732 1756 2023 1827 syllabam,

2130 572 2516 638 nominativus,
2546 574 2592 626 is
2620 574 2841 644 genitivi
2874 574 2930 627 in
2957 591 2985 628 r
3017 582 3355 641 convertunt,
3385 580 3705 654 ut3sapiens,

2129 663 2379 732 sapientis
2403 702 2419 728 ,
2466 665 2748 732 sapienter;
2790 664 3052 734 prudens,
3084 665 3369 734 prudentis,
3401 671 3702 736 prudenter.

2128 753 2246 807 Alia
2270 768 2397 808 vero
2423 763 2705 809 assumunt
2739 755 2917 826 dativo
2943 766 3049 821 ter,
3085 757 3380 826 penultima
3414 771 3666 832 correpta
3686 802 3703 830 ,

2129 853 2189 898 ut
2218 844 2390 915 fortis,
2416 844 2562 913 forti,
2591 844 2828 913 fortiter;
2851 846 3188 912 utilis,-utili,
3219 847 3453 914 utiliter;
3491 853 3699 915 audax,

2131 933 2343 999 audaci,
2365 933 2652 999 audaciter,
2676 934 2760 987 vel
2787 950 3220 1005 persynoopam,
3242 937 3517 993 audacter.
3533 941 3705 997 Ἐχοί-

2131 1024 2277 1093 pitur
2304 1023 2505 1093 facilis,
2536 1025 2675 1093 quod
2706 1041 2802 1095 pro
2828 1026 3072 1095 faciliter,
3102 1026 3288 1095 facile,
3318 1029 3555 1085 adverbii
3586 1032 3705 1087 loco

2131 1115 2319 1170 habuit
2338 1116 2399 1170 in
2428 1131 2564 1181 usu,
2605 1132 2633 1169 e
2655 1117 2830 1171 brevi.
2855 1118 3089 1188 Difﬁcilis
3116 1128 3294 1174 autem
3333 1107 3604 1192 diﬁiculter
3627 1124 3707 1179 fa-

2131 1205 2223 1259 cit.
2265 1205 2567 1276 Aliquando
2596 1214 2776 1261 autem
2796 1258 2801 1263 ,
2820 1210 3035 1264 nomina
3088 1218 3277 1264 neutra
3307 1226 3411 1280 pro
3432 1214 3705 1269 adverbiis

2129 1302 2339 1349 veteres
2362 1294 2702 1365 usurpabant
2722 1305 2781 1351 ut
2807 1298 3025 1353 sublime
3051 1299 3254 1367 volam,
3276 1316 3373 1370 pro
3393 1303 3701 1368 sublimiter,

2129 1392 2183 1437 et
2214 1383 2358 1450 utile;
2391 1384 2591 1451 acuile,
2617 1400 2716 1455 pro
2743 1386 2961 1452 utiliter,
2993 1388 3251 1443 acuiliter.
3278 1389 3583 1445 Notandum
3612 1385 3706 1445 au-

2130 1480 2239 1529 tem
2270 1476 2410 1544 quod
2456 1476 2508 1529 in
2545 1477 2649 1531 hac
2691 1477 3070 1534 terminatione
3110 1495 3172 1534 ea
3227 1482 3479 1537 adverbia
3520 1499 3639 1552 qua:
3674 1500 3704 1539 a

2129 1565 2359 1619 secunda
2392 1565 2746 1621 declinatione
2773 1568 3014 1631 veniunt,
3038 1578 3192 1625 extra
3219 1571 3361 1626 hanc
3386 1574 3629 1644 regulam
3650 1573 3705 1628 in

2128 1656 2484 1724 cproductam
2509 1658 2647 1711 sicut
2666 1664 2721 1711 et
2746 1656 2798 1710 in
2822 1666 3165 1729 rcorreptam
3189 1660 3459 1727 desinunt,
3477 1672 3533 1715 ut
3556 1678 3588 1716 a
3608 1660 3709 1717 du-

2129 1760 2213 1811 ro,
2241 1747 2393 1809 dure,
2417 1746 2650 1811 duriter;
2679 1762 2708 1800 a
2743 1746 2912 1818 largo,
2936 1748 3113 1820 large,
3140 1749 3390 1821 largiter;
3420 1753 3489 1807 ab
3511 1754 3704 1807 buma-

451 1852 675 1912 excepto
694 1842 874 1909 donec,
901 1851 957 1897 et
982 1843 1035 1896 in
1061 1841 1167 1897 line
1190 1834 1702 1911 circumﬂectantur,
1726 1845 1769 1900 si
1789 1844 2030 1899 vocalem
2060 1838 2107 1897 B
2133 1851 2221 1899 n0.
2250 1837 2475 1891 humane
2503 1845 2555 1891 θῑ
2582 1838 2912 1903 humaniter;
2946 1839 3014 1894 ab
3056 1839 3381 1908 inhumano.
3428 1842 3711 1898 ίηῘιωηαηϐ

452 1931 664 2004 longam
694 1941 888 1989 natura
933 1933 1252 1999 habuerint;
1296 1936 1591 2005 composita
1625 1952 1837 2006 quoque
1876 1936 2026 1991 inve-

453 2022 698 2089 niuntur,
742 2032 802 2078 ut
846 2023 1053 2089 adhuc,
1098 2024 1307 2089 abhinc,
1350 2026 1554 2080 dehinc.
1594 2027 1648 2080 In
1679 2028 1697 2079 l
1723 2037 2024 2097 correptam

448 2129 621 2188 pauca
645 2117 1005 2179 inveniuntur,
1036 2128 1092 2172 ut
1122 2118 1297 2181 semel,
1328 2119 1443 2188 pol,
1471 2120 1669 2189 (edepol
1683 2160 1698 2184 ,
1725 2128 1780 2175 et
1793 2121 1874 2173 vel
1899 2135 2027 2174 con-

448 2203 679 2279 iunctio,
701 2208 915 2277 quando
934 2222 1033 2276 pro
1061 2207 1209 2262 valde
1236 2208 1517 2277 accipitur.
1540 2208 1675 2265 Nam
1704 2209 1883 2263 omnia
1906 2224 2027 2278 quae

452 2293 511 2351 in
530 2284 591 2349 m’
607 2295 888 2361 desinunt,
914 2296 1166 2350 adverbia
1193 2296 1376 2351 brevia
1406 2305 1563 2362 sunt,
1593 2296 1829 2367 qualibet
1854 2296 2026 2352 vocali

452 2386 822 2452 antecedente,
854 2388 1088 2451 utinam;
1115 2388 1407 2455 primitiva,
1432 2393 1601 2450 clam,
1632 2406 1844 2455 coram;
1881 2390 2026 2444 deri-

451 2484 576 2530 vata
600 2476 681 2531 vel
702 2477 1021 2546 composita,
1058 2480 1398 2547 nequicquam
1423 2519 1438 2545 ,
1470 2497 1816 2551 nequaquam,
1842 2482 2028 2551 penul-

454 2565 586 2619 tima
611 2566 903 2636 producta;
924 2578 1207 2634 praeterea,
1226 2584 1404 2638 quam
1429 2570 1647 2645 quando
1669 2580 1755 2626 est
1776 2572 2029 2626 similitu-

451 2655 594 2711 dinis
620 2656 705 2711 vel
742 2657 1161 2725 comparationis
1204 2657 1321 2733 sive
1361 2659 1672 2728 electionis,
1717 2662 2027 2717 adverbium

452 2737 734 2816 accipitur.
766 2746 915 2816 Virg.
944 2748 999 2800 in
1028 2762 1105 2800 xu
1140 2765 1152 2794 τ

579 2857 732 2916 Quam
756 2856 898 2907 facile
920 2860 1152 2920 accipitur
1172 2871 1291 2910 suo
1310 2856 1455 2912 sacer
1482 2860 1585 2911 ales
1611 2862 1672 2911 ab
1689 2862 1803 2913 alto.

455 2953 743 3011 Sallustius
767 2975 780 3011 :
810 2955 963 3011 Mare
994 2960 1268 3036 ponticam
1285 2959 1492 3015 dulcius
1518 2978 1676 3032 quam
1704 2971 1891 3017 cwtera
1917 2978 2030 3016 ma-

454 3045 868 3114 ria.‘Bifariam
910 3046 1074 3101 etiam
1121 3056 1176 3103 et
1224 3049 1523 3118 trifariam,
1570 3060 1624 3106 et
1657 3053 2027 3122 omnifariam,

455 3135 751 3204 composita
778 3146 903 3191 sunt
929 3152 961 3191 a
988 3139 1203 3206 ferendo
1240 3148 1296 3194 et
1332 3142 1636 3210 praepositis
1678 3142 2024 3200 dictionibus.

454 3225 514 3281 In
543 3241 624 3281 em
649 3227 943 3299 primitiva,
967 3229 1111 3297 item,
1140 3232 1383 3298 tandem;
1413 3235 1709 3304 composita
1730 3276 1744 3301 ,
1774 3244 1834 3290 ut
1859 3236 1994 3290 idem
2012 3276 2027 3303 ,

456 3319 680 3386 ibidem,
708 3321 937 3375 indidem
955 3362 969 3386 ,
998 3322 1300 3376 identidem.
1332 3322 1390 3378 ln
1419 3326 1491 3377 im
1511 3326 1917 3382 .denomiuativa
1951 3328 2034 3383 in-

456 3411 746 3467 veniuntur
766 3420 820 3465 et
850 3411 1086 3466 verbalia
1132 3413 1250 3468 sive
1282 3414 1635 3484 participialia
1660 3457 1675 3483 ,
1707 3430 1766 3471 ut
1789 3434 1819 3472 a
1848 3427 2030 3488 parte,

455 3504 686 3576 partim;
721 3518 751 3558 a
776 3503 924 3568 viro,
966 3504 1194 3569 viritim;
1227 3519 1258 3558 a
1287 3504 1435 3571 vice,
1469 3506 1731 3573 vicissim;
1759 3508 1828 3562 ab
1857 3509 1997 3564 ostio
2018 3549 2032 3576 ,

457 3596 724 3661 ostiatim;
755 3610 785 3649 a
814 3603 980 3661 statu,
1012 3596 1225 3660 statim;
1264 3611 1295 3650 a
1319 3605 1498 3667 raptu,
1522 3599 1751 3669 raptim:
1795 3614 1823 3651 a
1855 3598 1992 3655 saltu
2017 3640 2033 3667 ,

457 3686 763 3751 saltuatim;
812 3701 841 3738 a
893 3700 1075 3750 cursu,
1125 3685 1356 3751 cursim;
1399 3702 1429 3739 a
1475 3687 1695 3751 stricto,
1722 3687 1974 3752 strictim;
2005 3704 2035 3743 a

459 3796 647 3846 sensu,
670 3781 897 3844 sensim;
918 3794 947 3832 a
970 3777 1213 3849 singulis,
1230 3777 1570 3849 singillatim;
1593 3793 1625 3832 a
1647 3778 1781 3844 fatu,
1808 3780 2033 3848 affatim,

460 3872 546 3926 vel
576 3871 748 3942 magis
780 3885 811 3923 a
839 3868 1028 3924 Graeco
1078 3866 1284 3942 ἄφενος,
1318 3867 1372 3923 id
1417 3877 1501 3923 est
1542 3870 1783 3935 abunde,
1810 3871 1949 3925 unde
1985 3878 2039 3926 et

462 3958 754 4028 corripitur
774 3959 863 4027 fa;
885 3975 915 4012 a
938 3959 1165 4027 privato,
1190 3960 1468 4028 privatim;
1493 3976 1522 4013 a
1546 3960 1723 4030 paulo,
1746 3959 2035 4029 paulatim;

463 4062 495 4101 a
518 4046 751 4116 singulto
770 4086 784 4111 ,
810 4044 1111 4114 singultim;
1160 4062 1191 4099 a
1227 4055 1402 4100 tractu
1422 4087 1436 4111 ,
1478 4048 1719 4112 tractim;
1761 4064 1793 4109 a
1816 4057 2035 4119 carplo,

464 4139 716 4206 carptim;
748 4152 777 4189 a
809 4136 969 4189 ducto
989 4175 1005 4199 ,
1035 4135 1252 4201 ductim,
1290 4140 1577 4205 prtesertim
1600 4178 1614 4202 ,
1653 4139 1938 4209 confestim.
1978 4141 2036 4195 In

466 4246 552 4283 um
584 4227 858 4298 primitiva
883 4242 1051 4296 pauca
1083 4234 1227 4292 sunt,
1258 4226 1466 4293 iterum,
1496 4244 1725 4293 sursum,
1752 4246 1958 4282 rursum
1984 4239 2037 4284 et

465 4335 670 4381 rursus,
687 4333 900 4387 prorsus
924 4327 978 4369 et
1004 4332 1264 4385 prorsum.
1281 4306 1589 4371 Deri'vativa
1610 4319 1691 4373 vel
1706 4321 2030 4389 composita,

466 4409 822 4473 dextrorsum,
847 4409 1223 4472 sinistrorsum,
1253 4408 1526 4474 deorsum,
1558 4426 1760 4473 orsum,
1787 4412 2035 4464 orientem

2130 1937 2185 1985 et
2212 1929 2649 1993 inhumaniter;a
2684 1927 2861 1993 firmo,
2888 1927 3069 1996 ﬁrme,
3112 1928 3352 1998 ﬁrmiter.
3400 1929 3493 1985 Sic
3518 1939 3571 1986 et
3606 1931 3708 1987 alia

2130 2018 2493 2081 inveniuntur,
2520 2025 2579 2070 ut
2612 2016 2833 2080 insane,
2864 2017 3155 2083 insaniter;
3179 2034 3398 2083 severe,
3430 2021 3707 2087 severiter;

2128 2108 2390 2179 benigne,
2435 2110 2763 2179 benegniter;
2805 2124 3033 2188 aspere,
3085 2111 3369 2179 asperiter;
3419 2120 3704 2180 proterve,

2127 2188 2466 2270 proterviter:
2492 2214 2611 2271 quaa
2634 2209 2815 2256 tamen
2839 2217 2968 2256 usus
2994 2201 3067 2256 ita
3093 2202 3271 2257 dicere
3300 2203 3459 2257 modo
3485 2204 3704 2274 respuit.

2128 2288 2395 2345 Praeterea
2426 2305 2456 2343 a
2481 2280 2647 2345 tribus
2692 2297 2745 2346 et
2780 2300 3006 2361 quatuor
3029 2298 3328 2346 nascuntur
3355 2292 3610 2347 adverbia
3628 2303 3713 2347 ter

2120 2386 2184 2433 ‘et
2210 2388 2424 2449 quater;
2468 2388 2592 2434 sunt
2633 2388 2689 2434 et
2731 2380 3067 2449 composita,
3098 2388 3159 2435 ut
3198 2379 3384 2446 obiter,
3423 2382 3709 2452 paulisper,

2130 2471 2409 2540 tantisper,
2454 2487 2753 2541 parumper.
2798 2470 2860 2524 In
2909 2488 2969 2526 as
3011 2472 3327 2541 productam
3377 2474 3709 2544 primitivum

2130 2577 2271 2629 cras,
2303 2572 2358 2617 et
2389 2563 2785 2638 denominativa
2824 2564 2876 2617 in
2918 2564 3022 2618 hac
3060 2548 3449 2619 terminatione
3492 2564 3708 2619 invenio

2130 2662 2371 2708 extrema
2424 2653 2767 2709 circumflexu
2796 2694 2810 2720 ,
2857 2662 2919 2709 ut
2962 2654 3119 2709 alias.
3154 2654 3230 2708 ιη·
3255 2671 3308 2709 es
3352 2655 3706 2725 productam:

2130 2748 2308 2813 sodes,
2344 2746 2626 2814 Hercules,
2659 2756 2715 2802 et
2753 2748 2961 2803 numeri
2986 2743 3268 2813 adverbia,
3301 2749 3353 2802 id
3388 2756 3502 2811 est,
3535 2762 3655 2816 qua
3676 2761 3711 2803 a

2132 2841 2375 2895 numeris
2422 2849 2750 2907 nascuntur,
2800 2840 3009 2896 scilicet
3046 2846 3085 2895 ‘a
3130 2841 3365 2911 quinque
3418 2858 3588 2912 usque
3641 2840 3710 2896 ad

2133 2930 2401 2997 mille,ut
2424 2932 2729 3001 quinquies,
2780 2932 2978 2997 sexies,
3026 2931 3214 2997 decies,
3265 2933 3436 2997 uicies,
3492 2934 3705 2999 centies,

2132 3013 2483 3092 quingenties,
2509 3021 2713 3076 millies.
2748 3021 2806 3076 ln
2846 3022 2891 3076 is
2922 3030 3262 3091 correptam,
3311 3016 3387 3075 bis
3427 3031 3483 3077 et
3522 3022 3707 3087 nimis,

2135 3113 2277 3182 quod
2308 3113 2469 3166 etiam
2501 3114 2717 3167 nimium
2742 3113 2986 3168 dicimus.
3016 3109 3357 3183 Satis,'quod
3386 3114 3549 3168 etiam
3589 3114 3710 3169 luco

2061 3184 2104 3247 Ο
2138 3201 2369 3257 nominis
2386 3202 2600 3272 positivi
2628 3202 2907 3272 accipitur,
2931 3210 2984 3257 et
3005 3203 3147 3272 quod
3175 3205 3601 3273 comparativum
3626 3220 3712 3261 re-

2135 3292 2285 3362 cipit,
2316 3300 2378 3346 ut
2400 3294 2563 3347 satius
2590 3308 2685 3363 pro
2707 3292 2911 3348 melius.
2938 3290 3213 3349 Iuvenalis
3236 3294 3290 3348 in
3320 3311 3381 3349 ιιι
3410 3313 3423 3349 :

2320 3423 2424 3474 Hoc
2444 3428 2596 3476 satius
2616 3437 2762 3486 quam
2782 3427 2822 3474 si
2846 3425 2978 3475 dicas
3004 3440 3017 3476 :
3041 3426 3143 3477 Sub
3157 3426 3323 3488 judice

2134 3530 2193 3586 in
2232 3547 2293 3585 us
2320 3548 2485 3586 unum
2512 3532 2727 3602 longum
2750 3572 2763 3596 ,
2793 3532 3123 3602 primitivum
3141 3574 3154 3597 ,
3183 3533 3319 3603 plus.
3351 3533 3411 3588 ln
3436 3551 3497 3588 us
3521 3548 3707 3591 corre-

2137 3629 2282 3691 ptam
2309 3623 2602 3691 primitiva,
2636 3630 2697 3676 ut
2723 3624 2947 3692 penitus,
2986 3641 3198 3690 rursus,
3242 3642 3489 3695 prorsus,
3526 3642 3707 3692 secus;

2141 3713 2431 3768 derivativo
2458 3756 2472 3779 ,
2501 3723 2561 3769 ut
2591 3730 2621 3768 a
2645 3716 2783 3771 caelo
2804 3756 2817 3779 ,
2849 3716 3083 3782 ctrlitus;
3112 3733 3142 3770 a
3172 3718 3339 3787 stirpe
3373 3719 3647 3786 stirpitus;
3677 3733 3707 3772 a

2136 3801 2338 3867 fundo,
2371 3802 2639 3872 funditus;
2684 3820 2715 3858 a
2759 3806 2967 3870 radice,
3002 3807 3285 3871 radicitus;
3322 3809 3389 3863 ab
3429 3808 3709 3876 humano.

2140 3892 2478 3958 humanitus;
2506 3894 2721 3959 divino,
2769 3895 3049 3959 divinitus;
3094 3897 3292 3950 dicitur
3324 3905 3503 3962 tamen
3535 3906 3589 3951 et
3626 3898 3710 3953 di—

2138 3985 2283 4045 vine,
2321 3994 2375 4037 et
2420 3984 2675 4050 humane,
2702 3996 2757 4039 et
2790 3987 3105 4039 humaniter.
3148 3985 3370 4041 Eminus
3412 4003 3627 4058 quoque
3656 3995 3711 4045 et

2136 4074 2369 4127 cominus
2396 4072 2585 4127 localia
2626 4083 2768 4128 sunt.
2807 4075 3065 4131 Adversus
3091 4092 3332 4147 quoque,
3362 4080 3504 4148 quod
3544 4080 3709 4136 etiam

2138 4164 2496 4218 nominativus
2524 4173 2635 4230 est,
2668 4166 2937 4233 quomodo
2979 4165 3186 4230 nullus,
3232 4182 3332 4236 pro
3375 4169 3615 4233 minime,
3656 4178 3713 4226 et

2138 4253 2317 4307 omnia
2347 4254 2711 4322 comparativa
2752 4269 2870 4323 quae
2912 4256 3186 4310 nominum
3215 4259 3707 4325 comparativorum

2137 4343 2347 4414 generis
2358 4342 2534 4397 neutri
2555 4343 2749 4396 similia
2771 4350 2915 4408 sunt,
2933 4353 2990 4397 ut
3009 4343 3233 4410 doctius,
3257 4344 3472 4410 clarius,
3487 4348 3713 4415 pruden-

2139 4436 2261 4499 tius,
2285 4434 2449 4499 ocius,
2478 4435 2641 4487 satius
2658 4475 2672 4499 ,
2698 4433 2929 4502 felicius,
2953 4435 3257 4505 sapientius,
3282 4449 3381 4490 nec
3404 4451 3512 4490 non
3537 4445 3589 4490 et
3616 4436 3707 4489 illa

465 4502 692 4569 versum,
715 4503 1025 4557 occidentem
1047 4519 1263 4567 versum,
1292 4502 1572 4557 deorsum:
1600 4503 1713 4557 haec
1728 4503 1870 4557 enim
1894 4520 2030 4559 com-

2141 4539 2259 4593 qu:e
2279 4563 2293 4589 ,
2324 4524 2569 4591 quamvis
2596 4539 2624 4576 a
2655 4523 2958 4578 nominibus
3000 4539 3107 4578 non
3146 4523 3476 4590 deriventur,
3524 4533 3707 4581 tamen

467 4593 642 4665 posita
668 4591 918 4657 videntur
946 4607 1083 4657 esse,
1110 4607 1231 4646 cum
1256 4592 1355 4646 sub
1378 4607 1485 4646 uno
1512 4600 1735 4647 accentu
1760 4592 2038 4662 proferan-

468 4696 588 4753 tur;
615 4687 805 4742 melius
831 4695 1012 4741 tamen
1032 4679 1260 4740 dicimus
1285 4687 1427 4755 quod
1453 4684 1715 4739 inclinant
1745 4686 1846 4738 sibi
1876 4700 2037 4754 supra

468 4778 644 4848 posita
675 4776 913 4830 nomina.
947 4772 1206 4828 Similiter
1232 4783 1465 4826 actutum
1488 4770 1786 4827 derivatum
1811 4773 1880 4827 ab
1896 4784 2036 4841 actu,

470 4868 526 4922 id
562 4874 645 4921 est
667 4866 965 4921 celeritate.
994 4863 1143 4935 Virg.
1172 4863 1227 4918 in
1251 4879 1313 4919 ιιι
1341 4881 1353 4917 :

1147 4973 1262 5022 Tam
1286 4980 1463 5023 emtor:
1488 4974 1665 5027 reddet

594 5037 821 5149 ἔρωσι
844 5036 951 5097 pius
974 5031 1171 5095 Encas,
1199 5042 1349 5094 atque
1372 5035 1567 5095 integer
1592 5034 1769 5085 Encas

687 5111 779 5146 ius.
1006 5142 1011 5149 .

471 5200 700 5255 Nomina
727 5211 939 5267 quoque
960 5196 1143 5251 neutri
1178 5198 1392 5264 generis
1424 5198 1541 5251 loco
1571 5196 1944 5252 adverbiorum
1985 5200 2040 5253 in

471 5290 662 5344 eadem
677 5287 1054 5342 terminatione
1066 5286 1436 5349 inveniuntur,
1449 5293 1507 5338 ut
1520 5282 1765 5356 multum,
1782 5287 2033 5354 primum,

475 5381 691 5434 nimium
719 5419 733 5443 ,
761 5394 950 5448 parum
980 5392 1078 5447 pro
1103 5393 1339 5447 parvum.
1371 5374 1431 5429 ιιι
1468 5392 1503 5430 n
1542 5376 1646 5430 duo
1690 5376 2038 5432 inveniuntur

474 5470 821 5542 productam,
848 5476 907 5521 ut
934 5484 1035 5521 non
1055 5508 1069 5532 ,
1100 5483 1192 5532 en;
1231 5467 1285 5521 in
1326 5484 1360 5521 n
1392 5475 1697 5537 correptam
1725 5477 1918 5523 castora
1939 5507 1953 5533 ,
1982 5477 2041 5522 ut

477 5564 676 5633 forsan,
700 5561 942 5630 forsitan.
983 5560 1042 5613 in
1081 5577 1108 5612 r
1131 5560 1428 5615 desinentia
1456 5561 1638 5615 omnia
1680 5561 2042 5631 corripiuntur

476 5650 768 5721 primitiva,
794 5663 888 5701 cur
915 5656 970 5703 et
988 5665 1080 5719 per
1102 5650 1316 5718 quando
1348 5664 1447 5719 pro
1473 5649 1620 5703 valde
1643 5640 1924 5720 accipitur.
1947 5650 2042 5705 De-

480 5739 702 5799 rivativa
740 5755 768 5793 a
798 5739 1101 5796 nominibus
1135 5739 1221 5795 vel
1254 5738 1552 5810 participiis
1592 5740 1763 5796 tertiae
1808 5740 2045 5797 declina-

2142 4611 2339 4667 habent
2366 4612 2727 4681 comparativa
2746 4611 2828 4663 vel
2858 4610 3195 4675 diminutiva,
3218 4620 3279 4664 ut
3298 4628 3455 4677 stupe,
3484 4614 3676 4679 stepius
3693 4652 3708 4675 ,

2141 4703 2452 4771 sccpissime;
2482 4702 2649 4767 ultra,
2677 4700 2924 4765 ulterius,
2952 4702 3152 4765 ultime,
3197 4700 3436 4766 ulterior,
3470 4702 3705 4770 ultimus.

2140 4793 2255 4847 Non
2276 4793 2418 4847 enim
2440 4792 2805 4859 hujuscemodi
2835 4792 3084 4847 adverbia
3113 4807 3141 4845 a
3168 4790 3495 4855 nominibus,
3523 4791 3616 4844 sed
3640 4792 3710 4845 ab

2142 4884 2408 4938 adverbiis
2439 4883 2653 4937 nomina
2678 4891 2991 4944 nascuntur,
3025 4897 3204 4949 supra,
3228 4880 3490 4944 superius,
3519 4896 3705 4942 supre-

2142 4988 2243 5038 me,
2265 4974 2519 5041 superior,
2548 4988 2851 5042 supremus;
2886 4972 3038 5034 citra,
3076 4970 3285 5023 citerius
3304 5009 3317 5032 ,
3369 4970 3560 5033 citime,
3585 4970 3711 5022 cite-

2142 5063 2271 5128 rior,
2298 5064 2502 5116 citimus
2517 5080 2535 5127 ;
2563 5072 2730 5125 extra,
2757 5062 2982 5115 exterius
2999 5102 3013 5125 ,
3040 5070 3293 5123 extreme,
3329 5060 3581 5125 exterior,
3611 5073 3708 5110 ea:-

2141 5162 2366 5216 tremus;
2407 5151 2568 5222 infra,
2614 5152 2864 5220 inferius,
2906 5150 3113 5219 inﬁme,
3169 5150 3411 5218 inferior,
3458 5146 3708 5213 inﬁmus;

2143 5239 2255 5305 diu,
2283 5241 2499 5307 diutius,
2538 5241 2826 5294 diutissime
2848 5280 2862 5303 ,
2894 5238 3111 5304 diutior,
3128 5238 3461 5292 diutissimus
3476 5252 3497 5299 ;
3522 5250 3709 5304 nuper,

2145 5334 2406 5401 nuperius,
2434 5331 2743 5401 nuperrime.
2769 5328 3042 5384 ’Positione
3063 5328 3222 5397 longe
3241 5326 3592 5382 inveniuntur
3614 5325 3717 5381 ad-

2147 5423 2349 5489 verbia,
2377 5423 2429 5476 in
2460 5440 2510 5476 rs
2534 5430 2592 5476 ut
2616 5421 2742 5491 fors.
2764 5420 2915 5490 “Virg.
2944 5422 2997 5475 in
3021 5437 3059 5475 ιι
3088 5438 3101 5474 :

2271 5546 2387 5597 Fors
2411 5552 2463 5597 et
2487 5553 2592 5597 vota
2619 5544 2748 5606 facit,
2772 5543 3080 5605 cumulatque
3104 5540 3269 5591 altaria
3290 5538 3464 5602 doma,

2147 5650 2287 5719 quod
2321 5648 2564 5703 similiter
2594 5646 2734 5701 sicut
2755 5645 2956 5715 forsan,
2983 5642 3231 5714 forsitan,
3265 5640 3399 5711 forte
3418 5683 3431 5708 ,
3458 5642 3711 5713 fortasse,

2148 5740 2410 5814 fortassis,
2449 5755 2479 5795 a
2508 5739 2641 5811 forte
2669 5738 2884 5795 nomine
2918 5735 3217 5802 derivatur,
3244 5741 3299 5791 et
3341 5734 3456 5807 fors
3494 5734 3721 5811 quidem
