3918 6324
142 334 239 394 661

952 325 1342 388 EXCERPTIO
1377 325 1469 384 DE
1502 323 1693 384 ARTE
1727 322 2184 385 GRAMMATICA
2218 321 2581 379 PRISGIANI.

3294 321 3401 378 662

141 416 195 507 et
235 450 449 521 forsan,
496 454 556 502 et
599 446 841 516 forsitan,
873 442 1154 499 dubitandi
1192 447 1352 521 sunt;
1391 440 1527 511 forte
1552 453 1717 503 vero,
1747 441 1797 503 Α
1821 448 1949 498 sus;
1975 448 2137 503 pexu,
2163 447 2361 521 pexus;
2385 430 2587 494 auditu,
2621 429 2868 495 auditus;
2912 444 2944 483 a
2974 425 3401 521 communibus:

143 515 382 604 eventus,
412 552 514 609 pro
546 537 800 608 fortuito;
824 535 1046 606 fortasse
1075 515 1331 588 autemet
1352 532 1592 603 fortassis
1622 544 1721 601 pro
1750 562 1755 564 τ

144 642 347 688 temere.
370 629 429 683 In
457 645 539 690 ns.
562 638 619 682 ut
639 628 844 691 totiens,
871 626 1128 696 quotiens,
1157 622 1455 678 multotiens
1477 662 1493 688 ,
1515 621 1720 691 aliquo-

144 720 361 777 tiens.ln
382 736 438 786 π,
463 728 522 774 ut
542 721 646 785 vix,
674 734 815 782 mox,
840 731 964 787 pax,
979 716 1121 785 quod
1136 724 1218 768 est
1236 714 1483 770 Graecum
1505 712 1719 785 quando

143 814 407 885 signiﬁcat
428 809 807 867 tantummodo.
828 808 888 864 In
905 825 989 875 nc,
1014 825 1170 873 nunc,
1186 808 1324 872 hinc,
1350 805 1517 874 illinc,
1540 807 1716 860 istinc.

143 906 195 961 ln
230 924 311 976 ps,
338 905 605 974 deinceps.

721 992 802 1048 De
838 989 1136 1064 participio.

209 1086 621 1157 Participiorum
663 1083 829 1154 igitur
868 1082 1109 1137 omnium
1151 1077 1458 1134 novissimae
1500 1076 1717 1148 syllaba:

142 1179 435 1235 secundum
462 1174 808 1249 [sequuntur]
832 1173 1074 1242 regulam
1104 1170 1387 1227 nominum
1414 1185 1511 1241 per
1528 1183 1717 1224 omnes

141 1286 316 1333 casus,
346 1270 397 1324 id
419 1277 504 1324 est
530 1266 787 1339 praeteriti
820 1265 1081 1335 temporis
1110 1270 1164 1316 et
1186 1261 1384 1325 futuri,
1423 1260 1717 1314 secundum

142 1360 355 1416 mobilia
384 1362 623 1421 nomina,
651 1364 709 1410 ut
742 1356 938 1423 justus,
972 1354 1124 1424 justa
1146 1392 1161 1416 ,
1197 1351 1438 1421 justum;
1477 1359 1716 1413 amatus,

142 1463 339 1515 amata,
392 1458 657 1509 amatum;
709 1456 1002 1510 amaturus,
1054 1451 1333 1506 amatura,
1380 1449 1716 1505 amaturum;

142 1540 419 1605 amandus,
445 1526 694 1603 amanda,
724 1522 1045 1600 amandum;
1066 1534 1350 1604 prmsentis
1374 1548 1505 1587 vero
1527 1548 1719 1588 secun-

143 1632 266 1694 dum
312 1628 421 1683 ﬁxa
457 1628 814 1692 declinantur,
858 1635 917 1680 ut
958 1624 1170 1693 infans,
1211 1623 1468 1693 infantis;
1512 1640 1718 1689 emens,

142 1720 387 1784 ementis;
410 1735 627 1782 amans,
656 1718 916 1779 amantis;
947 1715 1170 1777 docens,
1207 1714 1474 1778 docentis;
1514 1711 1715 1782 legens,

142 1811 390 1883 legentis;
434 1810 677 1873 audiens,
725 1806 1021 1871 audientis;
1073 1814 1129 1859 et
1173 1819 1240 1858 ex
1284 1817 1471 1858 eorum
1514 1803 1723 1857 ratione
1750 1804 1798 1865 B

142 1902 421 1974 participia
451 1916 547 1970 per
573 1915 732 1954 casus
768 1908 823 1953 et
860 1913 1062 1969 genera
1096 1896 1429 1967 producendi
1462 1903 1518 1950 et
1554 1895 1723 1950 corri-

141 1993 319 2065 piendi
357 1992 594 2063 regulam
639 1998 875 2046 sumunt.
922 1978 1343 2043 Penultimarum
1395 2001 1628 2056 namque
1669 1994 1723 2041 et

144 2093 455 2139 ueterarum
487 2081 813 2152 syllabarum
855 2078 1089 2149 cognitio
1135 2094 1165 2132 a
1209 2076 1389 2131 verbis
1429 2075 1724 2146 percipitur

144 2173 280 2229 unde
318 2174 651 2227 dcrivantur.
694 2169 779 2223 Fit
827 2178 1006 2223 autem
1052 2168 1398 2238 participium
1445 2166 1726 2235 prtesentis

146 2263 404 2333 temporis
449 2279 479 2316 a
530 2244 807 2331 praeterito
855 2260 1172 2330 imperfecto
1217 2258 1493 2314 indicativi
1538 2257 1721 2324 modi,

144 2354 441 2408 mutatione
479 2361 735 2406 extrema:
770 2349 1019 2420 syllabae,
1061 2350 1116 2404 id
1155 2356 1270 2414 est,
1300 2350 1420 2402 bam
1458 2349 1511 2403 in
1539 2366 1629 2414 ns,
1671 2357 1729 2403 ut

145 2442 421 2507 amabam,
445 2456 661 2505 amans;
679 2440 962 2505 docebam,
984 2440 1209 2505 docens;
1236 2439 1501 2508 legebam,
1521 2439 1725 2510 legens;

145 2532 432 2597 faciebam,
459 2531 697 2601 faciem;
728 2530 1070 2596 municbam,
1107 2530 1345 2584 muniens
1365 2570 1380 2596 ,
1404 2530 1645 2600 exceptis
1675 2531 1727 2584 in

145 2641 202 2680 eo
245 2624 624 2680 desinentibus
654 2611 861 2693 quarta:
906 2622 1304 2695 conjugationis
1330 2624 1544 2689 verbis,
1575 2640 1726 2695 quae,

145 2724 333 2772 contra
360 2714 590 2769 aliorum
616 2714 855 2785 regulam
876 2755 889 2778 ,
920 2716 939 2768 i
968 2716 1173 2796 habent
1208 2723 1334 2771 ante
1358 2715 1475 2769 bam
1493 2756 1509 2781 ,
1536 2717 1730 2787 produ-

147 2817 315 2871 ctam,
352 2812 414 2877 ut
442 2804 614 2870 ibam,
659 2804 867 2874 quibam
890 2844 905 2869 ,
945 2805 1087 2874 quod
1131 2805 1291 2859 etiam
1324 2805 1377 2859 in
1402 2805 1522 2860 aliis
1542 2807 1730 2863 verbis

147 2899 277 2955 solet
308 2897 463 2962 ﬁeri;
492 2882 552 2951 ut
572 2896 797 2967 polibant
821 2910 919 2965 pro
948 2894 1209 2965 poliebam
1227 2936 1242 2961 ,
1264 2896 1607 2965 insignibam,
1632 2912 1732 2968 pro

146 2989 521 3064 insigniebam;
566 3001 666 3042 nec
704 2995 884 3042 tamen
934 2987 988 3041 id
1021 2986 1297 3056 prohibuit
1323 2988 1614 3057 participia
1663 2990 1732 3044 ad

148 3077 513 3149 perfectorum
533 3076 774 3147 regulam
800 3076 949 3130 nasci
976 3092 989 3129 :
1021 3075 1252 3131 dicimus
1284 3078 1428 3130 enim
1470 3078 1733 3143 iens,~au—

1823 523 2133 588 criminatu,
2158 520 2502 587 criminatus;
2530 520 2776 576 osculatu
2794 561 2810 587 ,
2836 519 3137 585 osculatus;
3172 534 3206 573 a
3244 520 3409 592 depo-

1822 614 2075 670 nentibus
2105 631 2119 665 :
2146 611 2257 676 ‘for,
2284 610 2418 676 fatu,
2444 610 2625 680 fatus;
2653 610 2862 681 loquor,
2881 610 3087 676 locutu,
3115 608 3339 664 locutus.
3361 611 3409 664 A

1821 705 2293 783 neutroopassivis:
2317 705 2525 776 gavisu,
2547 707 2787 776 gavisus;
2809 704 2971 771 facta,
2998 719 3009 730 ·
3060 714 3208 770 mus;
3232 719 3262 758 a
3281 720 3411 760 neu-

1824 799 1923 855 tris
1938 814 2067 853 vero
2096 798 2284 868 paucis
2303 796 2637 867 prasteritum
2662 797 2906 851 nascitur
2931 811 2945 849 :
2974 803 3213 860 cmnatu,
3244 811 3413 849 ctena-

1823 899 1938 954 tus;
1952 903 2172 960 pransu,
2190 903 2412 957 pransus
2429 905 2448 952 ;
2466 886 2688 957 placitu,
2704 886 2964 956 placitus;
2987 895 3177 956 nuptu,
3194 896 3406 956 nuptas.

1819 980 2100 1050 Excipitur
2147 989 2383 1033 mortuus
2415 993 2445 1032 a
2472 978 2692 1043 morior,
2720 978 2864 1046 quod
2894 979 3190 1032 secundum
3226 977 3414 1033 analo-

1819 1072 1962 1143 giam
1983 1070 2195 1136 moritu,
2219 1070 2460 1133 moritus,
2483 1078 2537 1123 et
2556 1068 2686 1147 hinc
2701 1068 2987 1121 moriturus
3009 1064 3410 1131 debuiti‘acere;

1819 1163 1913 1218 sed
1958 1163 2290 1232 praeteritum
2340 1173 2595 1241 mortuus
2624 1177 2730 1216 non
2768 1162 2994 1215 maritus
3034 1160 3196 1225 facit;
3229 1169 3410 1231 potum

1819 1267 2035 1322 quoque
2059 1268 2156 1321 per
2190 1266 2482 1324 syncopam
2517 1266 2613 1320 pro
2655 1259 2925 1320 potatum,
2970 1258 3027 1306 et
3058 1250 3182 1304 inde
3216 1257 3409 1319 potus,

1822 1342 2189 1412 participium.
2217 1342 2368 1412 Virg.
2404 1340 2458 1394 in
2482 1338 2615 1395 Buc.
2648 1357 2662 1393 :

1946 1429 2006 1479 Et
2031 1440 2193 1491 potum
2216 1439 2376 1493 pastas
2398 1442 2515 1492 age,
2540 1429 2734 1493 Tityre,
2761 1439 2812 1481 et
2830 1431 2961 1481 inter
2980 1431 3249 1495 agendum.

1819 1512 1889 1567 Et
1916 1514 2059 1568 idem
2082 1514 2143 1567 in‘
2159 1512 2354 1586 Georg.
2383 1532 2396 1569 :

1953 1600 2160 1663 Quoque
2184 1590 2325 1652 modo
2351 1611 2494 1666 potus
2521 1603 2795 1668 gauderent
2813 1603 2965 1653 intiba
2978 1601 3138 1655 libris.

1819 1678 2073 1734 Lucanus
2096 1681 2152 1736 in
2178 1697 2213 1736 v
2241 1700 2253 1734 :

1947 1750 2200 1819 §trytnons
2222 1753 2536 1819 siggelidum
2554 1744 2733 1804 bruma
2756 1753 2979 1817 pellente
3001 1755 3290 1819 relinquunt

1948 1809 2140 1859 Poturae
2163 1819 2232 1869 te,
2257 1809 2389 1876 Nile,
2415 1828 2581 1877 grues.

1825 1890 2046 1955 Lautus,
2082 1892 2347 1961 lauturus,
2376 1911 2475 1965 pro
2499 1895 2722 1963 lavatus,
2749 1897 3052 1963 levaturus,
3082 1899 3136 1953 in
3164 1914 3266 1954 usu
3293 1907 3411 1968 est,

1825 1993 1962 2047 ortu,
1996 1994 2162 2047 ortus,
2187 1992 2241 2036 et
2272 1987 2507 2040 oriturus
2530 1984 2680 2041 facit.
2706 1986 2764 2041 ln
2791 1987 3058 2042 anomalis
3086 2002 3303 2058 quoque
3323 2003 3416 2043 su-

1824 2088 1928 2154 pra
1970 2074 2128 2129 dicta:
2167 2075 2362 2146 regula:
2400 2087 2727 2131 servantur:
2758 2078 2869 2133 latu
2892 2118 2907 2145 ,
2955 2078 3133 2144 latus,
3172 2079 3415 2145 laturus;

1825 2163 2028 2231 ferens,
2055 2165 2299 2232 ferentis,
2330 2168 2609 2236 ferendus;
2636 2187 2753 2236 esu,
2779 2186 2937 2236 esus,
2968 2186 3181 2236 esurus,
3215 2173 3417 2237 edens,

1825 2256 2055 2310 edendus
2066 2298 2083 2321 ,
2100 2256 2179 2312 sic
2194 2267 2249 2312 et
2266 2272 2331 2312 ex
2355 2259 2435 2313 eis
2454 2261 2770 2331 composita.
2788 2260 2832 2314 Α
2846 2277 2961 2315 sum
2977 2275 3192 2331 quoque
3207 2270 3419 2315 veteres

1826 2336 2168 2418 participium
2210 2350 2563 2419 proferebant
2602 2369 2724 2418 ens,
2755 2353 2898 2407 unde
2943 2353 3291 2423 componitur
3332 2368 3420 2421 po-

1828 2450 1970 2508 tens,
2001 2459 2126 2496 nam
2166 2442 2382 2499 futurus
2418 2445 2593 2517 magis
2618 2460 2648 2499 a
2680 2446 2752 2514 ﬁo
2778 2446 2946 2501 verbo
2983 2447 3196 2501 videtur
3230 2445 3417 2512 nasci,

1829 2532 1981 2602 cujus
2003 2535 2334 2603 praeteritum
2361 2544 2445 2591 est
2466 2535 2661 2605 factus,
2696 2545 2751 2592 et
2774 2552 3014 2607 praesens
3045 2538 3177 2607 [iens
3201 2554 3220 2591 :
3241 2544 3420 2608 potest

1830 2632 2012 2697 tamen
2039 2640 2070 2680 a
2097 2626 2177 2695 fui
2203 2626 2365 2681 etiam
2388 2642 2507 2681 esse
2529 2627 2853 2681 existimari.
2880 2626 3067 2694 Facio,
3092 2628 3261 2698 factu,
3278 2642 3421 2698 prae-

1832 2718 2051 2783 teritum
2072 2718 2244 2787 factus
2267 2717 2452 2784 habet,
2475 2726 2530 2772 et
2557 2716 2797 2773 futurum
2822 2718 3085 2783 facturus,
3117 2727 3171 2772 et
3193 2718 3417 2788 faciens,

1831 2823 2089 2880 prmsens.
2114 2806 2289 2862 Findo
2315 2824 2527 2878 quoque
2554 2810 2780 2878 ﬁndens,
2811 2809 2991 2878 ﬁssus,
3018 2810 3240 2878 ﬁssurus
3269 2808 3417 2864 facit.

1832 2899 1902 2955 Et
1928 2901 2205 2955 sciendum
2225 2901 2367 2970 quod
2400 2901 2446 2956 si
2470 2901 2723 2957 deﬁciant
2743 2902 2955 2971 supina,
2979 2901 3236 2957 deﬁciunt
3255 2901 3420 2957 etiam

1832 2992 2118 3063 participia
2165 3000 2274 3046 tam
2324 2990 2491 3047 futuri
2546 2993 2801 3063 temporis
2848 2992 2903 3047 in
2956 3010 3043 3048 rus
3088 2994 3420 3059 desinentia,

1837 3100 1997 3155 quam
2024 3085 2309 3155 praeteriti,
2329 3100 2450 3154 quae
2479 3100 2547 3140 ex
2578 3086 2710 3155 ipsis
2735 3095 3066 3141 nascuntur:
3092 3088 3236 3156 quod
3267 3088 3425 3139 inve-j

149 3144 316 3237 aiens,
348 3174 566 3242 quiens,
589 3144 820 3241 potiens,
844 3169 1148 3240 insigniens.
1178 3168 1304 3224 Haec
1336 3166 1515 3225 tamen
1542 3170 1732 3227 eadem

1839 3180 1926 3234 nis
1954 3180 2007 3233 in
2029 3178 2280 3233 omnibus
2308 3178 2640 3234 meditativis
2667 3187 2723 3234 et
2760 3178 3113 3243 inchoativis,
3139 3179 3194 3233 in
3227 3178 3425 3248 quibus

144 3262 463 3333 participia,
494 3276 613 3331 qua:
649 3276 679 3314 a
726 3260 904 3314 verbis
930 3261 985 3327 in
1020 3275 1079 3312 eo
1121 3260 1491 3316 desinentibus
1526 3270 1737 3331 quarta:

151 3352 547 3423 conjugationis
577 3359 891 3416 nascuntur,
914 3350 1163 3405 anomale
1189 3364 1288 3419 per
1308 3350 1555 3422 obliquos
1577 3367 1739 3407 casus

151 3459 246 3515 pro
270 3443 319 3497 ie
340 3460 409 3498 eu
434 3443 739 3498 habuerunt
764 3460 778 3496 :
809 3442 927 3497 iens
947 3482 962 3507 ,
990 3444 1195 3509 euntis;
1219 3444 1409 3513 quiens
1426 3486 1440 3509 ,
1463 3448 1737 3515 queuntis;

152 3545 207 3589 et
220 3551 285 3591 ex
307 3536 394 3590 eis
408 3536 727 3606 composita,
747 3536 1097 3605 utprodiens,
1110 3539 1432 3609 prodeuntis,
1452 3541 1737 3609 nequiens,

156 3628 486 3700 nequeuntis.
519 3627 708 3682 Futuri
735 3642 866 3682 vero
895 3629 1155 3696 temporis
1190 3630 1507 3703 participia,
1546 3631 1589 3685 si
1630 3632 1741 3687 sint

154 3735 184 3773 a
206 3718 396 3775 verbis
423 3718 617 3773 activis
649 3716 734 3770 vel
763 3718 1006 3782 neutris.
1030 3718 1118 3773 vel
1143 3718 1570 3789 deponentibus,
1604 3720 1741 3775 ﬁunt

156 3808 224 3863 ab
248 3817 499 3864 extremo
533 3807 846 3877 supinorum
872 3848 886 3873 ,
919 3809 1099 3864 addita
1126 3826 1216 3864 rus
1240 3826 1259 3863 :
1282 3818 1465 3863 amatu
1491 3851 1506 3872 ,
1535 3822 1740 3864 amatu-

157 3915 278 3961 rus;
301 3900 490 3963 doctu,
517 3899 800 3964 docturus;
830 3898 991 3963 lectu,
1013 3899 1277 3966 lecturus;
1305 3900 1513 3967 auditu,
1536 3902 1743 3955 auditu-

157 4005 279 4054 rus;
305 3997 481 4053 statu,
511 3998 781 4054 staturus;
814 4003 998 4054 cursu,
1025 3988 1275 4044 cursurus
1292 3980 1527 4056 {molitu
1545 4032 1565 4057 ,
1592 3992 1743 4046 moli-

158 4087 345 4143 turus;
382 4077 607 4146 vertitu,
636 4079 910 4133 vertiturus
944 4078 1014 4152 [Β
1018 4090 1136 4135 orte
1162 4082 1379 4147 verritu,
1408 4082 1738 4156 verriturus].

158 4168 204 4222 Δ
228 4167 516 4223 communi
540 4183 753 4238 quoque
782 4169 967 4233 verbo,
996 4169 1139 4238 quod
1183 4169 1239 4224 in
1284 4169 1469 4226 futuro
1500 4179 1741 4241 tempore

161 4259 264 4315 duo
287 4259 455 4313 habet
473 4259 781 4328 participia,
808 4274 972 4313 unum
1000 4260 1215 4330 quidem
1239 4261 1496 4328 activum,
1523 4278 1633 4327 rus,
1666 4262 1745 4317 aL-

162 4358 339 4405 ternm
369 4363 502 4403 vero
530 4349 804 4416 passivum
837 4350 892 4403 in
917 4348 1016 4403 dus
1034 4390 1049 4414 ,
1079 4349 1206 4404 illud
1232 4351 1376 4419 quod
1404 4350 1459 4404 in
1488 4368 1578 4405 rus
1603 4352 1746 4406 desi—

162 4441 239 4495 nit
280 4440 584 4495 secundum
630 4439 941 4508 praedictam
979 4440 1040 4493 ﬁt
1078 4440 1316 4511 regulam
1361 4458 1375 4494 :
1429 4443 1741 4510 criminatu,

161 4534 575 4595 criminaturus;
605 4530 730 4585 illud
754 4539 935 4585 autem
962 4530 1105 4601 quod
1134 4532 1189 4586 in
1219 4533 1339 4598 dus,
1372 4535 1572 4602 passivi
1599 4533 1743 4589 futu-

163 4637 280 4676 rum
312 4621 584 4690 sequitur.
614 4618 835 4674 Passiva
868 4635 996 4675 vero
1031 4620 1272 4688 ejusdem
1320 4624 1579 4692 temporis
1620 4640 1755 4694 para

165 4713 345 4781 ticipia
380 4710 523 4764 ﬁunt
551 4726 579 4763 a
610 4712 884 4781 praeterito
922 4712 1193 4782 participii
1223 4715 1506 4782 prmsentis
1550 4723 1753 4785 tempo-

165 4805 273 4870 ris,
323 4804 393 4856 tis
444 4800 591 4856 ﬁnali
637 4802 690 4856 in
725 4803 822 4856 dus
872 4817 1173 4857 conversa:
1207 4818 1430 4869 amans,
1482 4794 1747 4871 amantis,

166 4901 466 4964 amandus;
493 4899 713 4963 docens,
737 4898 998 4963 docentis,
1023 4898 1320 4967 docendus;
1344 4901 1549 4973 legens,
1576 4904 1754 4975 legeno

170 4991 258 5054 tis,
286 4990 577 5061 legendus;
607 4990 848 5056 audiens,
894 4990 1185 5067 audientis,
1219 4993 1548 5061 audiendus;
1572 5006 1751 5051 trans-

171 5084 306 5146 iens,
345 5081 700 5142 transeuntis,
733 5083 1117 5147 transeundus;
1154 5085 1486 5151 praeteriens,
1532 5095 1755 5155 praeter-

174 5172 353 5229 euntis
374 5214 391 5240 ,
418 5172 831 5243 pratereundus.
875 5172 1141 5229 Praeteriti
1170 5174 1312 5229 enim
1348 5178 1604 5246 temporis
1635 5194 1757 5247 par-

176 5268 381 5337 ticipia,
409 5279 535 5335 qua:
559 5265 614 5318 in
639 5272 744 5328 tus,
772 5263 856 5317 vel
879 5281 999 5330 sus,
1024 5264 1106 5320 vel
1131 5282 1252 5333 mus,
1295 5266 1566 5331 desinunt,
1610 5270 1754 5324 simi-

175 5357 299 5412 liter
326 5373 358 5411 a
387 5357 586 5427 supino
613 5364 858 5411 extremo
887 5354 1041 5421 ﬁunt,
1071 5357 1254 5412 addita
1282 5375 1307 5412 s
1333 5365 1387 5413 et
1411 5367 1659 5429 correpta
1696 5377 1750 5414 u.

179 5448 492 5503 Nascuntur
518 5453 697 5499 autem
728 5460 760 5499 a
801 5445 980 5499 verbis
1000 5446 1251 5515 passivis,
1280 5455 1333 5501 ct
1359 5448 1752 5513 communibus,

178 5551 231 5596 et
268 5538 685 5608 deponentibus,
725 5546 779 5591 et
820 5537 1309 5607 neutro-passivis,
1341 5545 1397 5591 et
1436 5538 1755 5606 quibusdam

183 5632 391 5688 neutris
416 5648 429 5682 :
464 5645 496 5682 a
523 5629 772 5697 passivis,
802 5636 861 5683 ut
888 5638 1091 5694 amatu,
1121 5638 1358 5693 amatus;
1385 5629 1587 5683 domitu
1612 5669 1627 5694 ,
1658 5630 1754 5683 do-

185 5725 371 5787 mitus;
400 5720 589 5785 doctu,
617 5718 835 5783 doctus;
867 5718 1064 5782 deletu,
1096 5715 1329 5783 deletus;
1356 5731 1532 5771 mersu
1555 5757 1569 5782 ,
1610 5733 1754 5771 nter-

1840 3268 2096 3325 deﬁciunt
2130 3268 2319 3337 supina
2349 3268 2454 3322 duo
2482 3277 2759 3333 extrema;
2791 3268 2991 3338 quibus
3014 3267 3424 3334 deﬁcientibus,

1839 3382 2003 3437 supra
2035 3366 2299 3420 dictorum
2328 3380 2539 3435 quoque
2570 3373 2873 3436 temporum
2908 3362 3167 3418 deﬁciunt
3204 3362 3427 3433 partici-

1840 3456 1962 3525 pia,
1996 3465 2057 3510 ut
2090 3456 2359 3524 parturio,
2388 3454 2593 3519 esurio,
2628 3454 3170 3527 horrescohcalesco;
3196 3451 3340 3521 quod
3373 3459 3427 3504 et

1841 3546 2158 3618 plerumque
2200 3546 2253 3598 in
2293 3545 2501 3601 neutris
2540 3544 2719 3599 verbis
2763 3545 3013 3599 secunda:
3033 3541 3428 3612 conjugationis

1840 3638 1925 3693 vel
1952 3638 2123 3692 tertiae
2156 3637 2209 3691 in
2239 3654 2305 3690 uo
2328 3637 2731 3702 desinentibus,
2767 3644 2829 3690 ut
2849 3646 3029 3705 tepeo,
3060 3650 3181 3705 egeo
3200 3675 3214 3699 ,
3243 3631 3389 3687 caleo
3408 3672 3425 3699 ,

1844 3730 2034 3799 ferveo,
2062 3740 2265 3799 stupeo,
2294 3728 2452 3793 lateo,
2479 3728 2706 3793 candeo,
2734 3714 2893 3792 niteo,
2916 3735 3101 3791 wstuo,
3129 3724 3238 3779 luo.
3272 3724 3428 3778 inve-

1844 3820 2068 3872 niuntur
2099 3826 2278 3871 tamen
2304 3818 2582 3871 rarissime
2622 3817 2676 3872 in
2705 3815 3023 3884 quibusdam
3053 3813 3426 3885 hujuscemodi

1846 3908 2059 3978 supina,
2086 3905 2166 3960 vel
2199 3906 2365 3959 futuri
2400 3906 2659 3975 temporis
2682 3905 2989 3974 participia,
3012 3912 3072 3958 ut
3093 3904 3268 3968 doleo,
3300 3902 3430 3957 doli-

1844 3985 1996 4052 turus
2020 4015 2039 4063 ;
2066 4012 2251 4061 careo,
2278 3998 2571 4060 cariturus,
2599 4012 2697 4058 nec
2725 4012 2829 4051 non
2858 4005 2912 4051 et
2942 3994 3045 4051 alia
3080 3995 3246 4050 multa
3280 3995 3430 4051 iuvev

1845 4088 2068 4143 niuntur
2094 4086 2417 4142 deﬁcientia.
2458 4086 2517 4141 ln
2550 4087 2669 4141 aliis
2698 4102 2910 4159 quoque
2948 4086 3431 4159 signiﬁcationibus

1846 4178 1932 4234 vel
1968 4178 2253 4249 generibus
2295 4159 2582 4231 verborum
2605 4216 2620 4241 ,
2674 4184 2781 4230 tam
2826 4177 3016 4247 supina
3047 4192 3209 4248 quam
3238 4191 3307 4231 ex
3342 4177 3424 4233 eis

1845 4266 2153 4332 nascentia,
2188 4273 2246 4319 ut
2274 4282 2467 4336 urgeo,
2517 4282 2647 4336 spuo
2670 4305 2686 4332 ,
2729 4276 2938 4331 metuo,
2974 4268 3161 4332 timeo,
3198 4268 3422 4345 medior,

1847 4358 2083 4427 ambigo,
2122 4356 2338 4422 scindo,
2374 4372 2557 4426 vergo,
2603 4371 2775 4422 arceo,
2826 4354 3041 4421 mando,
3091 4356 3297 4410 mandis
3322 4371 3339 4407 :
3368 4366 3422 4411 et

1850 4463 2172 4519 quocunque
2209 4456 2449 4517 tempore
2489 4446 2748 4501 defectiva
2790 4452 2916 4499 sunt
2944 4447 3142 4511 verba,
3169 4447 3427 4502 deﬁciunt

1851 4540 2016 4595 etiam
2038 4537 2340 4608 participia.
2371 4533 2561 4588 Ferior
2584 4548 2796 4604 quoque
2823 4541 2877 4589 et
2899 4551 3073 4588 vescor
3095 4537 3429 4605 praeteritum

1856 4642 2067 4702 tempus
2095 4646 2200 4684 non
2228 4628 2440 4692 habent,
2466 4644 2567 4683 nec
2594 4627 2834 4697 ejusdem
2855 4631 3111 4700 temporis
3124 4632 3428 4702 participia.

1858 4722 2000 4792 Carpi
2043 4736 2149 4775 non
2178 4720 2341 4774 habet
2367 4734 2607 4789 prazsens
2649 4726 2702 4773 et
2745 4718 3019 4785 futurum,
3067 4736 3168 4776 nec
3210 4723 3432 4793 partici-

1858 4815 2027 4885 pium,
2056 4812 2147 4866 sed
2177 4818 2382 4865 tantum
2412 4810 2671 4879 praeteriti
2699 4812 2985 4880 temporis,
3018 4822 3230 4881 coeptus.
3262 4810 3429 4867 Simi-

1859 4903 2004 4969 liter,
2036 4902 2141 4966 odi,
2173 4901 2306 4963 novi,
2341 4917 2493 4966 osus,
2525 4914 2589 4953 ex
2618 4916 2724 4971 quo
2749 4918 2965 4971 perosus
2995 4911 3049 4957 et
3084 4919 3272 4957 exosus
3293 4942 3310 4970 ,
3340 4922 3434 4959 no-

1859 4998 1962 5059 tus,
1988 5002 2043 5048 et
2066 4994 2297 5058 memini,
2321 4994 2600 5047 meminens
2622 5032 2636 5059 ,
2660 4993 2785 5063 quia
2813 4994 3024 5047 memini
3062 5002 3170 5049 tam
3198 5010 3435 5064 prasen-

1859 5086 1929 5140 tis
1953 5100 2115 5154 quam
2141 5084 2398 5153 praeteriti
2433 5085 2537 5138 vim
2569 5085 2749 5149 habet,
2778 5086 3046 5154 quomodo
3071 5086 3180 5151 odi,
3217 5095 3276 5140 ut
3308 5096 3432 5140 ante

1852 5176 1966 5246 jam
1994 5175 2261 5229 diximus:
2297 5190 2480 5238 nosco,
2513 5186 2726 5228 noscens
2752 5173 2901 5229 facit.
2936 5174 3199 5231 Similiter
3230 5177 3434 5245 imper-

1820 5314 1823 5315 ν
1857 5264 2063 5319 sonalia
2094 5263 2348 5318 deﬁciunt
2374 5264 2425 5318 in
2456 5265 2662 5333 supinis
2685 5274 2741 5319 et
2772 5266 3071 5336 participiis
3095 5281 3215 5337 qua:
3240 5283 3309 5322 ex
3347 5284 3438 5323 su-

1857 5356 1998 5425 pinis
2018 5364 2335 5418 nascuntur,
2358 5363 2417 5407 ut
2447 5356 2617 5425 piget,
2645 5356 2835 5424 pudet,
2872 5357 3025 5411 ttedet
3044 5397 3058 5421 ,
3095 5359 3304 5427 paenitet
3325 5399 3340 5424 ,
3370 5357 3437 5412 li-

1856 5454 1999 5514 quet,
2029 5444 2169 5509 licet,
2194 5443 2313 5496 libet
2334 5484 2349 5507 ,
2370 5454 2606 5516 oportet;
2635 5446 2727 5499 sed
2770 5447 3123 5515 compositum
3154 5456 3435 5516 pertazsum

1858 5535 2147 5597 invenitur,
2173 5542 2227 5587 et
2254 5535 2502 5602 pwnitcns
2523 5574 2537 5600 ,
2569 5536 2708 5589 unde
2742 5536 3043 5602 pwnitentia
3058 5553 3078 5601 ;
3102 5547 3156 5591 et
3188 5537 3351 5593 libens
3382 5551 3439 5595 et

1859 5627 2051 5690 licens,
2092 5626 2234 5679 unde
2273 5626 2479 5680 licentia
2504 5668 2519 5692 ,
2556 5626 2748 5680 licitas.
2780 5626 3175 5698 Sciendumque
3205 5631 3348 5698 quod
3390 5632 3436 5685 si

1862 5718 2159 5788 composita
2186 5718 2295 5772 sint
2324 5718 2521 5783 verba,
2559 5719 2628 5773 ab
2668 5718 2748 5774 eis
2790 5720 3089 5791 composita
3125 5722 3440 5778 deriventur
