  <div class='ocr_page' id='page_1' title='image "/cluster/home/n/w/nwhite01/storage/ocr_20150623/111/uva.x000827067/339.png"; bbox 0 0 3918 6362; ppageno 0'>
   <div class='ocr_carea' id='block_1_1' title="bbox 509 396 610 451">
    <p class='ocr_par' dir='ltr' id='par_1_1' title="bbox 509 396 610 451">
     <span class='ocr_line' id='line_1_1' title="bbox 509 396 610 451; baseline 0.03 -3"><span class='ocrx_word' id='word_1_1' title='bbox 509 396 610 451; x_wconf 76' lang='lat'><strong>663</strong></span> 
     </span>
    </p>
   </div>
   <div class='ocr_carea' id='block_1_2' title="bbox 1169 380 3119 443">
    <p class='ocr_par' dir='ltr' id='par_1_2' title="bbox 1169 380 3119 443">
     <span class='ocr_line' id='line_1_2' title="bbox 1169 380 3119 443; baseline -0.002 0"><span class='ocrx_word' id='word_1_2' title='bbox 1169 390 1229 443; x_wconf 81' lang='grc' dir='ltr'><strong>Β.</strong></span> <span class='ocrx_word' id='word_1_3' title='bbox 1270 387 1522 443; x_wconf 61' lang='grc' dir='ltr'><strong>ΒΑΒᾹΝΙ</strong></span> <span class='ocrx_word' id='word_1_4' title='bbox 1557 385 1774 443; x_wconf 78' lang='lat' dir='ltr'><strong>MAURI</strong></span> <span class='ocrx_word' id='word_1_5' title='bbox 1810 381 2126 439; x_wconf 72' lang='lat' dir='ltr'><strong>ARCHIEP.</strong></span> <span class='ocrx_word' id='word_1_6' title='bbox 2166 380 2466 437; x_wconf 82' lang='lat' dir='ltr'><strong>MOGUNT.</strong></span> <span class='ocrx_word' id='word_1_7' title='bbox 2504 381 2785 440; x_wconf 82' lang='lat' dir='ltr'><strong>OPERUM</strong></span> <span class='ocrx_word' id='word_1_8' title='bbox 2820 381 2999 438; x_wconf 82' lang='lat' dir='ltr'><strong>PARS</strong></span> <span class='ocrx_word' id='word_1_9' title='bbox 3033 384 3119 440; x_wconf 85' lang='lat' dir='ltr'><strong>Ill.</strong></span> 
     </span>
    </p>
   </div>
   <div class='ocr_carea' id='block_1_3' title="bbox 3628 390 3734 449">
    <p class='ocr_par' dir='ltr' id='par_1_3' title="bbox 3628 390 3734 449">
     <span class='ocr_line' id='line_1_3' title="bbox 3628 390 3734 449; baseline 0 0"><span class='ocrx_word' id='word_1_10' title='bbox 3628 390 3734 449; x_wconf 69' lang='grc' dir='ltr'><strong>ωδ</strong></span> 
     </span>
    </p>
   </div>
   <div class='ocr_carea' id='block_1_4' title="bbox 502 486 3734 584">
    <p class='ocr_par' dir='ltr' id='par_1_4' title="bbox 502 486 3734 584">
     <span class='ocr_line' id='line_1_4' title="bbox 502 486 3734 584; baseline 0.004 -35"><span class='ocrx_word' id='word_1_11' title='bbox 502 510 779 584; x_wconf 54' lang='lat' dir='ltr'><strong>participia</strong></span> <span class='ocrx_word' id='word_1_12' title='bbox 800 547 814 574; x_wconf 78' lang='grc'><strong><em>,</em></strong></span> <span class='ocrx_word' id='word_1_13' title='bbox 846 515 905 562; x_wconf 78' lang='grc' dir='ltr'><strong>ιιι</strong></span> <span class='ocrx_word' id='word_1_14' title='bbox 944 507 1123 577; x_wconf 59' lang='lat' dir='ltr'><strong>emata,</strong></span> <span class='ocrx_word' id='word_1_15' title='bbox 1164 505 1405 574; x_wconf 69' lang='lat' dir='ltr'><strong>eniciens.</strong></span> <span class='ocrx_word' id='word_1_16' title='bbox 1451 501 1511 556; x_wconf 89' lang='lat' dir='ltr'><strong>Si</strong></span> <span class='ocrx_word' id='word_1_17' title='bbox 1559 501 1703 555; x_wconf 91' lang='lat' dir='ltr'><strong>enim</strong></span> <span class='ocrx_word' id='word_1_18' title='bbox 1745 486 1860 569; x_wconf 85' lang='lat' dir='ltr'><strong>ipsa</strong></span> <span class='ocrx_word' id='word_1_19' title='bbox 1887 509 1984 566; x_wconf 86' lang='lat' dir='ltr'><strong>per</strong></span> <span class='ocrx_word' id='word_1_20' title='bbox 2009 509 2067 551; x_wconf 85' lang='lat' dir='ltr'><strong>se</strong></span> <span class='ocrx_word' id='word_1_21' title='bbox 2094 495 2145 554; x_wconf 85' lang='grc' dir='ltr'>Α</span> <span class='ocrx_word' id='word_1_22' title='bbox 2169 492 2500 584; x_wconf 84' lang='lat' dir='ltr'><strong>Apollonius,</strong></span> <span class='ocrx_word' id='word_1_23' title='bbox 2532 501 2685 563; x_wconf 89' lang='lat' dir='ltr'><strong>pater</strong></span> <span class='ocrx_word' id='word_1_24' title='bbox 2709 493 3018 560; x_wconf 85' lang='lat' dir='ltr'><strong>Herodiani,</strong></span> <span class='ocrx_word' id='word_1_25' title='bbox 3046 496 3103 550; x_wconf 90' lang='lat' dir='ltr'><strong>in</strong></span> <span class='ocrx_word' id='word_1_26' title='bbox 3129 498 3366 569; x_wconf 90' lang='lat' dir='ltr'><strong>quinque</strong></span> <span class='ocrx_word' id='word_1_27' title='bbox 3395 503 3600 570; x_wconf 77' lang='lat' dir='ltr'><strong>species</strong></span> <span class='ocrx_word' id='word_1_28' title='bbox 3647 503 3734 562; x_wconf 86' lang='lat' dir='ltr'><strong>di-</strong></span> 
     </span>
    </p>
   </div>
   <div class='ocr_carea' id='block_1_5' title="bbox 502 590 2067 673">
    <p class='ocr_par' dir='ltr' id='par_1_5' title="bbox 502 590 2067 673">
     <span class='ocr_line' id='line_1_5' title="bbox 502 590 2067 673; baseline -0.012 -13"><span class='ocrx_word' id='word_1_29' title='bbox 502 606 909 673; x_wconf 84' lang='lat' dir='ltr'><strong>compouantur,</strong></span> <span class='ocrx_word' id='word_1_30' title='bbox 933 612 1041 653; x_wconf 92' lang='lat' dir='ltr'><strong>non</strong></span> <span class='ocrx_word' id='word_1_31' title='bbox 1066 595 1218 666; x_wconf 90' lang='lat' dir='ltr'><strong>prius</strong></span> <span class='ocrx_word' id='word_1_32' title='bbox 1247 592 1558 663; x_wconf 82' lang='lat' dir='ltr'><strong>compositis</strong></span> <span class='ocrx_word' id='word_1_33' title='bbox 1583 590 1766 646; x_wconf 82' lang='lat' dir='ltr'><strong>verbis</strong></span> <span class='ocrx_word' id='word_1_34' title='bbox 1786 596 2067 642; x_wconf 90' lang='lat' dir='ltr'><strong>transeunt</strong></span> 
     </span>
    </p>
   </div>
   <div class='ocr_carea' id='block_1_6' title="bbox 503 679 2066 756">
    <p class='ocr_par' dir='ltr' id='par_1_6' title="bbox 503 679 2066 756">
     <span class='ocr_line' id='line_1_6' title="bbox 503 679 2066 756; baseline -0.01 -8"><span class='ocrx_word' id='word_1_35' title='bbox 503 695 558 749; x_wconf 92' lang='lat' dir='ltr'><strong>in</strong></span> <span class='ocrx_word' id='word_1_36' title='bbox 583 689 855 747; x_wconf 81' lang='lat' dir='ltr'><strong>nominum</strong></span> <span class='ocrx_word' id='word_1_37' title='bbox 882 689 993 742; x_wconf 89' lang='lat' dir='ltr'><strong>vim</strong></span> <span class='ocrx_word' id='word_1_38' title='bbox 1037 693 1092 741; x_wconf 90' lang='lat' dir='ltr'><strong>et</strong></span> <span class='ocrx_word' id='word_1_39' title='bbox 1129 683 1578 756; x_wconf 80' lang='lat' dir='ltr'><strong>signiﬁcationem</strong></span> <span class='ocrx_word' id='word_1_40' title='bbox 1608 699 1621 735; x_wconf 90' lang='lat'><strong>:</strong></span> <span class='ocrx_word' id='word_1_41' title='bbox 1649 680 1790 736; x_wconf 88' lang='lat' dir='ltr'><strong>sicut</strong></span> <span class='ocrx_word' id='word_1_42' title='bbox 1828 679 2066 747; x_wconf 79' lang='lat' dir='ltr'><strong>etiamsi</strong></span> 
     </span>
    </p>
   </div>
   <div class='ocr_carea' id='block_1_7' title="bbox 503 771 2108 852">
    <p class='ocr_par' dir='ltr' id='par_1_7' title="bbox 503 771 2108 852">
     <span class='ocr_line' id='line_1_7' title="bbox 503 771 2108 852; baseline -0.01 -14"><span class='ocrx_word' id='word_1_43' title='bbox 503 790 906 852; x_wconf 80' lang='lat' dir='ltr'><strong>comparentur,</strong></span> <span class='ocrx_word' id='word_1_44' title='bbox 947 786 1007 832; x_wconf 91' lang='lat' dir='ltr'><strong>ut</strong></span> <span class='ocrx_word' id='word_1_45' title='bbox 1043 791 1280 842; x_wconf 86' lang='lat' dir='ltr'><strong>nocens,</strong></span> <span class='ocrx_word' id='word_1_46' title='bbox 1317 776 1598 839; x_wconf 72' lang='lat' dir='ltr'><strong>innocens;</strong></span> <span class='ocrx_word' id='word_1_47' title='bbox 1644 773 1857 842; x_wconf 87' lang='lat' dir='ltr'><strong>sapiens</strong></span> <span class='ocrx_word' id='word_1_48' title='bbox 1879 810 1894 836; x_wconf 94' lang='lat'><strong>,</strong></span> <span class='ocrx_word' id='word_1_49' title='bbox 1933 771 2064 823; x_wconf 85' lang='lat' dir='ltr'><strong>insi-</strong></span> <span class='ocrx_word' id='word_1_50' title='bbox 2104 837 2108 841; x_wconf 24' lang='grc' dir='ltr'><strong><em>η</em></strong></span> 
     </span>
    </p>
   </div>
   <div class='ocr_carea' id='block_1_8' title="bbox 500 863 2067 941">
    <p class='ocr_par' dir='ltr' id='par_1_8' title="bbox 500 863 2067 941">
     <span class='ocr_line' id='line_1_8' title="bbox 500 863 2067 941; baseline -0.006 -16"><span class='ocrx_word' id='word_1_51' title='bbox 500 873 664 940; x_wconf 84' lang='lat' dir='ltr'><strong>piens.</strong></span> <span class='ocrx_word' id='word_1_52' title='bbox 689 869 814 924; x_wconf 62' lang='lat' dir='ltr'><strong>Hac</strong></span> <span class='ocrx_word' id='word_1_53' title='bbox 833 868 996 941; x_wconf 91' lang='lat' dir='ltr'><strong>igitur</strong></span> <span class='ocrx_word' id='word_1_54' title='bbox 1021 867 1146 921; x_wconf 90' lang='lat' dir='ltr'><strong>licet</strong></span> <span class='ocrx_word' id='word_1_55' title='bbox 1172 865 1607 941; x_wconf 83' lang='lat' dir='ltr'><strong>extraordinarie</strong></span> <span class='ocrx_word' id='word_1_56' title='bbox 1637 863 1824 917; x_wconf 85' lang='lat' dir='ltr'><strong>videar</strong></span> <span class='ocrx_word' id='word_1_57' title='bbox 1850 875 2067 930; x_wconf 87' lang='lat' dir='ltr'><strong>compo-</strong></span> 
     </span>
    </p>
   </div>
   <div class='ocr_carea' id='block_1_9' title="bbox 500 939 2069 1028">
    <p class='ocr_par' dir='ltr' id='par_1_9' title="bbox 500 939 2069 1028">
     <span class='ocr_line' id='line_1_9' title="bbox 500 939 2069 1028; baseline -0.007 -13"><span class='ocrx_word' id='word_1_58' title='bbox 500 975 652 1025; x_wconf 83' lang='lat' dir='ltr'><strong>nere,</strong></span> <span class='ocrx_word' id='word_1_59' title='bbox 675 974 796 1014; x_wconf 92' lang='lat' dir='ltr'><strong>cum</strong></span> <span class='ocrx_word' id='word_1_60' title='bbox 819 939 886 1014; x_wconf 85' lang='lat' dir='ltr'><strong>de</strong></span> <span class='ocrx_word' id='word_1_61' title='bbox 903 957 1229 1028; x_wconf 83' lang='lat' dir='ltr'><strong>syllabarum</strong></span> <span class='ocrx_word' id='word_1_62' title='bbox 1249 961 1514 1025; x_wconf 71' lang='lat' dir='ltr'><strong>potestate</strong></span> <span class='ocrx_word' id='word_1_63' title='bbox 1533 939 1774 1008; x_wconf 76' lang='lat' dir='ltr'><strong>scribere</strong></span> <span class='ocrx_word' id='word_1_64' title='bbox 1793 952 1922 1017; x_wconf 86' lang='lat' dir='ltr'><strong>mihi</strong></span> <span class='ocrx_word' id='word_1_65' title='bbox 1947 967 2069 1020; x_wconf 83' lang='lat' dir='ltr'><strong>pro-</strong></span> 
     </span>
    </p>
   </div>
   <div class='ocr_carea' id='block_1_10' title="bbox 500 1043 2065 1121">
    <p class='ocr_par' dir='ltr' id='par_1_10' title="bbox 500 1043 2065 1121">
     <span class='ocr_line' id='line_1_10' title="bbox 500 1043 2065 1121; baseline -0.004 -17"><span class='ocrx_word' id='word_1_66' title='bbox 500 1051 730 1121; x_wconf 91' lang='lat' dir='ltr'><strong>positum</strong></span> <span class='ocrx_word' id='word_1_67' title='bbox 754 1049 844 1114; x_wconf 88' lang='lat' dir='ltr'><strong>sit,</strong></span> <span class='ocrx_word' id='word_1_68' title='bbox 861 1057 1041 1102; x_wconf 89' lang='lat' dir='ltr'><strong>tamen</strong></span> <span class='ocrx_word' id='word_1_69' title='bbox 1059 1062 1168 1102; x_wconf 92' lang='lat' dir='ltr'><strong>non</strong></span> <span class='ocrx_word' id='word_1_70' title='bbox 1193 1045 1578 1102; x_wconf 77' lang='lat' dir='ltr'><strong>inutiliterista</strong></span> <span class='ocrx_word' id='word_1_71' title='bbox 1601 1043 1919 1112; x_wconf 86' lang='lat' dir='ltr'><strong>interposui,</strong></span> <span class='ocrx_word' id='word_1_72' title='bbox 1938 1043 2065 1112; x_wconf 90' lang='lat' dir='ltr'><strong>quia</strong></span> 
     </span>
    </p>
   </div>
   <div class='ocr_carea' id='block_1_11' title="bbox 500 1129 2066 1207">
    <p class='ocr_par' dir='ltr' id='par_1_11' title="bbox 500 1129 2066 1207">
     <span class='ocr_line' id='line_1_11' title="bbox 500 1129 2066 1207; baseline -0.003 -14"><span class='ocrx_word' id='word_1_73' title='bbox 500 1129 834 1194; x_wconf 80' lang='lat' dir='ltr'><strong>manifestior</strong></span> <span class='ocrx_word' id='word_1_74' title='bbox 856 1139 961 1193; x_wconf 90' lang='lat' dir='ltr'><strong>erit</strong></span> <span class='ocrx_word' id='word_1_75' title='bbox 983 1137 1212 1207; x_wconf 84' lang='lat' dir='ltr'><strong>qualitas</strong></span> <span class='ocrx_word' id='word_1_76' title='bbox 1239 1136 1532 1190; x_wconf 89' lang='lat' dir='ltr'><strong>dictionum</strong></span> <span class='ocrx_word' id='word_1_77' title='bbox 1559 1174 1574 1200; x_wconf 97' lang='lat'><strong>,</strong></span> <span class='ocrx_word' id='word_1_78' title='bbox 1607 1134 1651 1190; x_wconf 89' lang='lat' dir='ltr'><strong>si</strong></span> <span class='ocrx_word' id='word_1_79' title='bbox 1690 1134 1840 1204; x_wconf 90' lang='lat' dir='ltr'><strong>origo</strong></span> <span class='ocrx_word' id='word_1_80' title='bbox 1878 1134 2066 1188; x_wconf 82' lang='lat' dir='ltr'><strong>earum</strong></span> 
     </span>
    </p>
   </div>
   <div class='ocr_carea' id='block_1_12' title="bbox 500 1227 2066 1303">
    <p class='ocr_par' dir='ltr' id='par_1_12' title="bbox 500 1227 2066 1303">
     <span class='ocr_line' id='line_1_12' title="bbox 500 1227 2066 1303; baseline -0.006 -13"><span class='ocrx_word' id='word_1_81' title='bbox 500 1246 658 1290; x_wconf 82' lang='lat' dir='ltr'><strong>antea</strong></span> <span class='ocrx_word' id='word_1_82' title='bbox 706 1235 1009 1303; x_wconf 87' lang='lat' dir='ltr'><strong>diligentius</strong></span> <span class='ocrx_word' id='word_1_83' title='bbox 1068 1231 1438 1302; x_wconf 89' lang='lat' dir='ltr'><strong>investigetur.</strong></span> <span class='ocrx_word' id='word_1_84' title='bbox 1491 1227 1799 1284; x_wconf 85' lang='lat' dir='ltr'><strong>Notandum</strong></span> <span class='ocrx_word' id='word_1_85' title='bbox 1853 1242 2066 1297; x_wconf 90' lang='lat' dir='ltr'><strong>quoque</strong></span> 
     </span>
    </p>
   </div>
   <div class='ocr_carea' id='block_1_13' title="bbox 499 1317 2066 1398">
    <p class='ocr_par' dir='ltr' id='par_1_13' title="bbox 499 1317 2066 1398">
     <span class='ocr_line' id='line_1_13' title="bbox 499 1317 2066 1398; baseline -0.004 -17"><span class='ocrx_word' id='word_1_86' title='bbox 499 1327 638 1398; x_wconf 92' lang='lat' dir='ltr'><strong>quod</strong></span> <span class='ocrx_word' id='word_1_87' title='bbox 663 1328 838 1380; x_wconf 88' lang='lat' dir='ltr'><strong>omnia</strong></span> <span class='ocrx_word' id='word_1_88' title='bbox 869 1324 1151 1395; x_wconf 89' lang='lat' dir='ltr'><strong>participia</strong></span> <span class='ocrx_word' id='word_1_89' title='bbox 1173 1322 1433 1393; x_wconf 61' lang='lat' dir='ltr'><strong>praeteriti</strong></span> <span class='ocrx_word' id='word_1_90' title='bbox 1457 1319 1714 1388; x_wconf 89' lang='lat' dir='ltr'><strong>temporis</strong></span> <span class='ocrx_word' id='word_1_91' title='bbox 1751 1318 1865 1373; x_wconf 85' lang='lat' dir='ltr'><strong>sive</strong></span> <span class='ocrx_word' id='word_1_92' title='bbox 1900 1317 2066 1374; x_wconf 85' lang='lat' dir='ltr'><strong>futuri</strong></span> 
     </span>
    </p>
   </div>
   <div class='ocr_carea' id='block_1_14' title="bbox 500 1409 2066 1486">
    <p class='ocr_par' dir='ltr' id='par_1_14' title="bbox 500 1409 2066 1486">
     <span class='ocr_line' id='line_1_14' title="bbox 500 1409 2066 1486; baseline -0.005 -16"><span class='ocrx_word' id='word_1_93' title='bbox 500 1418 551 1470; x_wconf 88' lang='lat' dir='ltr'><strong>in</strong></span> <span class='ocrx_word' id='word_1_94' title='bbox 575 1409 896 1486; x_wconf 74' lang='lat' dir='ltr'><strong>penultimis</strong></span> <span class='ocrx_word' id='word_1_95' title='bbox 911 1416 996 1470; x_wconf 89' lang='lat' dir='ltr'><strong>vel</strong></span> <span class='ocrx_word' id='word_1_96' title='bbox 1033 1413 1464 1484; x_wconf 90' lang='lat' dir='ltr'><strong>antepenultimis</strong></span> <span class='ocrx_word' id='word_1_97' title='bbox 1500 1411 1610 1466; x_wconf 89' lang='lat' dir='ltr'><strong>suis</strong></span> <span class='ocrx_word' id='word_1_98' title='bbox 1647 1409 1886 1478; x_wconf 77' lang='lat' dir='ltr'><strong>regulam</strong></span> <span class='ocrx_word' id='word_1_99' title='bbox 1922 1409 2066 1478; x_wconf 90' lang='lat' dir='ltr'><strong>supi-</strong></span> 
     </span>
    </p>
   </div>
   <div class='ocr_carea' id='block_1_15' title="bbox 499 1499 2064 1580">
    <p class='ocr_par' dir='ltr' id='par_1_15' title="bbox 499 1499 2064 1580">
     <span class='ocr_line' id='line_1_15' title="bbox 499 1499 2064 1580; baseline -0.004 -22"><span class='ocrx_word' id='word_1_100' title='bbox 499 1521 690 1560; x_wconf 89' lang='lat' dir='ltr'><strong>norum</strong></span> <span class='ocrx_word' id='word_1_101' title='bbox 713 1507 853 1560; x_wconf 91' lang='lat' dir='ltr'><strong>unde</strong></span> <span class='ocrx_word' id='word_1_102' title='bbox 878 1505 1118 1560; x_wconf 88' lang='lat' dir='ltr'><strong>derivata</strong></span> <span class='ocrx_word' id='word_1_103' title='bbox 1143 1511 1288 1567; x_wconf 92' lang='lat' dir='ltr'><strong>sunt,</strong></span> <span class='ocrx_word' id='word_1_104' title='bbox 1319 1509 1634 1569; x_wconf 89' lang='lat' dir='ltr'><strong>sequuntur,</strong></span> <span class='ocrx_word' id='word_1_105' title='bbox 1667 1499 1906 1569; x_wconf 81' lang='lat' dir='ltr'><strong>exceptis</strong></span> <span class='ocrx_word' id='word_1_106' title='bbox 1930 1513 2064 1580; x_wconf 86' lang='lat' dir='ltr'><strong>pau-</strong></span> 
     </span>
    </p>
   </div>
   <div class='ocr_carea' id='block_1_16' title="bbox 498 1589 2066 1676">
    <p class='ocr_par' dir='ltr' id='par_1_16' title="bbox 498 1589 2066 1676">
     <span class='ocr_line' id='line_1_16' title="bbox 498 1589 2066 1676; baseline -0.008 -23"><span class='ocrx_word' id='word_1_107' title='bbox 498 1615 597 1662; x_wconf 73' lang='lat' dir='ltr'><strong>ens,</strong></span> <span class='ocrx_word' id='word_1_108' title='bbox 625 1607 683 1652; x_wconf 92' lang='lat' dir='ltr'><strong>ut</strong></span> <span class='ocrx_word' id='word_1_109' title='bbox 705 1607 919 1666; x_wconf 87' lang='lat' dir='ltr'><strong>statum,</strong></span> <span class='ocrx_word' id='word_1_110' title='bbox 953 1604 1112 1658; x_wconf 86' lang='lat' dir='ltr'><strong>statu,</strong></span> <span class='ocrx_word' id='word_1_111' title='bbox 1138 1593 1282 1663; x_wconf 89' lang='lat' dir='ltr'><strong>quod</strong></span> <span class='ocrx_word' id='word_1_112' title='bbox 1302 1592 1659 1662; x_wconf 90' lang='lat' dir='ltr'><strong>penultimam</strong></span> <span class='ocrx_word' id='word_1_113' title='bbox 1688 1609 1720 1644; x_wconf 91' lang='lat' dir='ltr'><strong>a</strong></span> <span class='ocrx_word' id='word_1_114' title='bbox 1743 1589 1917 1676; x_wconf 85' lang='lat' dir='ltr'><strong>supini</strong></span> <span class='ocrx_word' id='word_1_115' title='bbox 1940 1603 2066 1658; x_wconf 89' lang='lat' dir='ltr'><strong>pro-</strong></span> 
     </span>
    </p>
   </div>
   <div class='ocr_carea' id='block_1_17' title="bbox 497 1681 2066 1764">
    <p class='ocr_par' dir='ltr' id='par_1_17' title="bbox 497 1681 2066 1764">
     <span class='ocr_line' id='line_1_17' title="bbox 497 1681 2066 1764; baseline -0.007 -19"><span class='ocrx_word' id='word_1_116' title='bbox 497 1691 661 1746; x_wconf 89' lang='lat' dir='ltr'><strong>ducit.</strong></span> <span class='ocrx_word' id='word_1_117' title='bbox 694 1691 752 1745; x_wconf 92' lang='lat' dir='ltr'><strong>ln</strong></span> <span class='ocrx_word' id='word_1_118' title='bbox 774 1687 1059 1761; x_wconf 90' lang='lat' dir='ltr'><strong>participio</strong></span> <span class='ocrx_word' id='word_1_119' title='bbox 1085 1701 1299 1757; x_wconf 87' lang='lat' dir='ltr'><strong>quoque</strong></span> <span class='ocrx_word' id='word_1_120' title='bbox 1339 1700 1432 1740; x_wconf 89' lang='lat' dir='ltr'><strong>seu</strong></span> <span class='ocrx_word' id='word_1_121' title='bbox 1471 1684 1689 1738; x_wconf 90' lang='lat' dir='ltr'><strong>nomine</strong></span> <span class='ocrx_word' id='word_1_122' title='bbox 1716 1681 1917 1737; x_wconf 88' lang='lat' dir='ltr'><strong>verbali</strong></span> <span class='ocrx_word' id='word_1_123' title='bbox 1949 1695 2066 1764; x_wconf 76' lang='lat' dir='ltr'><strong>cor-</strong></span> 
     </span>
    </p>
   </div>
   <div class='ocr_carea' id='block_1_18' title="bbox 2169 582 3735 663">
    <p class='ocr_par' dir='ltr' id='par_1_18' title="bbox 2169 582 3735 663">
     <span class='ocr_line' id='line_1_18' title="bbox 2169 582 3735 663; baseline 0.01 -28"><span class='ocrx_word' id='word_1_124' title='bbox 2169 582 2319 645; x_wconf 91' lang='lat' dir='ltr'><strong>vidit,</strong></span> <span class='ocrx_word' id='word_1_125' title='bbox 2349 597 2481 650; x_wconf 89' lang='lat' dir='ltr'><strong>quas</strong></span> <span class='ocrx_word' id='word_1_126' title='bbox 2501 597 2667 651; x_wconf 83' lang='lat' dir='ltr'><strong>supra</strong></span> <span class='ocrx_word' id='word_1_127' title='bbox 2688 584 3037 652; x_wconf 86' lang='lat' dir='ltr'><strong>ostendimus,</strong></span> <span class='ocrx_word' id='word_1_128' title='bbox 3067 586 3122 640; x_wconf 90' lang='lat' dir='ltr'><strong>id</strong></span> <span class='ocrx_word' id='word_1_129' title='bbox 3153 597 3268 656; x_wconf 89' lang='lat' dir='ltr'><strong>.est,</strong></span> <span class='ocrx_word' id='word_1_130' title='bbox 3316 592 3735 663; x_wconf 78' lang='lat' dir='ltr'><strong>continuativas,</strong></span> 
     </span>
    </p>
   </div>
   <div class='ocr_carea' id='block_1_19' title="bbox 2170 672 3733 750">
    <p class='ocr_par' dir='ltr' id='par_1_19' title="bbox 2170 672 3733 750">
     <span class='ocr_line' id='line_1_19' title="bbox 2170 672 3733 750; baseline 0.009 -25"><span class='ocrx_word' id='word_1_131' title='bbox 2170 672 2677 738; x_wconf 87' lang='lat' dir='ltr'><strong>subcontinuativas,</strong></span> <span class='ocrx_word' id='word_1_132' title='bbox 2709 672 3064 742; x_wconf 89' lang='lat' dir='ltr'><strong>adiunctivas,</strong></span> <span class='ocrx_word' id='word_1_133' title='bbox 3112 678 3379 746; x_wconf 89' lang='lat' dir='ltr'><strong>causales,</strong></span> <span class='ocrx_word' id='word_1_134' title='bbox 3430 680 3733 750; x_wconf 74' lang='lat' dir='ltr'><strong>.etl&#39;ectivas,</strong></span> 
     </span>
    </p>
   </div>
   <div class='ocr_carea' id='block_1_20' title="bbox 2167 764 3736 836">
    <p class='ocr_par' dir='ltr' id='par_1_20' title="bbox 2167 764 3736 836">
     <span class='ocr_line' id='line_1_20' title="bbox 2167 764 3736 836; baseline 0.01 -21"><span class='ocrx_word' id='word_1_135' title='bbox 2167 770 2385 831; x_wconf 83' lang='lat' dir='ltr'><strong>propter</strong></span> <span class='ocrx_word' id='word_1_136' title='bbox 2409 764 2696 832; x_wconf 74' lang='lat' dir='ltr'><strong>quamdam</strong></span> <span class='ocrx_word' id='word_1_137' title='bbox 2723 764 3033 820; x_wconf 86' lang='lat' dir='ltr'><strong>distantiam</strong></span> <span class='ocrx_word' id='word_1_138' title='bbox 3057 781 3218 836; x_wconf 91' lang='lat' dir='ltr'><strong>quam</strong></span> <span class='ocrx_word' id='word_1_139' title='bbox 3245 768 3388 825; x_wconf 87' lang='lat' dir='ltr'><strong>inter</strong></span> <span class='ocrx_word' id='word_1_140' title='bbox 3426 787 3487 827; x_wconf 89' lang='lat' dir='ltr'><strong>se</strong></span> <span class='ocrx_word' id='word_1_141' title='bbox 3529 774 3736 830; x_wconf 83' lang='lat' dir='ltr'><strong>habere</strong></span> 
     </span>
    </p>
   </div>
   <div class='ocr_carea' id='block_1_21' title="bbox 2167 851 3736 932">
    <p class='ocr_par' dir='ltr' id='par_1_21' title="bbox 2167 851 3736 932">
     <span class='ocr_line' id='line_1_21' title="bbox 2167 851 3736 932; baseline 0.008 -27"><span class='ocrx_word' id='word_1_142' title='bbox 2167 851 2435 906; x_wconf 90' lang='lat' dir='ltr'><strong>videntur.</strong></span> <span class='ocrx_word' id='word_1_143' title='bbox 2467 851 2814 908; x_wconf 85' lang='lat' dir='ltr'><strong>Inveniuntur</strong></span> <span class='ocrx_word' id='word_1_144' title='bbox 2840 863 3018 909; x_wconf 89' lang='lat' dir='ltr'><strong>tamen</strong></span> <span class='ocrx_word' id='word_1_145' title='bbox 3045 863 3100 910; x_wconf 89' lang='lat' dir='ltr'><strong>et</strong></span> <span class='ocrx_word' id='word_1_146' title='bbox 3125 857 3363 921; x_wconf 91' lang='lat' dir='ltr'><strong>nomina,</strong></span> <span class='ocrx_word' id='word_1_147' title='bbox 3403 860 3488 914; x_wconf 89' lang='lat' dir='ltr'><strong>vel</strong></span> <span class='ocrx_word' id='word_1_148' title='bbox 3539 877 3736 932; x_wconf 88' lang='lat' dir='ltr'><strong>prono-</strong></span> 
     </span>
    </p>
   </div>
   <div class='ocr_carea' id='block_1_22' title="bbox 2168 941 3739 1023">
    <p class='ocr_par' dir='ltr' id='par_1_22' title="bbox 2168 941 3739 1023">
     <span class='ocr_line' id='line_1_22' title="bbox 2168 941 3739 1023; baseline 0.008 -28"><span class='ocrx_word' id='word_1_149' title='bbox 2168 941 2333 1007; x_wconf 83' lang='lat' dir='ltr'><strong>mina,</strong></span> <span class='ocrx_word' id='word_1_150' title='bbox 2373 941 2456 995; x_wconf 90' lang='lat' dir='ltr'><strong>vel</strong></span> <span class='ocrx_word' id='word_1_151' title='bbox 2493 943 2659 997; x_wconf 84' lang='lat' dir='ltr'><strong>etiam</strong></span> <span class='ocrx_word' id='word_1_152' title='bbox 2685 944 2968 1012; x_wconf 78' lang='lat' dir='ltr'><strong>adverbia,</strong></span> <span class='ocrx_word' id='word_1_153' title='bbox 3014 945 3099 1000; x_wconf 89' lang='lat' dir='ltr'><strong>vel</strong></span> <span class='ocrx_word' id='word_1_154' title='bbox 3138 948 3561 1017; x_wconf 67' lang='lat' dir='ltr'><strong>praepositiones,</strong></span> <span class='ocrx_word' id='word_1_155' title='bbox 3615 967 3739 1023; x_wconf 69' lang='lat' dir='ltr'><strong>qua</strong></span> 
     </span>
    </p>
   </div>
   <div class='ocr_carea' id='block_1_23' title="bbox 2149 1030 3735 1104">
    <p class='ocr_par' dir='ltr' id='par_1_23' title="bbox 2149 1030 3735 1104">
     <span class='ocr_line' id='line_1_23' title="bbox 2149 1030 3735 1104; baseline 0.008 -18"><span class='ocrx_word' id='word_1_156' title='bbox 2149 1030 2283 1086; x_wconf 87' lang='lat' dir='ltr'><strong>loco</strong></span> <span class='ocrx_word' id='word_1_157' title='bbox 2309 1031 2606 1087; x_wconf 89' lang='lat' dir='ltr'><strong>causalium</strong></span> <span class='ocrx_word' id='word_1_158' title='bbox 2631 1035 2965 1103; x_wconf 89' lang='lat' dir='ltr'><strong>accipiuntur</strong></span> <span class='ocrx_word' id='word_1_159' title='bbox 2987 1034 3456 1104; x_wconf 87' lang='lat' dir='ltr'><strong>coniunctionum;</strong></span> <span class='ocrx_word' id='word_1_160' title='bbox 3484 1042 3735 1098; x_wconf 84' lang='lat' dir='ltr'><strong>nomina:</strong></span> 
     </span>
    </p>
   </div>
   <div class='ocr_carea' id='block_1_24' title="bbox 2165 1128 3743 1198">
    <p class='ocr_par' dir='ltr' id='par_1_24' title="bbox 2165 1128 3743 1198">
     <span class='ocr_line' id='line_1_24' title="bbox 2165 1128 3743 1198; baseline 0.008 -23"><span class='ocrx_word' id='word_1_161' title='bbox 2165 1139 2268 1194; x_wconf 91' lang='lat' dir='ltr'><strong>qua</strong></span> <span class='ocrx_word' id='word_1_162' title='bbox 2295 1139 2477 1188; x_wconf 85' lang='lat' dir='ltr'><strong>causa,</strong></span> <span class='ocrx_word' id='word_1_163' title='bbox 2502 1140 2604 1192; x_wconf 88' lang='lat' dir='ltr'><strong>qua</strong></span> <span class='ocrx_word' id='word_1_164' title='bbox 2628 1140 2815 1193; x_wconf 76' lang='lat' dir='ltr'><strong>gratia,</strong></span> <span class='ocrx_word' id='word_1_165' title='bbox 2843 1141 2946 1190; x_wconf 86' lang='lat' dir='ltr'><strong>qua</strong></span> <span class='ocrx_word' id='word_1_166' title='bbox 2967 1135 3196 1195; x_wconf 80' lang='lat' dir='ltr'><strong>propter,</strong></span> <span class='ocrx_word' id='word_1_167' title='bbox 3220 1144 3378 1198; x_wconf 86' lang='lat' dir='ltr'><strong>quam</strong></span> <span class='ocrx_word' id='word_1_168' title='bbox 3400 1128 3461 1182; x_wconf 85' lang='lat' dir='ltr'><strong>ob</strong></span> <span class='ocrx_word' id='word_1_169' title='bbox 3506 1147 3636 1197; x_wconf 87' lang='lat' dir='ltr'><strong>rem,</strong></span> <span class='ocrx_word' id='word_1_170' title='bbox 3683 1138 3743 1189; x_wconf 73' lang='lat' dir='ltr'><strong>et</strong></span> 
     </span>
    </p>
   </div>
   <div class='ocr_carea' id='block_1_25' title="bbox 2164 1205 3743 1286">
    <p class='ocr_par' dir='ltr' id='par_1_25' title="bbox 2164 1205 3743 1286">
     <span class='ocr_line' id='line_1_25' title="bbox 2164 1205 3743 1286; baseline 0.007 -21"><span class='ocrx_word' id='word_1_171' title='bbox 2164 1229 2294 1284; x_wconf 86' lang='lat' dir='ltr'><strong>quas</strong></span> <span class='ocrx_word' id='word_1_172' title='bbox 2318 1205 2889 1282; x_wconf 84' lang='lat' dir='ltr'><strong>obres;pronomina:</strong></span> <span class='ocrx_word' id='word_1_173' title='bbox 2920 1221 2981 1268; x_wconf 94' lang='lat' dir='ltr'><strong>ut</strong></span> <span class='ocrx_word' id='word_1_174' title='bbox 3024 1214 3162 1280; x_wconf 88' lang='lat' dir='ltr'><strong>ideo,</strong></span> <span class='ocrx_word' id='word_1_175' title='bbox 3211 1233 3302 1282; x_wconf 89' lang='lat' dir='ltr'><strong>eo;</strong></span> <span class='ocrx_word' id='word_1_176' title='bbox 3355 1218 3625 1286; x_wconf 89' lang='lat' dir='ltr'><strong>adverbia,</strong></span> <span class='ocrx_word' id='word_1_177' title='bbox 3679 1227 3743 1277; x_wconf 87' lang='lat' dir='ltr'><strong>ut</strong></span> 
     </span>
    </p>
   </div>
   <div class='ocr_carea' id='block_1_26' title="bbox 2164 1298 3742 1376">
    <p class='ocr_par' dir='ltr' id='par_1_26' title="bbox 2164 1298 3742 1376">
     <span class='ocr_line' id='line_1_26' title="bbox 2164 1298 3742 1376; baseline 0.004 -18"><span class='ocrx_word' id='word_1_178' title='bbox 2164 1303 2394 1376; x_wconf 79' lang='lat' dir='ltr'><strong>quando,</strong></span> <span class='ocrx_word' id='word_1_179' title='bbox 2421 1305 2578 1358; x_wconf 86' lang='lat' dir='ltr'><strong>etiam</strong></span> <span class='ocrx_word' id='word_1_180' title='bbox 2593 1321 2613 1371; x_wconf 92' lang='lat'><strong>;</strong></span> <span class='ocrx_word' id='word_1_181' title='bbox 2637 1305 3041 1374; x_wconf 65' lang='lat' dir='ltr'><strong>praepositiones</strong></span> <span class='ocrx_word' id='word_1_182' title='bbox 3069 1320 3190 1360; x_wconf 90' lang='lat' dir='ltr'><strong>cum</strong></span> <span class='ocrx_word' id='word_1_183' title='bbox 3213 1298 3640 1375; x_wconf 84' lang='lat' dir='ltr'><strong>pronominibus,</strong></span> <span class='ocrx_word' id='word_1_184' title='bbox 3679 1318 3742 1365; x_wconf 90' lang='lat' dir='ltr'><strong>ut</strong></span> 
     </span>
    </p>
   </div>
   <div class='ocr_carea' id='block_1_27' title="bbox 2163 1396 3744 1471">
    <p class='ocr_par' dir='ltr' id='par_1_27' title="bbox 2163 1396 3744 1471">
     <span class='ocr_line' id='line_1_27' title="bbox 2163 1396 3744 1471; baseline 0.005 -23"><span class='ocrx_word' id='word_1_185' title='bbox 2163 1405 2434 1465; x_wconf 76' lang='lat' dir='ltr'><strong>prwterea,</strong></span> <span class='ocrx_word' id='word_1_186' title='bbox 2446 1396 2662 1461; x_wconf 78' lang='lat' dir='ltr'><strong>interea,</strong></span> <span class='ocrx_word' id='word_1_187' title='bbox 2678 1410 2797 1464; x_wconf 69' lang='lat' dir='ltr'><strong>qum</strong></span> <span class='ocrx_word' id='word_1_188' title='bbox 2809 1403 3127 1464; x_wconf 88' lang='lat' dir='ltr'><strong>potestatem</strong></span> <span class='ocrx_word' id='word_1_189' title='bbox 3143 1397 3363 1468; x_wconf 75' lang='lat' dir='ltr'><strong>originis</strong></span> <span class='ocrx_word' id='word_1_190' title='bbox 3377 1414 3488 1455; x_wconf 69' lang='lat' dir='ltr'><strong>suae</strong></span> <span class='ocrx_word' id='word_1_191' title='bbox 3504 1415 3744 1471; x_wconf 83' lang='lat' dir='ltr'><strong>sequun-</strong></span> 
     </span>
    </p>
   </div>
   <div class='ocr_carea' id='block_1_28' title="bbox 2165 1481 3745 1558">
    <p class='ocr_par' dir='ltr' id='par_1_28' title="bbox 2165 1481 3745 1558">
     <span class='ocr_line' id='line_1_28' title="bbox 2165 1481 3745 1558; baseline 0.004 -22"><span class='ocrx_word' id='word_1_192' title='bbox 2165 1490 2254 1536; x_wconf 91' lang='lat' dir='ltr'><strong>tur</strong></span> <span class='ocrx_word' id='word_1_193' title='bbox 2291 1481 2346 1535; x_wconf 90' lang='lat' dir='ltr'><strong>in</strong></span> <span class='ocrx_word' id='word_1_194' title='bbox 2396 1483 2744 1552; x_wconf 87' lang='lat' dir='ltr'><strong>temporibus.</strong></span> <span class='ocrx_word' id='word_1_195' title='bbox 2784 1482 3160 1552; x_wconf 60' lang='lat' dir='ltr'><strong>Approbativa‘.</strong></span> <span class='ocrx_word' id='word_1_196' title='bbox 3202 1492 3329 1539; x_wconf 90' lang='lat' dir='ltr'><strong>sunt</strong></span> <span class='ocrx_word' id='word_1_197' title='bbox 3380 1501 3500 1555; x_wconf 71' lang='lat' dir='ltr'><strong>quae</strong></span> <span class='ocrx_word' id='word_1_198' title='bbox 3551 1498 3745 1558; x_wconf 84' lang='lat' dir='ltr'><strong>appro-</strong></span> 
     </span>
    </p>
   </div>
   <div class='ocr_carea' id='block_1_29' title="bbox 2164 1569 2856 1642">
    <p class='ocr_par' dir='ltr' id='par_1_29' title="bbox 2164 1569 2856 1642">
     <span class='ocr_line' id='line_1_29' title="bbox 2164 1569 2856 1642; baseline -0.001 -16"><span class='ocrx_word' id='word_1_199' title='bbox 2164 1569 2297 1626; x_wconf 80' lang='lat' dir='ltr'><strong>bant</strong></span> <span class='ocrx_word' id='word_1_200' title='bbox 2320 1587 2453 1628; x_wconf 89' lang='lat' dir='ltr'><strong>rem.</strong></span> <span class='ocrx_word' id='word_1_201' title='bbox 2479 1573 2627 1642; x_wconf 82' lang='lat' dir='ltr'><strong>Virg.</strong></span> <span class='ocrx_word' id='word_1_202' title='bbox 2664 1573 2716 1626; x_wconf 92' lang='lat' dir='ltr'><strong>in</strong></span> <span class='ocrx_word' id='word_1_203' title='bbox 2740 1589 2816 1627; x_wconf 81' lang='lat' dir='ltr'><strong>xu</strong></span> <span class='ocrx_word' id='word_1_204' title='bbox 2845 1591 2856 1625; x_wconf 91' lang='lat'>:</span> 
     </span>
    </p>
   </div>
   <div class='ocr_carea' id='block_1_30' title="bbox 2291 1682 3374 1749">
    <p class='ocr_par' dir='ltr' id='par_1_30' title="bbox 2291 1682 3374 1749">
     <span class='ocr_line' id='line_1_30' title="bbox 2291 1682 3374 1749; baseline 0.007 -19"><span class='ocrx_word' id='word_1_205' title='bbox 2291 1682 2352 1732; x_wconf 85' lang='lat' dir='ltr'><strong>Et</strong></span> <span class='ocrx_word' id='word_1_206' title='bbox 2371 1683 2571 1744; x_wconf 87' lang='lat' dir='ltr'><strong>quidem</strong></span> <span class='ocrx_word' id='word_1_207' title='bbox 2595 1685 2773 1744; x_wconf 88' lang='lat' dir='ltr'><strong>merui,</strong></span> <span class='ocrx_word' id='word_1_208' title='bbox 2797 1695 2892 1732; x_wconf 90' lang='lat' dir='ltr'><strong>nec</strong></span> <span class='ocrx_word' id='word_1_209' title='bbox 2913 1683 3175 1748; x_wconf 85' lang='lat' dir='ltr'><strong>deprecor,</strong></span> <span class='ocrx_word' id='word_1_210' title='bbox 3196 1686 3374 1749; x_wconf 84' lang='lat' dir='ltr'><strong>inquit.</strong></span> 
     </span>
    </p>
   </div>
   <div class='ocr_carea' id='block_1_31' title="bbox 496 1765 2918 1850">
    <p class='ocr_par' dir='ltr' id='par_1_31' title="bbox 496 1765 2918 1850">
     <span class='ocr_line' id='line_1_31' title="bbox 496 1765 2918 1850; baseline -0.007 -15"><span class='ocrx_word' id='word_1_211' title='bbox 496 1783 643 1850; x_wconf 91' lang='lat' dir='ltr'><strong>ripit,</strong></span> <span class='ocrx_word' id='word_1_212' title='bbox 668 1789 728 1835; x_wconf 91' lang='lat' dir='ltr'><strong>ut</strong></span> <span class='ocrx_word' id='word_1_213' title='bbox 750 1789 934 1844; x_wconf 90' lang='lat' dir='ltr'><strong>status,</strong></span> <span class='ocrx_word' id='word_1_214' title='bbox 969 1788 1107 1835; x_wconf 87' lang='lat' dir='ltr'><strong>stata</strong></span> <span class='ocrx_word' id='word_1_215' title='bbox 1127 1818 1141 1844; x_wconf 90' lang='lat'><strong>,</strong></span> <span class='ocrx_word' id='word_1_216' title='bbox 1163 1775 1363 1831; x_wconf 79' lang='lat' dir='ltr'><strong>stabilis</strong></span> <span class='ocrx_word' id='word_1_217' title='bbox 1381 1815 1395 1841; x_wconf 90' lang='lat'><strong>,</strong></span> <span class='ocrx_word' id='word_1_218' title='bbox 1428 1775 1530 1829; x_wconf 91' lang='lat' dir='ltr'><strong>nisi</strong></span> <span class='ocrx_word' id='word_1_219' title='bbox 1559 1775 1614 1828; x_wconf 92' lang='lat' dir='ltr'><strong>in</strong></span> <span class='ocrx_word' id='word_1_220' title='bbox 1644 1771 2061 1827; x_wconf 69' lang='lat' dir='ltr'><strong>futurootantum</strong></span> <span class='ocrx_word' id='word_1_221' title='bbox 2096 1841 2136 1850; x_wconf 77' lang='lat'>_</span> <span class='ocrx_word' id='word_1_222' title='bbox 2166 1765 2448 1821; x_wconf 87' lang='lat' dir='ltr'><strong>Terentius</strong></span> <span class='ocrx_word' id='word_1_223' title='bbox 2469 1767 2523 1820; x_wconf 91' lang='lat' dir='ltr'><strong>in</strong></span> <span class='ocrx_word' id='word_1_224' title='bbox 2553 1765 2872 1821; x_wconf 86' lang='lat' dir='ltr'><strong>Phormione</strong></span> <span class='ocrx_word' id='word_1_225' title='bbox 2904 1785 2918 1818; x_wconf 87' lang='lat'><strong>:</strong></span> 
     </span>
    </p>
   </div>
   <div class='ocr_carea' id='block_1_32' title="bbox 492 1841 2142 1938">
    <p class='ocr_par' dir='ltr' id='par_1_32' title="bbox 492 1841 2142 1938">
     <span class='ocr_line' id='line_1_32' title="bbox 492 1841 2142 1938; baseline -0.004 -17"><span class='ocrx_word' id='word_1_226' title='bbox 492 1841 808 1938; x_wconf 75' lang='lat' dir='ltr'><strong>participio,</strong></span> <span class='ocrx_word' id='word_1_227' title='bbox 847 1841 1191 1930; x_wconf 76' lang='lat' dir='ltr'><strong>utstaturus,</strong></span> <span class='ocrx_word' id='word_1_228' title='bbox 1233 1874 1436 1919; x_wconf 85' lang='lat' dir='ltr'><strong>statura</strong></span> <span class='ocrx_word' id='word_1_229' title='bbox 1456 1904 1469 1930; x_wconf 90' lang='lat'><strong>,</strong></span> <span class='ocrx_word' id='word_1_230' title='bbox 1501 1870 1796 1926; x_wconf 86' lang='lat' dir='ltr'><strong>staturum,</strong></span> <span class='ocrx_word' id='word_1_231' title='bbox 1839 1861 1983 1930; x_wconf 92' lang='lat' dir='ltr'><strong>quod</strong></span> <span class='ocrx_word' id='word_1_232' title='bbox 2013 1849 2068 1915; x_wconf 80' lang='lat' dir='ltr'><strong>et</strong></span> <span class='ocrx_word' id='word_1_233' title='bbox 2096 1841 2142 1900; x_wconf 78' lang='grc' dir='ltr'>Β</span> 
     </span>
    </p>
   </div>
   <div class='ocr_carea' id='block_1_33' title="bbox 492 1950 2066 2026">
    <p class='ocr_par' dir='ltr' id='par_1_33' title="bbox 492 1950 2066 2026">
     <span class='ocr_line' id='line_1_33' title="bbox 492 1950 2066 2026; baseline -0.003 -15"><span class='ocrx_word' id='word_1_234' title='bbox 492 1971 689 2011; x_wconf 89' lang='lat' dir='ltr'><strong>nomen</strong></span> <span class='ocrx_word' id='word_1_235' title='bbox 717 1963 818 2011; x_wconf 88' lang='lat' dir='ltr'><strong>est.</strong></span> <span class='ocrx_word' id='word_1_236' title='bbox 871 1956 1038 2010; x_wconf 67' lang='lat' dir='ltr'><strong>Sicut-</strong></span> <span class='ocrx_word' id='word_1_237' title='bbox 1067 1956 1132 2010; x_wconf 90' lang='lat' dir='ltr'><strong>de</strong></span> <span class='ocrx_word' id='word_1_238' title='bbox 1175 1954 1451 2026; x_wconf 88' lang='lat' dir='ltr'><strong>gerundiis</strong></span> <span class='ocrx_word' id='word_1_239' title='bbox 1485 1953 1572 2008; x_wconf 85' lang='lat' dir='ltr'><strong>vel</strong></span> <span class='ocrx_word' id='word_1_240' title='bbox 1615 1953 1806 2007; x_wconf 89' lang='lat' dir='ltr'><strong>mediis</strong></span> <span class='ocrx_word' id='word_1_241' title='bbox 1850 1950 2066 2024; x_wconf 85' lang='lat' dir='ltr'><strong>syllabis</strong></span> 
     </span>
    </p>
   </div>
   <div class='ocr_carea' id='block_1_34' title="bbox 493 2043 2065 2115">
    <p class='ocr_par' dir='ltr' id='par_1_34' title="bbox 493 2043 2065 2115">
     <span class='ocr_line' id='line_1_34' title="bbox 493 2043 2065 2115; baseline -0.001 -13"><span class='ocrx_word' id='word_1_242' title='bbox 493 2046 792 2102; x_wconf 83' lang='lat' dir='ltr'><strong>scribentes</strong></span> <span class='ocrx_word' id='word_1_243' title='bbox 814 2060 974 2115; x_wconf 88' lang='lat' dir='ltr'><strong>supra</strong></span> <span class='ocrx_word' id='word_1_244' title='bbox 1006 2046 1340 2100; x_wconf 88' lang='lat' dir='ltr'><strong>ostendimus</strong></span> <span class='ocrx_word' id='word_1_245' title='bbox 1360 2085 1375 2111; x_wconf 96' lang='lat'><strong>,</strong></span> <span class='ocrx_word' id='word_1_246' title='bbox 1407 2059 1508 2100; x_wconf 92' lang='lat' dir='ltr'><strong>nec</strong></span> <span class='ocrx_word' id='word_1_247' title='bbox 1542 2044 1707 2099; x_wconf 91' lang='lat' dir='ltr'><strong>etiam</strong></span> <span class='ocrx_word' id='word_1_248' title='bbox 1739 2043 1794 2097; x_wconf 93' lang='lat' dir='ltr'><strong>id</strong></span> <span class='ocrx_word' id='word_1_249' title='bbox 1820 2051 2065 2113; x_wconf 86' lang='lat' dir='ltr'><strong>repetere</strong></span> 
     </span>
    </p>
   </div>
   <div class='ocr_carea' id='block_1_35' title="bbox 492 2127 1838 2204">
    <p class='ocr_par' dir='ltr' id='par_1_35' title="bbox 492 2127 1838 2204">
     <span class='ocr_line' id='line_1_35' title="bbox 492 2127 1838 2204; baseline -0.001 -13"><span class='ocrx_word' id='word_1_250' title='bbox 492 2151 714 2192; x_wconf 74' lang='lat' dir='ltr'><strong>necesse</strong></span> <span class='ocrx_word' id='word_1_251' title='bbox 734 2144 834 2204; x_wconf 90' lang='lat' dir='ltr'><strong>est,</strong></span> <span class='ocrx_word' id='word_1_252' title='bbox 863 2127 1099 2192; x_wconf 77' lang='lat' dir='ltr'><strong>maxime</strong></span> <span class='ocrx_word' id='word_1_253' title='bbox 1125 2152 1251 2191; x_wconf 91' lang='lat' dir='ltr'><strong>cum</strong></span> <span class='ocrx_word' id='word_1_254' title='bbox 1279 2138 1346 2191; x_wconf 90' lang='lat' dir='ltr'><strong>ad</strong></span> <span class='ocrx_word' id='word_1_255' title='bbox 1373 2137 1478 2191; x_wconf 90' lang='lat' dir='ltr'><strong>alia</strong></span> <span class='ocrx_word' id='word_1_256' title='bbox 1500 2134 1838 2191; x_wconf 83' lang='lat' dir='ltr'><strong>festinemus.</strong></span> 
     </span>
    </p>
   </div>
   <div class='ocr_carea' id='block_1_36' title="bbox 1042 2269 1526 2340">
    <p class='ocr_par' dir='ltr' id='par_1_36' title="bbox 1042 2269 1526 2340">
     <span class='ocr_line' id='line_1_36' title="bbox 1042 2269 1526 2340; baseline -0.006 -15"><span class='ocrx_word' id='word_1_257' title='bbox 1042 2269 1120 2325; x_wconf 88' lang='lat' dir='ltr'><strong>De</strong></span> <span class='ocrx_word' id='word_1_258' title='bbox 1145 2269 1526 2340; x_wconf 78' lang='lat' dir='ltr'><strong>conjunctione.</strong></span> 
     </span>
    </p>
   </div>
   <div class='ocr_carea' id='block_1_37' title="bbox 561 2395 2063 2472">
    <p class='ocr_par' dir='ltr' id='par_1_37' title="bbox 561 2395 2063 2472">
     <span class='ocr_line' id='line_1_37' title="bbox 561 2395 2063 2472; baseline 0.003 -16"><span class='ocrx_word' id='word_1_259' title='bbox 561 2401 1006 2472; x_wconf 86' lang='lat' dir='ltr'><strong>Coniunctionum</strong></span> <span class='ocrx_word' id='word_1_260' title='bbox 1037 2416 1253 2471; x_wconf 90' lang='lat' dir='ltr'><strong>quoque</strong></span> <span class='ocrx_word' id='word_1_261' title='bbox 1280 2395 1499 2456; x_wconf 82' lang='lat' dir='ltr'><strong>ultimas</strong></span> <span class='ocrx_word' id='word_1_262' title='bbox 1529 2402 1763 2472; x_wconf 83' lang='lat' dir='ltr'><strong>syllabas</strong></span> <span class='ocrx_word' id='word_1_263' title='bbox 1790 2403 1917 2457; x_wconf 92' lang='lat' dir='ltr'><strong>licet</strong></span> <span class='ocrx_word' id='word_1_264' title='bbox 1941 2404 2063 2460; x_wconf 86' lang='lat' dir='ltr'><strong>bre-</strong></span> 
     </span>
    </p>
   </div>
   <div class='ocr_carea' id='block_1_38' title="bbox 489 2486 2059 2561">
    <p class='ocr_par' dir='ltr' id='par_1_38' title="bbox 489 2486 2059 2561">
     <span class='ocr_line' id='line_1_38' title="bbox 489 2486 2059 2561; baseline 0.001 -16"><span class='ocrx_word' id='word_1_265' title='bbox 489 2491 630 2545; x_wconf 88' lang='lat' dir='ltr'><strong>viter</strong></span> <span class='ocrx_word' id='word_1_266' title='bbox 656 2491 945 2559; x_wconf 80' lang='lat' dir='ltr'><strong>explanare</strong></span> <span class='ocrx_word' id='word_1_267' title='bbox 968 2492 1259 2561; x_wconf 86' lang='lat' dir='ltr'><strong>possimus,</strong></span> <span class='ocrx_word' id='word_1_268' title='bbox 1285 2486 1486 2557; x_wconf 87' lang='lat' dir='ltr'><strong>tamen,</strong></span> <span class='ocrx_word' id='word_1_269' title='bbox 1512 2500 1571 2544; x_wconf 92' lang='lat' dir='ltr'><strong>ut</strong></span> <span class='ocrx_word' id='word_1_270' title='bbox 1602 2500 1843 2560; x_wconf 89' lang='lat' dir='ltr'><strong>potestas</strong></span> <span class='ocrx_word' id='word_1_271' title='bbox 1875 2486 2059 2548; x_wconf 85' lang='lat' dir='ltr'><strong>earum</strong></span> 
     </span>
    </p>
   </div>
   <div class='ocr_carea' id='block_1_39' title="bbox 488 2577 2061 2648">
    <p class='ocr_par' dir='ltr' id='par_1_39' title="bbox 488 2577 2061 2648">
     <span class='ocr_line' id='line_1_39' title="bbox 488 2577 2061 2648; baseline 0.003 -16"><span class='ocrx_word' id='word_1_272' title='bbox 488 2577 828 2632; x_wconf 84' lang='lat' dir='ltr'><strong>manifestius</strong></span> <span class='ocrx_word' id='word_1_273' title='bbox 867 2577 1111 2644; x_wconf 65' lang='lat' dir='ltr'><strong>eluteat,</strong></span> <span class='ocrx_word' id='word_1_274' title='bbox 1160 2578 1318 2633; x_wconf 90' lang='lat' dir='ltr'><strong>simul</strong></span> <span class='ocrx_word' id='word_1_275' title='bbox 1360 2594 1482 2633; x_wconf 92' lang='lat' dir='ltr'><strong>cum</strong></span> <span class='ocrx_word' id='word_1_276' title='bbox 1524 2580 1804 2648; x_wconf 90' lang='lat' dir='ltr'><strong>speciebus</strong></span> <span class='ocrx_word' id='word_1_277' title='bbox 1849 2581 2061 2636; x_wconf 86' lang='lat' dir='ltr'><strong>illarum</strong></span> 
     </span>
    </p>
   </div>
   <div class='ocr_carea' id='block_1_40' title="bbox 488 2670 2063 2739">
    <p class='ocr_par' dir='ltr' id='par_1_40' title="bbox 488 2670 2063 2739">
     <span class='ocr_line' id='line_1_40' title="bbox 488 2670 2063 2739; baseline 0.003 -16"><span class='ocrx_word' id='word_1_278' title='bbox 488 2670 896 2739; x_wconf 88' lang='lat' dir='ltr'><strong>productionem</strong></span> <span class='ocrx_word' id='word_1_279' title='bbox 944 2685 1038 2725; x_wconf 90' lang='lat' dir='ltr'><strong>seu</strong></span> <span class='ocrx_word' id='word_1_280' title='bbox 1084 2672 1479 2739; x_wconf 89' lang='lat' dir='ltr'><strong>correptionem</strong></span> <span class='ocrx_word' id='word_1_281' title='bbox 1524 2671 1750 2736; x_wconf 88' lang='lat' dir='ltr'><strong>indicari</strong></span> <span class='ocrx_word' id='word_1_282' title='bbox 1793 2672 2063 2729; x_wconf 87' lang='lat' dir='ltr'><strong>credimus</strong></span> 
     </span>
    </p>
   </div>
   <div class='ocr_carea' id='block_1_41' title="bbox 486 2757 2063 2831">
    <p class='ocr_par' dir='ltr' id='par_1_41' title="bbox 486 2757 2063 2831">
     <span class='ocr_line' id='line_1_41' title="bbox 486 2757 2063 2831; baseline 0.004 -19"><span class='ocrx_word' id='word_1_283' title='bbox 486 2766 756 2827; x_wconf 89' lang='lat' dir='ltr'><strong>oportere.</strong></span> <span class='ocrx_word' id='word_1_284' title='bbox 786 2757 1003 2828; x_wconf 79' lang='lat' dir='ltr'><strong>Species</strong></span> <span class='ocrx_word' id='word_1_285' title='bbox 1028 2758 1172 2813; x_wconf 90' lang='lat' dir='ltr'><strong>enim</strong></span> <span class='ocrx_word' id='word_1_286' title='bbox 1199 2760 1637 2830; x_wconf 88' lang='lat' dir='ltr'><strong>coniunctionum</strong></span> <span class='ocrx_word' id='word_1_287' title='bbox 1661 2769 1786 2815; x_wconf 90' lang='lat' dir='ltr'><strong>sunt</strong></span> <span class='ocrx_word' id='word_1_288' title='bbox 1805 2771 2063 2831; x_wconf 92' lang='lat' dir='ltr'><strong>quatuor-</strong></span> 
     </span>
    </p>
   </div>
   <div class='ocr_carea' id='block_1_42' title="bbox 487 2846 2057 2920">
    <p class='ocr_par' dir='ltr' id='par_1_42' title="bbox 487 2846 2057 2920">
     <span class='ocr_line' id='line_1_42' title="bbox 487 2846 2057 2920; baseline 0.004 -18"><span class='ocrx_word' id='word_1_289' title='bbox 487 2848 680 2913; x_wconf 90' lang='lat' dir='ltr'><strong>decim,</strong></span> <span class='ocrx_word' id='word_1_290' title='bbox 736 2846 791 2901; x_wconf 94' lang='lat' dir='ltr'><strong>id</strong></span> <span class='ocrx_word' id='word_1_291' title='bbox 820 2858 924 2913; x_wconf 88' lang='lat' dir='ltr'><strong>est,</strong></span> <span class='ocrx_word' id='word_1_292' title='bbox 971 2849 1293 2920; x_wconf 85' lang='lat' dir='ltr'><strong>c0pulativa,</strong></span> <span class='ocrx_word' id='word_1_293' title='bbox 1339 2851 1722 2916; x_wconf 90' lang='lat' dir='ltr'><strong>continuativa,</strong></span> <span class='ocrx_word' id='word_1_294' title='bbox 1783 2854 2057 2909; x_wconf 88' lang='lat' dir='ltr'><strong>subconti-</strong></span> 
     </span>
    </p>
   </div>
   <div class='ocr_carea' id='block_1_43' title="bbox 487 2932 2056 3012">
    <p class='ocr_par' dir='ltr' id='par_1_43' title="bbox 487 2932 2056 3012">
     <span class='ocr_line' id='line_1_43' title="bbox 487 2932 2056 3012; baseline 0.006 -21"><span class='ocrx_word' id='word_1_295' title='bbox 487 2938 726 3003; x_wconf 91' lang='lat' dir='ltr'><strong>nuativa,</strong></span> <span class='ocrx_word' id='word_1_296' title='bbox 750 2937 1069 3006; x_wconf 89' lang='lat' dir='ltr'><strong>adiunctiva,</strong></span> <span class='ocrx_word' id='word_1_297' title='bbox 1107 2932 1355 3006; x_wconf 82' lang='lat' dir='ltr'><strong>causalis,</strong></span> <span class='ocrx_word' id='word_1_298' title='bbox 1383 2939 1652 3006; x_wconf 82' lang='lat' dir='ltr'><strong>eil‘ectiva,</strong></span> <span class='ocrx_word' id='word_1_299' title='bbox 1686 2943 2056 3012; x_wconf 90' lang='lat' dir='ltr'><strong>approbativa,</strong></span> 
     </span>
    </p>
   </div>
   <div class='ocr_carea' id='block_1_44' title="bbox 488 3027 2056 3104">
    <p class='ocr_par' dir='ltr' id='par_1_44' title="bbox 488 3027 2056 3104">
     <span class='ocr_line' id='line_1_44' title="bbox 488 3027 2056 3104; baseline 0.004 -22"><span class='ocrx_word' id='word_1_300' title='bbox 488 3028 830 3104; x_wconf 90' lang='lat' dir='ltr'><strong>disiunctiva,</strong></span> <span class='ocrx_word' id='word_1_301' title='bbox 861 3027 1299 3098; x_wconf 89' lang='lat' dir='ltr'><strong>subdisiunctiva,</strong></span> <span class='ocrx_word' id='word_1_302' title='bbox 1325 3028 1628 3094; x_wconf 89' lang='lat' dir='ltr'><strong>dissertiva,</strong></span> <span class='ocrx_word' id='word_1_303' title='bbox 1678 3031 1763 3086; x_wconf 91' lang='lat' dir='ltr'><strong>vel</strong></span> <span class='ocrx_word' id='word_1_304' title='bbox 1809 3032 2056 3100; x_wconf 89' lang='lat' dir='ltr'><strong>electiva,</strong></span> 
     </span>
    </p>
   </div>
   <div class='ocr_carea' id='block_1_45' title="bbox 485 3118 2059 3190">
    <p class='ocr_par' dir='ltr' id='par_1_45' title="bbox 485 3118 2059 3190">
     <span class='ocr_line' id='line_1_45' title="bbox 485 3118 2059 3190; baseline 0.004 -19"><span class='ocrx_word' id='word_1_305' title='bbox 485 3119 571 3173; x_wconf 85' lang='lat' dir='ltr'><strong>vel</strong></span> <span class='ocrx_word' id='word_1_306' title='bbox 598 3118 996 3187; x_wconf 67' lang='lat' dir='ltr'><strong>praesumptiva,</strong></span> <span class='ocrx_word' id='word_1_307' title='bbox 1023 3118 1375 3187; x_wconf 76' lang='lat' dir='ltr'><strong>adversativa,</strong></span> <span class='ocrx_word' id='word_1_308' title='bbox 1403 3119 1744 3190; x_wconf 75' lang='lat' dir='ltr'><strong>abnegati‘va,</strong></span> <span class='ocrx_word' id='word_1_309' title='bbox 1778 3121 2059 3177; x_wconf 83' lang='lat' dir='ltr'><strong>collectiva</strong></span> 
     </span>
    </p>
   </div>
   <div class='ocr_carea' id='block_1_46' title="bbox 2415 1854 3201 1918">
    <p class='ocr_par' dir='ltr' id='par_1_46' title="bbox 2415 1854 3201 1918">
     <span class='ocr_line' id='line_1_46' title="bbox 2415 1854 3201 1918; baseline 0.005 -14"><span class='ocrx_word' id='word_1_310' title='bbox 2415 1854 2484 1904; x_wconf 87' lang='lat' dir='ltr'><strong>Ita</strong></span> <span class='ocrx_word' id='word_1_311' title='bbox 2507 1863 2758 1916; x_wconf 79' lang='lat' dir='ltr'><strong>cognatam</strong></span> <span class='ocrx_word' id='word_1_312' title='bbox 2784 1855 3000 1918; x_wconf 88' lang='lat' dir='ltr'><strong>quidem,</strong></span> <span class='ocrx_word' id='word_1_313' title='bbox 3024 1863 3072 1908; x_wconf 81' lang='lat' dir='ltr'><strong>at</strong></span> <span class='ocrx_word' id='word_1_314' title='bbox 3096 1869 3201 1908; x_wconf 83' lang='lat' dir='ltr'><strong>nos.</strong></span> 
     </span>
    </p>
   </div>
   <div class='ocr_carea' id='block_1_47' title="bbox 2165 1937 3672 2012">
    <p class='ocr_par' dir='ltr' id='par_1_47' title="bbox 2165 1937 3672 2012">
     <span class='ocr_line' id='line_1_47' title="bbox 2165 1937 3672 2012; baseline 0.007 -19"><span class='ocrx_word' id='word_1_315' title='bbox 2165 1939 2231 1993; x_wconf 89' lang='lat' dir='ltr'><strong>Et</strong></span> <span class='ocrx_word' id='word_1_316' title='bbox 2251 1937 2493 1994; x_wconf 89' lang='lat' dir='ltr'><strong>causales</strong></span> <span class='ocrx_word' id='word_1_317' title='bbox 2518 1953 2616 2008; x_wconf 90' lang='lat' dir='ltr'><strong>pro</strong></span> <span class='ocrx_word' id='word_1_318' title='bbox 2642 1939 3023 2009; x_wconf 87' lang='lat' dir='ltr'><strong>approbativis.</strong></span> <span class='ocrx_word' id='word_1_319' title='bbox 3056 1941 3203 2012; x_wconf 75' lang='lat' dir='ltr'><strong>Virg.</strong></span> <span class='ocrx_word' id='word_1_320' title='bbox 3229 1943 3284 1997; x_wconf 91' lang='lat' dir='ltr'><strong>in</strong></span> <span class='ocrx_word' id='word_1_321' title='bbox 3306 1957 3346 1997; x_wconf 83' lang='grc' dir='ltr'>ιι</span> <span class='ocrx_word' id='word_1_322' title='bbox 3366 1942 3672 2003; x_wconf 65' lang='lat' dir='ltr'><strong>Eneidos:</strong></span> 
     </span>
    </p>
   </div>
   <div class='ocr_carea' id='block_1_48' title="bbox 2288 2030 3433 2097">
    <p class='ocr_par' dir='ltr' id='par_1_48' title="bbox 2288 2030 3433 2097">
     <span class='ocr_line' id='line_1_48' title="bbox 2288 2030 3433 2097; baseline 0.005 -17"><span class='ocrx_word' id='word_1_323' title='bbox 2288 2031 2370 2090; x_wconf 89' lang='lat' dir='ltr'><strong>Di,</strong></span> <span class='ocrx_word' id='word_1_324' title='bbox 2392 2034 2547 2093; x_wconf 82' lang='lat' dir='ltr'><strong>siqua</strong></span> <span class='ocrx_word' id='word_1_325' title='bbox 2572 2038 2651 2082; x_wconf 83' lang='lat' dir='ltr'><strong>est</strong></span> <span class='ocrx_word' id='word_1_326' title='bbox 2672 2030 2798 2082; x_wconf 67' lang='lat' dir='ltr'><strong>celo</strong></span> <span class='ocrx_word' id='word_1_327' title='bbox 2823 2034 2984 2094; x_wconf 80' lang='lat' dir='ltr'><strong>pietas</strong></span> <span class='ocrx_word' id='word_1_328' title='bbox 3007 2045 3116 2097; x_wconf 78' lang='lat' dir='ltr'><strong>quae</strong></span> <span class='ocrx_word' id='word_1_329' title='bbox 3141 2033 3257 2085; x_wconf 79' lang='lat' dir='ltr'><strong>talia</strong></span> <span class='ocrx_word' id='word_1_330' title='bbox 3279 2043 3433 2086; x_wconf 79' lang='lat' dir='ltr'><strong>curat.</strong></span> 
     </span>
    </p>
   </div>
   <div class='ocr_carea' id='block_1_49' title="bbox 2163 2113 2473 2170">
    <p class='ocr_par' dir='ltr' id='par_1_49' title="bbox 2163 2113 2473 2170">
     <span class='ocr_line' id='line_1_49' title="bbox 2163 2113 2473 2170; baseline -0.003 -2"><span class='ocrx_word' id='word_1_331' title='bbox 2163 2113 2311 2170; x_wconf 88' lang='lat' dir='ltr'><strong>Idem</strong></span> <span class='ocrx_word' id='word_1_332' title='bbox 2331 2114 2386 2170; x_wconf 92' lang='lat' dir='ltr'><strong>in</strong></span> <span class='ocrx_word' id='word_1_333' title='bbox 2412 2130 2431 2168; x_wconf 82' lang='lat'>1</span> <span class='ocrx_word' id='word_1_334' title='bbox 2459 2132 2473 2167; x_wconf 88' lang='lat'><strong>:</strong></span> 
     </span>
    </p>
   </div>
   <div class='ocr_carea' id='block_1_50' title="bbox 3073 2209 3263 2274">
    <p class='ocr_par' dir='ltr' id='par_1_50' title="bbox 3073 2209 3263 2274">
     <span class='ocr_line' id='line_1_50' title="bbox 3073 2209 3263 2274; baseline 0.016 -16"><span class='ocrx_word' id='word_1_335' title='bbox 3073 2209 3125 2259; x_wconf 89' lang='lat' dir='ltr'><strong>Si</strong></span> <span class='ocrx_word' id='word_1_336' title='bbox 3147 2210 3263 2274; x_wconf 88' lang='lat' dir='ltr'><strong>quid</strong></span> 
     </span>
    </p>
   </div>
   <div class='ocr_carea' id='block_1_51' title="bbox 2413 2267 2949 2340">
    <p class='ocr_par' dir='ltr' id='par_1_51' title="bbox 2413 2267 2949 2340">
     <span class='ocr_line' id='line_1_51' title="bbox 2413 2267 2949 2340; baseline 0 -22"><span class='ocrx_word' id='word_1_337' title='bbox 2413 2267 2617 2340; x_wconf 81' lang='lat' dir='ltr'><strong>Usquam</strong></span> <span class='ocrx_word' id='word_1_338' title='bbox 2639 2267 2834 2328; x_wconf 77' lang='lat' dir='ltr'><strong>iustitiae</strong></span> <span class='ocrx_word' id='word_1_339' title='bbox 2858 2276 2949 2319; x_wconf 87' lang='lat' dir='ltr'><strong>est.</strong></span> 
     </span>
    </p>
   </div>
   <div class='ocr_carea' id='block_1_52' title="bbox 2163 2374 3746 2448">
    <p class='ocr_par' dir='ltr' id='par_1_52' title="bbox 2163 2374 3746 2448">
     <span class='ocr_line' id='line_1_52' title="bbox 2163 2374 3746 2448; baseline 0.006 -19"><span class='ocrx_word' id='word_1_340' title='bbox 2163 2375 2231 2430; x_wconf 88' lang='lat' dir='ltr'><strong>Et</strong></span> <span class='ocrx_word' id='word_1_341' title='bbox 2254 2374 2526 2429; x_wconf 89' lang='lat' dir='ltr'><strong>sciendum</strong></span> <span class='ocrx_word' id='word_1_342' title='bbox 2549 2375 2690 2444; x_wconf 90' lang='lat' dir='ltr'><strong>quod</strong></span> <span class='ocrx_word' id='word_1_343' title='bbox 2711 2377 2924 2445; x_wconf 88' lang='lat' dir='ltr'><strong>quando</strong></span> <span class='ocrx_word' id='word_1_344' title='bbox 2961 2377 3319 2447; x_wconf 68' lang='lat' dir='ltr'><strong>approbativaa</strong></span> <span class='ocrx_word' id='word_1_345' title='bbox 3361 2389 3507 2448; x_wconf 88' lang='lat' dir='ltr'><strong>sunt,</strong></span> <span class='ocrx_word' id='word_1_346' title='bbox 3539 2383 3746 2439; x_wconf 83' lang='lat' dir='ltr'><strong>indica-</strong></span> 
     </span>
    </p>
   </div>
   <div class='ocr_carea' id='block_1_53' title="bbox 2162 2465 3748 2541">
    <p class='ocr_par' dir='ltr' id='par_1_53' title="bbox 2162 2465 3748 2541">
     <span class='ocr_line' id='line_1_53' title="bbox 2162 2465 3748 2541; baseline 0.006 -20"><span class='ocrx_word' id='word_1_347' title='bbox 2162 2467 2272 2521; x_wconf 89' lang='lat' dir='ltr'><strong>tivo</strong></span> <span class='ocrx_word' id='word_1_348' title='bbox 2299 2467 2458 2521; x_wconf 90' lang='lat' dir='ltr'><strong>modo</strong></span> <span class='ocrx_word' id='word_1_349' title='bbox 2473 2465 2787 2537; x_wconf 89' lang='lat' dir='ltr'><strong>junguntur.</strong></span> <span class='ocrx_word' id='word_1_350' title='bbox 2810 2466 3155 2535; x_wconf 68' lang='lat' dir='ltr'><strong>Disiunctivae</strong></span> <span class='ocrx_word' id='word_1_351' title='bbox 3174 2480 3300 2525; x_wconf 91' lang='lat' dir='ltr'><strong>sunt</strong></span> <span class='ocrx_word' id='word_1_352' title='bbox 3329 2485 3468 2539; x_wconf 66' lang='lat' dir='ltr'><strong>quae,</strong></span> <span class='ocrx_word' id='word_1_353' title='bbox 3500 2475 3748 2541; x_wconf 76' lang='lat' dir='ltr'><strong>quamvis</strong></span> 
     </span>
    </p>
   </div>
   <div class='ocr_carea' id='block_1_54' title="bbox 2164 2556 3747 2632">
    <p class='ocr_par' dir='ltr' id='par_1_54' title="bbox 2164 2556 3747 2632">
     <span class='ocr_line' id='line_1_54' title="bbox 2164 2556 3747 2632; baseline 0.005 -20"><span class='ocrx_word' id='word_1_354' title='bbox 2164 2557 2424 2612; x_wconf 89' lang='lat' dir='ltr'><strong>dictiones</strong></span> <span class='ocrx_word' id='word_1_355' title='bbox 2444 2556 2788 2626; x_wconf 89' lang='lat' dir='ltr'><strong>coniungant,</strong></span> <span class='ocrx_word' id='word_1_356' title='bbox 2820 2572 3039 2614; x_wconf 87' lang='lat' dir='ltr'><strong>sensum</strong></span> <span class='ocrx_word' id='word_1_357' title='bbox 3073 2568 3253 2616; x_wconf 91' lang='lat' dir='ltr'><strong>tamen</strong></span> <span class='ocrx_word' id='word_1_358' title='bbox 3303 2562 3642 2632; x_wconf 82' lang='lat' dir='ltr'><strong>disiungunt,</strong></span> <span class='ocrx_word' id='word_1_359' title='bbox 3692 2575 3747 2622; x_wconf 88' lang='lat' dir='ltr'><strong>et</strong></span> 
     </span>
    </p>
   </div>
   <div class='ocr_carea' id='block_1_55' title="bbox 2163 2646 3746 2716">
    <p class='ocr_par' dir='ltr' id='par_1_55' title="bbox 2163 2646 3746 2716">
     <span class='ocr_line' id='line_1_55' title="bbox 2163 2646 3746 2716; baseline 0.008 -16"><span class='ocrx_word' id='word_1_360' title='bbox 2163 2646 2384 2702; x_wconf 87' lang='lat' dir='ltr'><strong>alteram</strong></span> <span class='ocrx_word' id='word_1_361' title='bbox 2411 2647 2623 2716; x_wconf 90' lang='lat' dir='ltr'><strong>quidem</strong></span> <span class='ocrx_word' id='word_1_362' title='bbox 2653 2663 2768 2702; x_wconf 89' lang='lat' dir='ltr'><strong>rem</strong></span> <span class='ocrx_word' id='word_1_363' title='bbox 2795 2663 2934 2713; x_wconf 91' lang='lat' dir='ltr'><strong>esse,</strong></span> <span class='ocrx_word' id='word_1_364' title='bbox 2961 2649 3186 2706; x_wconf 87' lang='lat' dir='ltr'><strong>alteram</strong></span> <span class='ocrx_word' id='word_1_365' title='bbox 3220 2665 3352 2706; x_wconf 81' lang='lat' dir='ltr'><strong>vero</strong></span> <span class='ocrx_word' id='word_1_366' title='bbox 3380 2668 3486 2708; x_wconf 93' lang='lat' dir='ltr'><strong>non</strong></span> <span class='ocrx_word' id='word_1_367' title='bbox 3508 2668 3632 2709; x_wconf 87' lang='lat' dir='ltr'><strong>esse</strong></span> <span class='ocrx_word' id='word_1_368' title='bbox 3675 2655 3746 2712; x_wconf 81' lang='lat' dir='ltr'><strong>si-</strong></span> 
     </span>
    </p>
   </div>
   <div class='ocr_carea' id='block_1_56' title="bbox 2163 2736 3747 2812">
    <p class='ocr_par' dir='ltr' id='par_1_56' title="bbox 2163 2736 3747 2812">
     <span class='ocr_line' id='line_1_56' title="bbox 2163 2736 3747 2812; baseline 0.008 -23"><span class='ocrx_word' id='word_1_369' title='bbox 2163 2736 2434 2808; x_wconf 80' lang='lat' dir='ltr'><strong>gniﬁcant,</strong></span> <span class='ocrx_word' id='word_1_370' title='bbox 2469 2745 2528 2790; x_wconf 92' lang='lat' dir='ltr'><strong>ut</strong></span> <span class='ocrx_word' id='word_1_371' title='bbox 2555 2755 2633 2803; x_wconf 85' lang='lat' dir='ltr'><strong>ve,</strong></span> <span class='ocrx_word' id='word_1_372' title='bbox 2664 2738 2759 2802; x_wconf 80' lang='lat' dir='ltr'><strong>vel,</strong></span> <span class='ocrx_word' id='word_1_373' title='bbox 2782 2749 2871 2791; x_wconf 82' lang='lat' dir='ltr'><strong>aut</strong></span> <span class='ocrx_word' id='word_1_374' title='bbox 2902 2755 2921 2793; x_wconf 91' lang='lat'><strong><em>:</em></strong></span> <span class='ocrx_word' id='word_1_375' title='bbox 2951 2740 3005 2793; x_wconf 90' lang='lat' dir='ltr'><strong>in</strong></span> <span class='ocrx_word' id='word_1_376' title='bbox 3028 2756 3132 2810; x_wconf 91' lang='lat' dir='ltr'><strong>qua</strong></span> <span class='ocrx_word' id='word_1_377' title='bbox 3155 2743 3339 2810; x_wconf 88' lang='lat' dir='ltr'><strong>specie</strong></span> <span class='ocrx_word' id='word_1_378' title='bbox 3371 2738 3622 2812; x_wconf 66' lang='lat' dir='ltr'><strong>quaedam</strong></span> <span class='ocrx_word' id='word_1_379' title='bbox 3645 2746 3747 2803; x_wconf 86' lang='lat' dir='ltr'><strong>du-</strong></span> 
     </span>
    </p>
   </div>
   <div class='ocr_carea' id='block_1_57' title="bbox 2160 2828 3747 2906">
    <p class='ocr_par' dir='ltr' id='par_1_57' title="bbox 2160 2828 3747 2906">
     <span class='ocr_line' id='line_1_57' title="bbox 2160 2828 3747 2906; baseline 0.007 -23"><span class='ocrx_word' id='word_1_380' title='bbox 2160 2829 2398 2883; x_wconf 70' lang='lat' dir='ltr'><strong>bitativa:</strong></span> <span class='ocrx_word' id='word_1_381' title='bbox 2417 2828 2500 2883; x_wconf 86' lang='lat' dir='ltr'><strong>vel</strong></span> <span class='ocrx_word' id='word_1_382' title='bbox 2523 2829 2917 2900; x_wconf 71' lang='lat' dir='ltr'><strong>interrogativae</strong></span> <span class='ocrx_word' id='word_1_383' title='bbox 2945 2830 3346 2900; x_wconf 86' lang='lat' dir='ltr'><strong>coniunctiones</strong></span> <span class='ocrx_word' id='word_1_384' title='bbox 3377 2834 3747 2906; x_wconf 87' lang='lat' dir='ltr'><strong>inveniuntur,</strong></span> 
     </span>
    </p>
   </div>
   <div class='ocr_carea' id='block_1_58' title="bbox 2160 2925 3747 2993">
    <p class='ocr_par' dir='ltr' id='par_1_58' title="bbox 2160 2925 3747 2993">
     <span class='ocr_line' id='line_1_58' title="bbox 2160 2925 3747 2993; baseline 0.008 -21"><span class='ocrx_word' id='word_1_385' title='bbox 2160 2925 2220 2972; x_wconf 91' lang='lat' dir='ltr'><strong>ut</strong></span> <span class='ocrx_word' id='word_1_386' title='bbox 2244 2927 2356 2983; x_wconf 87' lang='lat' dir='ltr'><strong>aut,</strong></span> <span class='ocrx_word' id='word_1_387' title='bbox 2387 2936 2475 2984; x_wconf 90' lang='lat' dir='ltr'><strong>an,</strong></span> <span class='ocrx_word' id='word_1_388' title='bbox 2499 2936 2578 2983; x_wconf 90' lang='lat' dir='ltr'><strong>ne,</strong></span> <span class='ocrx_word' id='word_1_389' title='bbox 2604 2929 2849 2990; x_wconf 89' lang='lat' dir='ltr'><strong>correpta</strong></span> <span class='ocrx_word' id='word_1_390' title='bbox 2897 2938 3084 2987; x_wconf 84' lang='lat' dir='ltr'><strong>necne;</strong></span> <span class='ocrx_word' id='word_1_391' title='bbox 3108 2932 3164 2977; x_wconf 92' lang='lat' dir='ltr'><strong>et</strong></span> <span class='ocrx_word' id='word_1_392' title='bbox 3201 2933 3284 2978; x_wconf 88' lang='lat' dir='ltr'><strong>est</strong></span> <span class='ocrx_word' id='word_1_393' title='bbox 3337 2928 3552 2993; x_wconf 87' lang='lat' dir='ltr'><strong>quando</strong></span> <span class='ocrx_word' id='word_1_394' title='bbox 3610 2929 3747 2985; x_wconf 79' lang='lat' dir='ltr'><strong>indi-</strong></span> 
     </span>
    </p>
   </div>
   <div class='ocr_carea' id='block_1_59' title="bbox 2163 3007 3744 3087">
    <p class='ocr_par' dir='ltr' id='par_1_59' title="bbox 2163 3007 3744 3087">
     <span class='ocr_line' id='line_1_59' title="bbox 2163 3007 3744 3087; baseline 0.009 -25"><span class='ocrx_word' id='word_1_395' title='bbox 2163 3007 2337 3062; x_wconf 86' lang='lat' dir='ltr'><strong>cative</strong></span> <span class='ocrx_word' id='word_1_396' title='bbox 2363 3007 2632 3072; x_wconf 89' lang='lat' dir='ltr'><strong>dicuntur,</strong></span> <span class='ocrx_word' id='word_1_397' title='bbox 2666 3017 2748 3063; x_wconf 90' lang='lat' dir='ltr'><strong>est</strong></span> <span class='ocrx_word' id='word_1_398' title='bbox 2803 3009 3026 3078; x_wconf 84' lang='lat' dir='ltr'><strong>quando,</strong></span> <span class='ocrx_word' id='word_1_399' title='bbox 3071 3010 3367 3070; x_wconf 69' lang='lat' dir='ltr'><strong>dubitativa</strong></span> <span class='ocrx_word' id='word_1_400' title='bbox 3393 3032 3410 3070; x_wconf 71' lang='grc' dir='ltr'>ε</span> <span class='ocrx_word' id='word_1_401' title='bbox 3435 3015 3744 3087; x_wconf 80' lang='lat' dir='ltr'><strong>indicative,</strong></span> 
     </span>
    </p>
   </div>
   <div class='ocr_carea' id='block_1_60' title="bbox 2162 3097 3744 3180">
    <p class='ocr_par' dir='ltr' id='par_1_60' title="bbox 2162 3097 3744 3180">
     <span class='ocr_line' id='line_1_60' title="bbox 2162 3097 3744 3180; baseline 0.009 -28"><span class='ocrx_word' id='word_1_402' title='bbox 2162 3105 2222 3152; x_wconf 89' lang='lat' dir='ltr'><strong>ut</strong></span> <span class='ocrx_word' id='word_1_403' title='bbox 2243 3108 2333 3152; x_wconf 89' lang='lat' dir='ltr'><strong>aut</strong></span> <span class='ocrx_word' id='word_1_404' title='bbox 2359 3097 2451 3152; x_wconf 76' lang='lat' dir='ltr'><strong>lux</strong></span> <span class='ocrx_word' id='word_1_405' title='bbox 2478 3108 2573 3164; x_wconf 87' lang='lat' dir='ltr'><strong>est,</strong></span> <span class='ocrx_word' id='word_1_406' title='bbox 2608 3099 2686 3154; x_wconf 85' lang='lat' dir='ltr'><strong>vel</strong></span> <span class='ocrx_word' id='word_1_407' title='bbox 2709 3115 2812 3154; x_wconf 74' lang='lat' dir='ltr'><strong>nox</strong></span> <span class='ocrx_word' id='word_1_408' title='bbox 2832 3118 2852 3166; x_wconf 90' lang='lat'><strong>;</strong></span> <span class='ocrx_word' id='word_1_409' title='bbox 2877 3101 3188 3170; x_wconf 87' lang='lat' dir='ltr'><strong>dubitative,</strong></span> <span class='ocrx_word' id='word_1_410' title='bbox 3249 3116 3306 3161; x_wconf 90' lang='lat' dir='ltr'><strong>ut</strong></span> <span class='ocrx_word' id='word_1_411' title='bbox 3332 3128 3346 3161; x_wconf 86' lang='lat'><strong>:</strong></span> <span class='ocrx_word' id='word_1_412' title='bbox 3369 3120 3458 3162; x_wconf 86' lang='lat' dir='ltr'><strong>aut</strong></span> <span class='ocrx_word' id='word_1_413' title='bbox 3513 3113 3744 3180; x_wconf 88' lang='lat' dir='ltr'><strong>prodest,</strong></span> 
     </span>
    </p>
   </div>
   <div class='ocr_carea' id='block_1_61' title="bbox 483 3183 2062 3282">
    <p class='ocr_par' dir='ltr' id='par_1_61' title="bbox 483 3183 2062 3282">
     <span class='ocr_line' id='line_1_61' title="bbox 483 3183 2062 3282; baseline 0.004 -20"><span class='ocrx_word' id='word_1_414' title='bbox 483 3210 570 3263; x_wconf 91' lang='lat' dir='ltr'><strong>vel</strong></span> <span class='ocrx_word' id='word_1_415' title='bbox 598 3183 916 3273; x_wconf 45' lang='lat' dir='ltr'><strong>rationalis,</strong></span> <span class='ocrx_word' id='word_1_416' title='bbox 964 3183 1303 3276; x_wconf 83' lang='lat' dir='ltr'><strong>completiva.</strong></span> <span class='ocrx_word' id='word_1_417' title='bbox 1354 3183 1666 3278; x_wconf 62' lang='lat' dir='ltr'><strong>Copulativa</strong></span> <span class='ocrx_word' id='word_1_418' title='bbox 1721 3183 1928 3282; x_wconf 83' lang='lat' dir='ltr'><strong>species</strong></span> <span class='ocrx_word' id='word_1_419' title='bbox 1980 3223 2062 3270; x_wconf 88' lang='lat' dir='ltr'><strong>est</strong></span> 
     </span>
    </p>
   </div>
   <div class='ocr_carea' id='block_1_62' title="bbox 2162 3183 3746 3282">
    <p class='ocr_par' dir='ltr' id='par_1_62' title="bbox 2167 3189 3746 3269">
     <span class='ocr_line' id='line_1_62' title="bbox 2167 3189 3746 3269; baseline 0.011 -27"><span class='ocrx_word' id='word_1_420' title='bbox 2167 3198 2256 3243; x_wconf 88' lang='lat' dir='ltr'><strong>aut</strong></span> <span class='ocrx_word' id='word_1_421' title='bbox 2285 3189 2389 3244; x_wconf 87' lang='lat' dir='ltr'><strong>n&#39;on</strong></span> <span class='ocrx_word' id='word_1_422' title='bbox 2432 3191 2639 3260; x_wconf 75' lang='lat' dir='ltr'><strong>prodest</strong></span> <span class='ocrx_word' id='word_1_423' title='bbox 2682 3193 2888 3248; x_wconf 77' lang='lat' dir='ltr'><strong>divitias</strong></span> <span class='ocrx_word' id='word_1_424' title='bbox 2936 3212 3186 3264; x_wconf 63' lang='lat' dir='ltr'><strong>quaerere.</strong></span> <span class='ocrx_word' id='word_1_425' title='bbox 3239 3198 3589 3269; x_wconf 84' lang='lat' dir='ltr'><strong>Subiunctive</strong></span> <span class='ocrx_word' id='word_1_426' title='bbox 3622 3213 3746 3259; x_wconf 90' lang='lat' dir='ltr'><strong>sunt</strong></span> 
     </span>
    </p>
   </div>
   <div class='ocr_carea' id='block_1_63' title="bbox 486 3298 2061 3374">
    <p class='ocr_par' dir='ltr' id='par_1_63' title="bbox 486 3298 2061 3374">
     <span class='ocr_line' id='line_1_63' title="bbox 486 3298 2061 3374; baseline 0.004 -22"><span class='ocrx_word' id='word_1_427' title='bbox 486 3314 608 3368; x_wconf 72' lang='lat' dir='ltr'><strong>quae</strong></span> <span class='ocrx_word' id='word_1_428' title='bbox 646 3298 857 3366; x_wconf 88' lang='lat' dir='ltr'><strong>copulat</strong></span> <span class='ocrx_word' id='word_1_429' title='bbox 880 3309 991 3352; x_wconf 90' lang='lat' dir='ltr'><strong>tam</strong></span> <span class='ocrx_word' id='word_1_430' title='bbox 1018 3299 1183 3354; x_wconf 90' lang='lat' dir='ltr'><strong>verba</strong></span> <span class='ocrx_word' id='word_1_431' title='bbox 1207 3313 1369 3368; x_wconf 91' lang='lat' dir='ltr'><strong>quam</strong></span> <span class='ocrx_word' id='word_1_432' title='bbox 1393 3315 1642 3367; x_wconf 81' lang='lat' dir='ltr'><strong>sensum,</strong></span> <span class='ocrx_word' id='word_1_433' title='bbox 1673 3311 1733 3356; x_wconf 92' lang='lat' dir='ltr'><strong>ut</strong></span> <span class='ocrx_word' id='word_1_434' title='bbox 1755 3313 1822 3368; x_wconf 87' lang='lat' dir='ltr'><strong>et,</strong></span> <span class='ocrx_word' id='word_1_435' title='bbox 1845 3321 1962 3374; x_wconf 88' lang='lat' dir='ltr'><strong>que,</strong></span> <span class='ocrx_word' id='word_1_436' title='bbox 1978 3322 2061 3371; x_wconf 88' lang='lat' dir='ltr'><strong>ac,</strong></span> 
     </span>
    </p>
   </div>
   <div class='ocr_carea' id='block_1_64' title="bbox 487 3391 2060 3464">
    <p class='ocr_par' dir='ltr' id='par_1_64' title="bbox 487 3391 2060 3464">
     <span class='ocr_line' id='line_1_64' title="bbox 487 3391 2060 3464; baseline 0.001 -17"><span class='ocrx_word' id='word_1_437' title='bbox 487 3404 659 3464; x_wconf 89' lang='lat' dir='ltr'><strong>atque,</strong></span> <span class='ocrx_word' id='word_1_438' title='bbox 687 3392 915 3464; x_wconf 85' lang='lat' dir='ltr'><strong>quidem,</strong></span> <span class='ocrx_word' id='word_1_439' title='bbox 943 3408 1158 3462; x_wconf 91' lang='lat' dir='ltr'><strong>quoque,</strong></span> <span class='ocrx_word' id='word_1_440' title='bbox 1191 3391 1399 3461; x_wconf 84' lang='lat' dir='ltr'><strong>quando</strong></span> <span class='ocrx_word' id='word_1_441' title='bbox 1422 3407 1520 3462; x_wconf 88' lang='lat' dir='ltr'><strong>pro</strong></span> <span class='ocrx_word' id='word_1_442' title='bbox 1541 3394 1680 3462; x_wconf 90' lang='lat' dir='ltr'><strong>quod</strong></span> <span class='ocrx_word' id='word_1_443' title='bbox 1709 3397 1956 3464; x_wconf 88' lang='lat' dir='ltr'><strong>ponitur;</strong></span> <span class='ocrx_word' id='word_1_444' title='bbox 1985 3405 2060 3462; x_wconf 90' lang='lat' dir='ltr'><strong>at,</strong></span> 
     </span>
    </p>
   </div>
   <div class='ocr_carea' id='block_1_65' title="bbox 485 3487 2059 3557">
    <p class='ocr_par' dir='ltr' id='par_1_65' title="bbox 485 3487 2059 3557">
     <span class='ocr_line' id='line_1_65' title="bbox 485 3487 2059 3557; baseline -0.001 -15"><span class='ocrx_word' id='word_1_445' title='bbox 485 3497 584 3550; x_wconf 84' lang='lat' dir='ltr'><strong>ast,</strong></span> <span class='ocrx_word' id='word_1_446' title='bbox 616 3487 726 3552; x_wconf 85' lang='lat' dir='ltr'><strong>sed,</strong></span> <span class='ocrx_word' id='word_1_447' title='bbox 750 3497 941 3551; x_wconf 87' lang='lat' dir='ltr'><strong>autem,</strong></span> <span class='ocrx_word' id='word_1_448' title='bbox 970 3503 1109 3552; x_wconf 87' lang='lat' dir='ltr'><strong>vero,</strong></span> <span class='ocrx_word' id='word_1_449' title='bbox 1146 3489 1357 3556; x_wconf 86' lang='lat' dir='ltr'><strong>quando</strong></span> <span class='ocrx_word' id='word_1_450' title='bbox 1383 3502 1481 3557; x_wconf 91' lang='lat' dir='ltr'><strong>pro</strong></span> <span class='ocrx_word' id='word_1_451' title='bbox 1535 3499 1708 3542; x_wconf 89' lang='lat' dir='ltr'><strong>autem</strong></span> <span class='ocrx_word' id='word_1_452' title='bbox 1757 3487 2019 3557; x_wconf 89' lang='lat' dir='ltr'><strong>accipitur</strong></span> <span class='ocrx_word' id='word_1_453' title='bbox 2045 3504 2059 3552; x_wconf 93' lang='lat'><strong>;</strong></span> 
     </span>
    </p>
   </div>
   <div class='ocr_carea' id='block_1_66' title="bbox 485 3577 2059 3648">
    <p class='ocr_par' dir='ltr' id='par_1_66' title="bbox 485 3577 2059 3648">
     <span class='ocr_line' id='line_1_66' title="bbox 485 3577 2059 3648; baseline -0.002 -12"><span class='ocrx_word' id='word_1_454' title='bbox 485 3583 603 3636; x_wconf 64' lang='lat' dir='ltr'><strong>haec</strong></span> <span class='ocrx_word' id='word_1_455' title='bbox 629 3578 770 3632; x_wconf 87' lang='lat' dir='ltr'><strong>enim</strong></span> <span class='ocrx_word' id='word_1_456' title='bbox 799 3577 1051 3648; x_wconf 88' lang='lat' dir='ltr'><strong>copulant</strong></span> <span class='ocrx_word' id='word_1_457' title='bbox 1098 3592 1219 3631; x_wconf 92' lang='lat' dir='ltr'><strong>cum</strong></span> <span class='ocrx_word' id='word_1_458' title='bbox 1265 3577 1669 3632; x_wconf 83' lang='lat' dir='ltr'><strong>conﬁrmatione</strong></span> <span class='ocrx_word' id='word_1_459' title='bbox 1710 3577 2059 3644; x_wconf 84' lang='lat' dir='ltr'><strong>intellectum,</strong></span> 
     </span>
    </p>
   </div>
   <div class='ocr_carea' id='block_1_67' title="bbox 487 3671 2061 3739">
    <p class='ocr_par' dir='ltr' id='par_1_67' title="bbox 487 3671 2061 3739">
     <span class='ocr_line' id='line_1_67' title="bbox 487 3671 2061 3739; baseline -0.002 -13"><span class='ocrx_word' id='word_1_460' title='bbox 487 3681 540 3726; x_wconf 90' lang='lat' dir='ltr'><strong>et</strong></span> <span class='ocrx_word' id='word_1_461' title='bbox 557 3684 744 3726; x_wconf 89' lang='lat' dir='ltr'><strong>omnes</strong></span> <span class='ocrx_word' id='word_1_462' title='bbox 770 3671 1156 3738; x_wconf 79' lang='lat' dir='ltr'><strong>corripiuntur,</strong></span> <span class='ocrx_word' id='word_1_463' title='bbox 1181 3677 1401 3739; x_wconf 85' lang='lat' dir='ltr'><strong>excepta</strong></span> <span class='ocrx_word' id='word_1_464' title='bbox 1431 3684 1537 3724; x_wconf 91' lang='lat' dir='ltr'><strong>una</strong></span> <span class='ocrx_word' id='word_1_465' title='bbox 1561 3679 1662 3735; x_wconf 87' lang='lat' dir='ltr'><strong>ast,</strong></span> <span class='ocrx_word' id='word_1_466' title='bbox 1710 3684 1869 3739; x_wconf 87' lang='lat' dir='ltr'><strong>quam</strong></span> <span class='ocrx_word' id='word_1_467' title='bbox 1911 3671 2061 3739; x_wconf 91' lang='lat' dir='ltr'><strong>posi-</strong></span> 
     </span>
    </p>
   </div>
   <div class='ocr_carea' id='block_1_68' title="bbox 491 3759 2064 3832">
    <p class='ocr_par' dir='ltr' id='par_1_68' title="bbox 491 3759 2064 3832">
     <span class='ocr_line' id='line_1_68' title="bbox 491 3759 2064 3832; baseline -0.003 -16"><span class='ocrx_word' id='word_1_468' title='bbox 491 3764 566 3816; x_wconf 92' lang='lat' dir='ltr'><strong>tio</strong></span> <span class='ocrx_word' id='word_1_469' title='bbox 594 3761 859 3832; x_wconf 89' lang='lat' dir='ltr'><strong>producit.</strong></span> <span class='ocrx_word' id='word_1_470' title='bbox 887 3760 1275 3814; x_wconf 72' lang='lat' dir='ltr'><strong>Continuativae</strong></span> <span class='ocrx_word' id='word_1_471' title='bbox 1301 3768 1426 3813; x_wconf 92' lang='lat' dir='ltr'><strong>sunt</strong></span> <span class='ocrx_word' id='word_1_472' title='bbox 1453 3775 1574 3828; x_wconf 74' lang='lat' dir='ltr'><strong>qua:</strong></span> <span class='ocrx_word' id='word_1_473' title='bbox 1624 3759 1929 3830; x_wconf 79' lang='lat' dir='ltr'><strong>significant</strong></span> <span class='ocrx_word' id='word_1_474' title='bbox 1976 3776 2064 3814; x_wconf 88' lang='lat' dir='ltr'><strong>or-</strong></span> 
     </span>
    </p>
   </div>
   <div class='ocr_carea' id='block_1_69' title="bbox 491 3844 2061 3922">
    <p class='ocr_par' dir='ltr' id='par_1_69' title="bbox 491 3844 2061 3922">
     <span class='ocr_line' id='line_1_69' title="bbox 491 3844 2061 3922; baseline -0.002 -16"><span class='ocrx_word' id='word_1_475' title='bbox 491 3855 669 3907; x_wconf 92' lang='lat' dir='ltr'><strong>dinem</strong></span> <span class='ocrx_word' id='word_1_476' title='bbox 697 3851 1050 3922; x_wconf 66' lang='lat' dir='ltr'><strong>praecedentis</strong></span> <span class='ocrx_word' id='word_1_477' title='bbox 1071 3851 1149 3904; x_wconf 88' lang='lat' dir='ltr'><strong>rei</strong></span> <span class='ocrx_word' id='word_1_478' title='bbox 1178 3850 1244 3904; x_wconf 87' lang='lat' dir='ltr'><strong>ad</strong></span> <span class='ocrx_word' id='word_1_479' title='bbox 1291 3857 1627 3919; x_wconf 84' lang='lat' dir='ltr'><strong>sequentem,</strong></span> <span class='ocrx_word' id='word_1_480' title='bbox 1677 3844 1732 3904; x_wconf 87' lang='lat' dir='ltr'><strong>ut</strong></span> <span class='ocrx_word' id='word_1_481' title='bbox 1784 3852 1829 3903; x_wconf 90' lang='lat' dir='ltr'><strong>si</strong></span> <span class='ocrx_word' id='word_1_482' title='bbox 1873 3852 2061 3916; x_wconf 84' lang='lat' dir='ltr'><strong>stertit,</strong></span> 
     </span>
    </p>
   </div>
   <div class='ocr_carea' id='block_1_70' title="bbox 488 3934 2060 4010">
    <p class='ocr_par' dir='ltr' id='par_1_70' title="bbox 488 3934 2060 4010">
     <span class='ocr_line' id='line_1_70' title="bbox 488 3934 2060 4010; baseline -0.001 -14"><span class='ocrx_word' id='word_1_483' title='bbox 488 3934 718 4007; x_wconf 77' lang='lat' dir='ltr'><strong>dormit;</strong></span> <span class='ocrx_word' id='word_1_484' title='bbox 748 3941 992 3996; x_wconf 86' lang='lat' dir='ltr'><strong>similiter</strong></span> <span class='ocrx_word' id='word_1_485' title='bbox 1021 3941 1142 4006; x_wconf 83' lang='lat' dir='ltr'><strong>sive,</strong></span> <span class='ocrx_word' id='word_1_486' title='bbox 1171 3942 1271 4005; x_wconf 88' lang='lat' dir='ltr'><strong>sin,</strong></span> <span class='ocrx_word' id='word_1_487' title='bbox 1301 3957 1410 4005; x_wconf 88' lang='lat' dir='ltr'><strong>seu,</strong></span> <span class='ocrx_word' id='word_1_488' title='bbox 1453 3956 1677 4010; x_wconf 90' lang='lat' dir='ltr'><strong>quarum</strong></span> <span class='ocrx_word' id='word_1_489' title='bbox 1708 3949 1816 3994; x_wconf 89' lang='lat' dir='ltr'><strong>tres</strong></span> <span class='ocrx_word' id='word_1_490' title='bbox 1859 3942 2060 4009; x_wconf 89' lang='lat' dir='ltr'><strong>produ-</strong></span> 
     </span>
    </p>
   </div>
   <div class='ocr_carea' id='block_1_71' title="bbox 489 4016 2061 4102">
    <p class='ocr_par' dir='ltr' id='par_1_71' title="bbox 489 4016 2061 4102">
     <span class='ocr_line' id='line_1_71' title="bbox 489 4016 2061 4102; baseline 0.001 -17"><span class='ocrx_word' id='word_1_491' title='bbox 489 4020 705 4094; x_wconf 84' lang='lat' dir='ltr'><strong>cuntur,</strong></span> <span class='ocrx_word' id='word_1_492' title='bbox 737 4032 803 4094; x_wconf 90' lang='lat' dir='ltr'><strong>si,</strong></span> <span class='ocrx_word' id='word_1_493' title='bbox 833 4031 933 4092; x_wconf 87' lang='lat' dir='ltr'><strong>sin,</strong></span> <span class='ocrx_word' id='word_1_494' title='bbox 964 4047 1092 4095; x_wconf 88' lang='lat' dir='ltr'><strong>seu;</strong></span> <span class='ocrx_word' id='word_1_495' title='bbox 1124 4045 1228 4084; x_wconf 91' lang='lat' dir='ltr'><strong>una</strong></span> <span class='ocrx_word' id='word_1_496' title='bbox 1278 4016 1595 4102; x_wconf 57' lang='lat' dir='ltr'><strong>corripitur;</strong></span> <span class='ocrx_word' id='word_1_497' title='bbox 1643 4033 1766 4086; x_wconf 87' lang='lat' dir='ltr'><strong>sive.</strong></span> <span class='ocrx_word' id='word_1_498' title='bbox 1821 4031 2061 4088; x_wconf 89' lang='lat' dir='ltr'><strong>Subcon—</strong></span> 
     </span>
    </p>
   </div>
   <div class='ocr_carea' id='block_1_72' title="bbox 493 4108 2059 4176">
    <p class='ocr_par' dir='ltr' id='par_1_72' title="bbox 493 4108 2059 4176">
     <span class='ocr_line' id='line_1_72' title="bbox 493 4108 2059 4176; baseline 0.003 -4"><span class='ocrx_word' id='word_1_499' title='bbox 493 4120 766 4174; x_wconf 65' lang='lat' dir='ltr'><strong>tinuativaz</strong></span> <span class='ocrx_word' id='word_1_500' title='bbox 796 4134 922 4173; x_wconf 89' lang='lat' dir='ltr'><strong>vero</strong></span> <span class='ocrx_word' id='word_1_501' title='bbox 943 4133 1159 4173; x_wconf 88' lang='lat' dir='ltr'><strong>causam</strong></span> <span class='ocrx_word' id='word_1_502' title='bbox 1186 4121 1600 4174; x_wconf 87' lang='lat' dir='ltr'><strong>continuationis</strong></span> <span class='ocrx_word' id='word_1_503' title='bbox 1619 4121 1906 4175; x_wconf 89' lang='lat' dir='ltr'><strong>ostendunt</strong></span> <span class='ocrx_word' id='word_1_504' title='bbox 1929 4108 2059 4176; x_wconf 78' lang='lat' dir='ltr'><strong>eon-</strong></span> 
     </span>
    </p>
   </div>
   <div class='ocr_carea' id='block_1_73' title="bbox 493 4209 2062 4283">
    <p class='ocr_par' dir='ltr' id='par_1_73' title="bbox 493 4209 2062 4283">
     <span class='ocr_line' id='line_1_73' title="bbox 493 4209 2062 4283; baseline 0.002 -18"><span class='ocrx_word' id='word_1_505' title='bbox 493 4219 800 4279; x_wconf 89' lang='lat' dir='ltr'><strong>sequentem</strong></span> <span class='ocrx_word' id='word_1_506' title='bbox 836 4225 957 4264; x_wconf 92' lang='lat' dir='ltr'><strong>cum</strong></span> <span class='ocrx_word' id='word_1_507' title='bbox 983 4209 1216 4264; x_wconf 86' lang='lat' dir='ltr'><strong>essentia</strong></span> <span class='ocrx_word' id='word_1_508' title='bbox 1250 4225 1447 4274; x_wconf 89' lang='lat' dir='ltr'><strong>rerum,</strong></span> <span class='ocrx_word' id='word_1_509' title='bbox 1471 4219 1528 4264; x_wconf 90' lang='lat' dir='ltr'><strong>ut</strong></span> <span class='ocrx_word' id='word_1_510' title='bbox 1553 4228 1677 4282; x_wconf 91' lang='lat' dir='ltr'><strong>quo,</strong></span> <span class='ocrx_word' id='word_1_511' title='bbox 1702 4213 1845 4282; x_wconf 84' lang='lat' dir='ltr'><strong>quia,</strong></span> <span class='ocrx_word' id='word_1_512' title='bbox 1863 4230 1979 4283; x_wconf 90' lang='lat' dir='ltr'><strong>que,</strong></span> <span class='ocrx_word' id='word_1_513' title='bbox 2008 4221 2062 4268; x_wconf 89' lang='lat' dir='ltr'><strong>et</strong></span> 
     </span>
    </p>
   </div>
   <div class='ocr_carea' id='block_1_74' title="bbox 493 4299 2060 4378">
    <p class='ocr_par' dir='ltr' id='par_1_74' title="bbox 493 4299 2060 4378">
     <span class='ocr_line' id='line_1_74' title="bbox 493 4299 2060 4378; baseline 0 -22"><span class='ocrx_word' id='word_1_514' title='bbox 493 4302 684 4356; x_wconf 85' lang='lat' dir='ltr'><strong>breves</strong></span> <span class='ocrx_word' id='word_1_515' title='bbox 723 4309 866 4355; x_wconf 82' lang='lat' dir='ltr'><strong>sunt.</strong></span> <span class='ocrx_word' id='word_1_516' title='bbox 895 4299 1230 4378; x_wconf 73' lang='lat' dir='ltr'><strong>Adjunctivze</strong></span> <span class='ocrx_word' id='word_1_517' title='bbox 1255 4309 1381 4354; x_wconf 91' lang='lat' dir='ltr'><strong>sunt</strong></span> <span class='ocrx_word' id='word_1_518' title='bbox 1401 4315 1520 4369; x_wconf 65' lang='lat' dir='ltr'><strong>quae</strong></span> <span class='ocrx_word' id='word_1_519' title='bbox 1543 4301 1719 4355; x_wconf 84' lang='lat' dir='ltr'><strong>verbis</strong></span> <span class='ocrx_word' id='word_1_520' title='bbox 1763 4301 2060 4371; x_wconf 89' lang='lat' dir='ltr'><strong>subjuncti-</strong></span> 
     </span>
    </p>
   </div>
   <div class='ocr_carea' id='block_1_75' title="bbox 495 4390 2061 4460">
    <p class='ocr_par' dir='ltr' id='par_1_75' title="bbox 495 4390 2061 4460">
     <span class='ocr_line' id='line_1_75' title="bbox 495 4390 2061 4460; baseline 0.002 -15"><span class='ocrx_word' id='word_1_521' title='bbox 495 4393 577 4446; x_wconf 85' lang='lat' dir='ltr'><strong>vis</strong></span> <span class='ocrx_word' id='word_1_522' title='bbox 603 4391 980 4459; x_wconf 81' lang='lat' dir='ltr'><strong>adjunguntur,</strong></span> <span class='ocrx_word' id='word_1_523' title='bbox 1014 4397 1070 4441; x_wconf 92' lang='lat' dir='ltr'><strong>ut</strong></span> <span class='ocrx_word' id='word_1_524' title='bbox 1092 4405 1228 4453; x_wconf 89' lang='lat' dir='ltr'><strong>cum,</strong></span> <span class='ocrx_word' id='word_1_525' title='bbox 1278 4398 1336 4443; x_wconf 91' lang='lat' dir='ltr'><strong>ut</strong></span> <span class='ocrx_word' id='word_1_526' title='bbox 1373 4390 1519 4456; x_wconf 90' lang='lat' dir='ltr'><strong>dum,</strong></span> <span class='ocrx_word' id='word_1_527' title='bbox 1555 4401 1827 4460; x_wconf 82' lang='lat' dir='ltr'><strong>quatenus,</strong></span> <span class='ocrx_word' id='word_1_528' title='bbox 1874 4408 2061 4449; x_wconf 89' lang='lat' dir='ltr'><strong>omnes</strong></span> 
     </span>
    </p>
   </div>
   <div class='ocr_carea' id='block_1_76' title="bbox 495 4461 2058 4552">
    <p class='ocr_par' dir='ltr' id='par_1_76' title="bbox 495 4461 2058 4552">
     <span class='ocr_line' id='line_1_76' title="bbox 495 4461 2058 4552; baseline 0.001 -16"><span class='ocrx_word' id='word_1_529' title='bbox 495 4483 704 4536; x_wconf 85' lang='lat' dir='ltr'><strong>breves.</strong></span> <span class='ocrx_word' id='word_1_530' title='bbox 737 4479 802 4531; x_wconf 88' lang='lat' dir='ltr'><strong>Et</strong></span> <span class='ocrx_word' id='word_1_531' title='bbox 828 4479 928 4532; x_wconf 89' lang='lat' dir='ltr'><strong>hoc</strong></span> <span class='ocrx_word' id='word_1_532' title='bbox 957 4461 1179 4532; x_wconf 66' lang='lat' dir='ltr'><strong>interest</strong></span> <span class='ocrx_word' id='word_1_533' title='bbox 1207 4479 1348 4532; x_wconf 90' lang='lat' dir='ltr'><strong>inter</strong></span> <span class='ocrx_word' id='word_1_534' title='bbox 1383 4479 1715 4549; x_wconf 89' lang='lat' dir='ltr'><strong>adiunctivas</strong></span> <span class='ocrx_word' id='word_1_535' title='bbox 1752 4490 1805 4536; x_wconf 91' lang='lat' dir='ltr'><strong>et</strong></span> <span class='ocrx_word' id='word_1_536' title='bbox 1843 4485 2058 4552; x_wconf 89' lang='lat' dir='ltr'><strong>proprie</strong></span> 
     </span>
    </p>
   </div>
   <div class='ocr_carea' id='block_1_77' title="bbox 494 4569 2058 4639">
    <p class='ocr_par' dir='ltr' id='par_1_77' title="bbox 494 4569 2058 4639">
     <span class='ocr_line' id='line_1_77' title="bbox 494 4569 2058 4639; baseline 0.003 -14"><span class='ocrx_word' id='word_1_537' title='bbox 494 4571 759 4634; x_wconf 89' lang='lat' dir='ltr'><strong>causales,</strong></span> <span class='ocrx_word' id='word_1_538' title='bbox 785 4569 922 4639; x_wconf 93' lang='lat' dir='ltr'><strong>quod</strong></span> <span class='ocrx_word' id='word_1_539' title='bbox 951 4569 1031 4622; x_wconf 75' lang='lat' dir='ltr'><strong>lite</strong></span> <span class='ocrx_word' id='word_1_540' title='bbox 1055 4584 1174 4623; x_wconf 91' lang='lat' dir='ltr'><strong>cum</strong></span> <span class='ocrx_word' id='word_1_541' title='bbox 1201 4569 1572 4636; x_wconf 85' lang='lat' dir='ltr'><strong>ailirmatione,</strong></span> <span class='ocrx_word' id='word_1_542' title='bbox 1601 4572 1703 4626; x_wconf 79' lang='lat' dir='ltr'><strong>illae</strong></span> <span class='ocrx_word' id='word_1_543' title='bbox 1747 4588 1870 4628; x_wconf 90' lang='lat' dir='ltr'><strong>cum</strong></span> <span class='ocrx_word' id='word_1_544' title='bbox 1903 4576 2058 4630; x_wconf 89' lang='lat' dir='ltr'><strong>dubi-</strong></span> 
     </span>
    </p>
   </div>
   <div class='ocr_carea' id='block_1_78' title="bbox 497 4656 2059 4733">
    <p class='ocr_par' dir='ltr' id='par_1_78' title="bbox 497 4656 2059 4733">
     <span class='ocr_line' id='line_1_78' title="bbox 497 4656 2059 4733; baseline 0.003 -15"><span class='ocrx_word' id='word_1_545' title='bbox 497 4665 693 4719; x_wconf 90' lang='lat' dir='ltr'><strong>tatione</strong></span> <span class='ocrx_word' id='word_1_546' title='bbox 714 4660 1076 4732; x_wconf 83' lang='lat' dir='ltr'><strong>proferuntur.</strong></span> <span class='ocrx_word' id='word_1_547' title='bbox 1105 4659 1354 4716; x_wconf 89' lang='lat' dir='ltr'><strong>Causales</strong></span> <span class='ocrx_word' id='word_1_548' title='bbox 1392 4656 1518 4716; x_wconf 76' lang='lat' dir='ltr'><strong>su&#39;nt</strong></span> <span class='ocrx_word' id='word_1_549' title='bbox 1538 4663 1656 4733; x_wconf 60' lang='lat' dir='ltr'><strong>qua:</strong></span> <span class='ocrx_word' id='word_1_550' title='bbox 1683 4680 1899 4719; x_wconf 88' lang='lat' dir='ltr'><strong>causam</strong></span> <span class='ocrx_word' id='word_1_551' title='bbox 1946 4682 2059 4722; x_wconf 91' lang='lat' dir='ltr'><strong>rem</strong></span> 
     </span>
    </p>
   </div>
   <div class='ocr_carea' id='block_1_79' title="bbox 494 4748 2053 4825">
    <p class='ocr_par' dir='ltr' id='par_1_79' title="bbox 494 4748 2053 4825">
     <span class='ocr_line' id='line_1_79' title="bbox 494 4748 2053 4825; baseline 0.003 -18"><span class='ocrx_word' id='word_1_552' title='bbox 494 4753 895 4807; x_wconf 87' lang='lat' dir='ltr'><strong>antecedentem</strong></span> <span class='ocrx_word' id='word_1_553' title='bbox 952 4748 1168 4820; x_wconf 92' lang='lat' dir='ltr'><strong>[rerum</strong></span> <span class='ocrx_word' id='word_1_554' title='bbox 1212 4752 1677 4825; x_wconf 88' lang='lat' dir='ltr'><strong>antecedentium]</strong></span> <span class='ocrx_word' id='word_1_555' title='bbox 1737 4756 2053 4824; x_wconf 82' lang='lat' dir='ltr'><strong>signiﬁcant,</strong></span> 
     </span>
    </p>
   </div>
   <div class='ocr_carea' id='block_1_80' title="bbox 496 4841 2055 4916">
    <p class='ocr_par' dir='ltr' id='par_1_80' title="bbox 496 4841 2055 4916">
     <span class='ocr_line' id='line_1_80' title="bbox 496 4841 2055 4916; baseline 0.003 -19"><span class='ocrx_word' id='word_1_556' title='bbox 496 4853 555 4897; x_wconf 93' lang='lat' dir='ltr'><strong>ut</strong></span> <span class='ocrx_word' id='word_1_557' title='bbox 580 4843 642 4904; x_wconf 85' lang='lat' dir='ltr'><strong>si,</strong></span> <span class='ocrx_word' id='word_1_558' title='bbox 671 4843 785 4904; x_wconf 83' lang='lat' dir='ltr'><strong>etsi,</strong></span> <span class='ocrx_word' id='word_1_559' title='bbox 812 4842 1033 4905; x_wconf 85' lang='lat' dir='ltr'><strong>etiamsi,</strong></span> <span class='ocrx_word' id='word_1_560' title='bbox 1064 4841 1336 4910; x_wconf 83' lang='lat' dir='ltr'><strong>siquidem,</strong></span> <span class='ocrx_word' id='word_1_561' title='bbox 1364 4844 1589 4910; x_wconf 89' lang='lat' dir='ltr'><strong>quando,</strong></span> <span class='ocrx_word' id='word_1_562' title='bbox 1617 4848 2055 4916; x_wconf 85' lang='lat' dir='ltr'><strong>quandoquidem,</strong></span> 
     </span>
    </p>
   </div>
   <div class='ocr_carea' id='block_1_81' title="bbox 497 4932 2055 5005">
    <p class='ocr_par' dir='ltr' id='par_1_81' title="bbox 497 4932 2055 5005">
     <span class='ocr_line' id='line_1_81' title="bbox 497 4932 2055 5005; baseline 0.004 -21"><span class='ocrx_word' id='word_1_563' title='bbox 497 4934 642 5001; x_wconf 85' lang='lat' dir='ltr'><strong>quin,</strong></span> <span class='ocrx_word' id='word_1_564' title='bbox 658 4934 781 5001; x_wconf 87' lang='lat' dir='ltr'><strong>quin</strong></span> <span class='ocrx_word' id='word_1_565' title='bbox 801 4932 976 4997; x_wconf 86' lang='lat' dir='ltr'><strong>etiam,</strong></span> <span class='ocrx_word' id='word_1_566' title='bbox 992 4948 1131 4997; x_wconf 89' lang='lat' dir='ltr'><strong>nam,</strong></span> <span class='ocrx_word' id='word_1_567' title='bbox 1150 4947 1390 5000; x_wconf 89' lang='lat' dir='ltr'><strong>namque,</strong></span> <span class='ocrx_word' id='word_1_568' title='bbox 1416 4934 1488 4998; x_wconf 90' lang='lat' dir='ltr'><strong>ni,</strong></span> <span class='ocrx_word' id='word_1_569' title='bbox 1508 4934 1627 5000; x_wconf 86' lang='lat' dir='ltr'><strong>nisi,</strong></span> <span class='ocrx_word' id='word_1_570' title='bbox 1651 4937 1817 4999; x_wconf 86' lang='lat' dir='ltr'><strong>nisisi,</strong></span> <span class='ocrx_word' id='word_1_571' title='bbox 1839 4938 1883 4989; x_wconf 90' lang='lat' dir='ltr'><strong>si</strong></span> <span class='ocrx_word' id='word_1_572' title='bbox 1898 4940 2055 5005; x_wconf 85' lang='lat' dir='ltr'><strong>enim,</strong></span> 
     </span>
    </p>
   </div>
   <div class='ocr_carea' id='block_1_82' title="bbox 500 5021 2059 5094">
    <p class='ocr_par' dir='ltr' id='par_1_82' title="bbox 500 5021 2059 5094">
     <span class='ocr_line' id='line_1_82' title="bbox 500 5021 2059 5094; baseline 0.004 -19"><span class='ocrx_word' id='word_1_573' title='bbox 500 5022 705 5086; x_wconf 89' lang='lat' dir='ltr'><strong>etenim,</strong></span> <span class='ocrx_word' id='word_1_574' title='bbox 755 5022 862 5084; x_wconf 86' lang='lat' dir='ltr'><strong>sed,</strong></span> <span class='ocrx_word' id='word_1_575' title='bbox 910 5023 1125 5085; x_wconf 81' lang='lat' dir='ltr'><strong>interea,</strong></span> <span class='ocrx_word' id='word_1_576' title='bbox 1172 5021 1521 5090; x_wconf 85' lang='lat' dir='ltr'><strong>quamobrem,</strong></span> <span class='ocrx_word' id='word_1_577' title='bbox 1569 5029 1869 5092; x_wconf 74' lang='lat' dir='ltr'><strong>praesertim,</strong></span> <span class='ocrx_word' id='word_1_578' title='bbox 1916 5030 2059 5094; x_wconf 86' lang='lat' dir='ltr'><strong>item,</strong></span> 
     </span>
    </p>
   </div>
   <div class='ocr_carea' id='block_1_83' title="bbox 501 5113 2062 5185">
    <p class='ocr_par' dir='ltr' id='par_1_83' title="bbox 501 5113 2062 5185">
     <span class='ocr_line' id='line_1_83' title="bbox 501 5113 2062 5185; baseline 0.008 -23"><span class='ocrx_word' id='word_1_579' title='bbox 501 5113 737 5180; x_wconf 81' lang='lat' dir='ltr'><strong>itemque,</strong></span> <span class='ocrx_word' id='word_1_580' title='bbox 770 5120 1031 5175; x_wconf 74' lang='lat' dir='ltr'><strong>cretei-um,</strong></span> <span class='ocrx_word' id='word_1_581' title='bbox 1084 5114 1330 5180; x_wconf 79' lang='lat' dir='ltr'><strong>alioquin,</strong></span> <span class='ocrx_word' id='word_1_582' title='bbox 1384 5123 1631 5183; x_wconf 66' lang='lat' dir='ltr'><strong>praeterea</strong></span> <span class='ocrx_word' id='word_1_583' title='bbox 1663 5130 1679 5167; x_wconf 89' lang='lat'><strong><em>:</em></strong></span> <span class='ocrx_word' id='word_1_584' title='bbox 1707 5133 1823 5185; x_wconf 74' lang='lat' dir='ltr'><strong>quae</strong></span> <span class='ocrx_word' id='word_1_585' title='bbox 1875 5135 2062 5176; x_wconf 89' lang='lat' dir='ltr'><strong>omnes</strong></span> 
     </span>
    </p>
   </div>
   <div class='ocr_carea' id='block_1_84' title="bbox 503 5201 2063 5278">
    <p class='ocr_par' dir='ltr' id='par_1_84' title="bbox 503 5201 2063 5278">
     <span class='ocr_line' id='line_1_84' title="bbox 503 5201 2063 5278; baseline 0.005 -24"><span class='ocrx_word' id='word_1_586' title='bbox 503 5201 881 5268; x_wconf 85' lang='lat' dir='ltr'><strong>corripiuntur,</strong></span> <span class='ocrx_word' id='word_1_587' title='bbox 913 5202 1166 5272; x_wconf 83' lang='lat' dir='ltr'><strong>exceptis,</strong></span> <span class='ocrx_word' id='word_1_588' title='bbox 1197 5205 1241 5255; x_wconf 84' lang='lat' dir='ltr'><strong>si</strong></span> <span class='ocrx_word' id='word_1_589' title='bbox 1268 5203 1481 5275; x_wconf 83' lang='lat' dir='ltr'><strong>interea,</strong></span> <span class='ocrx_word' id='word_1_590' title='bbox 1511 5214 1566 5258; x_wconf 91' lang='lat' dir='ltr'><strong>et</strong></span> <span class='ocrx_word' id='word_1_591' title='bbox 1584 5216 1852 5273; x_wconf 77' lang='lat' dir='ltr'><strong>prtrterea,</strong></span> <span class='ocrx_word' id='word_1_592' title='bbox 1875 5218 1926 5262; x_wconf 90' lang='lat' dir='ltr'><strong>et</strong></span> <span class='ocrx_word' id='word_1_593' title='bbox 1944 5224 2063 5278; x_wconf 74' lang='lat' dir='ltr'><strong>qua:</strong></span> 
     </span>
    </p>
   </div>
   <div class='ocr_carea' id='block_1_85' title="bbox 504 5293 2058 5369">
    <p class='ocr_par' dir='ltr' id='par_1_85' title="bbox 504 5293 2058 5369">
     <span class='ocr_line' id='line_1_85' title="bbox 504 5293 2058 5369; baseline 0.006 -26"><span class='ocrx_word' id='word_1_594' title='bbox 504 5293 664 5344; x_wconf 87' lang='lat' dir='ltr'><strong>iantc</strong></span> <span class='ocrx_word' id='word_1_595' title='bbox 694 5309 725 5344; x_wconf 87' lang='grc' dir='ltr'><em>η</em></span> <span class='ocrx_word' id='word_1_596' title='bbox 756 5293 806 5345; x_wconf 86' lang='grc' dir='ltr'><strong>ἰη</strong></span> <span class='ocrx_word' id='word_1_597' title='bbox 829 5293 1010 5345; x_wconf 90' lang='lat' dir='ltr'><strong>ultima</strong></span> <span class='ocrx_word' id='word_1_598' title='bbox 1035 5293 1230 5363; x_wconf 84' lang='lat' dir='ltr'><strong>syllaba</strong></span> <span class='ocrx_word' id='word_1_599' title='bbox 1259 5294 1548 5359; x_wconf 89' lang='lat' dir='ltr'><strong>babent,ut</strong></span> <span class='ocrx_word' id='word_1_600' title='bbox 1577 5298 1702 5366; x_wconf 88' lang='lat' dir='ltr'><strong>quin</strong></span> <span class='ocrx_word' id='word_1_601' title='bbox 1728 5306 1781 5351; x_wconf 92' lang='lat' dir='ltr'><strong>et</strong></span> <span class='ocrx_word' id='word_1_602' title='bbox 1807 5298 2058 5369; x_wconf 84' lang='lat' dir='ltr'><strong>alioquin.</strong></span> 
     </span>
    </p>
   </div>
   <div class='ocr_carea' id='block_1_86' title="bbox 507 5382 2070 5455">
    <p class='ocr_par' dir='ltr' id='par_1_86' title="bbox 507 5382 2070 5455">
     <span class='ocr_line' id='line_1_86' title="bbox 507 5382 2070 5455; baseline 0.006 -20"><span class='ocrx_word' id='word_1_603' title='bbox 507 5382 773 5437; x_wconf 69' lang='lat' dir='ltr'><strong>Eifectivte</strong></span> <span class='ocrx_word' id='word_1_604' title='bbox 804 5395 926 5438; x_wconf 89' lang='lat' dir='ltr'><strong>sunt</strong></span> <span class='ocrx_word' id='word_1_605' title='bbox 957 5400 1091 5452; x_wconf 87' lang='lat' dir='ltr'><strong>pene</strong></span> <span class='ocrx_word' id='word_1_606' title='bbox 1125 5386 1321 5440; x_wconf 85' lang='lat' dir='ltr'><strong>eaedem</strong></span> <span class='ocrx_word' id='word_1_607' title='bbox 1357 5402 1473 5455; x_wconf 66' lang='lat' dir='ltr'><strong>quae</strong></span> <span class='ocrx_word' id='word_1_608' title='bbox 1497 5398 1550 5442; x_wconf 90' lang='lat' dir='ltr'><strong>et</strong></span> <span class='ocrx_word' id='word_1_609' title='bbox 1572 5389 1828 5452; x_wconf 89' lang='lat' dir='ltr'><strong>causales,</strong></span> <span class='ocrx_word' id='word_1_610' title='bbox 1860 5391 1952 5444; x_wconf 89' lang='lat' dir='ltr'><strong>sed</strong></span> <span class='ocrx_word' id='word_1_611' title='bbox 1979 5392 2070 5446; x_wconf 57' lang='lat' dir='ltr'><strong>ei“</strong></span> 
     </span>
    </p>
   </div>
   <div class='ocr_carea' id='block_1_87' title="bbox 507 5467 2061 5545">
    <p class='ocr_par' dir='ltr' id='par_1_87' title="bbox 507 5467 2061 5545">
     <span class='ocr_line' id='line_1_87' title="bbox 507 5467 2061 5545; baseline 0.009 -23"><span class='ocrx_word' id='word_1_612' title='bbox 507 5467 712 5525; x_wconf 72' lang='lat' dir='ltr'><strong>fectivze</strong></span> <span class='ocrx_word' id='word_1_613' title='bbox 737 5479 908 5524; x_wconf 89' lang='lat' dir='ltr'><strong>tamen</strong></span> <span class='ocrx_word' id='word_1_614' title='bbox 936 5473 1218 5540; x_wconf 86' lang='lat' dir='ltr'><strong>quemdam</strong></span> <span class='ocrx_word' id='word_1_615' title='bbox 1244 5475 1487 5530; x_wconf 78' lang='lat' dir='ltr'><strong>effectum</strong></span> <span class='ocrx_word' id='word_1_616' title='bbox 1535 5478 1739 5545; x_wconf 86' lang='lat' dir='ltr'><strong>plenius</strong></span> <span class='ocrx_word' id='word_1_617' title='bbox 1779 5480 1832 5533; x_wconf 92' lang='lat' dir='ltr'><strong>in</strong></span> <span class='ocrx_word' id='word_1_618' title='bbox 1878 5496 1934 5534; x_wconf 90' lang='lat' dir='ltr'><strong>se</strong></span> <span class='ocrx_word' id='word_1_619' title='bbox 1979 5499 2061 5537; x_wconf 87' lang='lat' dir='ltr'><strong>os-</strong></span> 
     </span>
    </p>
   </div>
   <div class='ocr_carea' id='block_1_88' title="bbox 511 5558 2061 5638">
    <p class='ocr_par' dir='ltr' id='par_1_88' title="bbox 511 5558 2061 5638">
     <span class='ocr_line' id='line_1_88' title="bbox 511 5558 2061 5638; baseline 0.008 -28"><span class='ocrx_word' id='word_1_620' title='bbox 511 5558 748 5619; x_wconf 87' lang='lat' dir='ltr'><strong>tendunt,</strong></span> <span class='ocrx_word' id='word_1_621' title='bbox 785 5569 840 5611; x_wconf 89' lang='lat' dir='ltr'><strong>ut</strong></span> <span class='ocrx_word' id='word_1_622' title='bbox 868 5561 909 5611; x_wconf 84' lang='lat' dir='ltr'><strong>si</strong></span> <span class='ocrx_word' id='word_1_623' title='bbox 940 5561 1112 5614; x_wconf 87' lang='lat' dir='ltr'><strong>dicam</strong></span> <span class='ocrx_word' id='word_1_624' title='bbox 1143 5581 1153 5614; x_wconf 91' lang='lat'>:</span> <span class='ocrx_word' id='word_1_625' title='bbox 1181 5575 1426 5627; x_wconf 76' lang='lat' dir='ltr'><strong>movetur,</strong></span> <span class='ocrx_word' id='word_1_626' title='bbox 1460 5565 1687 5618; x_wconf 86' lang='lat' dir='ltr'><strong>ambulat</strong></span> <span class='ocrx_word' id='word_1_627' title='bbox 1737 5570 1904 5634; x_wconf 86' lang='lat' dir='ltr'><strong>enim;</strong></span> <span class='ocrx_word' id='word_1_628' title='bbox 1945 5573 2061 5638; x_wconf 85' lang='lat' dir='ltr'><strong>qui-</strong></span> 
     </span>
    </p>
   </div>
   <div class='ocr_carea' id='block_1_89' title="bbox 512 5650 2061 5724">
    <p class='ocr_par' dir='ltr' id='par_1_89' title="bbox 512 5650 2061 5724">
     <span class='ocr_line' id='line_1_89' title="bbox 512 5650 2061 5724; baseline 0.009 -25"><span class='ocrx_word' id='word_1_629' title='bbox 512 5651 653 5709; x_wconf 85' lang='lat' dir='ltr'><strong>escit,</strong></span> <span class='ocrx_word' id='word_1_630' title='bbox 701 5650 834 5700; x_wconf 80' lang='lat' dir='ltr'><strong>sedet</strong></span> <span class='ocrx_word' id='word_1_631' title='bbox 873 5652 1026 5702; x_wconf 83' lang='lat' dir='ltr'><strong>enim.</strong></span> <span class='ocrx_word' id='word_1_632' title='bbox 1079 5650 1375 5706; x_wconf 79' lang='lat' dir='ltr'><strong>Notandum</strong></span> <span class='ocrx_word' id='word_1_633' title='bbox 1424 5655 1584 5708; x_wconf 87' lang='lat' dir='ltr'><strong>etiam</strong></span> <span class='ocrx_word' id='word_1_634' title='bbox 1635 5658 1774 5724; x_wconf 90' lang='lat' dir='ltr'><strong>quod</strong></span> <span class='ocrx_word' id='word_1_635' title='bbox 1819 5660 2061 5713; x_wconf 87' lang='lat' dir='ltr'><strong>causales</strong></span> 
     </span>
    </p>
   </div>
   <div class='ocr_carea' id='block_1_90' title="bbox 515 5738 2061 5815">
    <p class='ocr_par' dir='ltr' id='par_1_90' title="bbox 515 5738 2061 5815">
     <span class='ocr_line' id='line_1_90' title="bbox 515 5738 2061 5815; baseline 0.008 -27"><span class='ocrx_word' id='word_1_636' title='bbox 515 5738 923 5805; x_wconf 73' lang='lat' dir='ltr'><strong>coniunctiones,</strong></span> <span class='ocrx_word' id='word_1_637' title='bbox 975 5755 1110 5808; x_wconf 83' lang='lat' dir='ltr'><strong>quas</strong></span> <span class='ocrx_word' id='word_1_638' title='bbox 1153 5741 1238 5793; x_wconf 82' lang='lat' dir='ltr'><strong>alii</strong></span> <span class='ocrx_word' id='word_1_639' title='bbox 1287 5742 1338 5794; x_wconf 92' lang='lat' dir='ltr'><strong>in</strong></span> <span class='ocrx_word' id='word_1_640' title='bbox 1381 5758 1484 5796; x_wconf 86' lang='lat' dir='ltr'><strong>una</strong></span> <span class='ocrx_word' id='word_1_641' title='bbox 1526 5745 1700 5810; x_wconf 87' lang='lat' dir='ltr'><strong>specie</strong></span> <span class='ocrx_word' id='word_1_642' title='bbox 1748 5757 2061 5815; x_wconf 88' lang='lat' dir='ltr'><strong>posuerunt,</strong></span> 
     </span>
    </p>
   </div>
   <div class='ocr_carea' id='block_1_91' title="bbox 2085 4523 2138 4585">
    <p class='ocr_par' dir='ltr' id='par_1_91' title="bbox 2085 4523 2138 4585">
     <span class='ocr_line' id='line_1_91' title="bbox 2085 4523 2138 4585; baseline 0 -2"><span class='ocrx_word' id='word_1_643' title='bbox 2085 4523 2138 4585; x_wconf 91' lang='lat' dir='ltr'><strong>D</strong></span> 
     </span>
    </p>
   </div>
   <div class='ocr_carea' id='block_1_92' title="bbox 2163 3281 3747 3358">
    <p class='ocr_par' dir='ltr' id='par_1_92' title="bbox 2163 3281 3747 3358">
     <span class='ocr_line' id='line_1_92' title="bbox 2163 3281 3747 3358; baseline 0.011 -25"><span class='ocrx_word' id='word_1_644' title='bbox 2163 3296 2281 3350; x_wconf 70' lang='lat' dir='ltr'><strong>qua:</strong></span> <span class='ocrx_word' id='word_1_645' title='bbox 2306 3296 2457 3355; x_wconf 65' lang='lat' dir='ltr'><strong>voce,</strong></span> <span class='ocrx_word' id='word_1_646' title='bbox 2472 3281 2913 3350; x_wconf 88' lang='lat' dir='ltr'><strong>disjunctivarum</strong></span> <span class='ocrx_word' id='word_1_647' title='bbox 2959 3294 3246 3358; x_wconf 88' lang='lat' dir='ltr'><strong>utrumque</strong></span> <span class='ocrx_word' id='word_1_648' title='bbox 3283 3298 3462 3357; x_wconf 87' lang='lat' dir='ltr'><strong>tamen</strong></span> <span class='ocrx_word' id='word_1_649' title='bbox 3503 3308 3626 3348; x_wconf 87' lang='lat' dir='ltr'><strong>esse</strong></span> <span class='ocrx_word' id='word_1_650' title='bbox 3673 3294 3747 3350; x_wconf 86' lang='lat' dir='ltr'><strong>si-</strong></span> 
     </span>
    </p>
   </div>
   <div class='ocr_carea' id='block_1_93' title="bbox 2164 3370 3744 3447">
    <p class='ocr_par' dir='ltr' id='par_1_93' title="bbox 2164 3370 3744 3447">
     <span class='ocr_line' id='line_1_93' title="bbox 2164 3370 3744 3447; baseline 0.012 -24"><span class='ocrx_word' id='word_1_651' title='bbox 2164 3370 2439 3441; x_wconf 77' lang='lat' dir='ltr'><strong>gnificant,</strong></span> <span class='ocrx_word' id='word_1_652' title='bbox 2466 3372 2551 3427; x_wconf 86' lang='lat' dir='ltr'><strong>vel</strong></span> <span class='ocrx_word' id='word_1_653' title='bbox 2571 3374 2747 3440; x_wconf 91' lang='lat' dir='ltr'><strong>simul,</strong></span> <span class='ocrx_word' id='word_1_654' title='bbox 2773 3386 2834 3431; x_wconf 94' lang='lat' dir='ltr'><strong>ut</strong></span> <span class='ocrx_word' id='word_1_655' title='bbox 2871 3379 3195 3447; x_wconf 88' lang='lat' dir='ltr'><strong>copulative,</strong></span> <span class='ocrx_word' id='word_1_656' title='bbox 3242 3392 3300 3436; x_wconf 91' lang='lat' dir='ltr'><strong>ut</strong></span> <span class='ocrx_word' id='word_1_657' title='bbox 3320 3392 3393 3437; x_wconf 87' lang='lat' dir='ltr'><strong>est</strong></span> <span class='ocrx_word' id='word_1_658' title='bbox 3441 3383 3744 3442; x_wconf 63' lang='lat' dir='ltr'><strong>Alexander</strong></span> 
     </span>
    </p>
   </div>
   <div class='ocr_carea' id='block_1_94' title="bbox 2162 3460 3746 3539">
    <p class='ocr_par' dir='ltr' id='par_1_94' title="bbox 2162 3460 3746 3539">
     <span class='ocr_line' id='line_1_94' title="bbox 2162 3460 3746 3539; baseline 0.01 -23"><span class='ocrx_word' id='word_1_659' title='bbox 2162 3463 2240 3517; x_wconf 82' lang='lat' dir='ltr'><strong>vel</strong></span> <span class='ocrx_word' id='word_1_660' title='bbox 2263 3460 2441 3529; x_wconf 87' lang='lat' dir='ltr'><strong>Paris,</strong></span> <span class='ocrx_word' id='word_1_661' title='bbox 2470 3480 2569 3534; x_wconf 90' lang='lat' dir='ltr'><strong>pro</strong></span> <span class='ocrx_word' id='word_1_662' title='bbox 2592 3465 2889 3522; x_wconf 71' lang='lat' dir='ltr'><strong>Alexander</strong></span> <span class='ocrx_word' id='word_1_663' title='bbox 2910 3471 3001 3539; x_wconf 87' lang='lat' dir='ltr'><strong>qui</strong></span> <span class='ocrx_word' id='word_1_664' title='bbox 3029 3481 3075 3524; x_wconf 92' lang='lat' dir='ltr'><strong>et</strong></span> <span class='ocrx_word' id='word_1_665' title='bbox 3105 3469 3259 3526; x_wconf 87' lang='lat' dir='ltr'><strong>Paris</strong></span> <span class='ocrx_word' id='word_1_666' title='bbox 3282 3473 3497 3528; x_wconf 89' lang='lat' dir='ltr'><strong>dicitur.</strong></span> <span class='ocrx_word' id='word_1_667' title='bbox 3539 3474 3746 3533; x_wconf 81' lang='lat' dir='ltr'><strong>Simili-</strong></span> 
     </span>
    </p>
   </div>
   <div class='ocr_carea' id='block_1_95' title="bbox 2164 3552 3740 3631">
    <p class='ocr_par' dir='ltr' id='par_1_95' title="bbox 2164 3552 3740 3631">
     <span class='ocr_line' id='line_1_95' title="bbox 2164 3552 3740 3631; baseline 0.01 -25"><span class='ocrx_word' id='word_1_668' title='bbox 2164 3560 2248 3607; x_wconf 92' lang='lat' dir='ltr'><strong>ter</strong></span> <span class='ocrx_word' id='word_1_669' title='bbox 2280 3552 2562 3619; x_wconf 54' lang='grc' dir='ltr'><strong>Μαί-ιδίας</strong></span> <span class='ocrx_word' id='word_1_670' title='bbox 2581 3554 3080 3622; x_wconf 84' lang='lat' dir='ltr'><strong>Mavors,Gradivus</strong></span> <span class='ocrx_word' id='word_1_671' title='bbox 3111 3562 3186 3615; x_wconf 83' lang='lat' dir='ltr'><strong>vel</strong></span> <span class='ocrx_word' id='word_1_672' title='bbox 3209 3561 3604 3631; x_wconf 76' lang='lat' dir='ltr'><strong>Maspiter;vel</strong></span> <span class='ocrx_word' id='word_1_673' title='bbox 3625 3567 3740 3621; x_wconf 86' lang='lat' dir='ltr'><strong>dis-</strong></span> 
     </span>
    </p>
   </div>
   <div class='ocr_carea' id='block_1_96' title="bbox 2162 3645 3739 3725">
    <p class='ocr_par' dir='ltr' id='par_1_96' title="bbox 2162 3645 3739 3725">
     <span class='ocr_line' id='line_1_96' title="bbox 2162 3645 3739 3725; baseline 0.009 -29"><span class='ocrx_word' id='word_1_674' title='bbox 2162 3651 2306 3698; x_wconf 89' lang='lat' dir='ltr'><strong>crete</strong></span> <span class='ocrx_word' id='word_1_675' title='bbox 2359 3645 2536 3709; x_wconf 92' lang='lat' dir='ltr'><strong>simul,</strong></span> <span class='ocrx_word' id='word_1_676' title='bbox 2565 3655 2642 3710; x_wconf 94' lang='lat' dir='ltr'><strong>ut,</strong></span> <span class='ocrx_word' id='word_1_677' title='bbox 2681 3656 2786 3701; x_wconf 89' lang='lat' dir='ltr'><strong>toto</strong></span> <span class='ocrx_word' id='word_1_678' title='bbox 2809 3649 2891 3702; x_wconf 90' lang='lat' dir='ltr'><strong>die</strong></span> <span class='ocrx_word' id='word_1_679' title='bbox 2913 3650 2992 3704; x_wconf 85' lang='lat' dir='ltr'><strong>vel</strong></span> <span class='ocrx_word' id='word_1_680' title='bbox 3020 3650 3140 3722; x_wconf 87' lang='lat' dir='ltr'><strong>legit</strong></span> <span class='ocrx_word' id='word_1_681' title='bbox 3164 3652 3283 3718; x_wconf 84' lang='lat' dir='ltr'><strong>iste,</strong></span> <span class='ocrx_word' id='word_1_682' title='bbox 3308 3654 3383 3708; x_wconf 82' lang='lat' dir='ltr'><strong>vel</strong></span> <span class='ocrx_word' id='word_1_683' title='bbox 3403 3657 3627 3725; x_wconf 78' lang='lat' dir='ltr'><strong>cogitat;</strong></span> <span class='ocrx_word' id='word_1_684' title='bbox 3663 3657 3739 3712; x_wconf 89' lang='lat' dir='ltr'><strong>si-</strong></span> 
     </span>
    </p>
   </div>
   <div class='ocr_carea' id='block_1_97' title="bbox 2165 3733 3742 3810">
    <p class='ocr_par' dir='ltr' id='par_1_97' title="bbox 2165 3733 3742 3810">
     <span class='ocr_line' id='line_1_97' title="bbox 2165 3733 3742 3810; baseline 0.01 -26"><span class='ocrx_word' id='word_1_685' title='bbox 2165 3733 2383 3801; x_wconf 82' lang='lat' dir='ltr'><strong>gniﬁcat</strong></span> <span class='ocrx_word' id='word_1_686' title='bbox 2424 3734 2568 3788; x_wconf 92' lang='lat' dir='ltr'><strong>enim</strong></span> <span class='ocrx_word' id='word_1_687' title='bbox 2594 3736 2852 3808; x_wconf 9' lang='lat' dir='ltr'><strong>etllegere</strong></span> <span class='ocrx_word' id='word_1_688' title='bbox 2895 3745 2951 3792; x_wconf 92' lang='lat' dir='ltr'><strong>et</strong></span> <span class='ocrx_word' id='word_1_689' title='bbox 2993 3741 3253 3810; x_wconf 87' lang='lat' dir='ltr'><strong>cogitare,</strong></span> <span class='ocrx_word' id='word_1_690' title='bbox 3297 3744 3390 3804; x_wconf 85' lang='lat' dir='ltr'><strong>sed</strong></span> <span class='ocrx_word' id='word_1_691' title='bbox 3429 3759 3532 3798; x_wconf 90' lang='lat' dir='ltr'><strong>non</strong></span> <span class='ocrx_word' id='word_1_692' title='bbox 3582 3746 3742 3801; x_wconf 89' lang='lat' dir='ltr'><strong>simul</strong></span> 
     </span>
    </p>
   </div>
   <div class='ocr_carea' id='block_1_98' title="bbox 2127 3823 3738 3906">
    <p class='ocr_par' dir='ltr' id='par_1_98' title="bbox 2127 3823 3738 3906">
     <span class='ocr_line' id='line_1_98' title="bbox 2127 3823 3738 3906; baseline 0.012 -31"><span class='ocrx_word' id='word_1_693' title='bbox 2127 3881 2134 3886; x_wconf 95' lang='lat'><em>_</em></span> <span class='ocrx_word' id='word_1_694' title='bbox 2164 3829 2449 3892; x_wconf 91' lang='lat' dir='ltr'><strong>utrumque</strong></span> <span class='ocrx_word' id='word_1_695' title='bbox 2463 3823 2661 3890; x_wconf 82' lang='lat' dir='ltr'><strong>facere,</strong></span> <span class='ocrx_word' id='word_1_696' title='bbox 2685 3827 2780 3880; x_wconf 91' lang='lat' dir='ltr'><strong>sed</strong></span> <span class='ocrx_word' id='word_1_697' title='bbox 2804 3827 2922 3882; x_wconf 89' lang='lat' dir='ltr'><strong>aliis</strong></span> <span class='ocrx_word' id='word_1_698' title='bbox 2944 3828 3092 3884; x_wconf 87' lang='lat' dir='ltr'><strong>boris</strong></span> <span class='ocrx_word' id='word_1_699' title='bbox 3116 3831 3310 3899; x_wconf 87' lang='lat' dir='ltr'><strong>legere,</strong></span> <span class='ocrx_word' id='word_1_700' title='bbox 3333 3833 3453 3888; x_wconf 90' lang='lat' dir='ltr'><strong>aliis</strong></span> <span class='ocrx_word' id='word_1_701' title='bbox 3478 3836 3738 3906; x_wconf 87' lang='lat' dir='ltr'><strong>cogitare.</strong></span> 
     </span>
    </p>
   </div>
   <div class='ocr_carea' id='block_1_99' title="bbox 2163 3913 3740 3999">
    <p class='ocr_par' dir='ltr' id='par_1_99' title="bbox 2163 3913 3740 3999">
     <span class='ocr_line' id='line_1_99' title="bbox 2163 3913 3740 3999; baseline 0.011 -30"><span class='ocrx_word' id='word_1_702' title='bbox 2163 3913 2361 3969; x_wconf 89' lang='lat' dir='ltr'><strong>Omnes</strong></span> <span class='ocrx_word' id='word_1_703' title='bbox 2383 3929 2512 3985; x_wconf 87' lang='lat' dir='ltr'><strong>ergo</strong></span> <span class='ocrx_word' id='word_1_704' title='bbox 2541 3918 2948 3988; x_wconf 87' lang='lat' dir='ltr'><strong>coniunctiones</strong></span> <span class='ocrx_word' id='word_1_705' title='bbox 2971 3921 3411 3991; x_wconf 77' lang='lat' dir='ltr'><strong>disiunctivorum</strong></span> <span class='ocrx_word' id='word_1_706' title='bbox 3441 3930 3740 3999; x_wconf 84' lang='lat' dir='ltr'><strong>corripiun-</strong></span> 
     </span>
    </p>
   </div>
   <div class='ocr_carea' id='block_1_100' title="bbox 2163 4006 3739 4088">
    <p class='ocr_par' dir='ltr' id='par_1_100' title="bbox 2163 4006 3739 4088">
     <span class='ocr_line' id='line_1_100' title="bbox 2163 4006 3739 4088; baseline 0.011 -31"><span class='ocrx_word' id='word_1_707' title='bbox 2163 4013 2272 4068; x_wconf 89' lang='lat' dir='ltr'><strong>tur,</strong></span> <span class='ocrx_word' id='word_1_708' title='bbox 2303 4006 2540 4074; x_wconf 81' lang='lat' dir='ltr'><strong>exceptis</strong></span> <span class='ocrx_word' id='word_1_709' title='bbox 2570 4007 2654 4061; x_wconf 88' lang='lat' dir='ltr'><strong>his</strong></span> <span class='ocrx_word' id='word_1_710' title='bbox 2691 4024 2810 4078; x_wconf 75' lang='lat' dir='ltr'><strong>quae</strong></span> <span class='ocrx_word' id='word_1_711' title='bbox 2837 4010 3181 4082; x_wconf 82' lang='lat' dir='ltr'><strong>diphthongis</strong></span> <span class='ocrx_word' id='word_1_712' title='bbox 3215 4025 3480 4082; x_wconf 89' lang='lat' dir='ltr'><strong>constant,</strong></span> <span class='ocrx_word' id='word_1_713' title='bbox 3535 4028 3594 4073; x_wconf 90' lang='lat' dir='ltr'><strong>ut</strong></span> <span class='ocrx_word' id='word_1_714' title='bbox 3624 4030 3739 4088; x_wconf 83' lang='lat' dir='ltr'><strong>aut,</strong></span> 
     </span>
    </p>
   </div>
   <div class='ocr_carea' id='block_1_101' title="bbox 2162 4095 3740 4174">
    <p class='ocr_par' dir='ltr' id='par_1_101' title="bbox 2162 4095 3740 4174">
     <span class='ocr_line' id='line_1_101' title="bbox 2162 4095 3740 4174; baseline 0.014 -26"><span class='ocrx_word' id='word_1_715' title='bbox 2162 4112 2271 4148; x_wconf 89' lang='lat' dir='ltr'><strong>seu.</strong></span> <span class='ocrx_word' id='word_1_716' title='bbox 2302 4095 2578 4150; x_wconf 81' lang='lat' dir='ltr'><strong>Disertivac</strong></span> <span class='ocrx_word' id='word_1_717' title='bbox 2623 4098 2708 4153; x_wconf 89' lang='lat' dir='ltr'><strong>vel</strong></span> <span class='ocrx_word' id='word_1_718' title='bbox 2755 4100 2994 4156; x_wconf 68' lang='lat' dir='ltr'><strong>electivae</strong></span> <span class='ocrx_word' id='word_1_719' title='bbox 3043 4113 3188 4167; x_wconf 93' lang='lat' dir='ltr'><strong>sunt,</strong></span> <span class='ocrx_word' id='word_1_720' title='bbox 3234 4109 3465 4174; x_wconf 90' lang='lat' dir='ltr'><strong>quando,</strong></span> <span class='ocrx_word' id='word_1_721' title='bbox 3510 4109 3740 4169; x_wconf 79' lang='lat' dir='ltr'><strong>diversis</strong></span> 
     </span>
    </p>
   </div>
   <div class='ocr_carea' id='block_1_102' title="bbox 2162 4186 3734 4266">
    <p class='ocr_par' dir='ltr' id='par_1_102' title="bbox 2162 4186 3734 4266">
     <span class='ocr_line' id='line_1_102' title="bbox 2162 4186 3734 4266; baseline 0.012 -29"><span class='ocrx_word' id='word_1_722' title='bbox 2162 4186 2471 4262; x_wconf 87' lang='lat' dir='ltr'><strong>propositis,</strong></span> <span class='ocrx_word' id='word_1_723' title='bbox 2505 4186 2705 4256; x_wconf 88' lang='lat' dir='ltr'><strong>aliquid</strong></span> <span class='ocrx_word' id='word_1_724' title='bbox 2733 4204 2799 4244; x_wconf 81' lang='lat' dir='ltr'><strong>ex</strong></span> <span class='ocrx_word' id='word_1_725' title='bbox 2821 4191 2900 4246; x_wconf 91' lang='lat' dir='ltr'><strong>eis</strong></span> <span class='ocrx_word' id='word_1_726' title='bbox 2921 4207 3022 4247; x_wconf 85' lang='lat' dir='ltr'><strong>nos</strong></span> <span class='ocrx_word' id='word_1_727' title='bbox 3046 4193 3622 4266; x_wconf 86' lang='lat' dir='ltr'><strong>eligereostendimus,</strong></span> <span class='ocrx_word' id='word_1_728' title='bbox 3645 4209 3734 4257; x_wconf 92' lang='lat' dir='ltr'><strong>ut:</strong></span> 
     </span>
    </p>
   </div>
   <div class='ocr_carea' id='block_1_103' title="bbox 2161 4279 3739 4360">
    <p class='ocr_par' dir='ltr' id='par_1_103' title="bbox 2161 4279 3739 4360">
     <span class='ocr_line' id='line_1_103' title="bbox 2161 4279 3739 4360; baseline 0.01 -26"><span class='ocrx_word' id='word_1_729' title='bbox 2161 4282 2300 4334; x_wconf 84' lang='lat' dir='ltr'><strong>dives</strong></span> <span class='ocrx_word' id='word_1_730' title='bbox 2323 4297 2430 4334; x_wconf 85' lang='lat' dir='ltr'><strong>esse</strong></span> <span class='ocrx_word' id='word_1_731' title='bbox 2449 4279 2561 4334; x_wconf 80' lang='lat' dir='ltr'><strong>volo</strong></span> <span class='ocrx_word' id='word_1_732' title='bbox 2592 4299 2745 4351; x_wconf 87' lang='lat' dir='ltr'><strong>quam</strong></span> <span class='ocrx_word' id='word_1_733' title='bbox 2761 4300 2975 4354; x_wconf 86' lang='lat' dir='ltr'><strong>pauper.</strong></span> <span class='ocrx_word' id='word_1_734' title='bbox 3009 4285 3105 4340; x_wconf 89' lang='lat' dir='ltr'><strong>Est</strong></span> <span class='ocrx_word' id='word_1_735' title='bbox 3146 4297 3323 4343; x_wconf 91' lang='lat' dir='ltr'><strong>autem</strong></span> <span class='ocrx_word' id='word_1_736' title='bbox 3373 4305 3529 4360; x_wconf 86' lang='lat' dir='ltr'><strong>quam</strong></span> <span class='ocrx_word' id='word_1_737' title='bbox 3562 4305 3620 4348; x_wconf 87' lang='lat' dir='ltr'><strong>et</strong></span> <span class='ocrx_word' id='word_1_738' title='bbox 3649 4309 3739 4351; x_wconf 81' lang='lat' dir='ltr'><strong>ac-</strong></span> 
     </span>
    </p>
   </div>
   <div class='ocr_carea' id='block_1_104' title="bbox 2163 4371 3739 4443">
    <p class='ocr_par' dir='ltr' id='par_1_104' title="bbox 2163 4371 3739 4443">
     <span class='ocr_line' id='line_1_104' title="bbox 2163 4371 3739 4443; baseline 0.012 -19"><span class='ocrx_word' id='word_1_739' title='bbox 2163 4372 2459 4425; x_wconf 90' lang='lat' dir='ltr'><strong>cusativum</strong></span> <span class='ocrx_word' id='word_1_740' title='bbox 2500 4389 2616 4442; x_wconf 77' lang='lat' dir='ltr'><strong>qute</strong></span> <span class='ocrx_word' id='word_1_741' title='bbox 2642 4371 2836 4427; x_wconf 83' lang='lat' dir='ltr'><strong>inﬁniti</strong></span> <span class='ocrx_word' id='word_1_742' title='bbox 2872 4376 3121 4442; x_wconf 91' lang='lat' dir='ltr'><strong>nominis,</strong></span> <span class='ocrx_word' id='word_1_743' title='bbox 3152 4384 3205 4432; x_wconf 92' lang='lat' dir='ltr'><strong>et</strong></span> <span class='ocrx_word' id='word_1_744' title='bbox 3230 4379 3541 4438; x_wconf 89' lang='lat' dir='ltr'><strong>adverbium</strong></span> <span class='ocrx_word' id='word_1_745' title='bbox 3585 4385 3739 4443; x_wconf 85' lang='lat' dir='ltr'><strong>simi-</strong></span> 
     </span>
    </p>
   </div>
   <div class='ocr_carea' id='block_1_105' title="bbox 2161 4459 3281 4528">
    <p class='ocr_par' dir='ltr' id='par_1_105' title="bbox 2161 4459 3281 4528">
     <span class='ocr_line' id='line_1_105' title="bbox 2161 4459 3281 4528; baseline 0.008 -15"><span class='ocrx_word' id='word_1_746' title='bbox 2161 4459 2420 4528; x_wconf 86' lang='lat' dir='ltr'><strong>litudinis,</strong></span> <span class='ocrx_word' id='word_1_747' title='bbox 2443 4467 2503 4516; x_wconf 89' lang='lat' dir='ltr'><strong>ut</strong></span> <span class='ocrx_word' id='word_1_748' title='bbox 2533 4461 2816 4518; x_wconf 89' lang='lat' dir='ltr'><strong>Terentius</strong></span> <span class='ocrx_word' id='word_1_749' title='bbox 2840 4463 2893 4519; x_wconf 90' lang='lat' dir='ltr'><strong>in</strong></span> <span class='ocrx_word' id='word_1_750' title='bbox 2917 4464 3241 4524; x_wconf 90' lang='lat' dir='ltr'><strong>Phormione</strong></span> <span class='ocrx_word' id='word_1_751' title='bbox 3268 4488 3281 4522; x_wconf 87' lang='lat'>:</span> 
     </span>
    </p>
   </div>
   <div class='ocr_carea' id='block_1_106' title="bbox 2413 4573 3226 4640">
    <p class='ocr_par' dir='ltr' id='par_1_106' title="bbox 2413 4573 3226 4640">
     <span class='ocr_line' id='line_1_106' title="bbox 2413 4573 3226 4640; baseline 0.01 -18"><span class='ocrx_word' id='word_1_752' title='bbox 2413 4573 2564 4633; x_wconf 82' lang='lat' dir='ltr'><strong>Quam</strong></span> <span class='ocrx_word' id='word_1_753' title='bbox 2589 4576 2755 4638; x_wconf 87' lang='lat' dir='ltr'><strong>inique</strong></span> <span class='ocrx_word' id='word_1_754' title='bbox 2773 4584 3098 4640; x_wconf 80' lang='lat' dir='ltr'><strong>comparatum</strong></span> <span class='ocrx_word' id='word_1_755' title='bbox 3118 4586 3194 4631; x_wconf 82' lang='lat' dir='ltr'><strong>est</strong></span> <span class='ocrx_word' id='word_1_756' title='bbox 3213 4580 3226 4630; x_wconf 93' lang='lat' dir='ltr'><strong>l</strong></span> 
     </span>
    </p>
   </div>
   <div class='ocr_carea' id='block_1_107' title="bbox 2165 4674 3738 4763">
    <p class='ocr_par' dir='ltr' id='par_1_107' title="bbox 2165 4674 3738 4763">
     <span class='ocr_line' id='line_1_107' title="bbox 2165 4674 3738 4763; baseline 0.014 -36"><span class='ocrx_word' id='word_1_757' title='bbox 2165 4680 2218 4727; x_wconf 91' lang='lat' dir='ltr'><strong>et</strong></span> <span class='ocrx_word' id='word_1_758' title='bbox 2242 4674 2621 4744; x_wconf 89' lang='lat' dir='ltr'><strong>duplicativum</strong></span> <span class='ocrx_word' id='word_1_759' title='bbox 2642 4692 2741 4746; x_wconf 91' lang='lat' dir='ltr'><strong>pro</strong></span> <span class='ocrx_word' id='word_1_760' title='bbox 2768 4679 3142 4749; x_wconf 89' lang='lat' dir='ltr'><strong>coniunctione</strong></span> <span class='ocrx_word' id='word_1_761' title='bbox 3168 4683 3504 4743; x_wconf 87' lang='lat' dir='ltr'><strong>adversativa</strong></span> <span class='ocrx_word' id='word_1_762' title='bbox 3534 4693 3738 4763; x_wconf 84' lang='lat' dir='ltr'><strong>accipi-</strong></span> 
     </span>
    </p>
   </div>
   <div class='ocr_carea' id='block_1_108' title="bbox 2164 4769 3734 4845">
    <p class='ocr_par' dir='ltr' id='par_1_108' title="bbox 2164 4769 3734 4845">
     <span class='ocr_line' id='line_1_108' title="bbox 2164 4769 3734 4845; baseline 0.015 -30"><span class='ocrx_word' id='word_1_763' title='bbox 2164 4769 2271 4827; x_wconf 90' lang='lat' dir='ltr'><strong>tur,</strong></span> <span class='ocrx_word' id='word_1_764' title='bbox 2303 4772 2362 4818; x_wconf 90' lang='lat' dir='ltr'><strong>ut</strong></span> <span class='ocrx_word' id='word_1_765' title='bbox 2400 4782 2716 4834; x_wconf 87' lang='lat' dir='ltr'><strong>quanquam.</strong></span> <span class='ocrx_word' id='word_1_766' title='bbox 2747 4769 3114 4828; x_wconf 68' lang='lat' dir='ltr'><strong>Adversativaa</strong></span> <span class='ocrx_word' id='word_1_767' title='bbox 3143 4782 3269 4828; x_wconf 89' lang='lat' dir='ltr'><strong>sunt</strong></span> <span class='ocrx_word' id='word_1_768' title='bbox 3302 4779 3734 4845; x_wconf 69' lang='lat' dir='ltr'><strong>qum,adversum</strong></span> 
     </span>
    </p>
   </div>
   <div class='ocr_carea' id='block_1_109' title="bbox 2163 4855 3736 4939">
    <p class='ocr_par' dir='ltr' id='par_1_109' title="bbox 2163 4855 3736 4939">
     <span class='ocr_line' id='line_1_109' title="bbox 2163 4855 3736 4939; baseline 0.012 -33"><span class='ocrx_word' id='word_1_769' title='bbox 2163 4855 2497 4939; x_wconf 85' lang='lat' dir='ltr'><strong>convenienti</strong></span> <span class='ocrx_word' id='word_1_770' title='bbox 2523 4857 2847 4928; x_wconf 83' lang='lat' dir='ltr'><strong>signiﬁcant,</strong></span> <span class='ocrx_word' id='word_1_771' title='bbox 2875 4871 2934 4914; x_wconf 89' lang='lat' dir='ltr'><strong>ut</strong></span> <span class='ocrx_word' id='word_1_772' title='bbox 2962 4869 3156 4929; x_wconf 86' lang='lat' dir='ltr'><strong>tamen,</strong></span> <span class='ocrx_word' id='word_1_773' title='bbox 3185 4881 3505 4935; x_wconf 84' lang='lat' dir='ltr'><strong>quanquam,</strong></span> <span class='ocrx_word' id='word_1_774' title='bbox 3545 4887 3736 4939; x_wconf 75' lang='lat' dir='ltr'><strong>quam-</strong></span> 
     </span>
    </p>
   </div>
   <div class='ocr_carea' id='block_1_110' title="bbox 2160 4935 3737 5032">
    <p class='ocr_par' dir='ltr' id='par_1_110' title="bbox 2160 4935 3737 5032">
     <span class='ocr_line' id='line_1_110' title="bbox 2160 4935 3737 5032; baseline 0.016 -36"><span class='ocrx_word' id='word_1_775' title='bbox 2160 4935 2253 5008; x_wconf 80' lang='lat' dir='ltr'><strong>vis,</strong></span> <span class='ocrx_word' id='word_1_776' title='bbox 2286 4946 2399 5010; x_wconf 84' lang='lat' dir='ltr'><strong>etsi,</strong></span> <span class='ocrx_word' id='word_1_777' title='bbox 2426 4948 2646 5011; x_wconf 81' lang='lat' dir='ltr'><strong>etiamsi,</strong></span> <span class='ocrx_word' id='word_1_778' title='bbox 2675 4951 2887 5016; x_wconf 85' lang='lat' dir='ltr'><strong>saltem;</strong></span> <span class='ocrx_word' id='word_1_779' title='bbox 2913 4961 2968 5006; x_wconf 87' lang='lat' dir='ltr'><strong>et</strong></span> <span class='ocrx_word' id='word_1_780' title='bbox 2994 4955 3186 5009; x_wconf 85' lang='lat' dir='ltr'><strong>breves</strong></span> <span class='ocrx_word' id='word_1_781' title='bbox 3219 4966 3368 5024; x_wconf 89' lang='lat' dir='ltr'><strong>sunt,</strong></span> <span class='ocrx_word' id='word_1_782' title='bbox 3392 4935 3633 5032; x_wconf 77' lang='lat' dir='ltr'><strong>exceptis</strong></span> <span class='ocrx_word' id='word_1_783' title='bbox 3650 4965 3737 5023; x_wconf 71' lang='lat' dir='ltr'><strong>his</strong></span> 
     </span>
    </p>
   </div>
   <div class='ocr_carea' id='block_1_111' title="bbox 2163 5037 3730 5123">
    <p class='ocr_par' dir='ltr' id='par_1_111' title="bbox 2163 5037 3730 5123">
     <span class='ocr_line' id='line_1_111' title="bbox 2163 5037 3730 5123; baseline 0.013 -35"><span class='ocrx_word' id='word_1_784' title='bbox 2163 5051 2282 5104; x_wconf 69' lang='lat' dir='ltr'><strong>qua:</strong></span> <span class='ocrx_word' id='word_1_785' title='bbox 2301 5037 2575 5120; x_wconf 84' lang='lat' dir='ltr'><strong>vocalibus</strong></span> <span class='ocrx_word' id='word_1_786' title='bbox 2596 5043 2972 5097; x_wconf 91' lang='lat' dir='ltr'><strong>terminantur.</strong></span> <span class='ocrx_word' id='word_1_787' title='bbox 3001 5044 3344 5116; x_wconf 75' lang='lat' dir='ltr'><strong>Abnegativaa</strong></span> <span class='ocrx_word' id='word_1_788' title='bbox 3368 5060 3512 5116; x_wconf 89' lang='lat' dir='ltr'><strong>sunt,</strong></span> <span class='ocrx_word' id='word_1_789' title='bbox 3559 5062 3619 5106; x_wconf 92' lang='lat' dir='ltr'><strong>ut</strong></span> <span class='ocrx_word' id='word_1_790' title='bbox 3648 5072 3730 5123; x_wconf 87' lang='lat' dir='ltr'><strong>ne,</strong></span> 
     </span>
    </p>
   </div>
   <div class='ocr_carea' id='block_1_112' title="bbox 2163 5129 3727 5214">
    <p class='ocr_par' dir='ltr' id='par_1_112' title="bbox 2163 5129 3727 5214">
     <span class='ocr_line' id='line_1_112' title="bbox 2163 5129 3727 5214; baseline 0.011 -36"><span class='ocrx_word' id='word_1_791' title='bbox 2163 5132 2215 5179; x_wconf 89' lang='lat' dir='ltr'><strong>et</strong></span> <span class='ocrx_word' id='word_1_792' title='bbox 2244 5143 2425 5196; x_wconf 88' lang='lat' dir='ltr'><strong>neque,</strong></span> <span class='ocrx_word' id='word_1_793' title='bbox 2448 5129 2654 5184; x_wconf 84' lang='lat' dir='ltr'><strong>breves.</strong></span> <span class='ocrx_word' id='word_1_794' title='bbox 2675 5129 2976 5187; x_wconf 77' lang='lat' dir='ltr'><strong>Collectivm</strong></span> <span class='ocrx_word' id='word_1_795' title='bbox 3000 5134 3083 5189; x_wconf 88' lang='lat' dir='ltr'><strong>vel</strong></span> <span class='ocrx_word' id='word_1_796' title='bbox 3105 5137 3396 5192; x_wconf 88' lang='lat' dir='ltr'><strong>rationales</strong></span> <span class='ocrx_word' id='word_1_797' title='bbox 3424 5150 3568 5204; x_wconf 90' lang='lat' dir='ltr'><strong>sunt,</strong></span> <span class='ocrx_word' id='word_1_798' title='bbox 3585 5159 3727 5214; x_wconf 78' lang='lat' dir='ltr'><strong>ergo,</strong></span> 
     </span>
    </p>
   </div>
   <div class='ocr_carea' id='block_1_113' title="bbox 2161 5215 3733 5302">
    <p class='ocr_par' dir='ltr' id='par_1_113' title="bbox 2161 5215 3733 5302">
     <span class='ocr_line' id='line_1_113' title="bbox 2161 5215 3733 5302; baseline 0.015 -36"><span class='ocrx_word' id='word_1_799' title='bbox 2161 5215 2337 5283; x_wconf 85' lang='lat' dir='ltr'><strong>igitur,</strong></span> <span class='ocrx_word' id='word_1_800' title='bbox 2376 5218 2565 5286; x_wconf 86' lang='lat' dir='ltr'><strong>itaque,</strong></span> <span class='ocrx_word' id='word_1_801' title='bbox 2615 5221 2852 5289; x_wconf 89' lang='lat' dir='ltr'><strong>quando;</strong></span> <span class='ocrx_word' id='word_1_802' title='bbox 2903 5223 3200 5292; x_wconf 86' lang='lat' dir='ltr'><strong>penultiina</strong></span> <span class='ocrx_word' id='word_1_803' title='bbox 3242 5228 3733 5302; x_wconf 79' lang='lat' dir='ltr'><strong>acuiturzquapro-</strong></span> 
     </span>
    </p>
   </div>
   <div class='ocr_carea' id='block_1_114' title="bbox 2161 5308 3729 5391">
    <p class='ocr_par' dir='ltr' id='par_1_114' title="bbox 2161 5308 3729 5391">
     <span class='ocr_line' id='line_1_114' title="bbox 2161 5308 3729 5391; baseline 0.013 -35"><span class='ocrx_word' id='word_1_804' title='bbox 2161 5315 2288 5372; x_wconf 88' lang='lat' dir='ltr'><strong>pter,</strong></span> <span class='ocrx_word' id='word_1_805' title='bbox 2317 5308 2462 5374; x_wconf 90' lang='lat' dir='ltr'><strong>quin,</strong></span> <span class='ocrx_word' id='word_1_806' title='bbox 2487 5308 2736 5378; x_wconf 85' lang='lat' dir='ltr'><strong>alioquin,</strong></span> <span class='ocrx_word' id='word_1_807' title='bbox 2759 5311 2881 5375; x_wconf 87' lang='lat' dir='ltr'><strong>imo,</strong></span> <span class='ocrx_word' id='word_1_808' title='bbox 2909 5314 3100 5383; x_wconf 86' lang='lat' dir='ltr'><strong>utique,</strong></span> <span class='ocrx_word' id='word_1_809' title='bbox 3127 5316 3220 5379; x_wconf 88' lang='lat' dir='ltr'><strong>ita,</strong></span> <span class='ocrx_word' id='word_1_810' title='bbox 3269 5318 3473 5386; x_wconf 82' lang='lat' dir='ltr'><strong>quippe,</strong></span> <span class='ocrx_word' id='word_1_811' title='bbox 3526 5324 3729 5391; x_wconf 70' lang='lat' dir='ltr'><strong>atquin,</strong></span> 
     </span>
    </p>
   </div>
   <div class='ocr_carea' id='block_1_115' title="bbox 2162 5393 3728 5478">
    <p class='ocr_par' dir='ltr' id='par_1_115' title="bbox 2162 5393 3728 5478">
     <span class='ocr_line' id='line_1_115' title="bbox 2162 5393 3728 5478; baseline 0.012 -32"><span class='ocrx_word' id='word_1_812' title='bbox 2162 5393 2381 5459; x_wconf 74' lang='lat' dir='ltr'><strong>scilicet;</strong></span> <span class='ocrx_word' id='word_1_813' title='bbox 2409 5398 2521 5451; x_wconf 63' lang='lat' dir='ltr'><strong>haec</strong></span> <span class='ocrx_word' id='word_1_814' title='bbox 2549 5413 2644 5466; x_wconf 80' lang='lat' dir='ltr'><strong>per</strong></span> <span class='ocrx_word' id='word_1_815' title='bbox 2670 5398 2960 5455; x_wconf 90' lang='lat' dir='ltr'><strong>illationem</strong></span> <span class='ocrx_word' id='word_1_816' title='bbox 2997 5403 3250 5471; x_wconf 89' lang='lat' dir='ltr'><strong>colligunt</strong></span> <span class='ocrx_word' id='word_1_817' title='bbox 3295 5421 3458 5475; x_wconf 89' lang='lat' dir='ltr'><strong>supra</strong></span> <span class='ocrx_word' id='word_1_818' title='bbox 3504 5409 3728 5478; x_wconf 90' lang='lat' dir='ltr'><strong>dictum,</strong></span> 
     </span>
    </p>
   </div>
   <div class='ocr_carea' id='block_1_116' title="bbox 2162 5483 3730 5567">
    <p class='ocr_par' dir='ltr' id='par_1_116' title="bbox 2162 5483 3730 5567">
     <span class='ocr_line' id='line_1_116' title="bbox 2162 5483 3730 5567; baseline 0.013 -33"><span class='ocrx_word' id='word_1_819' title='bbox 2162 5483 2262 5536; x_wconf 91' lang='lat' dir='ltr'><strong>hoc</strong></span> <span class='ocrx_word' id='word_1_820' title='bbox 2279 5492 2380 5547; x_wconf 90' lang='lat' dir='ltr'><strong>est,</strong></span> <span class='ocrx_word' id='word_1_821' title='bbox 2423 5487 2626 5540; x_wconf 89' lang='lat' dir='ltr'><strong>ratione</strong></span> <span class='ocrx_word' id='word_1_822' title='bbox 2652 5488 2986 5554; x_wconf 81' lang='lat' dir='ltr'><strong>conﬁrmant,</strong></span> <span class='ocrx_word' id='word_1_823' title='bbox 3028 5501 3080 5544; x_wconf 89' lang='lat' dir='ltr'><strong>et</strong></span> <span class='ocrx_word' id='word_1_824' title='bbox 3125 5492 3530 5560; x_wconf 88' lang='lat' dir='ltr'><strong>coniunctiones</strong></span> <span class='ocrx_word' id='word_1_825' title='bbox 3579 5509 3730 5567; x_wconf 90' lang='lat' dir='ltr'><strong>sunt,</strong></span> 
     </span>
    </p>
   </div>
   <div class='ocr_carea' id='block_1_117' title="bbox 2165 5573 3730 5657">
    <p class='ocr_par' dir='ltr' id='par_1_117' title="bbox 2165 5573 3730 5657">
     <span class='ocr_line' id='line_1_117' title="bbox 2165 5573 3730 5657; baseline 0.012 -32"><span class='ocrx_word' id='word_1_826' title='bbox 2165 5573 2538 5642; x_wconf 66' lang='lat' dir='ltr'><strong>licetquacdam</strong></span> <span class='ocrx_word' id='word_1_827' title='bbox 2562 5578 2807 5632; x_wconf 90' lang='lat' dir='ltr'><strong>adverbia</strong></span> <span class='ocrx_word' id='word_1_828' title='bbox 2836 5581 2908 5635; x_wconf 91' lang='lat' dir='ltr'><strong>ibi</strong></span> <span class='ocrx_word' id='word_1_829' title='bbox 2939 5596 3056 5634; x_wconf 89' lang='lat' dir='ltr'><strong>esse</strong></span> <span class='ocrx_word' id='word_1_830' title='bbox 3105 5583 3404 5648; x_wconf 87' lang='lat' dir='ltr'><strong>videantur,</strong></span> <span class='ocrx_word' id='word_1_831' title='bbox 3463 5589 3730 5657; x_wconf 88' lang='lat' dir='ltr'><strong>correptis</strong></span> 
     </span>
    </p>
   </div>
   <div class='ocr_carea' id='block_1_118' title="bbox 2164 5659 3728 5743">
    <p class='ocr_par' dir='ltr' id='par_1_118' title="bbox 2164 5659 3728 5743">
     <span class='ocr_line' id='line_1_118' title="bbox 2164 5659 3728 5743; baseline 0.012 -31"><span class='ocrx_word' id='word_1_832' title='bbox 2164 5659 2382 5726; x_wconf 87' lang='lat' dir='ltr'><strong>ultimis,</strong></span> <span class='ocrx_word' id='word_1_833' title='bbox 2407 5663 2604 5732; x_wconf 84' lang='lat' dir='ltr'><strong>absque</strong></span> <span class='ocrx_word' id='word_1_834' title='bbox 2631 5667 2713 5721; x_wconf 89' lang='lat' dir='ltr'><strong>his</strong></span> <span class='ocrx_word' id='word_1_835' title='bbox 2747 5683 2864 5735; x_wconf 82' lang='lat' dir='ltr'><strong>quae</strong></span> <span class='ocrx_word' id='word_1_836' title='bbox 2886 5671 2901 5720; x_wconf 87' lang='lat' dir='ltr'><strong>i</strong></span> <span class='ocrx_word' id='word_1_837' title='bbox 2926 5677 3050 5724; x_wconf 89' lang='lat' dir='ltr'><strong>ante</strong></span> <span class='ocrx_word' id='word_1_838' title='bbox 3075 5687 3107 5724; x_wconf 79' lang='grc' dir='ltr'><em>η</em></span> <span class='ocrx_word' id='word_1_839' title='bbox 3131 5665 3348 5736; x_wconf 74' lang='lat' dir='ltr'><strong>habent,</strong></span> <span class='ocrx_word' id='word_1_840' title='bbox 3379 5675 3520 5742; x_wconf 92' lang='lat' dir='ltr'><strong>quod</strong></span> <span class='ocrx_word' id='word_1_841' title='bbox 3563 5691 3728 5743; x_wconf 84' lang='lat' dir='ltr'><strong>supra</strong></span> 
     </span>
    </p>
   </div>
   <div class='ocr_carea' id='block_1_119' title="bbox 2164 5754 3725 5832">
    <p class='ocr_par' dir='ltr' id='par_1_119' title="bbox 2164 5754 3725 5832">
     <span class='ocr_line' id='line_1_119' title="bbox 2164 5754 3725 5832; baseline 0.01 -28"><span class='ocrx_word' id='word_1_842' title='bbox 2164 5754 2509 5808; x_wconf 84' lang='lat' dir='ltr'><strong>ostendimus.</strong></span> <span class='ocrx_word' id='word_1_843' title='bbox 2536 5755 2873 5825; x_wconf 75' lang='lat' dir='ltr'><strong>Completiva:</strong></span> <span class='ocrx_word' id='word_1_844' title='bbox 2899 5767 3041 5824; x_wconf 89' lang='lat' dir='ltr'><strong>sunt,</strong></span> <span class='ocrx_word' id='word_1_845' title='bbox 3074 5777 3207 5825; x_wconf 80' lang='lat' dir='ltr'><strong>vero,</strong></span> <span class='ocrx_word' id='word_1_846' title='bbox 3255 5772 3446 5825; x_wconf 85' lang='lat' dir='ltr'><strong>autem,</strong></span> <span class='ocrx_word' id='word_1_847' title='bbox 3491 5765 3725 5832; x_wconf 82' lang='lat' dir='ltr'><strong>quidem,</strong></span> 
     </span>
    </p>
   </div>
  </div>
