3918 6324
181 389 281 448 665

981 379 1366 442 EXCERPTIO
1405 380 1492 436 DE
1529 376 1720 435 ARTE
1757 373 2211 433 GRAMMATICA
2248 373 2608 433 PRISCIANI.

3309 373 3415 455 osa
3448 389 3451 394 ι

179 491 431 573 equidem,
461 513 683 570 quoque,
722 498 880 562 enim,
922 513 1062 560 nam,
1092 511 1310 566 namque
1359 508 1537 565 porro,
1571 464 1579 470 ’
1590 504 1744 561 porro
1773 489 1825 550 A
1848 496 1904 544 et
1929 484 2212 553 ablativus,
2231 487 2374 558 longi
2403 494 2547 552 sunt,
2578 492 2632 541 et
2661 499 2850 542 omnes
2904 499 3062 542 casus
3094 485 3327 556 plurales
3359 489 3416 544 in

180 602 373 655 autem,
425 597 482 643 et
545 587 657 642 fere
700 601 1028 657 quaecunque
1077 584 1479 655 conjunctiones
1525 589 1748 663 ornatus

180 696 340 738 causa
362 679 448 734 vel
477 679 656 744 metri,
678 678 819 732 nulla
850 675 1253 747 significationis
1293 673 1632 735 necessitate,
1653 686 1750 740 po-

180 779 415 828 nuntur:
443 772 544 825 hoc
569 769 783 824 nomine
812 773 1186 837 nuncupantur
1211 778 1418 828 omnes,
1448 772 1627 816 tamen
1667 761 1749 816 hae

179 864 321 919 inter
343 861 475 916 alias
502 861 707 931 species
735 861 1100 924 inveniuntur,
1128 866 1189 913 ut
1227 857 1272 912 si
1304 845 1516 910 dicam:
1545 852 1748 919 Encas

179 970 295 1009 vero
319 962 368 1007 et
388 953 504 1021 pius
527 960 573 1004 et
600 950 749 1020 fortis
764 949 878 1019 fuit,
909 949 1227 1018 completiva
1247 955 1348 1012 est,
1380 945 1507 1016 quia
1553 944 1601 1000 si
1645 943 1746 998 tol-

179 1042 323 1097 latur
345 1057 485 1105 vero,
507 1039 823 1110 signiﬁcatio
848 1040 1057 1110 integra
1079 1045 1278 1092 manet.

665 1153 745 1227 De
772 1151 1240 1224 prapositionibus.

249 1265 659 1350 Praepositiones
707 1275 885 1321 autem
933 1263 1221 1321 accusativi
1267 1278 1422 1320 casus
1465 1270 1594 1320 sunt
1645 1262 1746 1328 bat,
1803 1308 1812 1316 ,

178 1332 272 1423 ad,
300 1339 459 1429 apud,
497 1366 636 1423 ante,
660 1357 927 1423 adversus,
958 1357 1050 1423 eis,
1075 1357 1232 1422 citra,
1259 1372 1400 1426 erga,
1436 1365 1632 1419 contra,
1661 1370 1750 1408 ea;-

177 1461 284 1516 tra,
311 1452 463 1516 inter,
490 1437 652 1514 intra,
674 1449 833 1518 infra,
852 1440 1027 1518 juxta,
1053 1466 1163 1518 per,
1193 1465 1367 1520 prope,
1399 1439 1632 1527 propter,
1664 1446 1747 1512 ob,

175 1558 332 1610 pone,
355 1541 806 1610 secundum,post,
831 1548 998 1603 trans,
1024 1537 1187 1603 ultra,
1211 1547 1418 1608 praeter,
1449 1554 1631 1606 supra,
1661 1552 1752 1590 us-

174 1647 294 1699 que,
327 1647 498 1700 penes,
521 1645 746 1685 numero
773 1629 958 1700 viginti
982 1635 1123 1682 octo.
1152 1627 1380 1682 Ablativi
1405 1641 1532 1683 vero
1562 1627 1662 1690 has,
1695 1643 1746 1692 a,

176 1721 263 1786 ab,
293 1721 407 1784 abs,
431 1737 479 1786 e,
509 1737 594 1785 ex,
620 1721 700 1782 de,
722 1735 837 1790 pro,
859 1736 989 1789 prae,
1023 1734 1160 1782 cum,
1209 1716 1363 1782 clam,
1411 1735 1606 1783 coram,
1658 1734 1752 1788 pa-

176 1808 306 1872 lam,
332 1809 467 1873 sine,
496 1809 706 1878 absque,
735 1815 900 1872 tenus,
925 1820 1148 1891 numero
1166 1805 1488 1876 quindecim.
1535 1806 1642 1860 Sed
1663 1819 1752 1859 ac-
1777 1833 1826 1891 B

176 1899 431 1955 cusativze
459 1899 560 1953 hoc
587 1899 744 1954 modo
770 1899 823 1953 in
855 1888 1185 1968 temporibus
1211 1897 1538 1968 syllabarum
1563 1896 1752 1966 digno.

175 1995 433 2053 scuntur;
460 1986 528 2039 ad
556 1987 736 2041 brevis
755 1986 1134 2052 est;adversus
1180 1986 1382 2054 primas
1423 1986 1557 2040 duas
1604 1985 1752 2055 posi-

111 2151 134 2156 η
177 2082 324 2138 tione
349 2080 535 2148 longas
566 2079 750 2143 habet,
775 2079 1015 2132 ultimam
1063 2078 1310 2144 brevem;
1372 2079 1530 2148 apud,
1584 2078 1754 2132 ambae

165 2164 402 2234 breves;
435 2159 554 2222 ante
591 2169 822 2239 primam
868 2167 1124 2233 syllabam
1175 2167 1441 2242 positione
1486 2169 1752 2237 producit,

175 2272 413 2327 sequens
447 2257 627 2312 brevis
652 2258 864 2322 est;cis
890 2257 1075 2326 longa;
1129 2258 1282 2320 citra,
1336 2256 1382 2308 ci
1427 2256 1622 2319 brevis,
1673 2264 1756 2309 tra

173 2346 584 2420 longa;supra,
623 2363 685 2400 su
721 2347 917 2410 brevis,
966 2363 1062 2416 pra
1110 2345 1295 2414 longa;
1341 2347 1555 2410 circum,
1607 2346 1758 2416 prior

173 2427 444 2506 positione
471 2437 647 2508 longa,
696 2438 962 2506 posterior
1011 2437 1189 2490 brevis
1238 2444 1349 2500 est;
1398 2435 1556 2501 circa,
1610 2453 1755 2506 erga,

175 2537 380 2592 contra,
414 2536 580 2592 extra,
613 2528 775 2591 intra,
803 2525 965 2594 infra,
987 2526 1166 2594 juxta,
1195 2541 1344 2594 pone,
1375 2539 1561 2579 omnes
1598 2525 1759 2595 sylla-

175 2615 275 2670 bas
300 2616 486 2686 longas
514 2616 740 2681 habent;
769 2615 900 2670 inter
923 2616 1150 2685 primam
1199 2615 1463 2684 positione
1490 2613 1753 2684 producit,

175 2703 414 2760 secunda
434 2705 613 2759 brevis
642 2712 757 2769 est;
784 2721 876 2774 per
894 2705 1105 2769 brevis;
1138 2721 1296 2775 prape
1322 2706 1493 2760 ambae
1531 2706 1754 2771 breves;

173 2784 408 2867 propter,
440 2795 586 2865 prior
607 2796 783 2863 longa,
813 2796 1047 2851 secunda
1080 2795 1285 2861 brevis;
1316 2796 1377 2849 ob
1393 2796 1599 2862 brevis;
1625 2813 1760 2865 prte-

177 2888 445 2956 ter,prior
461 2889 633 2958 longa,
672 2904 901 2957 sequens
935 2889 1143 2952 brevis;
1187 2904 1365 2958 usque,
1401 2884 1548 2958 prior
1577 2888 1758 2958 longa,

165 2979 447 3048 posterior
458 2978 663 3043 brevis;
689 2995 840 3048 penes
856 2980 1025 3034 ambat
1046 2980 1256 3033 breves.
1291 2977 1522 3033 Ablativi
1549 2993 1760 3047 quoque

176 3071 587 3142 praepositiones
601 3071 918 3139 ﬁuntbae,a,
949 3073 1032 3137 ab,
1065 3073 1178 3138 abs,
1209 3089 1347 3138 cum,
1381 3089 1579 3136 coram,
1603 3073 1758 3140 clam,

174 3165 261 3228 de,
277 3181 325 3226 e,
344 3181 430 3228 ex,
446 3146 1053 3235 pro,prw,.palam,sine,
1080 3168 1287 3235 absque,
1315 3177 1494 3231 tenus;
1518 3167 1612 3221 sed
1628 3184 1680 3233 a,
1705 3174 1760 3220 et

176 3254 290 3316 abs,
311 3262 366 3307 et
384 3254 590 3318 de,ete,
608 3263 663 3308 et
682 3271 765 3319 ex,
805 3263 859 3309 et
871 3272 998 3324 prce,
1038 3271 1249 3325 semper
1281 3256 1450 3327 longae
1471 3265 1616 3322 sunt,
1648 3257 1761 3310 sive

174 3341 282 3396 sint
302 3343 352 3394 in
369 3343 700 3412 appositione
719 3358 812 3397 seu
827 3344 879 3396 in
894 3346 1299 3414 compositione,
1312 3355 1533 3415 excepto
1547 3347 1687 3415 quod
1699 3341 1762 3400 de

175 3430 226 3484 in
243 3431 634 3500 compositione
649 3432 831 3495 dehinc
845 3433 1158 3503 corripitur;
1193 3435 1256 3487 ab
1274 3475 1287 3499 ,
1313 3441 1515 3499 etcum,
1545 3444 1599 3490 et
1627 3436 1761 3491 clam

174 3522 942 3592 semperbreves,nisipositio
958 3526 1229 3593 sequentis
1253 3542 1344 3580 eas
1370 3529 1537 3597 partis
1565 3530 1764 3598 produ-

175 3623 295 3676 cat;
315 3631 410 3682 pro
425 3615 706 3684 aliquando
721 3619 1006 3688 corripitur
1018 3617 1070 3672 in
1087 3619 1490 3688 compositione,
1520 3623 1762 3693 aliquan-

175 3707 244 3760 do
269 3705 941 3777 produciturzcorripitur,
980 3716 1038 3761 ut
1061 3726 1306 3777 proavus,
1345 3694 1612 3780 pronepos,
1665 3713 1760 3768 sed

177 3793 281 3848 hoc
310 3794 528 3864 quidam
557 3795 624 3849 ab
672 3795 924 3851 adverbio
967 3798 1147 3867 procul
1190 3801 1540 3868 compositum
1566 3801 1762 3856 conﬁr-

176 3893 353 3948 mant,
391 3885 529 3938 unde
556 3895 609 3940 et
635 3887 921 3956 corripitur
951 3895 1006 3942 et
1029 3890 1208 3943 omnia
1239 3888 1486 3945 similiter
1505 3909 1599 3960 pro
1641 3907 1762 3946 cor-

175 3983 393 4044 reptant
410 3976 679 4042 habentia,
697 3985 754 4030 ut
772 3978 1030 4047 profatur,
1058 3989 1344 4048 protervus,
1376 3990 1478 4057 etc.
1506 3982 1605 4035 Alii
1631 3997 1759 4038 vero

176 4066 247 4120 ad
281 4067 638 4120 imitationem
672 4067 1002 4134 Graecorum,
1029 4070 1169 4138 apud
1195 4085 1328 4138 quos
1350 4088 1443 4140 pro
1472 4072 1759 4142 corripitur

172 4155 511 4226 praepositio,
542 4166 754 4210 nostros
779 4148 990 4227 quoque
1031 4159 1081 4212 in
1139 4161 1490 4229 quorumdam
1538 4177 1756 4233 compo-

173 4247 379 4302 sitione
411 4249 508 4300 hoc
537 4245 730 4302 fecisse
755 4248 956 4303 dicunt.
994 4249 1204 4314 Coram,
1235 4260 1290 4306 et
1336 4251 1532 4321 palam,
1557 4262 1610 4308 et
1638 4255 1758 4309 ubs-

171 4353 273 4408 que
321 4336 528 4405 primas
552 4335 782 4406 syllabas
805 4338 990 4409 longas
1019 4348 1073 4393 et
1105 4341 1435 4409 posteriores
1456 4343 1648 4398 breves
1670 4345 1759 4398 ha-

172 4426 338 4491 bent;
365 4428 477 4480 sine
497 4432 551 4480 et
572 4437 742 4493 tenus,
772 4429 957 4484 ambas
992 4431 1200 4486 breves.
1237 4431 1342 4487 Sed
1373 4432 1497 4488 licet
1520 4434 1587 4488 de
1624 4443 1758 4489 tem-

174 4517 406 4587 poribus
433 4518 864 4586 praepositionum
892 4518 1022 4572 satis
1051 4521 1252 4574 dictum
1269 4536 1387 4576 esse
1412 4523 1752 4591 arbitremur,
1784 4537 1834 4596 ι)

173 4609 310 4665 libet
338 4618 539 4673 tamen,
587 4610 710 4678 quia
751 4625 876 4665 usus
923 4628 1045 4667 raro
1092 4628 1278 4668 eorum
1325 4619 1461 4686 apud
1511 4628 1758 4676 auctores

173 4698 423 4769 perfecte
453 4698 789 4766 describitur,
820 4700 1248 4758 manifestiorem
1296 4706 1360 4760 dc
1405 4707 1536 4776 ipsis
1581 4708 1758 4765 facere

173 4803 511 4844 sermonem.

383 4964 462 5018 De
485 4965 819 5034 productione
847 4983 937 5022 seu
962 4968 1280 5038 correptione
1318 4987 1552 5025 casuum.

245 5104 305 5158 ln
331 5103 511 5175 prima
541 5104 893 5161 declinatione
919 5109 1298 5172 nominativus,
1324 5120 1377 5165 et
1401 5114 1756 5180 accuSativus,

173 5203 230 5249 et
256 5195 548 5248 vocativus
570 5197 856 5264 singularis
882 5201 1070 5255 breves
1092 5210 1231 5255 sunt.
1257 5201 1561 5270 Genitivus,
1618 5207 1756 5261 dati-
1799 5199 1813 5211 ³

174 5301 300 5349 vus,
331 5285 602 5341 ablativus
623 5287 765 5357 longi
790 5298 932 5355 sunt,
964 5300 1017 5344 et
1037 5307 1222 5346 omnes
1254 5292 1303 5344 in
1328 5293 1519 5360 plurali
1538 5311 1758 5350 numero

142 5375 325 5448 ‘longi
357 5385 504 5440 sunt,
533 5378 631 5432 nisi
658 5380 939 5447 genitivus,
965 5381 1174 5436 dativus
1206 5391 1258 5436 et
1288 5382 1571 5449 ablativus,
1618 5386 1662 5440 si
1702 5385 1756 5439 in

174 5471 272 5525 bus
303 5479 529 5537 exeunt,
559 5481 778 5542 propter
807 5473 1162 5529 differentiam
1195 5477 1385 5530 breves
1413 5483 1556 5530 sunt.
1585 5476 1642 5530 In
1673 5492 1756 5532 se-

176 5564 358 5618 cunda
387 5563 744 5618 declinatione
766 5566 1123 5621 nominativus
1157 5567 1460 5636 singularis,
1498 5575 1552 5622 et
1592 5584 1755 5623 voca-

180 5654 344 5717 tivus,
386 5662 443 5706 et
469 5656 804 5710 accusativus
825 5656 1014 5712 breves
1041 5667 1182 5712 sunt.
1223 5657 1513 5722 Genitivus,
1545 5658 1756 5716 dativus

249 5757 275 5783 ι
318 5743 498 5799 Locus
529 5755 834 5814 corruptus.

1848 578 2144 634 masculino
2169 584 2224 632 et
2253 574 2512 631 feminino
2542 591 2740 646 genere
2764 575 2907 647 longi
2939 583 3086 640 sunt,
3116 575 3220 630 nisi
3265 577 3417 645 geni-

1848 671 2008 725 tivus.
2031 671 2087 724 In
2110 676 2300 726 neutro
2332 681 2531 738 genere
2578 667 2960 731 nominativus,
3004 666 3340 723 accusativus
3366 674 3421 723 et

1846 761 2123 818 vocativus
2149 758 2466 831 singulares,
2497 758 2718 821 breves;
2759 756 2850 810 alii
2874 764 2984 811 tres
3021 756 3184 828 longi,
3211 763 3266 812 et
3319 772 3421 812 cae-

1849 854 1947 908 teri
1971 867 2158 907 omnes
2183 851 2236 905 in
2256 850 2448 922 plurali
2471 864 2695 904 numero
2713 848 2925 913 breves,
2967 849 3070 904 nisi
3112 849 3323 905 dativus
3369 857 3425 904 et

1847 941 2130 1006 ablativus.
2154 939 2210 993 In
2243 940 2400 994 tertia
2421 937 2777 994 declinatione
2806 937 3168 994 nominativus
3186 947 3242 994 et
3263 949 3424 994 voca-

1849 1035 1988 1088 tivus
2030 1033 2313 1101 aliquando
2349 1032 2559 1094 breves,
2621 1029 2907 1099 aliquando
2946 1029 3424 1102 longi;sgenitivus

1840 1136 2062 1195 Semper
2086 1125 2264 1180 brevis
2296 1131 2397 1189 est,
2429 1132 2485 1179 et
2505 1122 2770 1178 ablativus
2795 1123 2897 1177 nisi
2925 1123 2980 1177 in
3010 1123 3066 1187 i;
3103 1129 3159 1176 et
3200 1138 3423 1178 accusa-

1849 1218 2011 1282 tivus,
2038 1217 2250 1270 dativus
2285 1215 2572 1286 singularis
2592 1215 2783 1286 longus
2809 1225 2911 1270 est.
2963 1214 3224 1282 Plurales,
3253 1215 3428 1270 nomi-

1849 1307 2078 1370 nativus,
2098 1306 2434 1360 accusativus
2460 1313 2515 1360 et
2546 1305 2824 1360 vocativus
2853 1305 3018 1376 longi,
3048 1306 3101 1361 in
3131 1306 3429 1362 masculino

1849 1406 1904 1463 et
1928 1397 2183 1454 feminino
2213 1414 2428 1470 genere,
2459 1394 2672 1454 dativus
2697 1408 2752 1455 et
2777 1401 3042 1456 ablativus
3075 1401 3290 1458 breves.
3320 1401 3432 1457 «ΝΟ-ε

1850 1487 2138 1542 minativus
2159 1495 2212 1540 et
2235 1489 2567 1544 accusativus
2591 1497 2643 1543 et
2667 1490 2944 1545 vocativus
2976 1489 3209 1560 plurales
3226 1493 3278 1546 in
3295 1493 3452 1546 neu-'

1851 1563 1936 1632 tro
1971 1592 2168 1648 genere
2196 1578 2388 1633 breves
2414 1587 2557 1634 sunt.
2611 1578 2670 1633 In
2690 1589 2884 1649 quarta
2927 1580 3286 1637 declinatione
3329 1599 3431 1638 no-

1851 1671 2144 1741 minativus
2167 1677 2224 1724 et
2251 1669 2531 1724 vocativus
2562 1671 2881 1741 singulares,
2911 1682 2968 1726 et
2995 1675 3332 1728 accusativus
3373 1675 3429 1730 in

1853 1759 2150 1815 masculino
2169 1767 2222 1814 et
2240 1758 2501 1814 feminino
2523 1775 2719 1831 genere
2736 1757 3096 1816 ’brevessunt.
3128 1763 3428 1830 Genitivus,

1853 1851 2062 1920 dativus
2081 1859 2136 1904 et
2158 1851 2421 1906 ablativus
2441 1849 2581 1922 longi
2605 1859 2747 1905 sunt.
2780 1851 3022 1906 Plurales
3044 1852 3428 1918 nominativus,

1855 1939 2211 2006 accusativus,
2241 1943 2516 1997 vocativus
2545 1941 2683 2010 longi
2709 1951 2852 2006 sunt,
2884 1942 3166 2011 genitivus,
3197 1942 3431 2010 dativus,

1855 2035 2119 2089 ablativus
2141 2035 2350 2090 breves.
2381 2033 2688 2098 ln‘neutris,
2738 2033 3118 2096 naminativus,
3169 2034 3434 2089 accusati-

1855 2141 1975 2191 vus,
1997 2127 2271 2180 vocativus
2307 2125 2500 2179 breves
2523 2132 2665 2188 sunt,
2712 2125 2800 2178 alii
2829 2135 2939 2179 tres
2989 2124 3132 2195 longi
3179 2134 3323 2188 sunt.
3373 2125 3434 2181 In

1855 2217 2046 2287 plurali
2075 2232 2298 2272 numero
2328 2231 2516 2272 omnes
2548 2216 2841 2272 breves.-ln
2863 2218 3049 2286 quinta
3079 2208 3436 2274 declinatione

1858 2293 2153 2377 singulares
2179 2323 2364 2363 omnes
2390 2308 2534 2376 longi
2575 2316 2720 2373 sunt,
2761 2307 2863 2362 nisi
2908 2309 3262 2364 accusativus.
3314 2309 3436 2366 Plu-

1858 2401 2017 2467 rales,
2044 2401 2427 2465 nominativus,
2470 2400 2829 2468 accusativus,
2876 2408 2931 2455 et
2977 2400 3258 2471 vocativus
3284 2400 3432 2472 longi

1859 2499 2013 2558 sunt;
2042 2492 2130 2546 alii
2159 2500 2269 2547 tres
2293 2493 2502 2546 breves.
2840 2485 2842 2490 ’

2133 2633 2208 2686 De
2242 2632 2289 2686 vi
2331 2649 2392 2686 ac
2424 2631 2570 2688 uaria
2602 2638 2851 2703 potestate
2883 2639 3185 2687 metrorum.

1932 2765 2075 2821 Sane
2105 2765 2230 2834 quia
2262 2765 2318 2819 in
2345 2761 2622 2834 superiore
2647 2762 2826 2820 libello
2849 2764 2915 2819 de
2937 2771 3202 2834 potestate
3230 2763 3438 2820 littera-

1860 2873 1978 2911 rum
2008 2865 2062 2910 et
2089 2855 2414 2926 syllabarum
2444 2863 2606 2926 atque
2629 2856 2796 2911 variis
2823 2856 3062 2910 omnium
3092 2857 3327 2926 partium
3349 2870 3438 2911 so-

1860 2947 1967 3011 nis,
1991 2961 2216 3021 necnon
2238 2954 2292 2999 et
2321 2946 2517 3014 pedum
2548 2945 2764 3016 regulis,
2794 2953 3054 3014 quantum
3095 2946 3162 2999 ad
3204 2946 3436 3015 primum

1862 3026 2248 3091 institutionem
2308 3034 2544 3101 metrica:
2604 3035 2736 3089 artis
2775 3033 3018 3090 sullicere
3065 3035 3291 3100 credidi,
3339 3050 3438 3105 pro

1863 3127 2118 3197 qualitate
2172 3127 2390 3198 ingenii,
2440 3127 2573 3182 satis
2598 3142 2685 3182 me
2721 3127 2840 3192 tibi,
2897 3127 3222 3192 dulcissime,
3268 3116 3438 3198 expc.

1787 3191 1831 3254 (ἶ
1865 3191 2038 3272 suisse
2053 3191 2262 3270 aestimo
2286 3233 2299 3270 :
2330 3224 2576 3286 superest
2587 3225 2645 3270 ut
2660 3191 2998 3286 ipsiusmetri
3013 3217 3118 3270 vim
3127 3226 3187 3272 et
3201 3191 3440 3275 subtilis-

1865 3310 2057 3366 simam
2085 3309 2425 3378 positionem,
2457 3317 2618 3379 atque
2642 3310 2711 3364 ob
2735 3324 2893 3378 quam
2923 3325 3165 3376 causam,
3217 3309 3442 3378 quibus-

1864 3412 1966 3468 que
1998 3399 2306 3454 auctoribus
2335 3400 2610 3454 inventum
2641 3398 2733 3460 vel,
2750 3399 3053 3454 institutum
3076 3401 3167 3466 sit,
3191 3409 3247 3455 et
3267 3416 3296 3454 a
3320 3400 3442 3471 qui-

1862 3491 1962 3546 bus
1986 3497 2248 3544 mutatum
2277 3489 2361 3544 vel
2389 3491 2654 3544 variatum
2677 3487 2998 3560 reperiatur,
3031 3501 3189 3562 prout
3209 3492 3434 3560 possim,

1861 3580 1917 3634 in
1940 3581 2043 3635 hoc
2069 3579 2498 3650 etiam-sequenti
2529 3579 2708 3658 libello
2756 3579 3036 3650 explicem.
3091 3579 3440 3650 Primumque

1861 3668 2317 3740 notandum‘quod
2343 3669 2481 3724 sicut
2505 3668 2935 3740 a,disertissimis
2971 3679 3028 3724 et
3074 3667 3440 3725 veracissimis

1860 3761 2208 3816 historiarum
2233 3761 2624 3817 scrutatoribus
2657 3762 2982 3832 exquisitum
3032 3770 3133 3827 est,
3166 3761 3439 3831 antiquio-

1862 3868 1974 3907 rem
2017 3845 2162 3921 apud
2205 3851 2457 3908 Hebraeos
2485 3868 2644 3924 quam
2671 3853 2812 3923 apud
2855 3852 3080 3923 gentiles
3111 3851 3276 3908 fuisse
3318 3867 3443 3908 car-

1859 3943 2062 3996 minum
2091 3958 2308 4009 curam;
2340 3958 2464 3997 nam
2496 3943 2704 4014 Moyses
2722 3946 2812 4014 qui
2852 3944 3021 4000 Exodi
3073 3953 3128 3999 et
3176 3945 3441 4002 Deutero-

1861 4035 2022 4089 nomii
2054 4035 2259 4090 cantica
2285 4050 2352 4090 ex
2378 4044 2584 4091 ametro
2619 4036 2788 4107 (sicut
2807 4035 3070 4106 Iosephus
3100 4045 3154 4092 et
3183 4037 3441 4108 Origenes

1859 4127 2130 4197 scribunt)
2160 4129 2482 4197 composuit,
2514 4128 2582 4182 ab
2614 4128 2863 4184 omnibus
2895 4143 3030 4197 quos
3076 4128 3248 4184 Graeci
3299 4129 3437 4183 anti-

1859 4220 2145 4289 quissimos
2201 4228 2410 4290 putant,
2467 4222 2649 4276 senior
2689 4221 3105 4291 deprehenditur
3146 4235 3160 4273 :
3204 4220 3436 4275 Homero

1858 4313 2062 4367 scilicet
2089 4321 2142 4366 et
2164 4312 2415 4377 Hesiodo,
2447 4312 2786 4383 Trojanoque
2815 4311 2975 4378 bello,
3000 4328 3064 4368 ao
3119 4313 3285 4368 multo
3341 4329 3436 4369 su-

1857 4398 2328 4473 periusgﬂercule,
2359 4402 2578 4470 Musaeo,
2621 4403 2773 4470 Lino,
2818 4395 3068 4468 Chirone,
3113 4403 3262 4469 Zeto,
3314 4401 3440 4458 Am-

1859 4494 2071 4562 phione,
2103 4491 2320 4558 Perseo,
2340 4492 2574 4563 Orpheo,
2599 4490 3087 4560 Castore,‘Polluce,
3106 4493 3436 4566 Esculapio,

1860 4587 2077 4652 Libero,
2106 4586 2388 4650 Mercurio,
2433 4587 2697 4657 Apolline,
2724 4595 2778 4643 et
2803 4587 3014 4643 caeteris
3041 4587 3143 4642 diis
3172 4587 3434 4658 gentium,

1862 4679 2136 4747 sacrisque
2184 4678 2284 4732 vel;
2311 4677 2540 4742 vatibus,
2587 4679 2754 4748 ipsius
2793 4694 3005 4747 quoque
3049 4677 3196 4752 Jovis
3247 4678 3435 4749 gestis,

1861 4783 2022 4836 quem
2045 4767 2249 4823 Graecia
2274 4768 2326 4820 in
2358 4781 2482 4822 arce
2507 4767 2800 4822 divinitatis
2822 4768 3120 4824 collocavit.
3156 4770 3437 4841 Siquidem

1862 4866 1916 4911 ct
1935 4856 2052 4921 Job,
2086 4871 2242 4926 quem
2273 4856 2426 4910 multi
2458 4857 2624 4928 Moysi
2655 4859 2938 4927 adaequant
2966 4859 3315 4926 temporibus,
3337 4859 3434 4914 iis-

1864 4949 1982 5002 dem
2013 4963 2172 5017 supra
2202 4949 2513 5003 memoratis
2540 4948 2894 5019 scriptoribus
2919 4949 3262 5013 testantibus,
3287 4957 3435 5008 totus

1861 5053 1927 5093 ex
1959 5045 2166 5092 ametro
2193 5052 2349 5092 versu
2381 5038 2611 5109 dactylo,
2639 5039 2993 5109 spondaaoque
3023 5039 3290 5104 decurrit;
3339 5040 3433 5094 sed

1861 5129 1925 5183 de
1954 5129 2038 5182 his
2056 5129 2264 5197 plenius
2291 5129 2346 5188 in
2370 5131 2736 5199 sequentibus,
2770 5145 2894 5185 cum
2923 5130 2986 5183 de
3007 5130 3288 5198 speciebus
3317 5143 3433 5183 me-

1859 5225 2066 5271 trorum
2090 5219 2485 5288 scripserimus,
2524 5220 2776 5275 dicemus.
2835 5218 3199 5288 Tranquillius
3250 5219 3436 5288 igitur,

1858 5315 2082 5362 vetustae
2134 5309 2364 5378 scriptor
2390 5309 2646 5373 historiae,
2683 5311 2760 5365 sic
2789 5309 2855 5364 de
2880 5309 3054 5380 poetis
3079 5309 3356 5379 gentilium
3383 5319 3440 5364 et

1863 5396 1928 5451 de
1979 5397 2315 5465 poematibus
2371 5396 2574 5453 refert:
2605 5410 2630 5438 α
2674 5397 2840 5453 «Cum
2887 5398 3118 5467 primum
3166 5397 3438 5464 homines,

1862 5498 2022 5545 exuta
2044 5489 2275 5554 feritate,
2301 5491 2564 5545 rationem
2586 5491 2706 5545 vitae
2717 5491 2915 5545 habere
2938 5490 3246 5559 coepissent,
3271 5503 3440 5558 seque

1862 5595 1925 5636 ac
1949 5582 2075 5636 deos
2099 5597 2222 5636 suos
2245 5583 2647 5637 nosse.‘cultum
2699 5582 2963 5636 modicum
3017 5597 3080 5637 ac
3130 5597 3436 5638 sermonem

1861 5673 2242 5739 necessarium,
2275 5673 2714 5744 convenientibus
2757 5673 2856 5728 sibi
2888 5673 3168 5744 utriusque
3194 5675 3442 5746 magnitl-
