3918 6354
478 344 582 404 667

1107 340 1170 397 Β.
1207 332 1463 395 MBAN!
1497 332 1716 392 IAURI
1752 329 2049 390 ARCHIEP

2152 326 2420 387 [OGUNT.
2461 324 2753 385 OPEBUM
2786 323 2969 393 PARS
3002 325 3087 382 Ill.

3607 328 3712 387 668

475 469 707 527 centiam
734 476 790 524 et
819 464 1138 535 religionem.
1154 462 1374 517 deorum
1420 470 1640 513 ευοι-ιιω
1689 452 2032 524 excogitave-
2063 451 2117 515 Α
2136 445 2238 502 Alii
2263 461 2293 499 a
2311 445 2437 501 vino
2457 446 2854 501 arbitrabantur
2875 451 3155 514 propterea
3181 447 3323 513 quod
3344 446 3473 502 olim
3492 457 3612 519 (rga:
3628 448 3713 504 di-

475 566 623 623 ruat.
646 561 818 633 igitur
842 556 1037 626 templa
1064 554 1171 609 illis
1192 551 1444 608 domibus
1492 546 1823 620 pulchriora,
1872 553 1929 601 et
1980 545 2048 600 si-

477 654 714 712 mulacra
734 647 1049 719 corporibus
1082 643 1341 713 ampliora
1382 637 1675 695 faciebant.
1709 636 1788 691 Ita
1836 634 2049 703 eloquio

478 744 638 799 etiam
668 739 820 811 quasi
850 734 1154 807 augustiore
1181 729 1527 787 honorandos
1555 731 1897 799 putaverunt,
1923 723 2050 777 ‘lau-

479 833 678 900 desque
705 842 891 883 eorum
918 835 972 880 et
998 823 1176 878 verbis
1202 819 1587 877 illustrioribus
1623 825 1680 874 et
1720 814 2050 889 iocundiori-

478 925 576 979 bus
599 920 841 976 numeris
875 916 1200 975 extulerunt.
1238 914 1294 969 ld
1320 928 1507 985 genus,
1529 912 1659 982 quia
1701 908 1873 965 forma
1919 922 2050 979 qua-

480 1015 600 1068 dam
620 1010 863 1076 ell'icitur,
891 1024 1009 1079 qua:
1033 1015 1217 1078 poetes
1237 1003 1479 1078 [poesis]
1508 1003 1720 1067 dicitur,
1748 1014 1937 1070 poema
1960 1014 2053 1054 vo-

480 1105 701 1165 citatum
728 1110 828 1167 est,
849 1099 1074 1171 ejusque
1120 1097 1332 1155 fictores
1360 1101 1559 1165 poetae.
1582 1113 1599 1145 ι
1631 1093 1845 1147 Poetica
1871 1090 2050 1159 itaque

481 1204 564 1249 est
590 1173 728 1248 (ictae
748 1204 955 1246 veraeve
983 1186 1325 1249 narrationis,
1352 1178 1666 1257 congruenti
1687 1180 1939 1252 rhythmo
1988 1194 2051 1234 ac

478 1285 616 1355 pede
643 1281 937 1350 composita
958 1320 974 1345 ,
998 1278 1223 1333 metrica
1251 1285 1543 1339 structura,
1569 1274 1637 1328 ad
1658 1272 1943 1327 utilitatem
1963 1284 2056 1325 vo—

480 1373 842 1443 luptatemque
863 1368 1293 1430 accommodata:
1313 1365 1536 1420 Marum
1560 1362 1681 1418 ideo
1698 1369 1910 1426 vocata,
1927 1360 2052 1430 quia

480 1462 642 1517 certis
667 1461 862 1531 pedum
895 1458 1163 1514 mensuris
1191 1472 1255 1511 ac
1280 1455 1470 1526 spatiis
1517 1453 1855 1524 terminatur.
1909 1452 2053 1506 Men-

482 1568 607 1607 sura
638 1552 780 1607 enim
808 1549 993 1606 Graace
1020 1546 1625 1625 pirpov-dicitur.~,Ergo
1649 1560 1792 1600 unus
1819 1559 1913 1614 pes
1942 1558 2051 1598 me-

481 1652 623 1697 trum
645 1657 750 1696 non
786 1648 891 1707 est,
921 1653 1020 1694 nec
1046 1654 1186 1694 unus
1209 1646 1266 1693 et
1297 1637 1431 1692 semi
1468 1651 1584 1705 pes,
1638 1635 1760 1704 quia
1816 1639 2051 1687 metrum

480 1733 708 1804 pedibus
729 1730 1041 1795 coniicitur;
1066 1744 1164 1784 nec
1190 1727 1375 1798 utique
1402 1724 1565 1795 pedes
1583 1730 1809 1795 possunt
1832 1719 1938 1776 dici
1961 1720 2052 1777 ubi

2145 537 2339 597 ctitaba
2348 546 2451 605 tur,
2474 553 2506 591 a
2525 553 2631 607 quo
2659 546 2881 608 trygetoa
2906 535 3168 605 hodieque
3186 536 3566 606 vindemiaest,
3580 540 3710 609 quia

2146 629 2419 686 liberalius
2468 628 2607 697 apud
2633 627 2844 683 Atticos
2867 627 2955 681 die
2981 625 3118 681 festo
3129 625 3309 680 Liberi
3329 626 3506 685 Patris
3526 631 3711 686 vinum

2147 719 2455 775 cantoribus
2478 715 2727 781 dabatur,
2757 715 2908 784 cujus
2928 717 3004 771 rei
3042 716 3195 770 testis
3214 723 3298 770 est
3328 714 3581 774 Lucilius.
3608 718 3714 774 Co-

2150 808 2345 865 mmdia
2374 814 2457 862 est
2484 807 2708 878 privatas
2733 805 3013 876 civilisque
3050 806 3279 861 fortuna:
3306 806 3422 860 sine
3476 809 3715 877 periculo

2148 902 2270 955 vitae
2287 898 2707 969 comprehensio.
2737 895 3011 964 Comoedia
3056 898 3196 951 dicta
3242 897 3343 951 ἀπὸ
3385 905 3482 953 τῶν
3508 910 3708 971 κωμῶν.

2149 989 2324 1044 Comae
2353 989 2498 1043 enim
2546 986 2880 1057 appellantur
2925 987 3069 1057 pagi,
3117 987 3296 1049 idest,
3350 990 3714 1059 conventicula

2150 1080 2493 1134 rusticorum.
2540 1077 2723 1146 Itaque
2777 1076 3029 1146 juventus
3076 1076 3275 1141 Attica,
3320 1086 3379 1130 ut
3410 1078 3484 1132 ait
3522 1077 3715 1146 Varro,

2149 1169 2353 1224 circum
2375 1168 2522 1223 vicos
2550 1167 2627 1222 ire
2655 1166 2810 1238 solita
2846 1164 3016 1220 fuerit
3059 1174 3113 1220 et
3150 1174 3385 1235 quaestus
3429 1168 3509 1222 sui
3553 1186 3717 1226 causa

2150 1259 2252 1314 hoc
2270 1274 2436 1329 genus
2460 1258 2723 1312 carminis
2750 1257 3166 1327 pronuntiabat;
3194 1265 3286 1311 aut
3322 1266 3469 1311 certe
3512 1274 3541 1313 a
3577 1261 3718 1316 ludis

2149 1352 2484 1406 vicinalibus.
2516 1348 2646 1404 Nam
2668 1358 3012 1420 posteaquam
3044 1336 3109 1403 ei
3135 1349 3536 1427 agrisAthenas
3566 1369 3716 1407 com-

2149 1441 2433 1510 migratum
2450 1432 2557 1503 est,
2589 1450 2645 1493 et
2666 1439 2844 1493 Hiladi
2872 1437 2948 1510 [hi
2974 1438 3107 1510 ludi]
3137 1439 3370 1493 instituti
3393 1450 3533 1507 sunt,
3576 1444 3719 1499 sicut

2152 1533 2335 1587 Romae
2352 1530 2706 1602 Compitalici,
2731 1532 2797 1585 ad
2824 1531 3126 1586 canendum
3154 1532 3440 1600 prodibant
3472 1536 3604 1591 etab
3624 1552 3717 1591 ur-

2149 1624 2290 1677 bana
2324 1622 2543 1677 comica:
2593 1620 2727 1676 θείω.
2792 1620 2923 1675 Item
2982 1621 3245 1677 comoedia
3309 1623 3448 1677 dicta
3502 1637 3577 1681 est
3629 1629 3719 1684 vel

2151 1714 2293 1785 quod
2340 1714 2399 1768 in
2437 1728 2500 1768 ea
2554 1704 2871 1778 viculorum,
2900 1713 2973 1789 id.
3004 1721 3088 1768 est
3132 1713 3411 1768 humilium
3449 1714 3715 1785 domuum,

481 1803 743 1893 nusquam
772 1822 880 1877 duo
906 1827 1050 1875 sunt.
1093 1819 1257 1891 Igitur
1306 1825 1536 1874 metrum
1584 1816 1705 1886 plus
1749 1823 1835 1870 est
1887 1830 2047 1885 quam
2075 1805 2122 1865 B
2150 1805 2376 1862 fortuna:
2395 1803 3061 1875 comprehendantur,non
3092 1813 3149 1858 ut
3172 1804 3231 1859 in
3253 1805 3516 1873 tragasdia
3550 1811 3720 1878 publi-

476 1929 617 1971 unus
641 1928 754 1982 pes.
784 1912 958 1966 Distat
980 1910 1188 1980 poetica
1216 1925 1247 1964 a
1263 1914 1515 1980 poemate
1535 1914 1596 1962 et
1608 1906 1759 1977 poesi
1778 1904 1919 1975 quod
1939 1921 2061 1975 poe-

2159 1911 2343 1951 carum
2372 1896 2744 1966 regiarumque
2759 1911 2774 1961 ;
2802 1894 2885 1949 vel
2898 1895 2998 1950 ἀπὸ
3009 1902 3096 1951 τοῦ
3111 1898 3300 1959 κώμου,
3318 1894 3371 1949 id
3382 1904 3466 1951 est
3478 1911 3509 1949 a
3520 1912 3718 1955 comes-

480 2010 585 2065 πίω
608 2024 699 2064 ars
730 2008 843 2077 ipsa
869 2006 1202 2077 intelligitur,
1232 2020 1413 2074 poema
1437 2009 1615 2057 autem
1639 2016 1766 2072 pars
1785 2000 1983 2070 operis,
2000 2007 2051 2054 ut

2158 1986 2386 2051 satione,
2412 1986 2540 2056 quia
2564 1984 2691 2039 olim
2712 1984 2772 2038 ia
2801 1982 3062 2052 ejus‘modi
3091 1983 3289 2040 fabulis
3320 1986 3602 2042 amantium
3625 1990 3718 2060 ju-

479 2100 768 2169 tragaadia;
792 2099 980 2168 poesis,
1014 2099 1250 2152 intextus
1279 2103 1333 2151 et
1353 2110 1547 2168 corpus
1570 2095 1734 2150 totius
1760 2094 1938 2165 operis
1974 2092 2056 2147 ef-

479 2191 629 2257 fecti,
653 2199 713 2245 ut
738 2188 881 2255 Ilias,
907 2187 1165 2267 Odyssea,
1197 2185 1401 2242 Eneis.

544 2301 832 2356 Poematos
858 2309 1052 2370 genera
1081 2304 1206 2352 sunt
1238 2296 1342 2350 tria
1367 2313 1381 2349 :
1412 2304 1507 2350 aut
1534 2294 1678 2351 enim
1708 2295 1939 2350 activum
1971 2294 2057 2349 vel

478 2390 826 2455 imitativum,
854 2391 995 2459 quod
1022 2386 1196 2443 Graeci
1223 2386 1551 2441 dramaticon
1576 2386 1689 2442 'vel
1725 2388 2054 2452 minteticon;

480 2490 573 2537 aut
595 2480 957 2536 enarrativum
972 2478 1055 2532 vel
1076 2477 1487 2543 enuntiativum,
1515 2478 1658 2548 quod
1678 2477 1849 2545 Graeci
1876 2494 2057 2549 exege-

478 2566 617 2631 tiéon
641 2574 726 2631 vel
744 2573 1100 2644 upangelticon
1127 2572 1338 2637 dicunt;
1366 2578 1459 2626 aut
1490 2586 1773 2625 commune
1805 2571 1890 2625 vel
1928 2571 2059 2625 mix-

478 2672 591 2719 tum
640 2664 786 2733 quod
824 2661 1005 2718 Graeci
1032 2647 1217 2716 Ιιωιιοη
1244 2662 1333 2716 vel
1362 2663 1553 2716 micton
1572 2661 1856 2731 appellant.
1922 2663 2058 2716 Dra-

432 2816 435 2819 ι
479 2754 713 2811 maticon
745 2751 830 2807 vel
855 2751 1109 2816 activum,
1143 2751 1202 2805 in
1243 2765 1350 2819 quo
1404 2766 1648 2821 persona:
1699 2750 1824 2804 sola:
1869 2757 2052 2821 agunt,

479 2844 598 2899 sine
630 2843 790 2909 ullius
820 2849 992 2911 poeta:
1032 2840 1460 2905 interlocutione,
1504 2848 1567 2895 ut
1594 2856 1652 2895 se
1700 2840 1900 2895 habent
1946 2847 2057 2895 tra-

482 2927 693 3003 gicéeet
718 2931 936 2987 comicae
977 2929 1207 2997 fabulae;
1248 2946 1363 3000 quo
1404 2946 1602 3001 genere
1648 2930 1915 3000 scriptum
1973 2938 2058 2984 est

480 3024 652 3094 prima
674 3022 977 3083 Bucolicon,
1001 3030 1055 3075 et
1091 3036 1153 3075 ea
1197 3021 1348 3091 cujus
1390 3022 1603 3074 initium
1643 3028 1728 3074 est
1768 3035 1783 3073 :
1829 3018 1943 3085 Quo
1980 3028 2054 3083 te,
2122 3064 2125 3067 _

481 3111 840 3183 Mari,pedu.
864 3096 1678 3182 Exegeticon'velenarrativum
1705 3119 1789 3167 est
1816 3111 1890 3165 in
1945 3126 2052 3181 quo
2080 3147 2124 3210 α

479 3213 635 3276 poeta
666 3205 779 3275 ipse
794 3204 1033 3275 loquitur
1052 3205 1168 3260 sine
1182 3205 1341 3261 ullius
1358 3220 1601 3276 personae
1622 3205 2051 3270 interlocutione,

482 3302 543 3351 ut
565 3310 625 3350 se
644 3296 847 3351 habent
866 3304 974 3350 tres
996 3294 1243 3366 Georgici
1269 3296 1411 3360 libri.
1426 3303 1485 3349 et
1506 3296 1677 3366 prima
1702 3311 1831 3365 pars
1854 3297 2052 3364 quarti.

482 3385 617 3444 Item
640 3387 874 3443 Lucretii
888 3389 1137 3443 carmina
1157 3397 1218 3444 et
1234 3396 1430 3455 caetera
1458 3389 1548 3444 his
1578 3389 1791 3445 similia.
1837 3389 2053 3445 ﬁumen

480 3479 861 3535 velcammne
882 3487 982 3544 est,
1008 3480 1062 3533 in
1085 3494 1191 3548 quo
1218 3488 1371 3550 poeta
1402 3480 1515 3549 ipse
1543 3479 1797 3549 loquitur,
1844 3488 1898 3534 et
1926 3495 2055 3549 per-

485 3583 629 3626 sona:
682 3572 967 3639 loquentes
1016 3571 1447 3635 introducuntur,
1490 3580 1549 3627 ut
1593 3572 1789 3641 scripta
1831 3571 1953 3627 Ilias
1997 3580 2053 3628 et

485 3660 717 3731 Odyssea
741 3669 852 3715 tota
872 3660 1119 3727 Homeri,
1137 3670 1197 3716 et
1216 3661 1403 3717 [Eneis
1430 3662 1656 3733 Vingilii,
1675 3672 1729 3717 et
1752 3673 1952 3717 caetera
1967 3664 2054 3719 his

484 3749 697 3805 similia.
748 3750 1035 3804 Dramatici
1057 3750 1138 3804 vel
1164 3750 1324 3804 activi
1373 3751 1635 3820 poematis
1682 3752 1886 3821 species
1932 3762 2058 3808 sunt

482 3848 712 3911 quatuor
727 3840 865 3910 apud
892 3840 1134 3907 Graecos;
1164 3841 1387 3910 tragica,
1415 3842 1645 3905 comica,
1672 3843 2051 3912 satyricmmi-

484 3931 650 3995 mica;
676 3931 908 4000 haeapud
934 3931 1208 3986 Romanos
1222 3941 1484 3988 vocantur
1510 3942 1851 4003 praetextata,
1881 3935 2055 3989 taber-

484 4021 654 4085 naria,
682 4020 930 4083 atellam,
960 4021 1217 4091 planipes.
1237 4022 1405 4090 Igitur
1436 4023 1489 4075 in
1517 4024 1719 4092 tragica
1739 4024 2050 4081 Graecorum

485 4119 568 4165 est
594 4111 824 4165 heroicae
852 4111 1076 4165 fortuna
1101 4112 1157 4165 in
1186 4111 1424 4189 adversis
1455 4114 1881 4183 comprehensio.
1904 4115 2051 4179 ,Tra-

484 4200 680 4271 gmdia,
704 4210 764 4253 ut
782 4200 996 4269 quidam
1020 4200 1226 4265 volunt,
1254 4214 1455 4272 arrago
1494 4212 1548 4257 et
1596 4204 1709 4269 ode,
1762 4205 1901 4259 dicta
1950 4215 2050 4273 est,

484 4289 623 4360 quod
651 4288 775 4344 oiim
796 4291 1100 4345 auctoribus
1128 4292 1344 4361 tragicis
1369 4303 1565 4364 tragus,
1599 4294 1650 4348 id
1697 4303 1799 4361 est,
1848 4296 2048 4361 hircus,

484 4380 763 4451 premium
810 4390 998 4434 cantus
1049 4383 1464 4450 proponebatur,
1507 4385 1634 4452 quia
1668 4385 1950 4440 liberalius
1996 4386 2085 4440 in~

486 4471 572 4523 die
592 4469 731 4524 festo
754 4470 823 4525 ob
851 4472 950 4525 hoc
969 4472 1557 4538 ipsumimmolahatur,
1590 4466 1744 4543 quia,
1777 4487 1836 4530 ut
1880 4477 2051 4533 Varro

484 4559 575 4622 ait,
607 4560 898 4630 depascunt
927 4562 1109 4615 vitetn.
1135 4561 1200 4614 Et
1219 4561 1470 4617 Horatius
1493 4565 1543 4619 in
1574 4565 1702 4620 Arte
1718 4568 1922 4634 poetica
1945 4586 1960 4623 :

611 4673 833 4737 gat-tuine
857 4658 941 4734 uni
965 4674 1147 4733 ια’οαίρο
1180 4674 1320 4721 vilem
1340 4679 1549 4724 certavit
1570 4676 1633 4724 ob
1658 4676 1866 4737 hircum,

611 4734 719 4784 Mox
748 4738 890 4783 etiam
917 4744 1141 4797 agrestes
1163 4747 1349 4797 satyros
1377 4738 1588 4788 nudavit.
1628 4774 1639 4787 .
1680 4774 1692 4788 .
1730 4775 1743 4789 .

492 4835 631 4906 Virg.
660 4837 712 4891 in
732 4836 929 4907 Georg.
951 4854 991 4893 ιι
1025 4856 1040 4891 :

608 4950 873 5064 ἕὲῧίριιιι
895 4954 959 5002 ob
982 4955 1168 5017 culpam
1186 4956 1380 5005 Baccho
1398 4968 1549 5018 caper
1568 4956 1790 5006 omnibus
1824 4959 1921 5006 aris

484 5115 591 5171 Alii
627 5116 807 5171 autem
826 5118 1236 5187 putantafwce,
1262 5136 1423 5190 quam
1470 5120 1779 5175 Graecorum
1833 5122 2051 5190 quidam

485 5218 634 5278 lryga
663 5208 948 5278 appellant,
968 5210 1289 5277 tragoediam
1338 5212 1688 5276 nominatam,
1734 5227 1827 5282 per
1880 5222 2052 5267 muta-

479 5298 682 5353 .tionem
706 5299 1019 5363 litterarum,
1052 5316 1083 5368 y
1110 5300 1164 5353 in
1193 5317 1225 5353 ιι
1254 5315 1433 5354 versa:
1462 5304 1603 5371 quod
1642 5302 1785 5366 olim,
1815 5304 2050 5357 nondum

486 5389 729 5457 persovtis
755 5405 784 5442 a
809 5388 1072 5459 Thespide
1096 5390 1343 5458 repertis,
1378 5391 1509 5445 tales
1536 5390 1739 5445 fabulas
1786 5401 2049 5461 perttncta

486 5492 582 5532 ora
603 5476 822 5533 faecibus
835 5481 1123 5544 agitabant,
1143 5491 1199 5535 ttt
1213 5497 1400 5535 rursus
1413 5491 1491 5536 est
1509 5481 1757 5538 Horatius
1774 5484 1923 5538 testis
1940 5483 2015 5537 sic
2032 5501 2044 5536 :

612 5608 831 5667 ignotum
852 5610 1045 5668 tragica
1064 5622 1221 5669 genus
1246 5612 1489 5659 invenisse
1514 5624 1762 5661 eumcena.

608 5670 812 5737 Dicitur,
837 5679 887 5737 et
910 5672 1132 5732 plaustris
1158 5674 1348 5723 vexisse
1368 5687 1584 5737 poemata
1620 5676 1836 5737 l'bespis,

608 5734 726 5796 Quae
746 5735 978 5785 cauerent
998 5744 1297 5799 agerentque
1322 5735 1485 5786 infecti
1505 5734 1701 5787 fascibus
1721 5734 1825 5791 ora.

2160 2088 2349 2131 venum
2375 2090 2543 2130 comm
2566 2075 2915 2137 canebantur.
2966 2075 3134 2144 igitur
3170 2076 3434 2130 comedia
3470 2091 3499 2129 a
3527 2085 3719 2152 traga-

2155 2170 2243 2224 dia
2262 2166 2460 2233 diﬁ‘ert,
2488 2166 2629 2236 quod
2659 2167 2710 2221 in
2754 2165 3015 2237 tragaadia
3065 2166 3483 2221 introducantur
3512 2168 3711 2236 heroes,

2156 2258 2338 2321 duces,
2368 2272 2555 2329 reges;
2596 2257 2649 2310 in
2674 2256 2957 2320 commdia,
2988 2255 3214 2310 humiles
3259 2264 3418 2324 atque
3460 2258 3671 2326 privam
3695 2278 3713 2315 ι

2156 2349 2211 2402 in
2233 2349 2319 2402 illa
2346 2349 2540 2412 luctus,
2558 2348 2770 2413 exsilia,
2786 2347 2989 2413 caedes;
3012 2347 3067 2401 in
3091 2348 3191 2401 hac
3210 2362 3448 2412 amores,
3462 2348 3717 2418 virginum

2157 2448 2373 2510 raptus;
2400 2440 2526 2495 dein
2551 2441 2693 2509 quod
2719 2440 2771 2493 in
2804 2439 2890 2493 illa
2920 2438 3232 2508 frequenter
3256 2449 3311 2493 et
3353 2454 3489 2508 pene
3518 2456 3721 2510 semper

2156 2531 2291 2587 latis
2316 2530 2476 2586 rebus
2509 2532 2917 2595 exitustristes,
2942 2539 2996 2586 et
3037 2532 3346 2600 hiberorum
3395 2531 3532 2602 (sic)
3568 2530 3725 2587 fortu-

2158 2637 2457 2690 narumque
2483 2622 2725 2692 priorum
2752 2622 2805 2674 in
2827 2621 2981 2690 pejus
3000 2622 3246 2675 mutatio.
3288 2621 3466 2688 Quare
3494 2621 3597 2677 hac
3638 2638 3728 2677 va-

2157 2712 2237 2766 ria
2263 2709 2582 2765 ditlinitione
2617 2710 2861 2765 discreta
2907 2716 3031 2763 sunt
3082 2712 3223 2779 apud
3277 2707 3494 2764 Graecos
3521 2728 3535 2763 :
3563 2710 3731 2765 altera

2155 2803 2297 2858 enim
2344 2801 2655 2859 ἀκινδίνοσπι
2701 2795 3053 2873 inlabuntur],
3104 2802 3275 2856 altera
3317 2805 3477 2872 τίχνς
3512 2800 3728 2876 [τύχης]

2154 2898 2476 2968 περίστασις,
2500 2894 2657 2948 diem:
2700 2901 2842 2947 sunt.
2889 2892 3130 2948 Tristitia
3174 2907 3409 2961 namque
3452 2893 3730 2961 tragtedim

2155 2985 2456 3054 proprium,
2486 2982 2715 3054 ideoque
2748 2984 3052 3054 Euripides,
3085 2992 3301 3065 petente
3321 2984 3583 3040 Archelao
3606 3000 3731 3056 rege

2159 3086 2216 3133 ut
2239 3078 2307 3132 de
2339 3092 2399 3133 se
2424 3078 2743 3148 tragoediam
2792 3078 3072 3143 scriberet,
3123 3079 3329 3144 abnuit,
3369 3094 3436 3134 ac
3480 3091 3732 3149 precatus

2156 3180 2238 3229 est
2266 3188 2334 3229 ne
2357 3171 2909 3228 accideret‘Archclao
2952 3172 3151 3241 aliquid
3208 3169 3503 3250 traguediaa,
3556 3186 3733 3233 osten-

2156 3265 2287 3320 dens
2313 3264 2446 3319 nihil
2482 3264 2625 3318 aliud
2660 3278 2782 3319 esse
2810 3264 3124 3334 tragoediam
3172 3278 3333 3333 quam
3387 3265 3729 3321 miseriarum

2153 3355 2703 3427 comprehensionem.
2732 3355 2908 3410 Poeta:
2955 3355 3116 3424 primi
3158 3355 3379 3418 comici,
3430 3352 3729 3421 Sussurim,

2152 3448 2333 3503 Bullns
2353 3458 2408 3503 et
2429 3448 2644 3519 Magnes
2668 3466 2680 3502 :
2707 3448 2758 3502 hi
2783 3448 2980 3502 veteris
3001 3445 3565 3515 disciplinmjocularia
3586 3462 3731 3516 quae-

2154 3541 2277 3595 dam
2297 3540 2484 3594 minus
2500 3540 2634 3593 scite
2658 3554 2723 3594 ac
2742 3546 2949 3593 vetuste
2992 3537 3432 3607 pronuntiabant.
3486 3537 3727 3593 Secunda

2154 3638 2310 3687 aetate
2327 3629 2985 3698 fuerunt-Aristophanes,
3016 3627 3232 3697 Eupolis
3256 3636 3312 3682 et
3339 3626 3618 3690 Horatius,
3634 3630 3725 3699 qui

2153 3730 2207 3778 et
2230 3722 2531 3791 principum
2554 3721 2683 3775 vitia
2732 3721 2978 3775 resectati
3023 3718 3314 3792 [insectati]
3346 3722 3727 3776 amrvissimas

2152 3814 2445 3869 commdias
2465 3803 2895 3882 composuerunt.
2937 3809 3115 3864 Tertia
3141 3818 3271 3864 mtas
3299 3808 3399 3864 fuit
3427 3810 3726 3875 Menandri,

2152 3907 2290 3962 Phili
2318 3915 2372 3962 et
2400 3906 2745 3971 Philemonis,
2769 3906 2861 3975 qui
2890 3919 3104 3959 omnem
3130 3905 3478 3959 acervitatem
3522 3910 3722 3959 come-

2153 4002 2253 4056 diae
2283 4000 2679 4069 mitigaverunt,
2709 4008 2870 4066 atque
2894 3986 3205 4067 argumenta
3231 3995 3549 4066 multiplicia
3571 3997 3723 4051 Grae-

2153 4090 2527 4145 ciserrorihus
2559 4074 2729 4143 Scottti
2766 4096 2893 4154 sunt
2925 4106 2937 4142 :
2971 4089 3037 4143 ab
3091 4088 3175 4142 bis
3227 4086 3455 4141 Romani
3518 4086 3727 4142 fabulas

2154 4179 2560 4245 transtulerunt,
2591 4187 2646 4234 et
2695 4188 2909 4234 constat
2965 4180 3103 4247 apud
3152 4179 3269 4233 illos
3309 4179 3486 4249 primo
3535 4179 3726 4237 Latino

2153 4288 2398 4328 sermone
2416 4272 2738 4328 commdiam
2764 4271 3007 4326 Libceum
3032 4270 3393 4325 Andronicum
3419 4254 3721 4340 scripsisse.

2155 4364 2291 4418 Sunt
2317 4364 2409 4432 qui
2431 4360 3082 4432 volnut‘Epicharntumin
3097 4360 3244 4416 Choo
3270 4360 3445 4415 insula
3475 4361 3727 4415 exsulan-

2156 4462 2261 4509 tem
2286 4455 2513 4522 primum
2546 4454 2648 4508 hoc
2685 4469 2899 4508 carmen
2922 4452 3309 4523 frequentasse,
3333 4462 3393 4505 et
3426 4453 3506 4507 sic
3527 4468 3556 4507 a
3578 4448 3727 4509 Choo

2158 4544 2476 4600 comoediam
2505 4543 2628 4599 dici.
2655 4544 2825 4598 Antea
2850 4545 3033 4613 itaque
3058 4544 3323 4613 galeribus
3353 4560 3457 4597 non
3481 4545 3727 4613 personis

2154 4634 2459 4697 utebantur,
2482 4641 2541 4686 ut
2558 4632 2787 4700 qualitas
2813 4631 3008 4693 coloris
3033 4630 3285 4685 indicium
3306 4630 3508 4685 faceret
3530 4634 3723 4698 :etatis,

2154 4740 2275 4777 cum
2296 4731 2475 4777 essent
2497 4732 2588 4776 aut
2609 4722 2735 4785 albi,
2760 4729 2850 4775 aut
2874 4721 3033 4791 nigri,
3057 4728 3148 4774 aut
3171 4719 3290 4774 rufi.
3325 4721 3576 4775 Pcrsonis
3602 4736 3727 4778 rem

2153 4813 2226 4865 uti
2257 4813 2460 4880 primus
2493 4812 2655 4881 erepit
2685 4811 2913 4866 Ruscius
2937 4810 3138 4875 Gallus,
3172 4811 3472 4881 pracipuus
3510 4812 3723 4878 histrio,

2151 4902 2290 4969 quod
2319 4902 2489 4956 oculis
2513 4903 2715 4956 eversis
2740 4910 2917 4965 erant,
2946 4916 3045 4961 nec
3083 4901 3216 4955 satis
3245 4901 3473 4956 decorus
3495 4901 3549 4955 in
3597 4918 3725 4972 per-

2144 4994 2293 5047 sonis
2313 4994 2606 5061 parasitum
2659 4993 3057 5064 pronuntiabat.
3122 4992 3312 5064 Satyra
3362 4994 3563 5048 dicitur
3602 5009 3725 5049 car-

2146 5100 2290 5149 men,
2324 5099 2423 5138 nec
2450 5084 2661 5154 quidem
2684 5086 2822 5154 apud
2860 5085 3128 5139 Romanos
3152 5085 3496 5150 maledicum,
3546 5094 3602 5140 et
3657 5086 3723 5141 ad

2148 5176 2409 5247 carpenda
2431 5177 2703 5231 hominum
2731 5175 2860 5229 vitia
2885 5176 3046 5230 arcbe
3071 5174 3267 5249 [acre]
3290 5176 3568 5231 comedim
3591 5175 3725 5231 cha-

2150 5277 2359 5322 ractere
2387 5267 2739 5336 compositum
2774 5282 2787 5319 :
2824 5265 2981 5334 quale
3009 5266 3338 5336 scripserunt
3362 5265 3619 5330 Lucilius,
3666 5276 3721 5323 et

2156 5344 2424 5423 Horatius,
2446 5367 2501 5412 et
2524 5358 2757 5421 Persius,
2785 5365 2839 5410 et
2862 5356 2989 5411 olim
3021 5356 3304 5423 Carmem;
3339 5346 3721 5428 ideoqueth

2154 5467 2218 5505 ex
2255 5452 2415 5506 variis
2470 5450 2800 5520 poematibus
2828 5450 3125 5512 constabat,
3180 5458 3361 5520 satyra
3404 5450 3719 5516 vocabatur,

2154 5542 2307 5611 quale
2336 5542 2666 5611 scripserunt
2692 5540 2955 5596 Pacuvius
2973 5549 3026 5595 et
3047 5542 3267 5596 Ennius.
3301 5541 3495 5611 Satyra
3539 5550 3723 5596 autem

2154 5634 2316 5699 dicta,
2350 5620 2407 5688 ut
2429 5632 2517 5685 alii
2545 5631 2745 5697 volunt,
2777 5632 2889 5687 sive
2920 5646 2949 5685 a
2978 5631 3190 5709 satyris,
3217 5633 3358 5702 quod
3386 5632 3639 5688 similiter
3665 5631 3720 5692 in

2153 5726 2259 5787 hoc
2280 5725 2516 5783 carmine
2538 5723 2775 5781 ridiculae
2795 5739 2882 5781 res
2904 5723 3273 5799 pudendaeque
3297 5724 3568 5790 dicuntur,
3596 5736 3723 5799 qua
