3918 6322
129 337 229 395 669

938 329 1322 391 EXCERPTIO
1360 328 1447 385 DE
1482 325 1669 384 ARTE
1700 318 2153 409 GliAUMATYCA
2184 318 2535 377 PRISCIANI.

3245 316 3351 375 670

131 452 270 509 velut
295 466 328 506 a
357 449 552 523 satyris
573 449 919 521 proferuntur
951 456 1009 503 et
1038 447 1189 501 (lunt.
1237 442 1361 499 Sive
1389 450 1572 515 satyra
1609 440 1689 496 di-
1714 441 1768 503 Α
1787 444 2103 509 praetextata
2140 442 2381 501 utuntur,
2414 435 2469 490 in
2520 432 2779 503 ejusmodi
2812 430 3008 487 fabulis
3037 439 3158 487 aeta
3202 446 3351 487 coru-

124 548 262 601 citur
290 560 322 597 a
347 543 519 607 lance,
542 556 660 612 quae
686 540 884 596 referta
906 537 1073 593 variis
1097 536 1382 605 multisque
1429 533 1687 604 primitiis

124 638 177 692 in
208 635 379 691 sacris
399 635 538 705 apud
561 635 765 705 priscos
791 630 1162 693 deferebatur;
1192 636 1246 683 et
1270 643 1302 682 a
1330 626 1480 695 copia
1509 641 1573 681 ac
1598 640 1686 680 sa-

126 726 343 782 turitate
372 726 448 780 rei
476 734 654 796 satyra
686 722 995 801 vocabatur,
1021 718 1170 787 cujus
1202 717 1415 789 generis
1454 716 1689 770 lancium
1720 732 1721 735 ‘

122 826 176 872 ct
203 815 457 888 Virgilius
484 816 537 870 in
578 813 853 884 Georgicis
896 811 1158 875 meminit,
1206 824 1329 864 cum
1376 808 1478 862 hoc
1529 806 1687 862 modo

122 906 250 962 dicit
280 924 295 961 :

258 1015 515 1070 .Lancibus
533 1019 584 1064 et
609 1013 777 1076 pendis
797 1012 1024 1063 fumantia
1050 1011 1297 1064 reddimus
1319 1015 1459 1061 exta.

124 1098 189 1152 Et
216 1097 357 1152 idem
398 1114 411 1149 :

274 1189 558 1250 Laneesque
579 1194 630 1236 et
652 1187 749 1235 liba
773 1186 989 1237 feremus
1010 1200 1024 1247 ;

118 1308 234 1348 sure
258 1307 289 1346 a
314 1292 543 1362 quodam
571 1305 767 1362 genere
788 1287 1085 1344 farciminis
1132 1285 1387 1341 refertum
1435 1282 1686 1359 [referti]

118 1397 172 1439 et
194 1384 411 1456 polenta
437 1393 490 1437 et
512 1382 712 1436 nucleis
734 1380 862 1457 pini,
892 1388 947 1433 et
969 1394 1001 1441 a
1028 1377 1199 1431 mulso
1257 1376 1550 1446 conspersi.
1608 1375 1688 1430 Ad

120 1478 237 1532 haec
264 1476 355 1530 alii
385 1476 608 1538 addunt,
639 1481 693 1527 et
718 1473 783 1527 de
809 1471 951 1525 malo
969 1470 1165 1540 punico
1195 1484 1379 1541 grana.
1440 1469 1545 1523 Alii
1589 1485 1685 1524 au-

121 1578 227 1623 tem
258 1570 723 1637 dictamputanta
764 1564 877 1633 lege
924 1562 1134 1633 Satyra,
1190 1576 1308 1632 quae
1350 1575 1456 1614 uno
1499 1569 1687 1631 rogatu

118 1658 287 1712 multa
318 1654 740 1733 comprehendit,
788 1652 929 1723 quod
962 1652 1167 1708 scilicet
1187 1660 1239 1705 et
1284 1653 1518 1722 satyrico
1562 1667 1685 1706 car-

118 1749 267 1803 mine
293 1746 459 1800 multa
487 1744 646 1799 simul
672 1754 920 1813 poemata
950 1743 1492 1812 comprehenduntur,
1532 1742 1684 1811 cujus

116 1847 315 1909 satyrw
339 1838 469 1907 legis
493 1837 731 1891 Lucilius
753 1821 995 1891 meminit
1023 1837 1074 1889 in
1098 1836 1290 1904 primo,
1324 1848 1421 1903 per
1449 1842 1685 1902 satyram

113 1931 325 1985 aedilem
351 1912 573 1990 factum,
597 1928 687 1996 qui
713 1926 919 1997 legibus
941 1924 1128 1979 solvat.
1161 1925 1359 1993 Quarta
1382 1923 1588 1992 species
1609 1928 1692 1975 est

116 2020 379 2075 dramatis
408 2018 548 2089 apud
575 2018 811 2081 Graecos,
836 2031 955 2085 qua:
1008 2015 1218 2069 mimica
1262 2014 1495 2083 dicitur,
1550 2010 1691 2080 quod

116 2128 301 2168 rerum
331 2112 687 2166 humanarum
724 2109 982 2163 imitatrix
1011 2108 1108 2172 sit;
1143 2114 1225 2161 est
1248 2120 1377 2176 ergo
1427 2103 1691 2159 sermonis

114 2205 408 2274 cujuslibet
467 2205 585 2258 sine
624 2203 944 2265 reverentia,
997 2199 1079 2254 vel
1142 2197 1405 2252 factorum
1456 2193 1689 2262 turpium

114 2313 243 2353 cum
275 2296 493 2351 lascivia
520 2295 771 2357 imitatio,
802 2294 926 2363 quia
957 2292 1197 2361 quaedam
1237 2288 1428 2343 fabulce
1475 2302 1505 2340 a
1549 2300 1682 2354 poe-

114 2387 188 2442 tis
208 2385 519 2441 Gmeorum
547 2384 620 2437 ita
640 2383 1113 2463 componebantur,
1137 2388 1195 2433 ut
1217 2378 1491 2447 aptissime
1515 2381 1695 2430 essent

114 2476 290 2533 motui
318 2475 579 2546 corporis.
620 2473 817 2530 Fabula
861 2474 1003 2528 enim
1038 2487 1068 2525 a
1097 2468 1297 2525 Graecis
1333 2468 1528 2533 dicitur
1551 2470 1694 2542 παρά

114 2572 174 2628 τὸ
202 2570 351 2646 δρᾷν,
384 2570 435 2623 id
460 2576 563 2631 est,
595 2581 773 2637 agere,
810 2565 952 2635 quod
980 2578 1076 2633 per
1096 2570 1247 2635 actus
1269 2569 1323 2615 et
1371 2575 1468 2629 per
1494 2566 1693 2635 ‘motus

116 2663 331 2728 aliquos
361 2661 533 2730 magis
554 2658 944 2713 ostenderetur.
973 2654 1104 2709 Nam
1134 2662 1187 2709 et
1216 2653 1297 2723 agi
1354 2650 1534 2705 fabula
1587 2665 1690 2703 non

114 2753 312 2809 referri
340 2751 408 2806 ab
445 2750 714 2806 actoribus
735 2748 947 2810 dicitur,
978 2746 1069 2801 sed
1099 2754 1275 2799 tamen
1304 2743 1357 2796 in
1384 2740 1586 2796 Latinis
1617 2739 1693 2792 fa-

113 2848 260 2904 bulis
279 2846 432 2917 plura
459 2851 584 2899 sunt
611 2843 820 2897 cantica
855 2855 972 2909 qua:
998 2847 1283 2893 canuntur.
1314 2834 1544 2901 Ideoque
1586 2830 1694 2886 Ho-

115 2937 291 2991 ratius
350 2941 604 3002 utrasque
651 2931 747 2985 has
795 2927 1213 3001 significationes
1285 2924 1690 2993 interpretatur,

116 3043 243 3083 cum
274 3026 347 3080 ita
370 3026 437 3078 de
462 3022 637 3077 fabula
661 3021 788 3075 dicit
817 3038 830 3074 :

248 3136 347 3185 Aut
382 3135 546 3196 agitur
568 3144 649 3181 res
666 3134 712 3179 in
738 3130 931 3191 scenis,‘
946 3133 1031 3179 aut
1053 3131 1159 3178 aeta
1178 3124 1413 3177 refertur.

200 3237 372 3308 igitur
420 3234 592 3287 Latini
650 3231 748 3285 has
791 3238 1019 3300 quatuor
1067 3242 1227 3297 supra
1275 3226 1448 3281 dictas
1490 3224 1694 3295 species

118 3330 236 3384 suis
280 3326 512 3397 prepriis
554 3323 886 3393 appellavere
912 3319 1242 3383 nominibus,
1284 3318 1423 3372 sicut
1448 3317 1694 3385 superius

112 3419 229 3491 jam
257 3413 815 3475 commemoravimus,
841 3410 899 3463 id
918 3418 1024 3473 est,
1056 3409 1313 3479 tragicam
1346 3406 1531 3461 dixere
1558 3420 1696 3475 prae-

120 3516 410 3571 textatam,
441 3505 809 3571 ceruicemque
848 3499 1227 3564 tabernariam,
1247 3497 1533 3567 satyricam
1563 3510 1695 3564 quo-
1720 3515 1726 3520 ’

118 3618 227 3674 que
275 3598 608 3660 attellanam,
633 3603 687 3649 et
715 3593 982 3648 mimicam
1018 3587 1381 3661 ,planipedém.
1422 3586 1544 3655 Sed,
1558 3588 1696 3642 sicut

119 3692 345 3751 Grecae
379 3688 779 3760 appellationes,
804 3684 937 3754 quid
959 3683 1199 3737 valerent
1240 3679 1531 3735 secundum
1561 3678 1701 3733 anti-

120 3801 359 3858 quorum
410 3796 647 3845 sensum,
704 3779 1003 3833 edisserere
1043 3772 1376 3836 curavimus;
1422 3772 1501 3825 sic
1527 3772 1693 3825 etiam

121 3879 372 3939 Latinas,
416 3888 533 3944 qua:
573 3870 741 3939 magis
783 3875 1048 3922 nostrates
1084 3871 1227 3927 sunt,
1267 3875 1540 3930 exponere
1582 3874 1695 3914 non

121 3966 618 4040 przetermittamus.
694 3957 988 4029 Tragaadia:
1042 3954 1245 4017 scilicet
1294 3961 1354 4006 ει·
1422 3950 1697 4011 comoedia:

122 4058 283 4113 initio
298 4048 438 4126 apud
470 4052 689 4106 Latinos
713 4056 904 4118 togata:
927 4046 1260 4108 dicebantur,
1276 4042 1416 4112 quod
1443 4042 1620 4095 omnia
1645 4041 1699 4093 in

122 4147 343 4218 publico
395 4143 597 4197 honore
636 4136 855 4195 confusa
908 4134 1266 4189 cernebantur
1292 4172 1307 4196 ,
1352 4145 1470 4200 qua:
1506 4137 1700 4199 togata:

122 4249 315 4311 postea
348 4238 401 4290 in
439 4240 780 4304 praetextatas
834 4239 889 4283 et
934 4225 1265 4281 tabernarias
1301 4221 1696 4277 dividebantur.

126 4329 349 4397 Togataa
381 4322 569 4377 fabula:
615 4322 885 4383 dicuntur,
929 4332 1046 4385 qua:
1087 4316 1298 4382 scriptae
1336 4319 1462 4365 sunt
1510 4325 1700 4364 secun-

125 4423 260 4476 dum
302 4416 436 4468 ritus
484 4419 538 4466 et
584 4410 797 4463 habitus
836 4406 1109 4459 hominum
1158 4410 1479 4471 togatorum,
1530 4398 1581 4452 id
1619 4403 1700 4451 est

128 4512 530 4567 Romanorum:
563 4508 681 4569 toga
711 4509 937 4565 namque
963 4493 1199 4547 Romana
1212 4499 1313 4555 est;
1331 4490 1469 4548 sicut
1488 4487 1701 4569 Graecas

127 4562 346 4659 iabulas
376 4598 442 4651 ab
464 4562 647 4651 habitu
671 4604 821 4659 aeque
848 4562 1089 4656 palliatus
1124 4584 1289 4640 Varro
1315 4583 1389 4635 ait
1415 4562 1699 4636 nominari.

128 4695 245 4752 Sed
270 4701 324 4746 et
349 4690 451 4743 huc
496 4682 781 4740 notandum
809 4678 951 4748 quod
976 4687 1146 4746 togas,
1178 4689 1299 4727 cum
1327 4672 1398 4726 sit
1454 4669 1703 4740 generale

128 4797 356 4842 nomen,
384 4774 684 4847 specialiter
714 4779 890 4823 tamen
919 4780 1015 4835 pro
1047 4762 1360 4817 tabernariis
1388 4776 1492 4814 non
1547 4760 1704 4813 modo

125 4869 439 4931 communis
463 4881 614 4920 error
638 4868 873 4930 usurpat,
903 4856 1027 4926 quia
1052 4854 1194 4907 fauni
1223 4860 1431 4921 togatas
1450 4850 1703 4921 appellat,

128 4964 233 5037 sed
266 4969 322 5014 et
344 4966 537 5028 poetae,
563 4963 620 5008 ut
660 4951 931 5015 Horatius,
961 4947 1081 5017 quia
1108 4947 1182 5000 ait
1207 4962 1220 4998 :

263 5072 355 5122 Vel
378 5071 461 5132 qui
485 5073 755 5129 .[ratextas
773 5102 787 5125 ,
825 5060 902 5113 vel
921 5064 1006 5122 qut
1029 5059 1241 5107 docuere
1266 5062 1472 5115 togatas.

215 5176 541 5247 Togatarum
576 5167 877 5222 fabularum
904 5162 1118 5233 species
1146 5169 1222 5214 tot
1264 5157 1373 5211 fere
1418 5164 1542 5209 sunt
1581 5163 1710 5223 quot

132 5278 191 5326 et
222 5266 590 5338 palliatarum.
622 5257 753 5312 Nam
786 5255 974 5324 prima:
999 5251 1204 5321 species
1232 5254 1354 5303 sunt
1378 5254 1707 5315 togatarum,

133 5376 263 5433 qua
313 5360 642 5427 praetextata;
694 5350 960 5410 dicuntur,
1000 5345 1053 5396 in
1079 5344 1279 5412 quibus
1322 5340 1707 5407 imperatorum

136 5428 359 5523 negotia
384 5446 677 5518 agebantur
700 5450 755 5496 et
780 5437 986 5509 publice
1014 5450 1165 5505 reges
1185 5430 1411 5487 Romani
1438 5428 1523 5482 vel
1549 5429 1711 5481 duces

138 5547 495 5602 inducuntur,
556 5545 906 5607 personarum
965 5526 1219 5596 dignitate
1264 5532 1317 5577 et
1360 5532 1709 5590 personarum

138 5637 479 5695 sublimitate
529 5627 809 5700 tragaadiis
863 5619 1081 5679 similes.
1144 5615 1477 5671 Praetextatus
1529 5618 1711 5663 autem

144 5708 427 5800 dicuntur,
467 5728 595 5800 quia
635 5724 748 5782 fere
795 5732 983 5795 regum
1016 5713 1103 5770 vel
1155 5705 1584 5784 magistratuum,
1620 5701 1714 5778 qui

1789 529 2207 601 prebenduntur.
2256 523 2501 580 Secunda
2546 524 2751 594 species
2773 532 2859 577 est
2873 518 3200 592 togatarum,
3234 536 3352 593 quae

1784 615 2107 675 tabernarias
2142 616 2410 677 dicuntur,
2445 623 2498 670 et
2531 614 2832 670 humilitate
2875 626 3250 683 personarum,
3294 618 3351 667 et

1788 716 2224 782 argumentorum
2257 704 2604 760 similitudine
2626 703 2904 760 eomdiis
2929 716 3104 773 pares.
3148 702 3208 756 ιη
3230 702 3352 771 qui-

1787 804 1887 859 bus
1908 818 2016 857 non
2045 799 2387 871 magistratus
2430 811 2668 867 regesve,
2702 797 2802 851 sed
2836 795 3061 850 humiles
3102 794 3351 849 homines

1787 888 1848 947 et'
1888 892 2117 963 privata)
2161 889 2348 943 domus
2395 886 2822 949 introdueuutu-r,
2873 899 2996 955 quae
3043 898 3165 938 cum
3221 882 3350 959 olim

1786 985 1980 1040 tabulis
2025 989 2348 1053 tegerentur,
2396 978 2717 1033 tabernarias
2760 977 3110 1030 vocabantur.
3162 972 3347 1027 Tertia

1787 1074 1995 1144 species
2027 1080 2111 1128 est
2149 1070 2451 1145 fabularum
2512 1067 2853 1129 Latinarum,
2882 1080 3008 1133 qua:
3038 1079 3083 1130 -a
3136 1064 3353 1119 civitate

1786 1165 2045 1219 Oscorum
2106 1163 2294 1225 Atella,
2326 1177 2357 1214 a
2386 1175 2490 1229 qua
2536 1158 2767 1229 primum
2816 1164 3027 1225 emptas,
3079 1154 3353 1224 appellata:

1787 1265 1912 1311 sunt
1944 1255 2201 1319 atellanze,
2250 1251 2576 1322 argumentis
2626 1248 2886 1317 diuisque
2923 1245 3253 1316 iocularibus
3277 1244 3352 1299 si-

1788 1343 1943 1400 miles
1983 1343 2231 1414 satyricis
2278 1319 2468 1395 fabulis
2494 1336 2719 1395 Graecis.
2769 1336 2969 1402 Quarta
3019 1334 3223 1404 species
3271 1319 3388 1388 est.

1785 1433 2100 1506 planipedis,
2159 1431 2247 1499 qui
2298 1428 2481 1485 Grzeee
2529 1428 2723 1483 dicitur
2775 1418 2955 1497 μὲμοςς
3009 1425 3126 1479 ideo
3165 1431 3351 1478 autem

1787 1524 1976 1579 Latine
2000 1522 2239 1592 planipes
2271 1520 2463 1584 dictus,
2491 1517 2632 1585 quod
2671 1525 2881 1570 actores
2904 1514 3133 1582 pedibus
3160 1513 3353 1580 planis,

1787 1615 1841 1669 id
1878 1622 1959 1668 est
1998 1608 2543 1679 nudis,.proscenium
2586 1605 2910 1668 introirent;
2944 1618 3051 1656 non
3080 1608 3137 1654 ut
3158 1596 3353 1670 tragici

1788 1713 2015 1768 actores,
2042 1717 2163 1757 cum
2182 1699 2498 1764 cothurnis;
2521 1704 2766 1767 nequeut
2784 1694 3139 1758 'comici,cum
3162 1691 3356 1756 soccis;

1714 1792 1762 1851 Β
1790 1797 1904 1852 sive
1940 1795 2081 1865 quod
2121 1792 2248 1847 olim
2284 1806 2389 1845 non
2411 1791 2467 1843 in
2498 1798 2749 1859 suggestu
2774 1801 2976 1849 secum,
3000 1784 3095 1839 sed
3126 1783 3357 1852 inpiant)

1719 1906 1725 1914 '
1784 1864 2031 1944 oreistrae
2080 1882 2270 1955 positis
2333 1879 2702 1935 instrumentis
2754 1864 3355 1939 mimicis'actitabant.

1789 1980 1957 2050 Cujus
2019 1975 2323 2048 planipedis
2373 1982 2495 2027 acta
2540 1980 2843 2042 tegatarum
2900 1967 3131 2036 scriptor
3178 1966 3252 2019 ita
3301 1965 3355 2018 in

1786 2074 2003 2154 aedilitia
2035 2070 2213 2125 fabula
2254 2067 2539 2123 meminit:
2569 2066 2740 2119 Datur
2784 2065 2845 2116 in
2886 2072 2959 2117 est
3006 2058 3240 2116 Scaurus
3271 2075 3361 2113 ea:—

1790 2150 1951 2222 sultut
1978 2165 2249 2235 planipes;
2300 2161 2343 2215 si
2390 2174 2524 2229 quas
2573 2166 2756 2211 tamen
2802 2170 2875 2210 ex
2934 2153 3110 2208 soccis
3148 2150 3360 2207 fabulas

1792 2257 2049 2320 fecerant,
2100 2252 2307 2324 palliati
2345 2248 2783 2320 pronuntiabant.
2844 2244 3101 2312 Togataa
3132 2238 3364 2311 praetex-

1791 2360 1902 2405 tata
1930 2346 2196 2418 tragoedia
2247 2343 2445 2408 differt,
2480 2340 2703 2411 quodin
2746 2335 3012 2407 tragoedia
3048 2335 3253 2391 heroes
3279 2333 3364 2387 in-

1791 2442 2167 2498 troducuntur,
2195 2442 2257 2488 ut
2299 2432 2563 2487 Pacuvius
2606 2420 2895 2499 tragmdias
2938 2423 3363 2479 nominibushe-

1790 2519 1957 2586 'roicis
1997 2527 2231 2597 scripsit,
2256 2520 2527 2586 Orestem,
2558 2520 2885 2583 Chriseu,£t
2913 2516 3003 2571 his
3049 2500 3269 2570 simiiia.
3300 2511 3363 2566 In

1792 2626 2105 2691 praetextata
2136 2623 2339 2679 autem,
2362 2626 2467 2681 qua
2494 2609 2859 2665 inscribuntur
2894 2606 3107 2660 nomina
3150 2603 3360 2668 Latina,

1794 2722 1855 2766 ut
1879 2711 2075 2764 Brutus
2096 2708 2179 2763 vel
2212 2706 2428 2761 Decius.
2454 2701 2591 2758 Item
2629 2700 2911 2755 Mareel-his
2934 2697 3018 2752 vel
3058 2695 3363 2759 Africanus,

1794 2811 1849 2857 et
1878 2802 1964 2856 his
2002 2798 2214 2854 similia.
2250 2795 2450 2866 Togata
2478 2791 2781 2848 tabernaria
2808 2804 2838 2843 a
2866 2786 3127 2843 cmmdia
3162 2783 3363 2849 diiert,

1796 2891 1938 2961 quod
1961 2890 2021 2943 in
2046 2886 2309 2943 comoedia
2342 2882 2519 2940 Graeci
2549 2882 2684 2936 ritus
2724 2878 3066 2941 inducuntur,
3089 2889 3366 2945 peremisse

1795 2956 1899 3052 que
1941 2994 2155 3051 graecae,
2180 2986 2243 3032 ut
2278 2976 2503 3039 Laches,
2556 2971 2822 3036 Sostrata,
2864 2968 3026 3033 Geta,
3078 2956 3361 3035 Demipho;

1796 3074 1850 3128 in
1880 3072 1966 3126 illa
1998 3084 2123 3129 vero
2148 3067 2373 3121 Latina.
2406 3064 2637 3143 Togatas
2678 3059 3012 3114 tabernarias
3041 3058 3094 3111 in
3146 3071 3364 3111 scenam

1793 3164 2109 3217 dataverunt
2142 3156 2408 3227 praecipue
2436 3154 2560 3216 duo,
2604 3148 2893 3212 Alfranius,
2916 3156 2973 3202 et
2991 3145 3063 3201 G.
3076 3145 3361 3213 Quintius;

1796 3269 1920 3309 nam
1976 3248 2259 3305 Terentius
2290 3254 2366 3300 et
2433 3242 2633 3298 C(elius
2663 3239 2963 3294 comoedias
3014 3237 3364 3304 scripserunt.

1793 3344 1984 3399 Latina
2019 3340 2271 3396 attellana
2307 3352 2337 3390 a
2392 3333 2578 3389 Graeca
2604 3330 2848 3409 satyrica
2900 3326 3094 3392 diﬂ'ert,
3140 3326 3281 3396 quod
3310 3325 3368 3380 in

1794 3435 2025 3506 satyrica
2047 3432 2165 3486 fere
2197 3437 2499 3498 satyrorum
2522 3436 2768 3493 personae
2807 3418 3158 3480 inducuntur,
3188 3422 3282 3468 aut
3317 3412 3368 3469 si

1795 3502 1914 3596 quae
1942 3532 2067 3579 sunt
2099 3518 2339 3584 ridiculae
2381 3512 2584 3569 similes
2612 3510 2828 3580 satyris,
2861 3514 2918 3560 ut
2946 3504 3149 3568 Olicus,
3202 3502 3362 3558 Busi-

1797 3593 1947 3671 ridis.
1994 3612 2050 3667 In
2086 3609 2334 3665 attellana
2366 3614 2543 3659 autem
2565 3617 2705 3658 esca:
2734 3612 2996 3669 personae,
3020 3602 3081 3648 ut
3112 3593 3346 3648 laesus.

1866 3699 2251 3774 Excgematici,
2282 3697 2334 3749 id
2360 3704 2465 3759 est,
2495 3688 2806 3755 euarrativi,
2849 3686 3114 3758 poanatis
3156 3684 3369 3753 species

1797 3805 1923 3852 sunt
1965 3806 2097 3857 tres,
2137 3789 2451 3859 angelitieae,
2496 3783 2793 3844 historicas,
2838 3777 3185 3833 didascalicse.
3253 3774 3365 3828 An-

1797 3886 2003 3957 gelitica
2034 3891 2280 3953 est,qu
2324 3874 2601 3931 sententiae
2631 3870 2960 3931 seuibuntu,
3004 3872 3168 3918 utest
3194 3861 3370 3916 Theo-

1798 3953 1974 4048 gnidis
2010 3974 2163 4033 liber,
2194 3977 2251 4023 et
2288 3966 2581 4021 Muaastaica
2630 3961 2836 4025 Albini,
2895 3973 3013 4027 qua:
3056 3955 3263 4025 species
3306 3953 3368 4007 in

1754 4100 1755 4103 η
1801 4045 2049 4138 plurimis
2072 4058 2409 4131 poematibus
2448 4054 2681 4124 sparsim
2708 4050 2881 4122 posita
2915 4047 3195 4117 reperitur.
3235 4045 3366 4098 item

1802 4157 1965 4211 chrize
1989 4153 2160 4208 eidem
2199 4150 2539 4217 deputantur.
2584 4142 2850 4197 Hister-ica
2876 4147 2985 4202 est,
3024 4152 3130 4208 qua
3175 4150 3366 4190 narra-

1802 4246 1963 4300 tionis
2000 4240 2320 4311 genealogiaa
2363 4243 2774 4306 componuntur,
2814 4242 2874 4287 ut
2904 4240 2996 4287 est
3032 4238 3262 4284 metrum
3300 4228 3368 4281 de

1800 4336 2145 4405 generatione
2180 4330 2390 4394 mandi,
2421 4328 2626 4390 etsitu,
2656 4333 2712 4380 et
2736 4323 2997 4393 qualitate
3036 4321 3368 4405 diversarum

1803 4396 2061 4498 genuum,
2086 4430 2148 4479 ει
2178 4422 2314 4475 liber
2340 4418 2555 4481 Alcimi,
2582 4415 2755 4470 etsllis
2783 4413 2997 4467 similia.
3040 4396 3366 4463 Didascalica

1804 4530 1905 4586 est,
1931 4536 2035 4590 qua
2064 4513 2530 4585 comprehenditur
2566 4508 2897 4581 philosophia
2929 4504 3267 4576 Empedoclis
3316 4509 3367 4557 et

1805 4610 2058 4665 Lucretii.
2103 4606 2233 4659 item
2262 4601 2571 4670 astrologia,
2600 4608 2652 4652 et
2703 4598 3058 4667 phmnomeaa
3107 4593 3261 4649 Arati
3314 4600 3371 4647 et

1807 4701 2098 4764 Ciceronis,
2132 4707 2189 4751 et
2235 4696 2429 4765 Georg.
2464 4693 2608 4760 Virg.
2636 4690 2800 4745 ethis
2823 4687 3015 4742 similia
3065 4685 3125 4739 C.

1879 4813 2028 4868 Cceni
2060 4809 2141 4863 vel
2169 4806 2468 4864 communis
2498 4810 2773 4872 poematos
2812 4798 3019 4868 species
3056 4803 3183 4850 sunt
3229 4795 3365 4849 dum.

1809 4906 2043 4972 Quarum
2084 4900 2230 4969 prior
2262 4896 2502 4957 heroiea,
2530 4901 2590 4947 ut
2618 4899 2701 4947 est
2758 4889 2937 4944 Iliadis
2968 4894 3024 4941 et
3089 4884 3363 4949 Eneidos;

1808 4997 1976 5049 altera
2024 5003 2122 5046 est
2160 4989 2351 5051 eliaca,
2408 5000 2525 5054 quae.
2566 4990 2620 5038 et
2680 4981 2846 5052 lyrica
2904 4978 3118 5041 dicitur,
3180 4981 3241 5028 ut
3283 4980 3367 5028 est

1806 5084 2161 5142 Archilochus
2196 5090 2251 5135 et
2298 5077 2564 5133 Horatius.

2432 5198 2756 5244 INCIPIUNT

1852 5289 2094 5336 GLOSSE
2141 5281 2480 5327 VERBORUM
2523 5279 2581 5321 IN
2629 5272 2930 5319 DONATU'I
2970 5266 3298 5316 1130881.

1886 5414 2026 5480 Quot
2066 5407 2405 5463 dntinitiones
2438 5406 2559 5456 sunt
2598 5397 2737 5467 apud
2779 5390 3189 5466 grammaticos?
3240 5387 3367 5442 Sex.

1816 5506 1992 5560 Prima
2042 5509 2124 5557 est
2165 5492 2522 5567 substantialis
2554 5508 2566 5544 :
2601 5503 2793 5543 nomen
2824 5495 2904 5540 est
2951 5498 3081 5554 pars
3116 5478 3372 5535 orationis

1817 5614 1938 5656 eum
1969 5612 2111 5652 casu.
2143 5588 2382 5645 Secunda
2400 5591 2484 5638 est
2504 5580 2645 5643 soni,
2659 5574 2867 5633 nomen
2894 5576 3092 5629 dictum
3112 5565 3194 5639 est
3219 5568 3373 5639 quasi

1819 5700 2090 5751 notamen.
2114 5682 2293 5740 Tertia
2316 5685 2397 5734 est
2417 5672 2736 5737 nurneralis;
2755 5678 2945 5743 partes
2964 5662 3227 5721 orationis
3241 5667 3377 5721 sunt
