3918 6392
460 440 555 496 671

1129 425 1186 479 Β.
1230 416 1479 476 RABANI
1518 411 1734 470 MAURI
1769 406 2094 468 ARCHIEP.
2138 405 2745 466 MOGUNT.OPERUM
2785 405 2962 461 PARS
3001 406 3086 461 lll.

3614 400 3721 454 672

457 563 597 613 octo.
653 549 874 618 Quarta,
931 535 1305 598 accidentalis:
1359 532 1563 589 nomini
1601 528 1852 584 accidunt
1907 537 2023 578 sex.
2053 521 2108 585 Α
2131 525 2175 580 si
2219 523 2462 579 absolute
2493 521 2696 576 diceret
2719 520 2891 584 dulce,
2926 521 3097 574 minus
3144 519 3264 576 ideo
3291 517 3560 590 signiﬁcat
3587 517 3726 586 quia

457 613 697 714 Quinta:
734 634 997 708 specialis,
1054 642 1249 698 corpus
1276 632 1369 679 aut
1415 638 1527 678 rem
1583 618 1818 690 proprie.
1861 613 2028 669 Sexta

2130 630 2375 671 amarum
2398 613 2744 669 amaritudini
2791 618 3154 682 comparatur.
3206 609 3331 663 1am
3385 612 3560 663 senior
3585 623 3614 661 s
3637 624 3666 660 c
3687 604 3728 660 cl

457 700 541 791 est
569 700 907 804 etymologia:
938 725 1098 777 homo
1123 719 1298 772 dictus
1321 723 1404 771 est
1429 713 1496 767 ab
1527 713 1711 790 humo,
1741 709 1939 763 humus
1961 704 2029 759 ab
2129 725 2166 761 ιι
2206 725 2231 762 s
2259 719 2315 773 ες
2343 720 2469 762 ecce
2487 706 2886 774 comparativus
2923 720 3022 775 pro
3067 702 3298 773 positivo
3331 702 3621 772 accipitur,
3652 700 3729 758 ad

459 795 700 881 humore.
732 795 951 878 Verum,
983 813 997 866 i
1025 827 1058 881 p
1093 809 1204 865 sed.
1239 805 1260 879 [
1295 820 1480 860 verum
1529 804 1582 858 id
1624 816 1721 872 per
1775 812 1832 853 se
1890 795 2032 850 desi—

459 912 608 986 gnat]
636 923 829 977 corpus
850 911 943 959 aut
969 916 1103 956 rem.
1136 899 1242 953 Res
1269 895 1484 966 propria
1514 900 1617 958 εει,
1640 898 1701 946 ιιι
1724 886 2033 942 Priscianus

457 975 608 1070 dicit,
638 975 748 1066 ars,
772 999 838 1053 ad
879 994 1169 1068 quemlibet
1218 997 1490 1044 auctorem
1524 975 1829 1054 specialiter
1861 978 2031 1049 perti-

465 1112 626 1160 nens,
654 1100 713 1146 ut
766 1097 850 1145 est
889 1083 1240 1142 Arithmetica
1274 1075 1609 1140 Nicomachi,
1661 1069 2034 1127 Grammatica

455 1181 777 1242 Aristarchi.
821 1178 927 1232 Res
960 1189 1090 1229 vero
1136 1167 1438 1226 communis
1462 1173 1522 1218 ut
1563 1162 1867 1231 disciplina,
1923 1173 2032 1213 ars.

457 1277 562 1332 Alii
591 1275 775 1329 dicunt
802 1284 916 1324 rem
946 1279 1062 1321 esse
1088 1259 1379 1333 propriam,
1427 1263 1487 1309 ut
1517 1262 1635 1309 sunt
1668 1252 1888 1307 nomina
1927 1248 2038 1302 An-

458 1369 696 1441 gelorum
746 1358 991 1423 Michael,
1020 1352 1258 1417 Gabriel,
1295 1359 1430 1414 etc.;
1459 1358 1794 1432 communem
1832 1351 2034 1404 autem,

460 1428 678 1518 nomina
709 1449 992 1509 virtutum,
1033 1451 1093 1498 ut
1126 1442 1318 1512 pietas,
1344 1429 1645 1509 prudentia,
1675 1441 1731 1488 et
1760 1431 1858 1486 rel.
1895 1428 2040 1482 Non-

461 1544 589 1601 nulli
614 1543 715 1597 hoc
745 1540 904 1595 modo
935 1535 1198 1590 aﬂirmare
1224 1548 1330 1587 non
1368 1530 1631 1585 dubitant.
1672 1526 1778 1579 Res
1819 1522 2042 1595 pr0pria

463 1638 606 1694 Deus
645 1643 744 1699 est,
783 1630 1082 1688 communis
1127 1635 1305 1680 autem
1346 1622 1585 1693 angelus.
1625 1619 1868 1685 Quatuor
1923 1631 2046 1686 spe-

461 1732 570 1786 cies
614 1736 766 1783 sunt:
800 1725 1020 1779 Publius
1053 1713 1359 1796 praenomen
1398 1723 1518 1780 est;
1573 1710 1876 1774 Cornelius,
1918 1722 2046 1777 pro-

460 1822 665 1893 prium;
698 1817 894 1888 Scipio,
935 1827 1269 1884 cognomen;
1302 1806 1588 1863 Africanus
1612 1815 1896 1875 agnomen.
1953 1797 2048 1852 Ha:

2132 799 2334 856 nullum
2360 798 2504 854 enim
2529 797 2692 852 alium
2719 796 2932 853 Charon
2959 796 3020 849 ﬁt
3047 794 3398 865 comparatio.

2738 888 2817 943 De
2843 904 3042 959 genere.

2205 979 2332 1035 Haec
2374 995 2545 1034 musa.
2574 979 2723 1033 Musa
2752 979 3141 1047 interpretatur
3188 990 3426 1046 quaerens
3452 992 3471 1037 ;
3502 989 3532 1027 a
3585 989 3732 1029 sono

2135 1070 2280 1124 enim
2325 1070 2618 1135 derivatur,
2651 1078 2705 1122 et
2745 1075 2829 1122 est
2879 1067 2976 1121 dea
3009 1067 3332 1127 carminum.
3385 1063 3585 1119 Novem
3623 1082 3698 1119 no

2138 1157 2282 1211 mina
2319 1158 2587 1211 Musarum
2617 1166 2742 1211 sunt
2797 1157 2911 1211 hic:
2945 1155 3298 1225 Melpomene,
3331 1155 3582 1224 Euterpe,
3625 1155 3732 1209 Po-

2139 1249 2359 1318 lymnia,
2390 1249 2767 1318 Terpsichore,
2800 1246 3020 1309 Urania,
3060 1246 3192 1310 Clio,
3240 1246 3476 1316 Calliope
3511 1247 3732 1318 [Erato,

2143 1340 2371 1412 Thalia].
2418 1341 2515 1394 Est
2549 1341 2852 1409 epicoenon,
2886 1339 2938 1393 id
2971 1347 3054 1394 est
3098 1354 3565 1408 supercommune,
3599 1338 3735 1406 quia

2143 1433 2423 1500 utriusque
2466 1433 2679 1504 generis
2729 1431 2984 1485 animalia
3048 1446 3156 1484 uno
3207 1430 3435 1484 articulo
3473 1445 3736 1498 compreo

2147 1525 2448 1579 hendimus.
2502 1525 2603 1578 Alii
2633 1525 2817 1579 dicunt
2864 1525 3397 1594 supercommixtum,
3430 1539 3536 1577 non
3583 1521 3741 1593 quod

2147 1616 2263 1685 ipsa
2294 1624 2484 1669 natura
2518 1631 2679 1669 sexus
2723 1616 3014 1669 commixta
3063 1616 3151 1680 sit,
3189 1617 3290 1675 sed
3331 1624 3514 1670 noster
3570 1611 3743 1668 intel-

2149 1708 2348 1773 lectus;
2381 1707 2633 1787 nonnulla
2663 1707 2804 1760 enim
2828 1705 3083 1761 animalia
3113 1707 3380 1770 videntes,
3407 1715 3587 1759 utrum
3622 1721 3744 1760 ma-

2153 1801 2333 1855 sculus
2353 1800 2425 1855 sit
2452 1815 2518 1854 an
2549 1798 2747 1854 femina
2775 1800 3104 1870 ignoramus.
3137 1798 3424 1852 Eunuchus
3457 1799 3741 1864 commdia,

462 1921 690 1982 quatuor
754 1908 959 1980 species
1016 1905 1292 1960 nominum
1343 1899 1411 1955 ad
1466 1913 1632 1953 unum
1681 1895 1859 1950 virum
1907 1908 2030 1964 per—
2059 1887 2107 1948 B
2136 1892 2188 1948 id
2236 1901 2321 1947 est
2363 1892 2500 1948 liber
2551 1892 2837 1956 Terentii,
2876 1899 2931 1947 et
2973 1901 3059 1948 est
3108 1884 3305 1946 nomen
3346 1891 3476 1945 illud
3523 1890 3747 1960 generis

467 2006 658 2060 tinent.
727 2001 845 2056 Alia
887 2006 1013 2054 sunt
1058 1997 1245 2067 primae
1287 1993 1492 2064 pinon
1553 1989 1765 2044 aliunde
1818 1992 2046 2042 sumunt

466 2094 750 2163 originem,
794 2089 990 2145 crescit
1040 2099 1177 2156 saepe
1210 2100 1246 2138 n
1277 2098 1303 2137 ε
1349 2080 1628 2154 [numerus
1673 2072 2041 2145 sillabarum];

471 2188 507 2242 i.
532 2202 605 2251 e.,
630 2185 755 2254 quia
778 2199 884 2237 non
911 2195 1141 2248 semper,
1168 2186 1348 2229 tamen
1385 2171 1690 2241 aliquando,
1722 2176 1781 2221 ut
1806 2165 2043 2237 paulum,

470 2274 763 2349 paululum,
826 2269 1137 2343 pauxillum,
1179 2261 1573 2336 pauxillulum.
1639 2259 1776 2312 Sunt
1825 2256 2047 2311 nomina

470 2376 586 2425 tota
621 2381 676 2435 q.
708 2367 762 2420 d.
796 2361 890 2436 [F.
921 2360 1121 2416 Graeca
1158 2352 1590 2424 declinationis];
1622 2352 1725 2405 ista
1770 2354 1896 2403 sunt
1920 2359 2047 2416 pro-

465 2459 585 2530 pria
610 2455 825 2511 nomina
856 2453 996 2523 apud
1038 2450 1273 2513 Graecos,
1319 2455 1374 2501 et
1413 2443 1553 2515 apud
1593 2456 1692 2497 nos
1718 2448 1844 2496 sunt
1870 2437 2046 2509 posita

471 2552 614 2607 inter
665 2546 1103 2619 appellativorum
1147 2541 1372 2613 species,
1415 2539 1541 2609 quia
1572 2533 2045 2606 interpretationes

467 2654 656 2696 eorum
682 2636 1014 2707 appellativa;
1073 2641 1214 2705 sunt.
1281 2630 1580 2693 Themisto,
1628 2623 2044 2695 interprwsensi-

469 2729 619 2794 bilis;
663 2726 912 2797 Calypso,
969 2719 1312 2776 rationabilis.
1349 2719 1483 2784 Pan,
1533 2732 1681 2771 omne
1723 2708 1809 2770 vel
1847 2722 2045 2778 totum;

473 2835 590 2889 quae
633 2826 754 2873 sunt
810 2825 921 2871 tota
983 2814 1183 2870 Graeca:
1233 2808 1625 2874 declinatibnis,
1671 2799 1730 2860 id
1788 2813 1873 2860 est
1919 2804 2046 2873 quia

473 2911 661 2965 Latine
688 2906 830 2962 ﬂecti
860 2921 967 2962 non
1010 2904 1208 2959 debent
1234 2902 1301 2956 ab
1349 2901 1439 2955 illo
1493 2901 1583 2969 qui
1624 2907 1908 2966 utramque
1950 2910 2047 2949 no-

471 3003 609 3058 verit
655 3000 909 3075 linguam.
943 2996 1071 3064 Quae
1119 2990 1452 3065 appellantur
1497 2991 1680 3055 notha,
1721 2989 1774 3043 id
1828 2994 1930 3053 εει,
1980 3001 2048 3041 ex

473 3105 624 3166 parte
657 3092 874 3148 nobilia.
927 3089 1059 3144 Nam
1099 3087 1271 3144 Crzeci
1308 3083 1608 3149 Achilleios,
1635 3081 1811 3136 Latini
1865 3078 2047 3133 Achil-

474 3189 565 3251 les,
624 3184 795 3241 Graeci
822 3183 1206 3254 Agamemnon,
1250 3178 1426 3232 Latini
1481 3177 1798 3247 Agamemno
1859 3172 2045 3228 dicunt

2151 1982 2416 2036 feminini.
2451 1981 2709 2036 Similiter
2738 1980 2943 2036 Orestes
2986 1990 3040 2037 et
3064 1981 3376 2036 Centaurus.
3422 1979 3647 2045 Poema,
3692 1980 3748 2034 id

2150 2086 2234 2133 est
2273 2091 2406 2146 opus
2433 2083 2605 2146 poeta:
2637 2093 2650 2141 ;
2684 2074 2954 2139 emblema,
3007 2074 3060 2138 id
3090 2084 3174 2129 est
3219 2073 3584 2138 abundantia;
3620 2089 3750 2142 por-

2151 2184 2290 2232 rum,
2321 2168 2371 2220 id
2395 2177 2479 2221 est
2518 2167 2667 2230 olus;
2695 2183 2813 2235 cepe
2842 2167 3020 2219 neutri
3067 2165 3280 2235 generis
3328 2173 3413 2218 est
3452 2164 3505 2216 in
3554 2163 3745 2232 singu-

2150 2258 2250 2312 lari
2296 2272 2539 2322 numcro,
2590 2255 2646 2311 et
2683 2264 2766 2310 est
2819 2269 3013 2310 nomen
3065 2254 3262 2318 oleris;
3299 2255 3498 2320 forum,
3552 2254 3604 2307 id
3662 2262 3750 2309 εει

2151 2357 2448 2403 mercatum
2496 2362 2591 2402 seu
2623 2347 2868 2401 tabulata
2907 2345 3156 2411 navium;
3199 2345 3376 2414 stirps,
3424 2345 3480 2398 id
3507 2350 3591 2399 est
3627 2344 3748 2399 vir-

2150 2440 2317 2510 gulta,
2348 2454 2466 2508 qua:
2489 2437 2645 2506 juxta
2684 2438 3282 2501 arborcm'nascuntur,
3317 2435 3400 2490 vel
3423 2436 3747 2506 progenies;

2149 2530 2443 2601 pampinus,
2485 2527 2539 2582 id
2579 2533 2663 2582 est
2702 2525 2888 2583 folium
2912 2527 3037 2580 vitis
3070 2543 3084 2579 :
3115 2535 3242 2580 sunt
3267 2527 3459 2580 incerti
3505 2526 3750 2595 generis,

2151 2619 2203 2675 id
2236 2629 2319 2674 est
2342 2617 2622 2673 masculini
2649 2625 2704 2672 ct
2723 2618 2940 2682 neutri;
2983 2615 3178 2685 duplex
3216 2616 3360 2671 enim
3383 2615 3751 2670 nominativus

2151 2711 2422 2766 invenitur
2437 2749 2452 2775 ,
2470 2709 2520 2764 id
2543 2715 2624 2763 est
2638 2708 2815 2777 [renus
2839 2715 2894 2761 et
2906 2707 3111 2776 {renum
3125 2723 3144 2771 ;
3175 2704 3384 2775 clypcus
3409 2715 3464 2759 et
3486 2705 3747 2774 clypeum.

2165 2801 2356 2873 Vulgus
2399 2809 2577 2857 autem
2617 2809 2672 2854 ει
2704 2815 2884 2868 specus
2939 2799 2994 2853 in
3045 2813 3153 2851 una
3205 2795 3588 2850 terminatione
3633 2809 3753 2849 ma.

2150 2893 2345 2949 sculini
2373 2901 2428 2948 et
2463 2892 2637 2946 neutri
2662 2891 2873 2962 generis
2912 2896 3056 2944 sunt.
3116 2887 3428 2949 Feminino,
3463 2886 3516 2950 i,
3542 2901 3570 2939 a
3591 2926 3606 2950 ,
3629 2901 3657 2939 ε
3678 2926 3695 2951 ,
3717 2882 3753 2940 (1

2153 2985 2259 3058 [Ε.
2319 2987 2461 3055 ipsas
2493 2984 2713 3039 arbores
2771 2997 2912 3053 szepe
2966 2977 3254 3052 dicimus],
3283 2980 3409 3049 quia
3459 2977 3754 3048 aliquando

2155 3077 2438 3133 masculini
2487 3076 2702 3144 generis
2734 3075 3007 3129 invenitur
3041 3081 3101 3127 ut
3144 3071 3386 3125 oleaster.
3437 3070 3667 3126 Scutum
3717 3084 3751 3125 ι

2157 3167 2486 3222 rotunditate
2515 3164 2733 3221 dicitur.
2779 3163 3001 3218 Femina
3032 3175 3152 3231 qua
3175 3175 3344 3231 panes
3393 3159 3630 3225 conﬁcit,
3669 3160 3752 3229 pi-

475 3279 638 3332 vcluti
676 3290 852 3332 sermo
897 3283 950 3330 et
979 3273 1182 3342 reliqua
1228 3273 1572 3340 homonyma,
1625 3266 1679 3321 id
1730 3274 1815 3320 est
1851 3265 2047 3319 unino-
2077 3237 2123 3299 Ο
2156 3259 2326 3314 strilla
2356 3258 2570 3322 dicitur,
2599 3271 2693 3312 seu
2721 3272 2816 3311 vas
2847 3257 2899 3310 in
2932 3270 3039 3326 quo
3071 3257 3330 3309 miscetur
3365 3269 3504 3322 aqua
3533 3252 3751 3321 farina,

478 3370 582 3424 mia
622 3367 704 3422 vel
736 3367 976 3421 univoca.
1013 3363 1210 3434 Nepos,
1236 3361 1378 3430 ﬁlius
1426 3359 1521 3426 ﬁlii
1548 3375 1580 3422 ;.
1622 3356 1929 3410 luxuriosus
1969 3352 2053 3407 vel

477 3458 719 3527 prodigus
781 3455 996 3509 dicitur.
1040 3452 1348 3522 Synonyma
1391 3457 1446 3502 et
1492 3446 1835 3517 polyonyma,
1871 3443 1925 3498 id
1971 3450 2055 3498 est

475 3545 796 3618 plurinomia
828 3543 914 3598 vel
958 3541 1264 3596 multivoca.
1314 3538 1470 3593 Aries
1510 3545 1593 3590 est
1625 3533 1848 3598 animal,
1896 3529 2053 3585 Aries

477 3649 560 3694 est
613 3633 825 3707 signum
889 3635 943 3689 in
999 3633 1155 3699 coelo,
1219 3632 1378 3687 Aries
1435 3630 1925 3685 machinamentum
1984 3629 2053 3683 ad

481 3727 860 3784 destruendum
911 3725 1232 3780 munitiones
1284 3736 1580 3776 murorum.
1652 3719 1809 3775 Acies
1859 3718 2056 3772 dicitur

479 3819 773 3884 oculorum,
826 3818 969 3874 acies
994 3815 1142 3882 ferri,
1176 3811 1321 3871 acies
1371 3815 1659 3871 exercitus.
1712 3812 1769 3866 In
1800 3813 1883 3866 his
1936 3826 2055 3880 quae

482 3909 652 3965 Greca
683 3918 827 3974 sunt,
865 3923 917 3962 m
939 3924 1015 3980 gs
1041 3924 1068 3963 r
1115 3907 1433 3962 subauditur
1470 3904 1561 3976 [ιη’.
1594 3904 1762 3974 magis
1809 3903 2054 3957 Graecam

483 4001 812 4057 servabimus
858 3999 1146 4072 regulam]
1180 4015 1340 4070 quam
1387 3998 1653 4061 Latinam,
1706 3996 1831 4066 quia
1881 3994 2056 4064 qualis

480 4103 566 4151 est
594 4094 900 4148 terminatio
926 4107 1113 4146 eorum
1141 4092 1280 4160 apud
1319 4091 1557 4154 Graecos,
1587 4090 1771 4143 eadem
1811 4096 2059 4142 servatur

483 4192 539 4243 ει
558 4184 696 4255 apud
720 4184 932 4237 latinos.
958 4181 1426 4251 Agamemnoniae,
1459 4178 1706 4248 Mycenae,
1727 4177 1778 4230 id
1803 4184 1904 4240 est,
1929 4177 2055 4244 quia

482 4279 810 4350 Agamemno
840 4275 913 4330 ibi
940 4274 1215 4344 regnabat.
1246 4272 1380 4326 Alia:
1409 4272 1597 4326 mediae
1627 4268 2052 4340 signiﬁcationis,

487 4372 540 4426 id
561 4379 643 4425 est
681 4369 816 4439 quia.
835 4367 1045 4436 quando
1077 4365 1194 4419 dico
1222 4379 1460 4433 magnus,
1503 4363 1677 4416 adhuc
1722 4360 1945 4431 pendet;
1975 4357 2058 4412 vel

489 4465 605 4517 ideo
632 4461 818 4514 mediae
847 4456 1273 4529 signiﬁcationis,
1304 4454 1429 4522 quia
1469 4453 1536 4506 ad
1575 4453 1773 4507 bonum
1814 4449 1896 4503 vel
1944 4464 2058 4503 ma-

487 4554 596 4606 lum
650 4550 974 4613 referuntur,
1029 4556 1087 4601 ut
1137 4561 1353 4619 magnus
1411 4544 1674 4612 magister,
1733 4548 1785 4594 et
1836 4556 2058 4609 magnus

489 4648 641 4699 (utro.
671 4643 789 4697 Alia
827 4642 1037 4710 patriai,
1068 4638 1122 4692 id
1150 4646 1252 4700 est,
1289 4635 1465 4705 patria
1491 4642 1573 4688 est
1601 4633 1790 4687 civitas
1844 4631 1897 4684 in
1952 4646 2056 4700 qua

489 4741 606 4810 quis
655 4737 925 4799 nascitur,
961 4733 1044 4787 vel
1084 4740 1224 4786 terra
1270 4728 1518 4797 adjacens
1568 4724 1790 4779 civitati.
1847 4720 2058 4774 Primus

489 4831 552 4883 ιιυ
597 4828 795 4891 multis,
843 4825 895 4878 id
931 4831 1032 4888 est,
1072 4823 1194 4891 quia
1227 4821 1457 4888 speciem
1510 4817 1676 4871 habet
1726 4810 2055 4883 superlativi'.

495 4922 648 4974 Prior
671 4921 735 4973 (le
761 4917 987 4980 duobus,
1038 4915 1090 4969 id
1125 4922 1224 4977 est,
1263 4921 1318 4967 et
1344 4911 1444 4965 iste
1493 4907 1726 4979 speciem
1782 4917 2061 4971 compara-

493 5013 604 5073 tivi,
633 5011 755 5078 quia
787 5011 851 5062 de
877 5007 1083 5060 duobus
1113 5005 1240 5058 facit
1267 5000 1741 5071 comparationem.
1801 4994 2058 5058 Comedo,

491 5104 543 5157 id
580 5111 659 5156 est
686 5115 851 5154 vorax
882 5099 994 5151 sive
1024 5098 1182 5149 tinea.
1217 5094 1399 5162 Palpo,
1430 5092 1480 5144 id
1509 5099 1586 5145 est
1607 5088 1811 5144 avicula
1839 5085 2058 5156 papilio,

494 5195 574 5248 vel
601 5208 792 5256 caecus,
827 5189 909 5244 vel
944 5190 1098 5243 latro.
1130 5185 1557 5256 Comparationis
1584 5183 1652 5250 gi
1693 5183 1912 5252 [genera
1939 5185 2062 5231 sunt

494 5287 621 5358 tria]
654 5304 666 5339 :
698 5282 1027 5351 comparatio
1065 5279 1258 5334 dicitur
1287 5276 1499 5331 collatio
1537 5272 1809 5334 similium,
1844 5284 1962 5338 quae
1993 5283 2061 5322 ex

495 5356 713 5433 alterius
755 5375 1037 5428 collatione
1077 5371 1298 5424 alterum
1330 5365 1562 5438 praefert.
1602 5356 1896 5431 Aliquando
1917 5374 2064 5414 com-

497 5470 789 5540 parativus,
813 5475 866 5519 et
898 5465 960 5517 si
996 5463 1218 5518 ulterior
1260 5469 1313 5514 et
1354 5460 1594 5527 superior
1648 5463 1805 5523 atque
1840 5450 2062 5505 inferior

498 5559 845 5631 comparativi
884 5558 1192 5610 derivantur
1215 5556 1282 5608 ab
1308 5552 1594 5614 adverbiis,
1627 5548 1785 5612 ultra,
1815 5563 1970 5615 supra
2010 5553 2065 5598 et

499 5653 655 5719 infra.
715 5647 843 5701 Nam
885 5647 1142 5714 positivus
1165 5662 1198 5715 p
1220 5654 1273 5699 et
1303 5661 1330 5697 a
1355 5645 1367 5696 i
1400 5641 1670 5712 perfectus
1701 5647 1782 5692 est
1805 5652 1983 5696 sensu,
2011 5643 2065 5688 et

499 5742 770 5797 absolutus
792 5757 820 5792 a
847 5753 972 5793 casu
1008 5757 1018 5790 :
1057 5736 1201 5790 Mare
1233 5737 1503 5789 Ponticum
1534 5735 1566 5786 Δ
1595 5751 1624 5802 q
1649 5749 1673 5784 c
1701 5747 1750 5783 m
1787 5731 1804 5782 ξ
1837 5727 2064 5800 [dulcius

501 5849 653 5900 quam
687 5841 872 5886 cratera
902 5828 1091 5900 maria]
1119 5847 1132 5895 ;
1181 5828 1353 5896 major
1380 5827 1523 5882 enim
1552 5832 1693 5880 esset
1736 5818 2066 5891 comparatio

2081 4582 2138 4644 D

2159 3351 2271 3404 sive
2296 3349 2461 3418 ipsius
2508 3348 2699 3403 domus
2745 3361 2942 3401 nomen
2996 3344 3402 3399 diminutivum.
3467 3343 3752 3409 Toreuma,

2157 3442 2211 3496 id
2236 3449 2319 3497 est
2349 3448 2626 3496 tornatura
2651 3481 2665 3504 ,
2699 3439 2784 3494 vel
2805 3438 2948 3494 bulla
2982 3453 3103 3508 quae
3127 3437 3186 3490 ﬁt
3212 3437 3268 3491 in
3297 3451 3437 3505 aqua
3463 3477 3478 3502 ,
3534 3435 3618 3490 vel
3672 3434 3754 3507 (ut

2158 3534 2375 3603 quidam
2421 3531 2626 3604 dicunt)
2667 3547 2831 3586 sonus
2860 3528 3117 3585 thoracis.
3173 3527 3400 3595 Euterpe
3420 3567 3434 3590 ,
3466 3526 3520 3579 id
3552 3534 3637 3580 est
3656 3542 3754 3581 no-

2157 3640 2278 3680 men
2321 3639 2507 3679 muste.
2563 3620 2792 3686 Gummi,
2839 3622 2893 3675 id
2955 3628 3038 3674 est
3087 3635 3256 3691 genus
3309 3619 3503 3672 resina:
3565 3627 3750 3688 aptum

2141 3715 2454 3787 medicinae.
2488 3712 2674 3783 Frugi,
2703 3713 2757 3767 id
2786 3721 2867 3768 est
2894 3727 3092 3781 parcus
3118 3710 3204 3765 vel
3233 3710 3532 3763 modestus.
3584 3707 3752 3760 Nihili

2157 3807 2298 3861 idem
2351 3813 2435 3860 est
2478 3805 2621 3874 quod
2671 3804 2822 3857 nihil.
2884 3801 3157 3866 Pumilio,
3187 3815 3384 3871 parvus
3434 3799 3750 3854 humuncio.

2762 3895 2835 3948 De
2879 3909 3116 3948 numero.

2248 3990 2515 4046 Numerus
2560 3989 2758 4044 dicitur
2805 4004 2836 4041 a
2879 3988 3114 4042 nummis
3158 3986 3532 4050 numerandis,
3582 3985 3669 4041 vel
3718 4001 3747 4040 a

2159 4085 2389 4153 quadam
2431 4081 2530 4136 dea
2585 4080 2860 4134 Numeria.
2919 4079 3239 4149 Singularis,
3291 4078 3352 4133 id.
3395 4085 3479 4131 est
3530 4079 3751 4150 certitas

2159 4173 2484 4243 quantitatis.
2549 4170 2795 4235 Pluralis,
2832 4171 2885 4224 id
2917 4180 3001 4225 est
3027 4171 3286 4232 incertus.
3325 4172 3426 4223 hoc
3459 4178 3541 4224 εει
3572 4170 3755 4229 multi-

2158 4261 2376 4332 plicatio
2415 4261 2699 4314 unitatum.
2758 4245 2853 4313 Est
2896 4258 3068 4313 dualis
3095 4253 3370 4314 numerus.
3424 4259 3609 4314 Dnalis
3657 4276 3752 4314 nu-

2160 4371 2341 4411 merus
2387 4351 2583 4409 dicitur
2613 4394 2626 4417 ,
2686 4352 2810 4421 quia
2863 4366 2962 4406 nec
3011 4351 3300 4420 singularis
3356 4353 3563 4405 numeri
3625 4361 3748 4416 est,

2160 4465 2261 4505 nec
2299 4447 2520 4520 pluralis
2559 4448 2611 4501 in
2651 4454 2877 4501 tantum.
2940 4443 3186 4500 Illicitum
3227 4444 3373 4497 enim
3424 4439 3506 4497 est
3543 4443 3749 4507 dicere,

2163 4543 2328 4596 omnis
2365 4542 2489 4593 duo.
2543 4538 2803 4593 Similiter
2841 4545 2925 4593 est
2981 4534 3367 4590 inconveniens
3419 4541 3477 4587 ut
3515 4533 3749 4597 dicatur,

2167 4649 2341 4688 omnes
2397 4631 2498 4683 duo
2554 4629 2639 4684 vel
2693 4629 2876 4694 ambo,
2922 4636 2982 4681 ut
3035 4626 3172 4681 solet
3208 4625 3273 4679 de
3318 4624 3530 4678 caeteris
3565 4640 3752 4678 nume-

2167 4741 2348 4780 rorum
2385 4723 2691 4778 nominibus
2741 4721 2867 4774 diei.
2909 4718 3147 4773 Dicimus
3201 4717 3377 4780 enim,
3410 4731 3583 4769 omnes
3624 4727 3751 4780 tres,

2166 4835 2340 4872 omnes
2370 4825 2614 4886 quatuor,
2645 4821 2748 4867 etc.
2783 4811 3070 4890 Pompeius
3099 4809 3202 4865 hoc
3222 4808 3380 4862 modo
3407 4807 3570 4862 dicit:
3603 4804 3750 4858 Dua-

2167 4909 2230 4964 lis
2281 4918 2364 4963 est
2398 4908 2488 4978 qui
2519 4907 2652 4960 duos
2683 4913 2889 4959 tantum
2921 4901 3206 4971 signiﬁcat;
3232 4897 3446 4968 quando
3475 4896 3597 4950 dico
3621 4897 3750 4959 duo,

2167 5016 2341 5071 neque
2407 5013 2572 5052 unum
2634 5008 2850 5066 possum
2907 4984 3229 5062 signiﬁcare,
3292 5001 3468 5057 neque
3523 4985 3749 5042 multos.

2171 5090 2321 5144 Hanc
2349 5097 2525 5142 tamen
2565 5087 2829 5140 rationem
2870 5081 3180 5136 Priscianus
3229 5078 3443 5148 penitus
3493 5075 3749 5130 destruit.

2171 5183 2309 5238 Sunt
2348 5183 2511 5234 etiam
2536 5196 2660 5243 n,n,
2678 5195 2728 5241 c,
2764 5176 2784 5248 [
2813 5175 3030 5229 nomina
3056 5186 3281 5226 numero
3305 5167 3612 5225 communia
3638 5167 3661 5240 ]
3688 5183 3750 5224 eo

2170 5274 2311 5344 quod
2338 5272 2544 5340 aliquos
2583 5285 2737 5324 casus
2770 5268 2821 5321 in
2848 5275 3072 5335 utroque
3108 5277 3334 5330 numero
3365 5262 3416 5315 in
3439 5275 3542 5314 una
3565 5257 3750 5316 littera

2170 5364 2386 5419 habent.
2423 5362 2646 5431 Semper
2672 5357 2920 5428 pluralia;
2951 5372 3127 5410 manes
3168 5355 3291 5408 inde
3319 5353 3568 5408 dicuntur
3587 5353 3754 5422 spiri-

2169 5468 2277 5522 tus,
2316 5457 2440 5526 quia
2465 5469 2676 5523 sempcr
2707 5458 2946 5515 manent,
2977 5449 3060 5504 vel
3083 5447 3206 5517 quia
3231 5461 3330 5515 per
3351 5457 3474 5499 aera
3502 5453 3748 5508 manant,

2173 5550 2223 5603 id
2244 5557 2325 5604 est
2356 5546 2580 5600 inﬂuunt
2607 5545 2674 5596 ad
2704 5557 2840 5596 nova
2882 5555 3124 5609 corpora.
3161 5536 3388 5602 Quirites
3435 5548 3635 5590 nomen
3669 5543 3752 5590 est

2170 5641 2338 5712 plebis
2372 5641 2424 5694 in
2477 5638 2633 5692 Creta
2682 5635 2876 5698 insula,
2925 5633 3070 5686 velut
3110 5628 3198 5682 alii
3248 5628 3476 5697 quirites
3515 5625 3750 5680 Romani

2239 5763 2264 5791 ⁸
2289 5761 2394 5810 Jam
2418 5757 2602 5815 senior,
2626 5750 2714 5801 sed
2739 5749 2886 5800 cruda
2915 5745 3011 5815 deo
3031 5742 3292 5815 rutilisque
3319 5743 3567 5815 senectus.

2909 5801 3303 5869 (Virg..'A§nnto.
3317 5814 3384 5861 vt,
3403 5800 3533 5857 303.)
