3918 6324
159 337 259 392 διδ

962 333 1346 391 EXCERPTIO
1383 332 1472 388 DE
1506 332 1692 388 ARTE
1725 329 2174 389 GRAMMATICA
2213 331 2573 389 PRISCIANI.

3277 333 3382 390 674

155 448 282 505 dicti
327 454 470 513 sunt,
517 464 546 502 a
593 450 819 517 quadam
867 450 1081 504 civitate
1127 450 1466 514 Sabinorum,
1520 449 1572 503 id
1609 456 1712 512 est,
1739 447 1793 507 A
1816 447 2101 516 septimum
2129 446 2368 521 obtineat
2397 447 2591 502 locum.
2633 445 2950 514 Monoptota,
2979 443 3033 497 id
3059 450 3141 498 est
3164 443 3256 513 qui
3276 459 3384 499 una

155 540 417 594 curribus.
448 536 676 594 Cancelli
706 540 824 596 ideo
851 540 1067 610 pluralis
1093 539 1302 594 numeri
1327 549 1429 604 est,
1455 540 1577 607 quia
1610 552 1717 592 non

153 638 330 700 potest
361 630 462 683 ista
493 644 579 684 res
605 631 670 686 de
696 647 799 684 una
830 647 888 685 re
915 631 1053 695 ﬁeri,
1079 631 1172 686 sed
1199 633 1264 685 de
1295 630 1495 685 multis.
1552 628 1714 683 Simi-

152 720 276 776 liter
302 737 492 791 scopae,
549 723 722 787 scalae,
747 724 1035 793 quadrigae,
1059 732 1161 777 etc.
1205 722 1454 776 Kalendae
1479 735 1497 772 :
1527 723 1581 776 in
1628 737 1719 777 ac-

151 811 405 866 censione
469 815 652 883 prima:
701 813 842 867 lunai
906 813 1155 866 sacerdos
1214 813 1476 867 idolorum
1526 812 1716 867 iterata

149 917 283 958 voce
305 903 482 959 dicere
517 904 736 967 solebat,
767 903 903 969 calo,
931 903 1065 968 calo,
1100 903 1153 956 id
1180 912 1263 958 est
1286 919 1433 959 voco.
1459 903 1585 959 Inde
1605 900 1718 957 Ka-

147 993 316 1048 lendis
356 997 663 1050 vocationes
703 994 972 1050 dicuntur.
1013 995 1296 1058 Ναηάίηω,
1332 995 1434 1049 hoc
1461 1003 1561 1060 est,
1605 1011 1718 1050 em-

145 1086 379 1154 ptiones.
419 1087 478 1140 ln
520 1086 946 1142 solemnitatibus
971 1086 1112 1141 enim
1157 1084 1538 1140 sacriﬁciorum
1577 1100 1717 1140 mer-

144 1176 386 1231 cationes
433 1177 547 1232 ﬁeri
599 1177 813 1243 solent,
871 1176 956 1231 vel
1007 1176 1162 1231 aliter
1202 1160 1472 1240 nundinae,
1530 1175 1581 1228 id
1635 1184 1718 1230 est

142 1281 337 1321 novem
374 1269 489 1323 dies
537 1269 603 1323 ab
643 1269 822 1322 Idibus
851 1276 998 1322 retro
1043 1283 1210 1337 usque
1261 1267 1460 1321 Nonas.
1520 1264 1712 1332 Feriae,

141 1351 195 1406 id
243 1364 328 1409 est
349 1357 692 1420 'vacationes,
719 1357 873 1410 dictas
894 1371 923 1408 a
947 1356 1130 1425 fando,
1171 1357 1294 1426 quia
1325 1357 1379 1410 in
1409 1357 1717 1411 conventio-

142 1441 303 1499 nibus
341 1445 549 1501 diversa
581 1442 1014 1516 pronuntiantur.
1045 1431 1348 1515 Quadrigtr,
1379 1446 1432 1500 id
1464 1455 1545 1501 est
1563 1446 1713 1514 quasi

141 1534 475 1607 quadriiugae
508 1551 537 1589 a
583 1544 810 1606 quatuor
865 1535 1019 1604 equis
1071 1536 1426 1591 trahentibus.
1483 1536 1710 1607 Nuptiae,

139 1627 564 1692 matrimonium,
607 1644 714 1684 non
756 1628 857 1682 nisi
883 1644 994 1698 'per
1025 1628 1128 1682 duo
1177 1626 1420 1683 efficitur.
1477 1627 1591 1682 Pus
1619 1630 1715 1690 ali-

137 1717 356 1785 quando
381 1719 776 1788 corruptionem
808 1717 1104 1787 sanguinis,
1142 1717 1427 1787 aliquando
1466 1728 1712 1790 stagnum

1819 537 2191 593 terminatione
2214 552 2310 606 per
2329 552 2516 593 omnes
2537 553 2698 593 casus
2740 534 3048 604 funguntur,
3105 535 3242 588 sicut
3287 548 3384 589 no—

1817 629 1961 691 mina
1985 643 2327 684 numerorum
2352 637 2407 684 et
2432 629 2747 684 litterarum.
2765 629 2952 697 Aptata
2975 640 3105 681 vero
3134 634 3387 694 suntquae

1818 734 1926 775 non
1968 721 2166 776 habent
2220 720 2324 775 nisi
2373 711 2539 775 unum
2569 735 2774 786 casum,
2805 728 2864 774 ut
2908 728 3105 790 sponte.
3152 718 3386 787 Diptota,

1818 808 1872 863 id
1892 820 1996 876 est,
2034 810 2160 866 bina
2209 811 2460 877 casualia,
2503 819 2562 865 ut
2610 811 2820 880 pascha.
2875 809 3139 878 Triptota,
3180 807 3234 863 id
3283 815 3386 872 cst,

1818 899 1958 953 trina
1985 901 2239 967 casualia,
2264 909 2324 955 ut
2347 918 2515 956 musa.
2552 900 2864 970 Tetraptota,
2899 900 2951 955 id
2977 908 3060 955 est
3102 908 3387 968 quaterna,

1817 996 1897 1054 ut,
1956 991 2216 1059 magister.
2259 989 2590 1061 Pentaptota,
2618 991 2671 1045 id
2719 998 2803 1044 est
2842 989 3005 1059 quina
3053 988 3289 1044 casualia
3330 995 3392 1042 ut

1817 1080 2017 1135 doctus.
2054 1080 2366 1151 Hezaptota,
2398 1082 2448 1136 id
2479 1091 2560 1137 est
2589 1096 2740 1147 sena,
2777 1096 2895 1152 qua:
2921 1096 3016 1136 sex
3063 1080 3391 1137 mutationes

1818 1186 2038 1226 casuum
2075 1171 2305 1238 habent,
2331 1180 2390 1226 ut
2416 1189 2570 1228 unus.
2619 1171 2817 1243 Frugi,
2856 1173 2908 1228 id
2956 1181 3040 1227 est
3076 1172 3388 1238 abstinens,

1816 1263 1901 1316 vel
1935 1279 2146 1331 parcus,
2172 1249 2298 1332 quia
2332 1265 2504 1333 parcit
2530 1262 2791 1335 frugibus.
2825 1263 3014 1330 Nihili,
3060 1264 3112 1318 id
3154 1271 3237 1318 est
3270 1263 3404 1317 inn--

1819 1352 1960 1412 tilis,
2004 1355 2093 1420 qui
2137 1355 2271 1407 nihil
2297 1355 2454 1410 valet.
2516 1355 2790 1426 Nequam,
2822 1355 2875 1409 id
2903 1364 2984 1411 est
3039 1355 3268 1423 injustus
3304 1352 3388 1409 vel

1819 1443 2052 1512 iniquus.
2078 1441 2210 1506 Fas,
2237 1444 2288 1497 id
2314 1454 2395 1498 est
2417 1446 2556 1514 quod
2586 1447 2804 1516 dignum
2827 1453 2908 1500 est
2946 1445 3068 1500 fari.
3108 1446 3296 1514 Nefas,
3337 1444 3393 1499 id

1817 1541 1899 1587 est
1923 1532 2064 1601 quod
2095 1532 2200 1586 dici
2234 1531 2498 1586 nefarium
2543 1543 2642 1589 est.
2697 1534 2914 1590 Numeri
2946 1534 3299 1599 declinantur,
3332 1532 3386 1588 id

1817 1632 1900 1679 est
1923 1623 2139 1678 nomina
2170 1640 2536 1680 numerorum.
2585 1624 2739 1678 Hunc
2770 1626 3002 1691 laterem,
3027 1627 3080 1680 id
3101 1634 3182 1680 est
3200 1639 3390 1682 omnes

1820 1731 1981 1771 casus
2014 1715 2156 1770 illius
2198 1717 2436 1771 nominis
2465 1717 2828 1782 inveniuntur,
2859 1718 3098 1787 exceptis
3144 1717 3392 1772 nomina-

137 1821 314 1877 aqum,
364 1808 651 1878 aliquando
709 1819 972 1864 tumorem
1024 1809 1078 1862 in
1125 1824 1369 1877 corpore,
1427 1800 1789 1877 aliquandoB
1819 1807 1929 1859 tivo
1961 1816 2015 1860 et
2037 1809 2301 1861 vocativo.
2356 1807 2582 1872 Ditione,
2632 1806 2682 1861 id
2708 1814 2791 1861 est
2829 1815 3114 1875 potestate.
3172 1805 3386 1876 Sponte,

135 1899 439 1953 custodiam
483 1899 766 1969 significat.
797 1899 924 1954 Inde
954 1899 1150 1954 dicitur
1170 1915 1384 1969 corpus,
1413 1907 1472 1974 ut
1496 1899 1714 1967 quidam

134 1985 343 2053 volunt,
407 1989 557 2057 quasi
595 1988 772 2043 cordis
827 1989 1089 2052 custodia,
1144 1989 1236 2044 sed
1288 1989 1477 2044 melius
1531 2001 1607 2044 est
1657 1997 1717 2043 ut

133 2091 333 2148 corpus
363 2078 487 2133 inde
515 2079 724 2134 dicatur
759 2079 882 2149 quia
915 2080 1186 2148 corrumpi
1213 2087 1408 2148 potest.
1457 2081 1537 2133 Ad
1566 2097 1711 2134 men-

133 2183 339 2233 suram,
368 2168 420 2223 id
443 2177 525 2224 est
551 2169 601 2222 in
625 2169 859 2238 liquidis.
895 2167 988 2223 Vel
1009 2170 1230 2238 pondus,
1260 2170 1312 2224 id
1339 2179 1423 2225 est
1449 2170 1500 2224 in
1524 2171 1711 2225 aridis.

134 2254 354 2323 Maenia,
382 2259 435 2313 id
462 2267 546 2314 est
575 2259 820 2324 aedilicia,
879 2260 944 2314 ad
983 2261 1255 2314 munimen
1283 2260 1515 2315 civitatis
1548 2260 1708 2316 facta.

132 2343 399 2411 Floralia,
428 2348 480 2402 id
501 2358 584 2403 est
610 2349 745 2404 festa
770 2349 884 2404 deze
909 2349 1102 2415 Flora,
1133 2365 1250 2420 quae
1275 2349 1556 2406 fuitverno
1579 2363 1713 2406 tem-

130 2451 288 2507 pore,
317 2439 533 2508 quando
573 2438 752 2495 Terrae
789 2440 1154 2496 immolabant.
1210 2440 1537 2509 Saturnalia,
1576 2443 1712 2500 festa

133 2526 379 2583 Saturni.
427 2529 760 2601 Compitalia,
813 2532 867 2585 id
910 2541 992 2586 est
1043 2531 1257 2588 Cereris
1289 2534 1448 2601 festa,
1495 2536 1639 2591 dicta
1681 2553 1712 2592 a

131 2617 406 2686 compitis,
449 2618 500 2671 id
545 2627 628 2674 est
674 2619 856 2675 multis
888 2621 1010 2675 viis.
1064 2621 1319 2693 Populus,
1362 2625 1414 2679 id
1441 2633 1525 2680 est
1569 2626 1711 2696 quod

129 2720 198 2762 es
245 2722 353 2762 uno
405 2718 652 2764 constare
692 2726 798 2765 non
835 2720 1032 2781 potest.
1075 2710 1299 2780 Concio,
1334 2714 1386 2769 id
1409 2724 1489 2771 est
1518 2731 1713 2773 convo-

131 2799 301 2864 catio,
333 2800 436 2856 evel
501 2802 614 2871 ipse
659 2817 856 2858 sermo.
910 2803 1152 2872 Athenae,
1201 2815 1256 2861 ει
1305 2814 1520 2875 caetera,
1582 2809 1713 2865 civi-

134 2895 278 2944 tates
307 2897 431 2943 sunt
474 2888 712 2948 Graeciae.
736 2906 750 2929 ο

203 3115 405 3190 Figura
448 3126 531 3174 est
566 3119 756 3175 tertias
794 3121 1132 3190 quantitatis.
1167 3119 1382 3189 Potens,
1433 3123 1711 3179 derivatur
1739 3150 1786 3215 ο

131 3210 353 3264 averbo
392 3226 621 3280 possum,
659 3211 770 3265 sive
801 3211 972 3280 magis
1017 3213 1233 3268 nomine
1279 3215 1436 3283 potis,
1482 3223 1543 3269 ut
1595 3214 1714 3269 Pri—

131 3303 355 3358 scianus
385 3302 533 3357 dicit.
565 3301 928 3367 Suburbanus;
953 3304 1313 3358 suburbanum
1345 3315 1425 3361 est
1459 3307 1717 3376 quidquid

130 3393 442 3467 specialiter
481 3393 546 3451 ad
567 3392 656 3464 jus
686 3393 835 3448 urbis
871 3394 1122 3462 pertinet.
1169 3393 1317 3448 Multi
1358 3395 1542 3450 dicunt
1589 3398 1716 3452 sub-

129 3491 402 3545 urbanum
449 3505 588 3556 esse,
638 3492 729 3560 qui
769 3490 869 3546 sub
897 3489 1029 3546 urbe
1071 3489 1296 3555 habitat,
1338 3490 1391 3546 id
1434 3501 1517 3546 est
1562 3492 1717 3562 juxta

128 3597 352 3637 murum
385 3584 684 3642 forinsecus
718 3588 867 3652 :vcl,
903 3597 960 3642 ut
994 3589 1103 3654 alii,
1136 3591 1226 3658 qui
1265 3590 1452 3645 subtus
1503 3591 1714 3660 urbem,

129 3670 191 3726 id
219 3682 303 3727 est
332 3675 572 3730 aadiﬁciis
606 3677 794 3730 subtus
830 3685 1030 3730 terram
1077 3679 1401 3733 constructis
1451 3681 1712 3736 inuratur.

126 3763 356 3833 Eﬁicax,
369 3764 420 3818 id
443 3775 528 3820 est
539 3774 747 3832 acutus,
763 3769 915 3836 quasi
931 3768 1212 3823 eﬁ‘ectuum
1226 3769 1477 3838 capax.M
1487 3774 1714 3840 uniceps,

129 3851 190 3907 id
231 3862 318 3907 est
344 3870 562 3909 munera
603 3857 839 3925 capiens.
877 3841 1114 3928 Ineptus,
1150 3861 1203 3914 id
1234 3869 1318 3915 est
1359 3863 1449 3929 qui
1493 3878 1599 3917 non
1633 3871 1718 3918 est

127 3951 315 4013 aptus.
345 3943 608 4010 Insulsus,
652 3947 743 4014 qui
776 3964 882 4003 non
918 3957 1000 4004 est
1049 3950 1240 4016 salsus,
1293 3951 1396 4006 hoc
1443 3961 1544 4016 est,
1588 3954 1719 4007 stul-

127 4042 242 4088 tus.
289 4033 651 4107 Pinnipotens,
687 4038 742 4092 id
780 4047 862 4094 est
909 4039 1101 4107 pennis
1139 4050 1348 4110 potens,
1402 4052 1462 4096 ut
1519 4043 1713 4112 aquila.

127 4121 519 4194 Nugigerulus,
549 4126 602 4182 id
626 4136 705 4183 est
723 4143 954 4199 nequam
970 4131 1216 4199 portitor.
1247 4131 1716 4202 Inea‘pugnabilis,‘

127 4220 442 4290 pugnabills
476 4221 628 4278 locus
649 4231 730 4278 est
755 4224 844 4292 qui
881 4233 1059 4293 potest
1093 4225 1383 4295 expugnari
1413 4242 1426 4289 ;
1458 4243 1720 4296 expugna-

125 4309 274 4386 bilis,
326 4311 380 4365 id
420 4321 501 4367 est
537 4313 690 4368 valde
739 4315 1067 4385 pugnabitis;
1129 4317 1566 4387 inexpugnabilis,
1626 4318 1717 4388 qui

124 4399 283 4455 nullo
320 4403 479 4457 modo
506 4403 652 4458 valet
676 4406 990 4474 expugnari.
1034 4405 1137 4460 Alii
1185 4407 1390 4473 dicunt,
1422 4408 1716 4478 pugnabilis

123 4500 188 4548 et
238 4494 600 4570 expugnabilis
628 4511 792 4549 unum
839 4505 941 4561 est,
971 4499 1110 4566 quod
1153 4501 1347 4567 probat
1406 4486 1711 4570 Pompeius.
1740 4501 1792 4560 D

127 4568 369 4647 Prwtor,
427 4583 478 4635 id
533 4591 617 4637 est
656 4582 841 4652 judex.
898 4585 1442 4653 Senatusconsultum,
1503 4568 1714 4645 senatus

125 4674 408 4746 genitivus
436 4683 642 4742 quartae
679 4675 1050 4731 declinationis
1088 4685 1202 4744 est;
1247 4680 1538 4734 consultum
1589 4696 1716 4736 vero

125 4765 522 4832 nominativus,
569 4766 623 4821 id
653 4776 737 4822 est
782 4768 1085 4823 consilium.

758 4901 837 4955 De
889 4902 1112 4957 casibus.

203 5005 317 5061 Sex
358 5006 576 5075 quidem
613 5016 740 5063 sunt
795 5025 995 5065 casus:
1028 5012 1410 5079 nominativus,
1454 5028 1485 5068 a
1543 5015 1713 5070 nomi-

127 5097 347 5160 nando;
380 5098 664 5167 genitivus,
680 5115 710 5153 a
733 5103 1067 5171 generando;
1093 5104 1321 5168 dativus,
1339 5119 1370 5158 a
1393 5106 1595 5172 dando;
1625 5123 1713 5162 ac-

126 5187 432 5252 cusativus,
453 5187 520 5242 ab
535 5190 868 5257 accusando;
888 5195 1182 5259 vocativus,
1202 5211 1232 5248 a
1259 5195 1526 5260 vocando;
1568 5196 1714 5251 abla-

127 5279 303 5342 tivus,
327 5275 396 5330 ab
417 5277 708 5334 auferendo
727 5281 934 5347 dictus;
960 5297 1023 5336 ex
1049 5283 1240 5351 quibus
1262 5284 1364 5338 duo
1388 5283 1518 5338 recti
1549 5284 1714 5338 nomi-

126 5375 338 5424 nantur
363 5386 374 5419 :
406 5369 499 5422 sed
519 5370 620 5424 hoc
646 5379 825 5426 tamen
846 5386 952 5425 non
987 5370 1045 5426 ﬁt
1068 5374 1120 5425 in
1137 5375 1384 5428 omnibus
1408 5373 1715 5429 nominibus

127 5457 390 5514 secunda:
443 5459 814 5518 declinationis
854 5462 1165 5532 qualitatem
1211 5474 1304 5519 aut
1356 5465 1711 5534 quantitatem

127 5549 584 5622 signiﬁcantibus.
608 5553 823 5624 Reliqui
863 5568 994 5609 vero
1020 5554 1244 5624 obliqui,
1286 5555 1338 5609 id
1368 5565 1449 5610 est
1498 5556 1708 5611 retorti.

129 5641 359 5713 Insuper
405 5643 565 5698 etiam
600 5660 763 5699 unum
811 5645 1085 5711 Latinum,
1123 5645 1175 5700 id
1207 5654 1290 5700 cst
1315 5647 1436 5716 quia
1477 5663 1506 5700 a
1560 5646 1707 5701 Lati-

132 5735 221 5790 nis
251 5745 335 5792 est
359 5737 629 5805 inventus,
658 5739 896 5796 nonnulli
937 5739 1220 5808 septimum
1249 5739 1548 5808 nominant,
1579 5741 1706 5811 quia

1818 1896 1872 1951 id
1896 1903 2001 1951 est.
2023 1895 2318 1950 voluntate.
2371 1893 2509 1948 Tabo
2538 1935 2552 1960 ,
2592 1894 2643 1948 id
2675 1903 2757 1949 est
2784 1904 2954 1964 peste.
2991 1896 3138 1948 Natu
3163 1936 3177 1961 ,
3210 1896 3262 1950 id
3305 1902 3388 1950 est

1816 1985 2120 2040 nativitate.
2167 1984 2393 2054 Ignarus
2424 1985 2576 2050 belli,
2604 1985 2659 2038 id
2699 1993 2782 2039 est
2826 1986 2916 2054 qui
2966 2001 3238 2056 nunquam
3276 1986 3390 2042 bel-

1814 2075 1928 2130 lum
1962 2083 2219 2144 expertus
2255 2083 2354 2129 est.
2395 2074 2619 2128 Securus
2649 2091 2908 2140 amorum,
2936 2075 2988 2130 id
3020 2086 3106 2131 est
3155 2077 3244 2145 qui
3296 2091 3390 2132 ne-

1815 2169 2015 2224 minem
2050 2175 2213 2221 amat.
2249 2165 2501 2220 Inimicus
2527 2165 2711 2230 malis;
2743 2167 2938 2221 rectius
2967 2166 3184 2232 dicitur,
3213 2167 3392 2222 inimi-

1815 2277 1905 2314 cus
1949 2259 2074 2313 mihi
2119 2269 2216 2324 est,
2266 2273 2428 2327 quam
2489 2258 2728 2311 inimicus
2776 2274 2919 2313 meus
2960 2269 3054 2314 est.
3114 2258 3388 2332 Congruus

1811 2351 2048 2420 paribus,
2081 2351 2134 2406 id
2167 2359 2250 2404 est
2283 2349 2608 2404 conveniens
2651 2349 2940 2405 similibus.
2981 2351 3186 2410 Exosus
3230 2351 3383 2420 bella,

1811 2442 2060 2511 prtescius
2085 2440 2286 2510 futura.
2318 2439 2453 2494 Illud
2481 2447 2562 2494 est
2589 2439 2835 2508 ﬁgurate,
2864 2440 2968 2496 hoc
3001 2449 3103 2503 est,
3137 2458 3242 2497 non
3262 2456 3389 2512 pro-

1812 2533 1952 2603 prie,
1983 2549 2108 2587 nam
2126 2532 2337 2601 quando
2366 2531 2501 2593 dico,
2521 2547 2708 2585 exosus
2735 2530 2886 2597 bella,
2918 2533 3164 2601 prwscius
3185 2533 3388 2602 futura,

1813 2624 2107 2695 genitivum
2145 2623 2462 2678 naturaliter
2491 2632 2690 2687 tenent,
2721 2624 2772 2678 id
2792 2621 2886 2678 est'
2911 2627 3159 2694 prwscius
3191 2625 3392 2694 futuro-

1814 2731 1952 2780 rum;
1978 2714 2064 2768 vel
2091 2714 2247 2769 aliter
2275 2714 2500 2784 ﬁgurate
2526 2723 2630 2778 est,
2657 2713 2784 2782 quia
2814 2715 2966 2784 quasi
2997 2715 3116 2772 loco
3163 2715 3389 2784 partici-

1812 2805 2026 2875 piorum
2078 2813 2369 2876 ponuntur,
2397 2812 2478 2870 ut,
2531 2804 2710 2858 odiens
2737 2803 2820 2858 vel
2855 2804 2973 2859 odio
3002 2806 3194 2861 habens
3235 2806 3389 2862 bella.

1815 2897 1923 2953 Sed
1957 2914 2042 2964 ea,
2101 2899 2438 2963 subauditur,
2501 2908 2708 2954 tantum
2759 2908 2883 2954 sunt
2931 2916 3050 2971 qua:
3105 2917 3210 2956 non
3269 2909 3396 2960 sunt

1815 2999 2015 3062 aptota.
2047 2990 2104 3046 Si
2137 3007 2266 3048 vero
2290 3009 2317 3046 e
2343 2992 2601 3063 producta
2638 2993 2818 3059 fuerit,
2845 3012 2870 3048 e
2891 2994 3072 3050 littera
3117 3005 3244 3051 tunc
3267 3013 3394 3068 pro-

1816 3081 2048 3146 ducitur,
2099 3097 2221 3138 cum
2276 3082 2335 3137 ﬁt
2365 3099 2560 3140 nomen
2607 3084 2806 3154 quinta
2843 3085 3232 3142 declinationis.
3285 3089 3393 3144 Sed

1816 3172 1932 3226 haec
1963 3171 2146 3243 regula
2181 3173 2234 3238 d,
2266 3172 2307 3239 Γ,
2334 3191 2387 3244 g,
2414 3190 2471 3243 p,
2499 3175 2513 3228 i
2543 3171 2633 3246 [de
2658 3174 2916 3230 feminino
2943 3191 3138 3247 genere
3175 3186 3396 3248 putatur

1818 3261 2097 3336 intelligi],
2145 3265 2270 3334 quia
2313 3267 2494 3320 omnia
2523 3266 2740 3321 nomina
2780 3268 2978 3337 quintae
3020 3268 3393 3325 declinationis

1817 3355 2064 3411 feminini
2117 3365 2242 3412 sunt
2287 3358 2537 3429 generis,
2584 3367 2808 3428 excepto
2853 3349 3002 3424 dies,
3033 3360 3174 3428 quod
3213 3368 3390 3414 tamen

1819 3457 2108 3518 utrumque
2153 3449 2458 3517 invenitur;
2489 3459 2543 3506 et
2587 3451 2861 3518 meridies,
2902 3453 3045 3522 quod
3073 3467 3286 3524 semper
3313 3462 3398 3509 est

1819 3538 2199 3595 masculinum.
2247 3527 2470 3610 Propter
2517 3542 2865 3610 differentiam
2892 3582 2907 3606 ,
2933 3543 2999 3597 ‘id
3025 3553 3124 3599 .est
3156 3583 3171 3608 ,
3216 3552 3274 3598 ut
3325 3543 3397 3598 sit

1819 3629 2119 3688 dillerentia
2155 3632 2458 3689 accusativo
2487 3632 2682 3704 plurali
2706 3634 2773 3689 ad
2799 3633 3188 3690 nominativum
3217 3643 3273 3690 et
3303 3650 3397 3691 vo-

1818 3725 2052 3780 cativum
2102 3725 2384 3796 pluralem,
2435 3728 2560 3796 quia
2595 3728 2640 3782 si
2669 3736 2812 3787 esset
2835 3727 2941 3782 illis
2975 3727 3192 3793 similis,
3236 3742 3392 3783 error

1819 3817 2108 3872 dubietatis
2134 3828 2468 3882 nasceretur,
2500 3817 2611 3871 sive
2639 3825 2699 3870 ut
2732 3816 3034 3871 differentia
3062 3815 3217 3872 ﬁeret
3247 3818 3392 3873 inter

1817 3909 2110 3965 ablativum
2137 3912 2413 3966 nominum
2444 3911 2670 3966 istorum
2706 3920 2762 3965 et
2787 3927 2972 3967 eorum
3002 3927 3122 3982 quae
3149 3913 3201 3966 in
3233 3929 3260 3966 e
3284 3919 3391 3967 ter-

1817 4002 2024 4055 minant
2065 4001 2213 4057 illum
2248 4003 2564 4067 ablativum,
2601 4010 2660 4055 ut
2685 4002 2747 4055 ab
2781 4003 2877 4055 hoc
2900 4011 3064 4072 patre.
3123 4002 3258 4058 Nam
3297 4017 3394 4058 no-

1819 4095 2066 4149 minativi
2103 4094 2398 4166 singulares
2433 4093 2706 4149 terminati
2737 4093 2780 4146 is
2821 4092 3044 4162 syllaba,
3077 4093 3169 4162 qui
3204 4093 3395 4148 ablati-

1819 4203 1944 4242 vum
1975 4187 2301 4257 singularem
2329 4187 2383 4240 in
2414 4187 2431 4238 i
2459 4186 2670 4249 ﬁniunt,
2712 4183 3081 4255 accusativum
3127 4183 3392 4253 pluralem

1818 4281 2018 4336 rectius
2054 4296 2151 4350 per
2188 4283 2234 4335 is
2260 4297 2418 4351 quam
2443 4295 2538 4351 per
2563 4297 2614 4334 es
2638 4279 2918 4351 proferunt
2942 4297 2956 4344 ;
2999 4278 3085 4333 vel
3120 4277 3310 4342 aliter,
3337 4285 3397 4333 ut

1819 4373 2192 4442 hujuscemodi
2231 4373 2570 4428 accusativus
2605 4371 2961 4426 differentiam
3006 4370 3212 4426 faceret
3253 4370 3397 4424 inter

1821 4461 1909 4515 illa
1936 4462 2154 4518 nomina
2195 4479 2314 4533 quae
2348 4463 2642 4534 genitivum
2675 4461 2936 4530 pluralem
2972 4461 3273 4525 nominum,
3300 4461 3392 4516 scd

1819 4553 1872 4606 in
1904 4570 1993 4608 um
2037 4555 2255 4610 faciunt.
2293 4556 2432 4626 Ergo
2459 4571 2578 4624 qua:
2609 4555 2661 4607 in
2694 4554 2802 4606 ium
2831 4555 3050 4608 mittunt
3099 4554 3393 4623 genitivum

1817 4645 2100 4714 pluralem,
2131 4647 2321 4701 melius
2357 4649 2720 4701 accusativum
2770 4644 3035 4716 pluralem
3078 4646 3131 4701 in
3162 4648 3206 4700 is
3262 4646 3363 4702 eli'e

1819 4745 1965 4788 runt.
2002 4736 2079 4789 Ab
2109 4738 2205 4790 hac
2237 4737 2406 4789 domo.
2440 4734 2546 4790 Nos
2575 4742 2754 4803 tamen
2783 4736 3042 4790 habemus
3070 4736 3123 4790 in
3152 4752 3252 4791 usu
3283 4744 3395 4792 tres

1819 4840 1976 4880 casus
2032 4827 2187 4896 juxta
2254 4827 2547 4880 secundam
2610 4826 3041 4891 declinationem,
3105 4827 3393 4884 ablativum

1819 4919 2184 4989 singularem,
2241 4920 2535 4989 genitivum
2577 4928 2632 4975 et
2689 4921 3054 4974 accusativum
3111 4919 3390 4988 pluralem.

1821 5008 1896 5061 Ab
1938 5011 2034 5063 hoc
2053 5009 2262 5079 jugera.
2304 5009 2484 5080 Inger,
2515 5013 2568 5064 in
2596 5011 2927 5082 longitudine
2963 5011 3222 5066 ducentos
3269 5024 3396 5080 qua-

1820 5100 2066 5172 draginta
2099 5102 2284 5172 pedes,
2319 5112 2372 5158 et
2394 5103 2448 5157 in
2471 5103 2808 5159 latitudinem
2837 5113 3051 5160 centum
3089 5103 3274 5174 viginti
3297 5103 3396 5158 ha-

1818 5195 1928 5250 bet.
1977 5194 2166 5249 Verum
2212 5197 2611 5252 meminerimus.
2656 5198 2851 5252 Verum
2891 5213 2988 5267 pro
3033 5198 3121 5252 sed
3156 5197 3390 5266 ponitur.

1820 5284 2175 5355 Euphoniam,
2220 5287 2274 5342 id
2303 5296 2403 5352 est,
2435 5289 2628 5343 bonam
2656 5289 3022 5343 sonoritatem.
3068 5288 3238 5354 Quam
3266 5303 3395 5340 ana-

1819 5374 2031 5445 logiam,
2058 5377 2111 5431 id
2132 5386 2233 5444 est,
2251 5377 2588 5434 collationem
2613 5379 2884 5444 similium,
2912 5386 2971 5433 ut
2991 5378 3194 5443 doctus,
3218 5386 3394 5455 aptus,

1814 5467 2025 5534 humus,
2052 5469 2258 5524 domus.
2313 5470 2441 5537 Qua:
2469 5471 2529 5526 ﬁt
2566 5479 2689 5526 octo
2732 5471 2905 5525 modis
2949 5484 3041 5524 sex
3083 5466 3396 5525 accidentiis

1813 5560 2065 5625 nominis,
2092 5563 2432 5618 extremitate
2456 5572 2509 5618 et
2535 5564 2741 5618 ratione
2779 5570 3098 5632 temporum.
3139 5560 3194 5617 Si
3236 5559 3398 5630 igitur

1813 5648 2005 5706 horum
2032 5653 2209 5720 minus
2237 5653 2438 5723 aliquid
2471 5653 2632 5710 fuerit
2655 5653 2889 5717 nomini,
2922 5653 2988 5708 ad
3015 5653 3156 5722 quod
3184 5647 3398 5727 collatio

1812 5739 1992 5809 fuerit,
2032 5743 2141 5814 jam
2187 5759 2290 5802 non
2329 5744 2492 5800 stabit
2531 5743 2669 5802 ratio
2707 5743 2992 5816 analogim,
3040 5752 3095 5798 ut
3130 5753 3210 5799 est
3243 5743 3394 5810 lupus
