3918 6358
512 357 618 412 675

1145 360 1204 416 Β.
1243 361 1756 423 RABANIMAUPJ
1793 364 2113 422 ARCHIEP.
2154 366 2764 423 MOGUNT.OPERUM
2802 366 2982 424 PARS
3024 370 3106 423 III.

3659 369 3763 428 676

505 479 561 526 et
609 470 788 542 ιφως
831 473 988 543 lupus
1025 472 1160 529 facit
1193 475 1361 545 lupa,
1406 476 1556 547 lepus
1600 478 1770 534 ﬁxum
1815 486 1913 533 est.
1979 477 2086 532 Ne—
2112 482 2163 542 Α
2260 477 2644 542 Tribrachum,
2687 477 2949 533 maculau
2977 521 2989 531 .
3018 500 3094 533 νυ

487 580 688 634 quam,
737 565 906 618 nihili.
961 565 1086 621 Haec
1137 567 1354 620 nomina
1407 570 1701 623 secundum
1755 568 2088 623 Prisciannm

507 664 827 726 monoptota
874 665 1018 711 sunt.
1059 656 1354 724 Emblema,
1409 658 1464 713 id
1505 667 1610 724 est,
1645 658 1973 714 abundantia
2004 660 2088 713 vel

506 746 682 817 ﬁgura
732 747 996 804 naturalis
1023 749 1074 803 in
1114 765 1412 817 marmore;
1441 757 1680 816 stemma,
1713 750 1765 804 id
1793 759 1896 815 est,
1926 766 2089 805 orna-

504 849 785 906 mentum;
814 857 1018 911 poema,
1050 841 1102 896 id
1135 850 1239 907 est,
1283 857 1417 912 opus
1458 851 1650 912 poeta.
1694 841 1766 896 In
1800 842 1878 895 his
1913 851 2085 894 autem

503 930 718 1000 regulis,
751 930 802 986 id
830 942 935 998 est,
959 931 1196 988 ablativi.
1223 933 1508 1005 Analogia,
1553 933 1606 989 id
1645 941 1748 997 est,
1781 942 2081 1004 proportio.

505 1018 825 1089 Trieterida,
843 1023 897 1078 id
932 1033 1040 1089 est,
1077 1023 1248 1078 trium
1276 1039 1546 1081 annorum
1569 1010 1860 1080 sacriﬁcia.

1000 1139 1075 1194 De
1102 1139 1268 1195 verbis
1305 1140 1583 1195 anomalis.

573 1249 931 1321 Interrogatio
962 1250 1092 1320 quid
1117 1251 1187 1305 sit
1214 1251 1355 1306 inter
1383 1248 1655 1314 anomala,
1681 1255 1737 1303 et
1770 1247 2080 1318 inaequalia,

499 1349 557 1398 et
601 1339 890 1397 defectiva.
941 1341 1224 1404 Anomalia
1270 1341 1546 1406 dicuntur,
1600 1354 1719 1410 quae
1767 1339 1834 1394 ab
1879 1339 2079 1394 eisdem

497 1431 695 1489 litteris
723 1434 1004 1504 incipiunt,
1035 1434 1131 1489 sed
1162 1448 1269 1488 non
1298 1433 1353 1487 in
1391 1432 1580 1488 ea’dem
1611 1431 1785 1486 forma
1804 1471 1818 1496 ,
1846 1437 1906 1483 ut
1927 1428 2040 1483 volo
2061 1469 2077 1494 ,

496 1527 592 1583 vis.
638 1511 923 1596 Inmqualia
955 1526 1227 1591 dicuntur,
1271 1541 1394 1594 qua:
1434 1539 1546 1579 non
1589 1522 1657 1576 ab
1702 1521 1903 1576 eisdem
1949 1519 2079 1572 inci-

496 1618 983 1688 piunt,utsum,es,
1011 1623 1067 1669 et
1095 1614 1319 1684 reliqua.
1346 1613 1618 1668 Defectiva
1641 1619 1767 1665 sunt
1795 1608 2084 1678 aliquando

496 1707 553 1762 in
599 1707 795 1771 modis,
841 1705 1129 1776 aliquando
1174 1705 1229 1759 in
1283 1702 1618 1771 temporibus
1649 1736 1668 1768 ς
1699 1699 1989 1771 aliquando
2024 1698 2080 1753 in

495 1799 768 1873 personis,
800 1806 859 1855 ut
893 1799 1042 1865 cedo,
1069 1800 1253 1862 cedite,
1282 1805 1336 1850 et
1365 1795 1594 1866 reliqua.

1115 1909 1193 1966 De
1215 1907 1454 1978 pedibus.

569 2020 817 2094 Syzygiac
867 2028 994 2078 sunt
1021 2020 1188 2090 pedes
1213 2017 1609 2090 pentasyllabi,
1663 2025 1719 2072 et
1757 2015 1889 2072 dicti
1938 2015 2083 2085 apud

494 2108 987 2181 Graecossyzygiae,
1012 2109 1166 2178 quasi
1188 2107 1438 2177 quaedam
1463 2106 1869 2163 declinationes.
1891 2103 1998 2159 Sed
2024 2104 2081 2159 hi

494 2216 604 2256 non
626 2211 754 2256 sunt
781 2202 947 2272 pedes
971 2241 986 2266 ,
1015 2201 1116 2259 sed
1135 2198 1476 2270 appellantur
1498 2197 1856 2270 pentasyllabi
1870 2236 1885 2260 ,
1915 2195 2081 2251 hexa-

497 2292 710 2363 syllabi,
751 2293 882 2363 quia
909 2291 1051 2346 ultra
1082 2292 1323 2361 quinque
1344 2299 1402 2346 et
1439 2305 1534 2346 sex
1561 2289 1797 2360 syllabas
1823 2302 1936 2342 non
1956 2301 2082 2357 pro-

495 2384 694 2440 cedunt
723 2401 735 2436 :
767 2383 908 2438 unde
945 2399 1057 2438 non
1083 2382 1383 2453 oportetin
1420 2381 1663 2436 carmine
1703 2380 1804 2434 has
1847 2378 2082 2448 syllabas

496 2475 775 2546 quodlibet
822 2472 1086 2528 excedere
1132 2485 1330 2528 nomen
1363 2510 1389 2538 μ
1427 2480 1490 2526 ιιι
1539 2467 2037 2538 Carthaginensium
2064 2505 2086 2531 ,

501 2563 1138 2634 Hiarosolymitanorum,
1156 2571 1212 2619 et
1237 2558 1953 2630 Constantinapolitanorum.
1985 2557 2086 2612 Ac-

499 2656 691 2714 cidunt
713 2658 1000 2727 unicuique
1025 2657 1146 2728 pedi
1174 2656 1314 2711 arsis
1336 2662 1392 2710 et
1419 2653 1612 2718 thesis,
1639 2651 1694 2706 id
1721 2659 1822 2716 est,
1855 2650 2084 2706 elevatio

493 2752 554 2803 et
577 2746 773 2819 positio
801 2746 983 2812 vocis;
1029 2760 1205 2815 neque
1244 2745 1388 2799 enim
1419 2742 1561 2796 inter
1588 2740 1742 2795 vocis
1760 2739 1924 2810 pedes
1955 2737 2086 2792 diri-

495 2851 626 2910 gere
654 2845 925 2908 poterunt,
972 2837 1075 2891 nisi
1115 2835 1324 2890 alterna
1363 2833 1480 2888 vice
1522 2831 1790 2895 leventur,
1820 2835 1880 2884 ut
1909 2843 2082 2892 arma,

495 2946 560 2985 ar
583 2931 809 2985 elevatio
838 2939 940 2995 est,
971 2946 1055 2984 ma
1082 2927 1299 3001 positio.
1346 2926 1405 2980 In
1447 2925 1533 2979 his
1571 2923 1784 2978 duobus
1811 2935 1908 2990 per
1948 2919 2088 2974 divi-

497 3021 703 3078 sionem
736 3024 901 3094 pedes
935 3021 1162 3093 legitimi
1194 3018 1539 3090 colliguntur.
1579 3015 1756 3084 .‘Equa
1784 3011 1978 3067 divisio
2003 3018 2087 3066 est

493 3115 707 3188 quoties
754 3113 893 3168 arsis
933 3121 992 3166 et
1019 3112 1189 3166 thesis
1224 3108 1416 3179 aequali
1463 3117 1769 3176 temporum
1818 3101 2081 3158 divisione

2103 1827 2154 1890 Β

2256 568 2491 622 I0nicum
2533 569 2794 625 minorem
2821 609 2835 634 ,
2875 569 3147 622 Diomedes
3174 592 3204 624 υ
3231 593 3261 624 υ
3279 611 3292 624 .
3321 603 3341 614 -

2255 658 2491 712 Ionicum
2522 659 2780 728 majorem
2798 701 2812 724 ,
2850 658 3112 713 Iunonius
3125 689 3183 700 -ο
3199 699 3211 712 .
3227 684 3258 714 υ
3272 685 3301 713 υ

2258 769 2435 841 Tripla
2461 770 2710 824 divisione
2732 771 3009 823 dividimus
3032 770 3200 824 solum
3237 771 3681 842 amphibrachm

2252 883 2710 953 Amphibrachum
2727 923 2743 950 ,
2778 891 2840 938 ut
2862 884 3043 938 carina
3062 905 3095 940 υ
3121 923 3135 937 .
3158 907 3221 939 -υ

2452 997 2728 1070 δεπιιριιε
2753 1007 2927 1052 autem
2949 997 3215 1052 divisionis
3237 1007 3360 1052 sunt
3384 996 3444 1054 Β
3464 1007 3493 1054 ε

2249 1113 2693 1183 Amphimacrus,
2725 1119 2786 1166 ut
2813 1112 3044 1168 insulte-
3073 1152 3088 1167 .
3117 1133 3183 1168 u-

2250 1201 2502 1267 Bachius,
2535 1202 2802 1257 Achates»
2815 1234 2837 1244 -
2855 1229 2878 1242 -

2251 1291 2605 1346 Antibacbius
2623 1333 2643 1357 ,
2679 1301 2872 1345 natura
2898 1313 3027 1349 --..u

2250 1383 2394 1438 Peon
2430 1384 2636 1454 primus
2652 1425 2676 1449 ,.
2707 1383 3053 1455 legitimus-u
3071 1424 3084 1438 .
3106 1408 3185 1440 oo

2251 1476 2396 1530 Peon
2432 1477 2731 1542 secundus,
2772 1477 2977 1531 colonia
3003 1501 3034 1531 υ
3052 1499 3197 1533 ο.υυ

2253 1565 2398 1621 Ρεοιι
2435 1568 2627 1621 tertius
2646 1607 2661 1631 ,
2705 1566 3037 1622 Menedemus
3064 1590 3095 1622 υ
3119 1591 3149 1622 υ
3178 1589 3276 1624 .-υ

2250 1655 2400 1711 Ρεοιι
2433 1664 2660 1725 quartus
2673 1696 2688 1721 ,
2727 1656 2961 1711 celeritas
2999 1678 3030 1711 υ
3044 1679 3075 1711 υ
3092 1696 3113 1711 .
3129 1681 3161 1712 υ
3177 1688 3197 1699 -

2267 1767 2507 1834 Restant,
2533 1785 2663 1840 quos
2697 1769 2907 1839 epitrita
2941 1770 3227 1840 partitione.
3247 1769 3549 1838 dividimus,
3575 1768 3636 1828 hs
3653 1782 3685 1829 ἓ

2251 1882 2517 1953 Epitritus
2549 1884 2757 1953 primus
2775 1924 2789 1950 ,
2832 1883 3130 1938 sacerdotes
3149 1905 3313 1938 u-.--

2251 1973 2516 2043 Epitritus
2555 1975 2851 2039 secundus,
2889 1974 3185 2028 conditores
3213 1999 3282 2030 -υ
3304 2006 3390 2029 .--

2252 2062 2517 2132 Epitritus
2555 2063 2778 2128 tertius,
2819 2061 3190 2118 Demosthenes
3215 2088 3344 2120 ο-υ.
3364 2095 3391 2105 -

2252 2153 2517 2224 Epitritus
2553 2164 2778 2225 quartus
2797 2196 2812 2222 ,
2854 2153 3174 2210 Fescennius
3203 2187 3296 2213 --.
3324 2179 3355 2211 υ
3374 2180 3406 2213 υ

2253 2267 2327 2322 Hi
2357 2269 2510 2340 pedes
2540 2279 2767 2340 quatuor
2790 2271 3054 2340 geminati,
3083 2271 3176 2325 hos
3202 2272 3424 2326 sedecim
3449 2271 3694 2326 reddunt.

2253 2378 2572 2451 Pyrrichius
2595 2396 2718 2436 cum
2762 2382 3056 2453 pyrricliiio
3088 2383 3306 2452 junctus
3325 2424 3343 2449 γ
3367 2384 3768 2454 Proceleusma-

2183 2470 2324 2527 ticus
2355 2479 2460 2535 est,
2493 2480 2555 2526 ut
2580 2471 2785 2527 avicula
2815 2495 3008 2528 ,υυυυ

2253 2561 2569 2634 Pyrrichius
2607 2579 2729 2619 cum
2769 2565 3007 2635 spondeo
3062 2564 3274 2620 ionicus
3326 2573 3410 2618 est
3452 2564 3665 2629 minor,
3703 2571 3766 2618 ut

2182 2654 2458 2711 Diomedes
2486 2677 2597 2710 νυ·
2615 2686 2633 2697 -

2254 2744 2573 2816 Pyrrichius
2606 2762 2730 2804 cum
2759 2747 2941 2804 iambo
2966 2763 3103 2811 peon
3136 2761 3364 2818 quartus
3395 2758 3517 2814 est,
3549 2754 3607 2801 ut
3630 2745 3768 2801 cele-

2187 2837 2499 2893 ritasvvu-

2256 2929 2570 3001 Pyrrichius
2599 2947 2723 2988 cum
2761 2932 3032 2998 trochaeo,
3066 2947 3210 3004 peon
3233 2932 3456 2998 tertius,
3488 2940 3554 2987 ns
3587 2929 3765 2986 Hene-

2185 3022 2366 3073 demus
2393 3043 2470 3075 υυ
2496 3043 2567 3076 -υ

2261 3111 2543 3181 Spondeus
2580 3128 2703 3168 cum
2732 3115 3008 3186 pyrrichio
3032 3155 3046 3179 ,
3078 3114 3288 3170 ionicus
3315 3113 3516 3188 majbr,
3555 3119 3616 3168 ut
3655 3110 3768 3168 Ju-

493 3180 790 3272 eeduntur;
817 3205 1000 3276 dupla,
1030 3204 1244 3276 quoties
1265 3217 1333 3258 ex
1358 3201 1444 3256 bis
1469 3214 1639 3255 unum
1664 3196 1889 3252 alterum
1920 3194 2086 3265 duplo
2117 3180 2156 3241 Ε
2189 3180 2376 3256 nonius
2403 3224 2554 3258 ..-νυ

499 3299 688 3355 vineit.
744 3296 1014 3368 Sexcupla
1057 3310 1188 3351 vero
1237 3302 1346 3360 est,
1383 3292 1597 3362 quoties
1641 3304 1808 3344 unum
1853 3287 2084 3341 alterum

494 3389 753 3459 sexcuplo
781 3395 1023 3458 superat.
1073 3386 1132 3440 In
1182 3384 1372 3454 simpla
1402 3383 1549 3439 enim
1600 3379 1716 3448 ejus
1757 3387 1912 3449 parte
1941 3391 2083 3431 unus

495 3480 617 3554 plus
655 3481 951 3544 invenitur,
988 3479 1043 3532 in
1089 3477 1250 3547 dupla
1279 3490 1416 3531 unus
1444 3474 1622 3528 minus
1653 3471 1883 3528 habetur
1913 3486 1930 3522 ι
1956 3483 2082 3523 sex-

496 3572 711 3644 cuplum
739 3573 886 3626 enim
912 3570 1192 3625 dimidium
1221 3569 1436 3624 dicitur.
1472 3564 1713 3636 Triplum
1736 3570 1838 3626 est,
1867 3559 2082 3632 quando

497 3664 670 3734 maior
699 3680 830 3736 pars
870 3672 952 3717 ter
978 3662 1217 3718 continet
1254 3667 1425 3714 totum
1466 3657 1664 3720 minus,
1688 3653 1741 3708 id
1768 3661 1870 3716 est,
1903 3650 2007 3703 tria
2027 3656 2084 3704 et

497 3771 699 3820 unum;
747 3753 1024 3824 epitritum
1077 3757 1192 3814 est,
1241 3749 1458 3817 quando
1496 3744 1679 3798 minus
1703 3740 2015 3803 continetur
2050 3752 2082 3791 a

501 3845 740 3914 majore,
788 3853 844 3898 et
873 3845 990 3914 ejus
1023 3841 1180 3897 tertia
1214 3854 1357 3910 pars.
1409 3837 1685 3892 Cedunlur
1709 3846 1837 3887 vero
1886 3830 2082 3899 pedum

502 3938 751 3992 membra
801 3934 891 3989 vel
929 3950 1024 4005 per
1064 3931 1448 4002 aequalitatem,
1478 3925 1560 3982 vel
1588 3941 1685 3996 per
1713 3921 1933 3992 duplum
1959 3961 1972 3986 ,
1996 3918 2080 3974 vel

498 4041 598 4099 per
626 4015 965 4094 sescuplum,
1003 4024 1090 4077 vel
1124 4038 1220 4092 per
1266 4019 1483 4089 triplum
1503 4060 1516 4083 ,
1540 4017 1626 4072 vel
1658 4031 1753 4085 per
1781 4013 2078 4083 epitritum.

497 4118 776 4173 Partimus
816 4130 942 4185 ergo
991 4115 1045 4168 in
1088 4127 1240 4181 aequa
1284 4111 1382 4165 hos
1424 4129 1436 4163 :
1480 4110 1812 4178 spondaaum,
1845 4114 2080 4169 testans;

499 4210 831 4282 pyrrichium
862 4248 879 4273 ,
928 4206 1051 4277 fuga
1077 4245 1092 4270 ,
1147 4220 1212 4258 ex
1257 4218 1409 4271 aequa
1465 4201 1760 4263 divisione;
1798 4199 2036 4254 iambum
2063 4234 2080 4262 ,

501 4314 727 4372 parens,
755 4313 822 4353 ex
847 4296 1037 4365 dupla;
1067 4294 1381 4357 trochaeum,
1403 4298 1566 4355 meta,
1591 4305 1657 4343 ex
1682 4287 1860 4358 dupla.

854 4405 1123 4460 Partimus
1148 4421 1269 4474 ergo
1300 4405 1354 4457 in
1382 4419 1586 4474 aequam
1613 4402 1745 4456 hos:

583 4522 927 4593 Spondeum,
955 4529 1014 4574 ιιι
1038 4531 1214 4574 (ratas.
1239 4547 1325 4570 -.-

575 4613 952 4685 Pyrrichium,
997 4613 1122 4682 fuga
1143 4633 1175 4666 υ
1203 4649 1217 4664 .
1242 4635 1274 4666 υ

575 4702 858 4774 Dactylum
884 4743 898 4768 ,
937 4703 1170 4755 carmina
1191 4731 1218 4742 -
1247 4740 1260 4754 .
1297 4723 1328 4756 υ
1355 4722 1388 4756 υ

575 4793 910 4862 Anapestnm
936 4833 950 4858 ,
989 4802 1135 4845 erato
1159 4815 1190 4845 υ
1217 4814 1248 4847 υ
1280 4832 1293 4846 .
1322 4821 1350 4833 -

580 4885 942 4955 Dispondcnm
975 4925 989 4949 ,
1033 4893 1264 4938 oratores
1284 4914 1418 4925 ----

578 4973 1130 5028 Procelensmaticnm
1153 5013 1167 5037 ,
1209 4973 1414 5027 avicula
1437 4994 1468 5026 υ
1485 4993 1516 5025 υ
1533 5011 1547 5026 .
1568 4991 1635 5028 ou

580 5064 882 5135 Dyambum
905 5106 917 5130 ,
951 5065 1313 5134 propinquitas
1337 5085 1368 5116 υ
1393 5093 1419 5104 -
1438 5103 1450 5117 .
1466 5086 1535 5118 u-

583 5158 966 5222 Ditrocbazum,
1007 5156 1267 5210 cantilena
1289 5186 1316 5196 -
1334 5179 1366 5210 υ
1381 5181 1475 5212 ,ου

582 5248 962 5303 Antisbastum
981 5289 996 5314 ,
1033 5249 1265 5302 solonius
1286 5273 1318 5302 υ
1339 5278 1366 5288 ο
1385 5292 1395 5301 .
1416 5271 1482 5302 -υ

582 5340 930 5399 Cariambum
948 5381 963 5406 ,
1003 5343 1319 5411 armipotens
1349 5363 1414 5395 -ν
1437 5382 1448 5394 .
1465 5362 1532 5397 υ-

611 5461 715 5507 tem
742 5469 836 5523 per
857 5451 1072 5522 duplam
1099 5453 1400 5509 divisionem
1427 5456 1680 5523 parti‘mus
1705 5455 1796 5510 hos
1827 5455 1983 5524 pedes
2012 5468 2031 5506 :

587 5561 934 5628 Troclueum,
975 5571 1036 5617 ut
1071 5574 1208 5618 meta
1232 5595 1257 5604 -
1280 5589 1341 5621 ,υ

589 5653 854 5721 Iambum,
892 5674 1079 5726 parcus
1110 5681 1140 5711 υ
1170 5697 1182 5710 .
1202 5688 1226 5698 -

590 5751 880 5810 Molossum
906 5791 921 5819 ,
965 5753 1035 5806 ΛΕ
1041 5771 1165 5810 neas
1183 5786 1202 5794 ο
1221 5794 1233 5808 .
1251 5785 1275 5794 -
1295 5783 1314 5793 -

2257 3295 2540 3366 Spondeus
2561 3311 2682 3351 cum
2706 3311 2838 3367 spon
2849 3296 3317 3365 deo,dispondeus,
3331 3307 3392 3351 ut
3408 3305 3775 3350 oratores-«-

2256 3385 2537 3456 Spondeus
2575 3401 2697 3442 cum
2737 3387 2949 3454 iambo,
2991 3388 3244 3458 epitritus
3285 3389 3509 3452 tertius,
3548 3395 3608 3442 ut
3650 3385 3768 3441 De-

2183 3477 2476 3532 mosthenes
2503 3505 2569 3519 --
2589 3500 2655 3532 ν-

2256 3565 2542 3638 Spondeus
2599 3581 2720 3622 cum
2773 3566 3047 3631 trochzeo,
3102 3566 3351 3635 epitritus
3408 3573 3664 3636 quartus,
3705 3569 3775 3621 ut

2185 3657 2540 3712 Fecscennius
2569 3686 2597 3698 -
2613 3687 2641 3697 -
2658 3682 2723 3711 -ν

2253 3746 2468 3803 Iambus
2505 3763 2628 3804 cum
2675 3747 2986 3818 pyrrichio,
3041 3762 3180 3817 peon
3213 3748 3517 3815 secundus,
3565 3756 3626 3802 ut
3671 3763 3770 3802 co-

2185 3837 2326 3891 lonta
2349 3860 2379 3892 υ
2398 3859 2468 3891 -υ
2484 3859 2515 3892 υ

2255 3931 2470 3987 Iambus
2508 3947 2632 3987 cum
2663 3932 2930 4002 spondeo,
2969 3933 3220 4003 epitritus
3265 3933 3475 4004 primus
3501 3974 3516 4000 ,
3559 3944 3621 3987 ut
3674 3951 3769 3988 sa-

2187 4026 2416 4078 cerdotes
2441 4045 2472 4078 υ
2491 4053 2514 4064 -
2531 4053 2558 4065 -
2571 4052 2594 4064 -

2257 4117 2472 4170 Iambus
2530 4132 2652 4171 cum
2699 4117 2911 4184 iambo,
2948 4117 3247 4184 diiambus,
3318 4127 3381 4173 ut
3457 4119 3768 4188 prapinqui-

2188 4217 2475 4261 tasv—u-

2259 4299 2471 4354 Iambus
2487 4314 2609 4353 cum
2627 4299 2881 4364 trochazo,
2899 4301 3249 4368 antispastus,
3261 4307 3322 4352 ιιι
3335 4299 3611 4352 salouinus
3625 4319 3658 4351 υ
3670 4325 3724 4342 σο
3740 4320 3769 4349 υ

2260 4395 2552 4451 Τιόειιιειιε
2587 4409 2708 4449 ειιιιι
2742 4393 3044 4464 pyrrichio,
3097 4409 3237 4464 peon
3289 4394 3498 4463 primus
3525 4433 3540 4458 ,
3594 4402 3656 4445 ut
3699 4393 3774 4444 le-

2110 4535 2165 4593 Β
2189 4490 2398 4560 gilimus
2423 4520 2447 4529 -
2460 4511 2490 4544 υ
2505 4510 2533 4540 υ
2550 4509 2581 4541 υ

2261 4580 2551 4635 Τιόειιίειιε
2589 4595 2712 4634 ειιιιι
2748 4580 3002 4650 spondeo,
3041 4579 3294 4647 epitritus
3340 4577 3608 4632 secundus
3634 4615 3649 4636 ,
3714 4581 3774 4626 ut

2189 4671 2483 4725 conditores
2505 4701 2530 4712 -
2553 4694 2584 4725 υ
2605 4701 2630 4711 -
2647 4702 2668 4711 -

2263 4759 2551 4814 Tmclneus
2608 4775 2729 4813 cum
2785 4757 3001 4822 iambo,
3042 4756 3383 4820 coriambus,
3439 4763 3496 4808 ut
3534 4755 3772 4822 armipo-

2188 4858 2296 4902 tens
2325 4873 2484 4904 -υυ-

2262 4942 2551 4996 Trochzeus
2587 4957 2706 4997 cum
2759 4943 3028 5006 trochaeo,
3084 4939 3412 4995 ditrochazus
3438 4979 3452 5004 ,
3489 4947 3549 4992 ut
3603 4935 3776 4990 canti-

2191 5033 2310 5086 lena
2335 5063 2360 5073 -
2388 5053 2498 5086 v-v

2288 5164 2570 5234 Bissyllabi
2606 5181 2725 5219 cum
2756 5163 3060 5235 trissyllalvi's
3086 5164 3257 5230 juncti
3285 5164 3357 5219 32
3383 5163 3679 5235 proferunt.

2264 5294 2574 5365 Pyrrichius
2608 5311 2728 5349 cum
2768 5296 3040 5351 tribracho
3075 5318 3286 5354 νυυυυ

2264 5387 2579 5457 Pyrrichius
2616 5404 2735 5441 cum
2770 5387 3001 5443 molosso
3037 5411 3220 5443 υυ---

2264 5478 2576 5548 Pyrrichius
2613 5493 2734 5531 cum
2774 5489 3028 5548 anapesto
3064 5503 3232 5535 υυυυ
3255 5511 3276 5522 ο

2264 5569 2577 5641 Pyrrichius
2615 5583 2736 5623 cum
2776 5569 2990 5640 dactylo
3026 5592 3231 5628 υυ-υυ

2265 5661 2577 5729 Pyrrichius
2615 5675 2736 5714 cum
2771 5662 3158 5731 amphiliracbo
3179 5686 3212 5719 ν
3230 5685 3260 5717 υ
3273 5685 3306 5718 ν
3319 5692 3345 5704 -
3363 5685 3393 5720 υ

2267 5751 2576 5821 Pyrrichius
2615 5767 2734 5806 cum
2773 5752 3141 5817 amphimacro
3170 5775 3202 5807 υ
3218 5776 3249 5808 υ
3265 5783 3290 5792 -
3306 5776 3337 5807 υ
3353 5783 3375 5793 -

3553 6025 3887 6358 Δ
