3918 6326
111 348 195 402 677
891 334 1278 398 EXCERPTIO
1316 331 1408 392 DE
1443 331 1629 388 ARTE
1665 326 2122 391 GRAMMATICA
2160 332 2521 392 PRISCIANI.
3220 328 3328 394 678

166 456 461 529 Pyrrichius
498 468 617 510 cum
651 451 848 509 bachio
869 475 901 508 υ
919 473 1059 507 υυ--
1685 500 1687 505 ι

1832 443 2086 517 Dactylus
2121 461 2242 500 cum
2282 445 2492 516 dactylo
2524 477 2546 488 -
2565 469 2596 502 υ
2611 470 2640 501 υ
2662 477 2689 487 -
2703 467 2778 500 uo

169 550 465 621 Pyrrichlus
502 564 622 604 eum
659 546 1182 604 antiinchiovu-w
1825 534 2084 606 Dactylus.
2107 551 2236 593 cun
2269 536 2666 605 amphibrth
2687 558 2924 592 κων-υ

169 638 435 711 Spondeus
473 653 594 693 cum
633 637 908 694 tribracho
934 655 1135 690 --ουυ
1825 626 2087 696 Daetylus
2120 641 2244 680 cum
2283 627 2652 696 amphimacro
2683 649 2917 685 -υυ-υ-

171 733 437 803 Spondeus
474 744 595 784 cuin
631 728 869 784 molosso
892 754 1058 767 -----
1826 718 2084 780 Dactylus
2123 734 2244 773 cum
2284 719 2476 774 bachio
2515 743 2741 776 -υυυη

169 821 437 892 Spondeus
475 834 600 874 cum
635 823 896 888 anapesto
923 845 946 856 -
962 844 988 856 -
1011 837 1128 869 νυ-ι-
1826 809 2084 880 Dactylus
2120 825 2241 864 cum
2278 810 2594 865 antibachio
2609 833 2684 867 -υ
2699 832 2839 867 υ--υ

170 911 433 983 Spondeus
468 923 593 965 cum
633 905 846 978 dactylo
873 926 1048 960 ---υυ

1823 897 2257 966 Ampliibracbus
2290 913 2413 954 cum
2450 899 2624 954 tribus
2655 922 2810 954 υ-υυ
2830 921 2908 955 υυ

169 1001 435 1073 Spondeus
469 1014 594 1055 cum
629 995 1022 1066 amphibracho
1045 1013 1234 1046 «ην-υ

1823 987 2261 1058 Ambibrachus
2291 1005 2413 1047 culi
2452 997 2693 1047 molosso
2720 1012 2862 1049 u-w-
2882 1018 2947 1034 ει-

167 1096 434 1168 Spoudeus
472 1108 594 1149 cum
633 1090 1006 1161 amphimacro
1029 1107 1168 1140 --ου
1186 1113 1209 1125 -

1824 1074 2260 1147 Amphibrachus
2296 1093 2418 1133 cum
2458 1087 2717 1148 anapesto
2740 1101 2773 1134 υ
2789 1102 2855 1134 -υ
2871 1100 2942 1134 υυ
2959 1109 2986 1122 -

167 1167 436 1257 Spondeus
474 1197 595 1238 cum
632 1180 827 1236 bachio
854 1200 1037 1233 --νσ-

1821 1167 2255 1256 ᾼωρὴίὺηοιιυε
2287 1184 2410 1223 cum
2446 1168 2658 1240 dactylo
2689 1191 2722 1225 υ
2740 1200 2765 1210 -
2778 1191 2810 1225 υ
2826 1192 2890 1224 -υ
2909 1191 2938 1223 ν

167 1252 434 1346 spondeus
466 1289 588 1328 cum
617 1271 930 1327 antibachio
949 1299 975 1310 -
998 1298 1025 1309 -
1048 1297 1076 1308 -
1093 1297 1122 1308 -
1139 1288 1172 1322 υ

1821 1252 2257 1332 Ἀηιριιίὺηεὶιιιε
2294 1275 2416 1315 cum
2447 1261 2836 1330 amphibracho
2860 1279 3091 1315 υ-υυ-υ

167 1368 362 1422 Iambus
399 1381 523 1420 cum
565 1364 835 1418 tribracho
865 1383 896 1414 υ
911 1391 940 1402 -
955 1381 986 1416 υ
1005 1380 1082 1414 νυ

1824 1350 2260 1421 Amphihrachus
2297 1366 2419 1406 cum
2458 1352 2829 1420 amphimacro
2861 1370 3100 1404 υ-υ-υ-

165 1458 365 1514 Iambus
403 1472 525 1512 cum
555 1454 791 1510 molosso
814 1475 846 1508 υ
873 1482 901 1494 -
924 1479 1021 1493 ---

1824 1440 2260 1511 Amphibrachus
2294 1455 2416 1495 cum
2453 1439 2647 1495 bachio
2673 1461 2706 1495 υ
2723 1470 2750 1481 -
2767 1463 2798 1494 υ
2815 1463 2842 1492 ν
2856 1467 2919 1478 --

163 1552 365 1607 Iambus
401 1565 527 1606 eum
564 1555 821 1617 anapesto
842 1567 874 1599 υ
893 1566 962 1599 -υ
976 1565 1007 1598 υ
1026 1572 1053 1585 -

1823 1531 2256 1601 Amphibrachus
2290 1545 2413 1584 eum
2453 1530 2762 1585 antibachio
2796 1549 3005 1583 υ-υ--υ

163 1643 367 1698 Iambus
402 1657 526 1696 cum
563 1636 778 1709 dactbe
799 1657 832 1692 υ
846 1665 876 1677 -
892 1664 913 1680 ι
926 1656 957 1689 υ
971 1657 1003 1689 υ

1825 1624 2239 1695 Amphimacrus
2271 1639 2397 1680 cum
2436 1625 2609 1680 tribus
2631 1655 2666 1694 1-
2680 1647 2708 1677 ν
2722 1652 2749 1663 -
2761 1645 2793 1678 υ
2808 1643 2839 1676 υ
2852 1645 2885 1679 ν

164 1735 367 1790 Iambus
405 1747 530 1787 cum
569 1728 956 1799 amphibracho
983 1745 1094 1779 u-u
1114 1745 1184 1778 -u
1683 1795 1687 1799 ι

1825 1709 2247 1783 Amphimacrus
2272 1727 2399 1768 cum
2431 1713 2668 1768 molosso.
2687 1731 2766 1767 ..α
2782 1741 2810 1752 -
2823 1732 2908 1754 -...

163 1826 366 1882 Iambus
402 1838 526 1879 cum
567 1821 939 1892 amphimacro
965 1838 1165 1872 υ--υ-
1683 1795 1687 1803 ⁴

1825 1803 2242 1873 Amphimacrus
2280 1817 2406 1857 cum
2439 1809 2955 1869 anapaesta-wan-

165 1919 366 1973 lambus
407 1930 532 1970 cum
566 1912 763 1969 bachio
780 1932 812 1965 υ
831 1939 859 1951 -
874 1933 976 1964 υ--
1827 1896 2249 1966 Amphimacrus.
2275 1909 2400 1949 eum
2434 1891 2655 1964 dactylo
2675 1914 2775 1959 -_u.-
2788 1922 2814 1934 -
2833 1914 2920 1949 una

163 2007 368 2062 Iambus
398 2019 525 2060 cum
563 2001 874 2057 antibachio
891 2021 1032 2054 u---
1044 2018 1077 2053 υ
1829 1986 2255 2057 Amphimacrus.
2282 1998 2406 2038 cum
2442 1983 2864 2053 amphibraehio.
2881 2005 2949 2038 -ν
2963 2003 3116 2038 -υ-ιι

165 2096 451 2152 Trochscus
488 2109 612 2149 cum
651 2089 928 2146 tribracho
963 2108 1168 2143 -υνυυ

1829 2077 2241 2146 Amphimacrus
2276 2089 2401 2130 cum
2438 2074 2816 2144 amphimacro
2831 2098 2897 2130 -υ
2913 2104 2980 2121 --ι
2992 2096 3067 2130 u-

164 2187 451 2242 Trocbasus
489 2199 613 2240 eum
649 2180 886 2236 molosso
908 2208 934 2220 -
952 2201 984 2233 υ
1003 2208 1030 2220 -
1050 2207 1077 2218 -
1092 2207 1119 2219 -

1831 2167 2247 2238 Ampliimacrus
2280 2181 2406 2222 eum
2438 2165 2640 2223 bachio
2655 2187 2726 2221 -νι
2739 2194 2766 2206 -
2782 2189 2814 2220 υ
2828 2189 2892 2209 -ι

167 2277 453 2332 Trochaaus
489 2289 611 2330 cum
651 2278 910 2341 anapesto
931 2290 1138 2324 -uuu-
1828 2259 2244 2327 Amphimacrus
2275 2271 2397 2311 cum
2433 2255 2749 2312 antibachio
2765 2277 2993 2313 -ν---ι

166 2367 454 2422 Trochaeus
490 2379 616 2419 cum
650 2362 866 2432 dactylo
891 2389 917 2401 -
935 2380 1103 2414 υ-υυ

1833 2351 2069 2406 Baebius
2105 2365 2228 2406 cum
2266 2350 2789 2405 tribraehOu-wua

167 2459 452 2514 Trochaeus
491 2471 617 2512 cum
655 2450 1046 2523 amphibracho
1072 2468 1265 2502 -υυ-υ

1834 2440 2072 2495 Baebius
2108 2454 2232 2498 eum
2268 2438 2502 2494 molosso
2527 2460 2758 2497 νυν-ι--

167 2550 467 2605 Troehaeus.
490 2562 612 2602 cum
651 2542 1025 2614 amphimacro
1053 2570 1080 2581 -
1097 2561 1128 2594 υ
1149 2560 1256 2594 -υι
1836 2525 2076 2585 Baebius:
2104 2544 2228 2584 cum
2261 2537 2520 2599 anapesto
2549 2550 2782 2585 υ-υ-υι-

169 2641 452 2696 'l'rochaaus
486 2652 612 2693 cum
648 2635 848 2690 bachio
876 2653 946 2685 -υ
963 2653 994 2685 υ
1011 2661 1036 2673 -
1053 2659 1081 2671 -
1835 2620 2067 2680 Baebius
2103 2635 2225 2674 cum
2263 2618 2478 2690 dactylo
2501 2640 2731 2676 υ---υυ

167 2732 453 2788 Trochus
487 2743 611 2785 eum
649 2723 958 2781 antibachio
978 2742 1165 2777 -υ--υ
1835 2712 2066 2767 Baebius
2098 2726 2225 2766 cum
2261 2709 2908 2780 amphibrachou-w-u

1834 2803 2070 2861 Baebius
2103 2817 2229 2858 cum
2265 2804 2635 2874 amphimacro
2660 2825 2888 2860 υ-οσυ-

1837 2895 2076 2950 Baebius
2105 2909 2229 2950 eum
2264 2895 2461 2952 bachio
2483 2917 2582 2948 u--
2597 2915 2702 2949 υσ-

1840 2986 2078 3042 Baebius
2115 3001 2240 3042 cum
2275 2985 2586 3040 antibachio
2604 3005 2637 3040 υ
2653 3005 2839 3038 --ηυ

1840 3076 2196 3135 Anﬁbaehius
2229 3092 2356 3131 eum
2391 3076 2563 3132 tribus
2600 3104 2624 3115 -
2638 3097 2703 3130 -υ
2715 3097 2747 3129 υ
2762 3096 2794 3129 υ
2808 3095 2840 3129 υ

130 2845 396 2918 Tn'syuabi
418 2859 538 2898 cum
562 2838 846 2908 trisyllabis
869 2836 1044 2900 positi,
1067 2835 1140 2891 64,
1151 2833 1270 2889 inde
1299 2831 1632 2900 colliguntur.

168 2957 358 3012 Tribus
394 2968 524 3010 cum
557 2949 836 3007 taﬂnacho
869 2969 905 3004 υ
925 2967 1132 3002 υυυυυ

171 3048 358 3102 Τι’ὢιιδ
393 3061 522 3100 eum
559 3042 798 3097 molosso
832 3062 1074 3095 uuu---

169 3133 356 3189 Tribus
395 3146 527 3188 eum
562 3138 821 3199 anapesto
852 3148 1091 3182 uuuuu-
1696 3129 1742 3194 α

174 3224 367 3280 Tribus
395 3235 522 3276 cum
560 3218 772 3290 dactylo
808 3240 840 3272 υ
859 3239 889 3271 υ
903 3239 935 3271 u
952 3237 1013 3270 -υ
1027 3237 1058 3270 υ

171 3317 359 3372 Tribus
395 3328 523 3368 cum
561 3309 950 3380 amphibracho
983 3325 1218 3361 uuuu-u

173 3407 362 3461 Tribus
399 3418 530 3459 eum
567 3401 934 3470 amphimacro
967 3416 1205 3453 uua-u-

171 3495 361 3551 Tribus
399 3507 530 3549 cum
566 3491 759 3549 bachio
791 3510 1039 3547 υνυυ-εν

174 3571 366 3641 Tribus
403 3599 540 3640 cum
575 3582 884 3638 antibachio
919 3600 1156 3635 υυυηυ

173 3677 434 3733 Molossus
472 3690 603 3731 eum
637 3674 911 3730 tribracho
945 3693 1180 3728 ---uuu

173 3767 436 3822 Molossus
476 3781 601 3822 cum
641 3763 873 3819 molosso
906 3790 1079 3804 -----
1096 3791 1120 3802 υ

174 3857 434 3913 Molossus
472 3871 600 3910 cum
639 3863 896 3923 auapesto
929 3872 1138 3905 ---uu-

175 3948 438 4004 Molossus
474 3963 600 4002 cum
635 3945 846 4016 dactylo
878 3963 1089 3998 ----υυ

175 4039 438 4096 Molossus
477 4053 604 4094 cum
640 4034 1026 4105 amphibracho
1044 4052 1263 4087 ---υ-υ

177 4128 438 4185 Molossus
474 4143 597 4184 cum
634 4126 1008 4194 amphimacro
1036 4144 1246 4177 ----u-

1840 3167 2196 3224 Antibachius
2227 3183 2358 3224 cum
2389 3167 2624 3222 molosso
2649 3189 2864 3221 --υ---

1839 3257 2202 3317 Antibaehius
2236 3275 2358 3315 cum
2394 3260 2763 3330 amphimacro
2782 3289 2807 3300 -
2819 3288 2848 3300 ε-
2861 3278 2968 3315 υρσυ
2981 3288 3005 3299 -

1839 3353 2199 3408 Antibaebi-us
2231 3366 2357 3407 eum
2396 3359 2660 3420 anapesto
2687 3373 2917 3406 --υν-υ·

1837 3442 2201 3498 Antibachius
2231 3457 2356 3496 cum
2392 3441 2603 3512 dactylo
2627 3461 2718 3494 --υ
2735 3461 2805 3494 -ιν
2821 3463 2861 3494 υ-

1841 3531 2194 3586 Antibachius
2230 3546 2357 3586 cum
2389 3530 2775 3600 amphibracho
2807 3551 2902 3584 --υ
2915 3549 3030 3586 una

1843 3621 2199 3676 Antibachius
2232 3637 2354 3676 eum
2389 3619 2585 3676 bachio
2609 3649 2638 3662 -
2654 3651 2683 3661 -
2694 3643 2726 3675 υ
2738 3643 2770 3676 υ
2784 3649 2811 3661 -
2821 3649 2850 3660 -

1846 3715 2202 3770 Antibachius
2239 3728 2368 3767 eum
2401 3713 2708 3768 antibachio
2731 3733 2952 3768 --υ--ν

1844 3827 1941 3881 Isti
1962 3840 2195 3893 namque
2233 3824 2427 3894 pedes,
2468 3823 2559 3890 qui
2603 3822 2689 3876 hic
2735 3827 3055 3891 sequuntur,
3095 3834 3218 3876 cum
3249 3836 3344 3875 su-

1775 3916 1960 3988 perius
1989 3913 2354 3969 denominatis
2373 3909 2643 3979 coniuncti
2672 3909 2880 3965 faciunt
2915 3917 3129 3964 centum
3160 3909 3348 3975 viginti

1778 4012 2012 4074 quasi»:
2038 4042 2052 4055 .
2084 4001 2410 4074 pyrrichius,
2445 4001 2734 4071 spondeus,
2770 4001 3002 4064 iambus,
3053 3999 3305 4054 .mchcus
3331 4038 3346 4063 ,

1780 4091 2106 4156 tribrachns,
2159 4089 2440 4152 molossns,
2479 4100 2771 4158 anapestus
2797 4129 2811 4153 ,
2841 4088 3104 4158 dactylus,
3138 4088 3348 4162 amphi-

1779 4180 2032 4244 brachus,
2069 4178 2487 4247 amphimacrus,
2529 4177 2785 4242 bachius,
2837 4178 3220 4242 antibachius;
3251 4177 3346 4230 ho-

1781 4287 1900 4325 rum
1929 4279 2054 4325 sunt
2077 4268 2383 4330 duudeeim.
2427 4267 2718 4322 Duodecim
2749 4268 2911 4337 igitur
2938 4308 2952 4332 ,
2982 4276 3037 4321 et
3064 4268 3299 4323 sedecim
3329 4307 3344 4332 ,

1781 4370 1836 4415 et
1864 4361 2085 4430 triginta
2110 4360 2218 4414 duo
2244 4367 2405 4428 atque
2429 4358 2705 4428 sexaginta
2734 4365 2983 4427 quatuor,
3024 4373 3183 4428 supra
3202 4357 3348 4415 ,scri-

176 4218 436 4276 Molossus
477 4233 605 4274 cum
642 4216 836 4272 bachio
873 4236 1008 4269 --ου
1024 4243 1084 4257 ~-

175 4312 438 4368 lolossus
479 4325 607 4365 cum
643 4307 954 4362 antibachio
989 4328 1197 4362 -----u

176 4404 484 4475 Anapestus
524 4416 648 4456 cum
687 4400 860 4454 tribus
885 4418 1137 4454 uu-uw

177 4450 484 4475 mur"---
529 4450 648 4456 -__
690 4450 785 4454 ---η
804 4450 854 4453 __
895 4450 909 4453 -
942 4450 952 4452 -
1027 4450 1043 4454 -
1074 4450 1082 4451 ,
1116 4450 1128 4452 _

177 4494 481 4562 Anapestus
518 4505 640 4546 cum
679 4487 914 4543 molosso
949 4507 1161 4543 uu----

1788 4464 1931 4527 ptam
1977 4470 2244 4511 summam
2293 4454 2643 4524 complebunt
2683 4471 2704 4507 τ
2750 4453 2847 4517 12,
2883 4452 2970 4520 16,
3021 4451 3112 4518 52,
3147 4451 3236 4518 οι,
3271 4450 3353 4506 fa-

178 4550 486 4652 Anapestus
526 4592 648 4634 cum
684 4585 942 4647 anapesto
975 4603 1006 4631 υ
1018 4599 1050 4632 υ
1062 4605 1088 4617 -
1101 4597 1133 4630 υ
1147 4597 1214 4631 υ-

1788 4550 1956 4606 ciunt.

181 4676 488 4744 Anapestus
529 4688 649 4728 cum
690 4671 901 4746 dactylo
936 4690 1170 4725 υυ--υυ
1859 4662 2011 4717 Mens
2036 4660 2322 4716 tenebrosa
2351 4667 2522 4714 tumet
2552 4657 2745 4713 mortis
2775 4655 3000 4712 obseura
3031 4654 3284 4708 tenebris.

180 4743 488 4834 Anapestus
524 4776 648 4815 cum
686 4743 1078 4829 amplﬁhracho
1105 4779 1218 4813 υυ-
1235 4777 1339 4812 υ-υ
1861 4751 1952 4806 Vir
1974 4751 2479 4816 huuiilis,’mmstus,
2508 4748 2700 4802 caelum
2733 4745 3044 4802 conscendit
3071 4743 3140 4797 ab
3163 4743 3346 4801 humo.

180 4857 487 4926 Anapestus
526 4868 648 4908 cum
687 4851 1054 4920 amphimacro
1090 4869 1314 4906 υυ--υ-
1857 4846 2026 4919 Cujus
2050 4861 2203 4900 amor
2225 4851 2460 4908 maneat,
2484 4842 2636 4912 cujus
2661 4841 2716 4894 in
2746 4840 2907 4895 corde
2930 4853 3026 4908 per
3054 4852 3245 4891 aevum.

182 4946 485 5015 Anapestus
525 4958 647 4998 cum
685 4941 878 4997 bachio
915 4961 1144 4996 υυ-υη
1859 4936 2098 4992 Scienti-a
2126 4943 2226 4997 est,
2256 4933 2538 5002 ojuveuis,
2561 4932 2656 4986 tibi
2677 4932 2747 4986 sit
2775 4928 3059 5000 sapientiae
3075 4927 3251 4986 ardor.

185 5014 486 5106 Anapcstus
522 5049 644 5089 cum
682 5032 988 5087 antibachio
1022 5051 1254 5088 υυ---υ
1802 5057 1807 5061 ~
1859 5026 2058 5095 Sophia
2074 5025 2189 5079 laus
2203 5024 2487 5087 animiest,
2503 5019 3068 5090 scmper,homo,disce
3082 5014 3346 5084 sophiam.

184 5105 433 5196 Dactylus
473 5141 600 5181 cuin
639 5123 915 5178 tribracho
948 5144 1200 5180 -νυνυν
1859 5118 1953 5171 Est
1979 5118 2142 5171 decus
2161 5116 2264 5171 hoc
2294 5115 2483 5168 animxe
2505 5113 2693 5175 virtus,
2727 5110 2832 5164 hoc
2862 5117 2915 5164 et
2941 5107 3141 5161 inditus
3161 5105 3314 5161 ordo.

187 5218 440 5289 Dactylus
478 5231 605 5271 cum
644 5215 878 5269 molosso
906 5236 1132 5269 -uu---
1862 5207 2090 5264 Coudite
2114 5221 2249 5278 gaza
2275 5205 2415 5275 polo,
2444 5219 2630 5258 saccos
2653 5209 2885 5257 vacuate
2909 5213 3166 5269 gazarum
3191 5214 3208 5251 :

187 5287 437 5385 Dactylus
475 5322 603 5366 eum
638 5315 894 5378 anapesto
929 5326 1089 5363 -υυυ
1102 5326 1137 5364 υ
1150 5334 1176 5347 -
1863 5297 2001 5354 Aula
2021 5303 2167 5353 tenet
2185 5295 2459 5353 Christum
2485 5294 2684 5352 Christi
2709 5294 2756 5350 si
2776 5291 3014 5366 pectoris
3030 5287 3171 5344 aula.

1210 5595 2249 5636 -ἇΘᾱ-ι--υ
