3918 6362
730 486 3641 519 π

1043 583 1624 762 nan-rx
1689 639 2428 758 manus
2502 634 3116 751 manus

1185 878 1476 938 ABBATIS
1515 873 1902 937 FULDENSIS
1935 874 2027 931 ET
2067 871 2448 932 MOGUNTINI
2482 871 2999 932 ARCHIEPISCOPI

670 1061 1430 1178 EXPOSITIO
1518 1060 1664 1175 IN
1751 1055 2555 1177 PR’OVERBIA
2644 1053 3484 1171 SALOMONIS.

1682 1406 1996 1485 LIBER
2049 1401 2465 1492 PRIMUS.

1917 1579 2218 1599 ﬂ

973 1688 1200 1749 CAPUT
1234 1690 1524 1748 PRIMUM.

533 1822 812 1879 Parabolte
841 1822 1144 1880 Salomonis
1167 1826 1264 1893 lilii
1287 1826 1458 1881 David
1489 1825 1622 1896 regis
1651 1824 1839 1897 Israel.
1873 1824 2038 1878 Para-

458 1916 818 1983 bolasGrasce,
835 1916 1028 1971 Latine
1050 1917 1300 1973 dicuntur
1321 1917 1718 1974 similitudines.
1737 1916 1890 1984 Quod
1914 1917 2038 1971 huic

460 2006 599 2064 libro
619 2009 938 2064 vocabulum
958 2006 1211 2064 Salomon
1237 2009 1306 2063 ob
1326 2008 1378 2063 id
1404 2009 1678 2080 imposuit,
1697 2019 1756 2064 ut
1778 2010 2040 2065 sciremus

461 2100 626 2156 altqu
649 2109 706 2156 et
733 2117 839 2156 non
863 2101 1020 2172 juxta
1046 2100 1283 2156 litteram
1318 2100 1616 2172 intelligere
1644 2117 1763 2171 qua:
1789 2102 1918 2156 dicit
1944 2119 1955 2154 :
1986 2101 2038 2155 in

461 2205 572 2261 quo
603 2190 889 2246 Dominum
926 2191 1194 2262 signiﬁcat
1229 2207 1325 2261 per
1353 2191 1638 2260 parabolas
1675 2191 1847 2247 turbis
1875 2191 2041 2247 fuisse

460 2279 802 2348 locuturum,
843 2282 984 2338 sicut
1011 2284 1176 2338 etiam
1205 2283 1421 2338 nomine
1461 2283 1681 2354 proprio
1722 2292 1779 2339 et
1818 2285 2043 2353 paciﬁco

462 2373 615 2442 regni
647 2373 731 2427 sui
760 2381 904 2428 statu
935 2387 1161 2442 regnum
1181 2372 1483 2428 Christi.et
1513 2372 1765 2428 Ecclesiae
1809 2389 2043 2443 perenne

460 2461 764 2528 denuntiat,
795 2461 863 2517 de
887 2477 998 2531 quo
1024 2463 1282 2532 scriptum
1312 2470 1396 2518 est
1420 2480 1432 2515 :
1464 2461 1902 2533 Multiplicabitur
1928 2466 2044 2534 ejus

458 2550 757 2623 imperium,
787 2565 835 2607 et
867 2554 1010 2623 pacis
1039 2570 1143 2607 non
1172 2554 1270 2607 erit
1297 2553 1420 2622 ﬁnis
1446 2570 1603 2623 super
1633 2555 1822 2609 solium
1870 2555 2045 2611 David

463 2653 512 2698 et
537 2660 694 2714 super
724 2660 935 2714 regnum
964 2644 1076 2713 ejus
1106 2642 1241 2712 (Isa.
1269 2644 1346 2714 Ix)
1369 2684 1385 2710 ,
1417 2643 1555 2699 sicut
1583 2645 1763 2714 templi
1795 2654 2045 2700 constru-

462 2735 642 2790 ctione
673 2749 738 2789 ac
767 2732 1127 2798 dedicatione,
1157 2733 1569 2790 aediﬁcationem
1609 2735 1916 2805 signiﬁcare
1943 2735 2047 2791 Ec-

467 2826 685 2891 clesiae,
750 2841 868 2895 quae
907 2836 1166 2897 tempore
1217 2826 1628 2882 resurrectionis
1679 2827 1733 2880 in
1783 2835 2046 2882 aeternum

465 2910 803 2975 dedicahitur
831 2919 1086 2974 insinuat.
1139 2917 1274 2973 Nam
1309 2927 1364 2974 et
1402 2919 1518 2989 ipse
1551 2917 1698 2981 ,lilius
1731 2933 1852 2975 esse
1878 2919 2046 2974 David

463 3025 559 3066 rex
589 3009 850 3080 spiritalis
878 3008 1043 3065 Israel
1070 3009 1232 3064 etiam
1263 3010 1538 3065 turbarum
1571 3009 1900 3076 testimonio,

461 3101 511 3155 ei
556 3102 608 3155 in
651 3101 1034 3173 Jerosolymam
1099 3102 1335 3158 venienti
1379 3117 1502 3157 cum
1532 3101 1835 3173 palmarum
1873 3104 2040 3158 ramis

460 3198 516 3246 et
552 3189 800 3246 laudibus
829 3200 1208 3258 occurrerent,
1241 3192 1563 3248 declaratur.
1603 3190 1912 3248 Notandum
1941 3209 2038 3247 au-

464 3289 574 3336 tem
600 3281 740 3351 quod
765 3281 978 3353 vulgata
1001 3284 1164 3345 editio
1187 3298 1285 3353 pro
1309 3279 1612 3356 Parabolis,
1633 3299 1752 3353 qua:
1779 3282 2043 3338 Hebraice

427 3389 429 3392 ·
463 3369 584 3424 Has
613 3368 745 3424 Loth
777 3381 1056 3438 vocantur,
1100 3371 1464 3438 Parlwemias,
1511 3372 1566 3426 id
1609 3381 1697 3445 est
1730 3372 2040 3441 Proverbia,

466 3462 627 3529 dicit;
659 3463 754 3519 sed
803 3479 902 3519 nec
949 3465 1123 3534 ipsum
1153 3479 1345 3520 nomen
1389 3462 1645 3520 abhorret
1672 3478 1704 3530 a
1730 3479 1882 3519 vero.
1914 3463 2045 3533 Quae

464 3554 628 3610 enim’
641 3555 908 3624 parabolae
935 3564 1082 3611 recte
1108 3564 1507 3626 nuncupantur,
1539 3555 1666 3626 quia
1696 3565 1804 3610 tam
1829 3556 2043 3612 occulta

468 3654 596 3699 sunt
619 3684 643 3726 ,ο
685 3655 913 3715 possunt
960 3662 1069 3702 non
1118 3647 1408 3718 incongrue
1448 3647 1609 3701 etiam
1639 3649 1924 3716 proverbia
1951 3663 2045 3703 vo-

467 3737 616 3801 cari,
648 3737 772 3806 quia
803 3737 929 3791 talia
959 3745 1084 3793 sunt
1110 3753 1228 3807 qua:
1257 3739 1671 3806 merito-saepius
1716 3739 1771 3793 in
1811 3754 1906 3794 ore
1933 3739 2048 3794 col-

467 3823 803 3896 loquentium
842 3827 1047 3881 versari
1098 3841 1162 3882 ac
1212 3827 1471 3882 memoria
1518 3827 1754 3882 debeant
1799 3829 2044 3884 retineri.

468 3915 605 3972 Nam
636 3925 691 3972 et
717 3918 1004 3988 proverbia
1036 3918 1352 3990 plerumque
1383 3927 1490 3973 tam
1518 3911 1746 3974 obscure
1772 3919 2042 3986 dicuntur,

467 4015 528 4060 ut
559 4007 753 4062 merito
777 4008 968 4063 eadem
997 3996 1205 4079 possint
1234 4009 1398 4065 etiam
1427 4008 1804 4079 parabolarum
1832 4011 2048 4066 nomine

469 4099 680 4164 notari,
712 4098 938 4154 Domino
966 4107 1276 4165 attestante,
1308 4100 1400 4169 qui
1431 4100 1540 4153 ait:
1575 4098 1706 4152 Haec
1740 4100 1795 4154 in
1834 4117 2047 4170 prover-

471 4193 567 4261 biis
613 4192 816 4248 locutus
846 4210 964 4248 sum
1007 4193 1170 4261 vobis,
1217 4195 1351 4248 venit
1397 4195 1528 4248 hora
1567 4211 1685 4249 cum
1717 4195 1834 4264 jam
1863 4211 1963 4248 non
1993 4195 2048 4247 in

469 4283 749 4354 proverbiis
779 4282 966 4354 loquar
990 4283 1131 4338 vobis
1151 4324 1165 4349 ,
1213 4282 1304 4338 sed
1351 4282 1529 4353 pala'm
1557 4283 1622 4338 de
1650 4281 1813 4338 Patre
1842 4301 2049 4339 annun-

471 4372 612 4462 tiabo
643 4373 778 4426 vobis
795 4372 976 4443 (Joan.
995 4374 1137 4446 xvi).
1157 4373 1293 4462 Quid
1318 4381 1496 4429 autem
1518 4375 1763 4432 utilitatis
1781 4376 2049 4447 parabolas
2076 4399 2122 4462 ρ

475 4461 780 4518 Salomonis
815 4462 1138 4527 conferant,
1188 4461 1349 4516 Prov.
1396 4479 1450 4530 ι,
1497 4475 1870 4521 succremento
1909 4466 2048 4521 tituli

471 4562 806 4608 monstratur
833 4569 956 4609 cum
983 4553 1268 4609 subditur:

541 4663 624 4721 Αα
645 4666 909 4720 sciendum
930 4667 1241 4737 sapientiam
1266 4677 1319 4720 et
1337 4666 1688 4738 disciplinam.
1716 4667 2047 4740 Sapientiam

474 4765 658 4812 autem
687 4765 742 4811 et
769 4756 1104 4829 disciplinam
1135 4758 1277 4812 scire
1305 4767 1417 4825 est,
1458 4760 1725 4829 quomodo
1755 4769 1898 4818 recte
1929 4777 2047 4816 cre-

476 4849 627 4914 dere,
661 4848 995 4918 qualiterque
1039 4849 1220 4904 vivere
1265 4859 1537 4920 oporteat,
1589 4852 1855 4923 quemque
1894 4869 2047 4909 vera-

479 4941 616 4994 citer
664 4941 930 4995 didicisse.
984 4942 1100 5008 Quo
1151 4943 1500 4999 intentionem
1552 4944 1728 4999 cordis
1779 4945 2046 5015 dirigere,

476 5031 606 5102 quid
639 5031 910 5100 operando
937 5046 1128 5102 gerere
1158 5035 1444 5088 conveniat
1470 5049 1648 5090 nosse.
1687 5035 1840 5102 Quod
1868 5046 2046 5091 autem

477 5121 718 5191 adjungit
743 5139 756 5175 ε

549 5233 632 5286 Ad
666 5232 998 5304 intelligenda
1040 5234 1190 5289 verba
1229 5234 1518 5305 sapientiae,
1568 5244 1615 5289 et
1663 5237 2047 5306 suscipiendam

477 5323 819 5377 eruditionem
845 5323 1114 5378 doctrinm.
1149 5321 1327 5378 Monet
1349 5340 1442 5379 eos
1468 5339 1602 5393 quos
1627 5325 1835 5390 imbuit,
1858 5335 1916 5380 ut
1941 5341 2049 5381 non

481 5411 654 5473 solum
683 5414 998 5484 sapientiam
1025 5428 1186 5485 quam
1213 5415 1486 5484 semetipsi
1515 5425 1904 5492 perceperunt,
1937 5432 2049 5469 am-

479 5505 686 5578 plecti,
737 5476 790 5561 et
842 5476 1136 5578 disciplinae
1181 5476 1440 5561 virtutum
1483 5476 2052 5578 quamjzognoverunt
2079 5476 2132 5536 Β

481 5600 655 5654 sciant
687 5597 977 5665 inservire;
997 5599 1113 5655 seed
1143 5599 1305 5654 etiam
1336 5599 1513 5654 verbis
1540 5600 1905 5670 prudentium,
1938 5600 2054 5669 qui-

482 5690 584 5746 bus
610 5689 679 5745 ad
706 5689 1025 5760 perfectiora
1060 5689 1346 5759 proﬁciant
1375 5689 1609 5748 libenter
1634 5689 1959 5755 auscultare,
1997 5697 2053 5746 et

484 5781 584 5837 hoc
613 5782 836 5840 solerter
865 5781 1164 5852 intelligere
1191 5789 1400 5838 curent.

2060 1693 2113 1752 Α
2205 1687 2480 1744 Justitiam
2508 1695 2557 1741 et
2585 1687 2849 1758 Iudicium
2873 1697 2922 1743 et
2948 1688 3262 1759 aequitatem.
3303 1687 3517 1744 Iustitia
3549 1699 3631 1745 est
3655 1691 3709 1747 in

2137 1780 2235 1844 eis,
2258 1794 2376 1849 qua:
2397 1778 2690 1834 secundum
2717 1778 2956 1850 regulam
2975 1779 3217 1833 veritatis
3243 1778 3377 1832 bene
3401 1796 3704 1849 aperamur.

2137 1868 2404 1925 Judicium
2430 1869 2482 1923 in
2505 1869 2634 1933 illis,
2653 1885 2773 1939 qua:
2796 1877 2942 1924 recta
2962 1869 3286 1942 discretione
3308 1885 3427 1923 cum
3453 1871 3709 1939 proximis

2139 1961 2366 2032 agimus,
2397 1960 2622 2029 aequitas
2655 1960 2712 2014 in
2750 1975 2834 2024 eo,
2871 1975 2992 2016 cum
3024 1950 3239 2016 sincera
3276 1961 3573 2016 intentione
3602 1963 3711 2016 Deo

2141 2052 2239 2108 soli
2272 2052 2327 2105 in
2357 2051 2440 2106 his
2467 2066 2585 2120 quae
2611 2059 2760 2107 recte
2786 2051 3024 2123 gerimus
3057 2060 3111 2106 et
3139 2051 3464 2121 judicamus,
3502 2052 3711 2122 placere

2142 2145 2529 2201 contendimus.

2216 2233 2282 2288 Ut
2329 2235 2482 2289 detur
2519 2236 2748 2307 parvulis
2793 2237 3018 2302 astutia,
3063 2227 3375 2290 adolescenti
3413 2239 3628 2291 scientia
3664 2246 3713 2292 et

2143 2326 2454 2382 intellectus.
2503 2327 2759 2384 Parvulos
2797 2329 2927 2384 dicit
2968 2343 3059 2384 eos
3103 2330 3194 2397 qui
3236 2344 3408 2400 nuper
3441 2326 3713 2400 sapientia

2147 2431 2330 2472 aurem
2366 2419 2770 2473 accommodare
2827 2427 3135 2488 cmperant,
3183 2417 3579 2473 adolescentem
3622 2418 3715 2488 qui

2145 2508 2475 2579 aliquantum
2507 2506 2619 2576 jam
2659 2509 2712 2562 in
2751 2507 2869 2576 ejus
2896 2507 3167 2562 auditione
3195 2507 3443 2576 profecit.
3496 2507 3563 2561 Et
3596 2507 3717 2562 ideo

2147 2600 2374 2657 fortasse
2403 2600 2656 2671 parvulos
2685 2599 2879 2670 plurali
2925 2615 3167 2665 numero,
3199 2599 3594 2654 adolescentem
3624 2614 3717 2669 ap-

2145 2691 2308 2762 pellat
2337 2691 2611 2761 singulari.
2649 2690 2784 2757 Quia
2814 2689 3054 2743 doctrina
3079 2689 3356 2758 sapientiaa
3387 2705 3522 2759 quos
3547 2691 3718 2744 diver-

2149 2781 2223 2836 sis
2251 2781 2417 2836 animi
2445 2780 2696 2846 motibus,
2744 2779 2970 2835 diversis
2997 2779 3209 2832 vivendi
3241 2779 3483 2860 moribus
3509 2780 3717 2834 deditos

2149 2874 2404 2945 suscipit,
2452 2872 2507 2927 in
2551 2887 2710 2927 unam
2750 2871 2966 2926 virtutis
3001 2869 3386 2940 perfectiOnem
3426 2869 3718 2926 erudiendo

2146 2967 2395 3036 provehit
2421 3006 2435 3032 ,
2481 2966 2547 3020 de
2575 2965 2769 3034 quibus
2792 2965 2913 3035 jure
2939 2962 3135 3018 dicitur
3160 2980 3173 3016 :
3215 2961 3576 3018 Multitudinis
3606 2979 3716 3017 cre-

1925 3023 2043 3078 qum
2069 3040 2120 3104 Β
2147 3023 2381 3104 dentium
2417 3023 2528 3104 erat
2566 3023 2656 3104 cur
2697 3064 2745 3104 et
2789 3023 2965 3104 anima
3004 3044 3130 3104 una.
3182 3050 3248 3104 Ut
3295 3053 3470 3104 detur.
3516 3053 3660 3104 inani

1995 3050 2042 3122 ξ’
2070 3050 2120 3104 Β
2147 3057 2381 3111 dentium
2417 3064 2528 3110 erat
2566 3072 2656 3110 cor
2697 3064 2745 3109 et
2789 3055 2965 3108 anima
3004 3050 3130 3107 una.
3182 3050 3248 3106 Ut
3295 3053 3470 3118 detur,
3516 3053 3716 3122 inquit,

2145 3148 2376 3221 parvulis
2403 3149 2616 3202 astutia.
2654 3145 2780 3202 Haec
2805 3146 3001 3202 etenim
3027 3145 3252 3200 rudibus
3277 3153 3361 3200 est
3388 3153 3442 3200 et
3469 3144 3722 3214 insipieno

2150 3240 2291 3296 tibus
2311 3239 2639 3305 necessaria,
2659 3254 2757 3311 per
2779 3253 2938 3308 quam
2973 3237 3360 3308 sophismatum
3385 3237 3719 3305 dignoscere,

2148 3339 2204 3388 et
2230 3345 2422 3387 cavere
2446 3330 2738 3386 versutiam
2773 3329 3010 3398 possint,
3051 3344 3119 3382 ne
3157 3327 3416 3382 falsorum
3445 3326 3723 3382 fraudibus

2150 3431 2590 3496 argumentorum
2635 3417 2970 3476 abducantur
3015 3433 3045 3471 a
3091 3417 3439 3486 simplicitate
3466 3431 3612 3472 veras
3638 3430 3722 3472 sa-

2147 3515 2398 3587 pientiae,
2431 3529 2550 3583 quae
2579 3513 2727 3569 ducit
2761 3511 2828 3565 ad
2855 3511 3037 3564 vitam.
3076 3511 3405 3564 Adolescenti
3432 3510 3650 3565 scientia
3673 3517 3722 3565 et

2149 3602 2459 3658 intellectus.
2489 3601 2625 3669 Quia
2654 3601 2744 3672 qui
2773 3599 3064 3671 prudenter
3093 3598 3327 3654 declinat
3358 3598 3510 3661 falsa,
3543 3613 3727 3656 conso-

2150 3703 2378 3767 quenter
2397 3696 2532 3750 scita
2555 3692 2800 3749 veritatis
2825 3691 3100 3761 percipiet.
3139 3689 3410 3746 Hactenus
3434 3691 3726 3762 pratitula—

2152 3785 2247 3840 tio.
2279 3785 2416 3839 Hinc
2435 3782 2549 3852 jam
2577 3783 2690 3854 ipse
2717 3792 2894 3839 textus
2918 3779 3297 3852 parabolarum
3328 3780 3533 3852 incipit.

2222 3875 2452 3930 Audiens
2504 3874 2706 3944 sapiens
2758 3873 3042 3943 sapientior
3087 3871 3204 3926 erit.
3265 3872 3402 3938 Quia
3450 3874 3725 3944 sapientiai

2154 3978 2365 4026 amator
2410 3969 2590 4025 extitit
2643 3967 2936 4033 Salomon,
2988 3966 3112 4036 quia
3159 3965 3374 4034 optione
3421 3966 3524 4040 sibi
3569 3967 3722 4032 data,

2153 4061 2473 4132 sapientiam
2503 4059 2659 4130 petiit
2689 4066 2742 4112 et
2771 4057 3014 4125 accepit,
3065 4055 3286 4126 pulchre
3323 4056 3534 4117 initium
3563 4050 3722 4126 para-

2150 4153 2397 4210 bolarnm
2426 4168 2645 4208 suarum
2675 4167 2706 4206 a
2737 4151 2996 4220 sapientia
3025 4150 3210 4204 sumit.
3258 4149 3411 4216 Quod
3445 4159 3625 4207 autem
3650 4150 3726 4206 ait

2151 4245 2448 4316 sapientem
2477 4260 2600 4300 cum
2632 4231 2864 4298 audierit
2893 4243 3115 4297 verbum
3146 4242 3527 4310 sapientiorem
3554 4240 3687 4300 efﬁci
3705 4281 3724 4309 ,

2153 4337 2388 4393 ostendit
2434 4337 2703 4391 neminem
2753 4335 2806 4388 in
2854 4334 2957 4387 hac
3001 4332 3110 4386 vita
3158 4333 3231 4386 ita
3276 4334 3574 4402 sapientem
3613 4331 3727 4388 ﬁeri

2155 4442 2342 4498 posse,
2387 4427 2540 4496 cujus
2581 4425 2844 4493 sapientia
2875 4432 3108 4491 nequeat
3135 4423 3357 4493 augeri,
3410 4437 3727 4494 semperque

2156 4517 2324 4572 moris
2350 4531 2469 4572 esse
2497 4515 2820 4585 sapientium
2847 4556 2860 4579 ,
2912 4522 2972 4568 ut
3019 4513 3179 4567 dictis
3209 4511 3472 4581 majorum
3525 4523 3580 4569 et
3626 4513 3724 4568 ali-

2155 4609 2370 4680 quando
2398 4597 2562 4664 etiam
2593 4608 2861 4662 minorum
2895 4605 3224 4671 auscultcnt,
3269 4612 3325 4659 et
3364 4605 3625 4675 quidquid
3668 4605 3727 4661 in

2155 4701 2261 4756 illis
2291 4701 2539 4756 utilitatis
2568 4698 2867 4764 audierint,
2915 4699 2981 4752 ad
3010 4712 3068 4752 se
3098 4697 3390 4766 replicent,
3440 4711 3643 4767 suoque
3669 4696 3727 4752 in

2156 4794 2317 4848 corde
2367 4792 2679 4847 recondant.
2742 4790 2982 4859 Denique
3033 4788 3236 4843 audivit
3284 4786 3499 4854 sapiens
3553 4787 3727 4853 minor

2156 4883 2455 4953 majorem,
2505 4883 2690 4953 regina
2736 4880 2875 4936 Saba
2916 4878 3255 4932 Salomonem
3282 4917 3296 4942 ,
3351 4887 3406 4931 et
3435 4877 3728 4946 sapientior

2157 4977 2358 5041 rediit,
2406 4974 2611 5028 audivit
2653 4973 2826 5026 Moses
2866 4985 3149 5034 socerum,
3205 4968 3373 5023 multo
3416 4968 3726 5025 inferiorem

2158 5067 2469 5131 sublimior,
2529 5073 2585 5120 et
2634 5063 2925 5134 sapientior
2968 5061 3206 5136 redditus
3263 5069 3363 5115 est.
3429 5061 3727 5117 Audierant

2158 5161 2403 5232 discipuli
2439 5159 2710 5216 Christum
2764 5165 2818 5212 et
2849 5156 3091 5226 spiritum
3130 5153 3418 5223 Sapientiae
3449 5154 3727 5224 percipere

2157 5261 2493 5309 meruerunt.
2544 5250 2762 5304 Audivit
2799 5246 3153 5312 Nicodemus,
3193 5244 3397 5298 audivit
3431 5240 3722 5310 Gamaliel,

2160 5345 2364 5399 audivit
2393 5342 2683 5412 discipulus
2713 5339 2849 5410 ejus,
2883 5350 3010 5394 tunc
3041 5337 3254 5401 Saulus,
3286 5350 3430 5391 nunc
3457 5337 3726 5406 apostolus

2157 5434 2373 5498 Paulus,
2401 5433 2668 5503 sapientes
2694 5431 2878 5499 utique
2901 5430 3094 5484 vebum
3120 5426 3417 5496 Evangelii,
3439 5436 3493 5481 et
3518 5428 3728 5496 sapien-

2162 5530 2327 5584 tiores
2357 5536 2480 5582 sunt
2510 5525 2656 5578 facti.
2708 5523 2808 5590 Qui
2838 5522 2999 5577 etiam
3028 5519 3225 5574 Paulus
3253 5533 3376 5574 cum
3411 5518 3479 5573 ad
3509 5517 3726 5572 tertium

2160 5622 2355 5677 caelum
2385 5627 2569 5687 raptus
2601 5616 2840 5670 audisset
2868 5629 2963 5679 ea,
2994 5627 3110 5681 qua:
3138 5627 3244 5666 non
3263 5610 3398 5665 dicet
3425 5607 3729 5689 hominibus

2159 5711 2323 5766 verba
2351 5708 2518 5779 loqui,
2544 5705 2889 5760 nihilominus
2917 5703 2981 5757 ad
3013 5710 3209 5757 terram
3237 5714 3485 5756 reversus
3510 5697 3687 5751 aiebat
3711 5714 3725 5750 :

2163 5803 2299 5869 Quia
2325 5819 2387 5858 ex
2419 5809 2562 5871 parte
2592 5797 2940 5868 cognovimus,
2979 5801 3027 5848 et
3061 5807 3124 5849 ex
3156 5799 3299 5862 parte
3335 5788 3724 5859 propheta-ms,
