3918 6334
136 398 234 457 681

924 387 1286 451 EXPOSITIO
1320 386 1391 445 IN
1426 382 1818 446 PROVERBIA
1856 382 2261 443 SALOMONIS.
2301 414 2371 427 —
2407 384 2536 442 LIB.
2574 384 2617 441 Ι.

3294 385 3402 444 682

140 530 255 573 curn
288 520 471 569 autem
506 509 697 567 merit
731 505 873 578 quod
892 506 1194 576 perfectum
1230 511 1338 569 est,
1382 501 1718 557 euacuabitur
1742 507 1795 566 Α
1818 514 1977 570 tegem
1999 512 2182 554 matris
2205 509 2331 555 tuae.
2359 499 2632 556 Hactenus
2654 497 3063 570 proverbialiter
3080 499 3147 556 de
3170 507 3402 571 utraque

139 606 275 680 quod
298 620 366 660 ea:
388 609 539 674 parte
562 607 638 654 est
664 596 718 668 (Ι
746 594 869 653 Cor.
897 596 1045 668 xm).

211 698 280 754 Et
311 692 629 765 intelligens,
654 687 1007 762 gubernacula
1034 684 1335 758 possidebit.
1372 681 1543 739 Nemo
1569 695 1627 736 se
1656 680 1723 735 de

142 803 239 845 sua
260 785 431 855 jactet
459 780 703 838 scientia.
760 777 896 847 Quia
928 776 1022 848 qui
1049 773 1372 845 sapientium
1401 772 1565 827 verba
1605 786 1725 825 cre-

140 879 240 935 ber
267 874 454 933 audire
480 881 537 928 et
564 870 859 941 intelligere
892 866 1115 937 negligit
1140 905 1155 933 ,
1204 865 1373 919 vitam
1418 878 1575 918 suam
1619 862 1723 917 rite

141 968 446 1040 gubernare
478 979 585 1020 non
613 961 795 1025 novit,
831 966 1033 1028 quanto
1061 956 1233 1028 magis
1265 954 1441 1009 alieno
1475 951 1723 1023 regimini

138 1056 331 1128 perlici
359 1054 583 1124 nequit,
630 1050 724 1120 qui
768 1048 1004 1117 seipsum
1039 1044 1107 1101 ad
1135 1053 1347 1117 patrum
1384 1041 1723 1113 disciplinam

142 1148 412 1219 subjicere
434 1142 775 1213 contempsit.
806 1138 962 1207 Quod
984 1153 1114 1209 ergo
1137 1137 1241 1191 ait:
1261 1134 1494 1190 Audiens
1515 1136 1723 1205 sapien-

139 1240 248 1294 tior
273 1239 394 1300 erit,
425 1235 495 1290 ad
534 1231 899 1303 cognitionem
923 1243 1103 1284 rerum
1134 1241 1254 1297 quae
1280 1240 1379 1295 per
1405 1225 1724 1294 sapientiam

140 1332 445 1384 noscuntur
473 1322 714 1393 respicit,
742 1319 886 1391 quod
914 1332 1043 1374 vero
1072 1317 1306 1373 addidit:
1333 1314 1401 1369 Et
1430 1314 1723 1385 intelligens

137 1414 496 1493 gubernacula
520 1411 819 1485 possidebit,
850 1407 917 1464 ad
942 1407 1319 1465 rectitudinem
1340 1407 1464 1461 vita:
1484 1420 1602 1475 que
1628 1419 1726 1493 per

138 1492 389 1565 eamdem
416 1502 734 1574 sapientiam
763 1500 990 1555 discitur
1016 1505 1070 1552 et
1101 1498 1340 1558 docetur,
1374 1494 1639 1564 pertinet:
1660 1492 1727 1547 Et

138 1597 370 1669 pulchre
410 1593 731 1665 principium
764 1586 1154 1644 Parabolarum
1182 1586 1451 1656 principio
1478 1583 1727 1655 congruit

140 1688 317 1752 tituli,
359 1684 504 1757 quod
541 1685 613 1739 ita
650 1698 711 1738 se
745 1680 949 1737 habet:
988 1677 1269 1733 Parabola:
1300 1676 1731 1760 Salomonisﬁlii.

139 1778 315 1833 Dauid
352 1777 487 1846 regis
505 1771 721 1849 .Israel,
758 1772 827 1837 ad
856 1769 1123 1825 sciendum
1155 1767 1463 1838 sapientiam
1489 1776 1539 1821 et
1568 1765 1724 1820 disci-

1822 597 1977 659 parte
2002 588 2280 657 disputat,
2324 587 2452 643 hinc
2486 588 2599 660 jam
2639 586 2860 643 sedulus
2892 588 3082 658 incipit
3109 588 3403 647 admonere

1822 694 2090 750 quemque
2118 676 2327 734 fidelem
2346 719 2364 745 ,
2397 687 2459 734 ut
2484 679 2825 751 disciplinam
2859 680 2994 752 legis
3021 680 3218 736 divinae
3248 678 3405 737 blan-

1823 768 1969 825 ditiis
2012 776 2305 838 postponat
2350 769 2717 839 reproborum.
2768 770 2906 838 Quia
2944 770 3199 827 nimirum
3244 769 3405 841 hujus

1821 860 2122 916 custodiam
2158 875 2390 925 corona,
2442 860 2652 915 illorum
2693 860 2932 918 facinora
2963 877 3111 919 mors
3147 872 3407 935 sequatur

1822 960 2056 1034 aeterna,
2098 951 2240 1005 unde
2272 959 2328 1005 et
2362 960 2508 1006 recte
2553 950 2722 1006 lilium
2752 960 2939 1018 vocat,
2985 968 3146 1023 quem
3176 937 3407 1024 paterna

1824 1043 2186 1099 sollicitudine
2216 1051 2371 1098 curat
2401 1043 2718 1115 instituere,
2763 1052 2940 1113 potest
2985 1052 3039 1116 et
3084 1058 3151 1098 ex
3179 1043 3275 1098 Dei
3302 1042 3406 1098 Pa-

1824 1135 1926 1189 tris
1952 1148 2182 1204 persona
2210 1131 2414 1188 dictmn
2444 1132 2649 1202 accipi;
2675 1132 2729 1186 in
2763 1132 2980 1187 nomine
3008 1140 3188 1187 autem
3216 1132 3407 1188 matris

1826 1222 2104 1287 Ecclesize,
2149 1237 2267 1292 qua:
2314 1231 2444 1277 tunc
2491 1222 2778 1293 Synagoga
2820 1221 3117 1276 vocabatur
3155 1222 3404 1293 intelligi;

1825 1311 1892 1365 Et
1919 1311 2235 1377 notandum,
2259 1313 2401 1383 quod
2429 1312 2502 1366 ita
2531 1328 2628 1368 nos
2657 1311 2996 1383 disciplinam
3024 1311 3197 1382 patris
3223 1326 3411 1367 amare

1826 1400 2104 1472 praecipit,
2142 1409 2201 1455 ut
2233 1401 2407 1474 legem
2440 1415 2653 1471 quoque
2690 1400 2882 1455 matris
2910 1399 3055 1454 nulla
3082 1400 3293 1455 ratione
3322 1399 3407 1454 di-

1826 1493 2127 1548 mittamus.
2150 1492 2281 1559 Quia
2308 1509 2414 1550 non
2436 1493 2653 1559 sullicit,
2670 1501 2731 1548 ut
2750 1492 2871 1562 quis
2893 1507 2953 1548 se
2972 1492 3142 1547 Deum
3162 1491 3408 1563 diligere,

1827 1592 1882 1639 ct
1922 1585 2365 1655 ejusprteceptis
2405 1586 2779 1654 obtemperare
2820 1585 3003 1650 dicat,
3055 1585 3102 1641 si
3146 1586 3412 1641 unitatem

1830 1675 2085 1731 Ecclesia:
2124 1674 2360 1730 fraterna
2392 1675 2631 1731 charitas
2658 1691 2765 1730 non
2795 1684 3072 1744 sequatur.
3121 1674 3234 1731 Nec
3262 1683 3414 1731 vetat

1828 1766 2067 1837 aliquid,
2110 1774 2342 1821 matrem
2381 1766 2555 1837 ipsam
2596 1766 2691 1822 Dei
2736 1768 2965 1837 gratiam
2992 1782 3099 1837 qua
3140 1766 3416 1823 salvamnr

135 1867 365 1939 plinant.
395 1846 822 1919 Animadvertite
848 1857 1166 1933 parabolam
1212 1866 1274 1912 et
1322 1856 1723 1927 iuterpretatio-
1752 1846 1800 1905 B
1819 1856 2093 1929 'accipere.
2126 1855 2261 1911 Nam
2289 1864 2345 1912 et
2371 1856 2515 1927 apud
2539 1856 2796 1912 Hebrteos
2819 1857 3043 1927 spiritus
3063 1858 3153 1928 qui
3181 1858 3414 1930 gratiam

137 1970 269 2011 nem
293 1994 309 2019 ,
359 1956 526 2011 verba
568 1951 894 2024 sapientium
932 1956 988 2005 et
1027 1950 1317 2020 enigmata
1350 1962 1561 2003 eorum.
1616 1946 1732 2001 Hoc

134 2044 425 2116 discipulis
451 2059 509 2100 se
538 2042 812 2098 humiliter
841 2039 1214 2105 audientibus,
1258 2038 1373 2109 ipsa
1407 2051 1526 2108 qua:
1552 2050 1648 2091 eos
1677 2036 1731 2090 in

138 2154 316 2196 carne
354 2151 627 2208 apparens
652 2134 935 2190 erudiebat
963 2132 1227 2202 sapientia
1264 2129 1485 2185 donavit
1507 2167 1524 2193 ,
1572 2135 1633 2182 ut
1676 2136 1733 2181 et

135 2241 271 2283 suas
304 2222 616 2296 parabolas,
647 2237 766 2292 quae
798 2220 967 2276 turba:
995 2218 1310 2288 nequibant,
1340 2215 1729 2287 intelligerent,

146 2328 210 2375 et
242 2318 630 2391 prophetarum
660 2330 726 2370 ac
754 2315 887 2385 legis
931 2313 1239 2382 aenigmata,
1269 2310 1322 2364 id
1355 2318 1471 2374 est,
1502 2310 1733 2363 obscura

134 2409 292 2464 dicta
304 2406 673 2476 spiritualiter
689 2403 1147 2467 animadvertere,
1178 2414 1242 2455 ac
1265 2398 1376 2453 suis
1399 2396 1733 2453 auditoribus

138 2498 447 2553 dilucidare
489 2495 753 2551 valerent.
817 2492 926 2549 Sed
976 2502 1033 2548 et
1085 2490 1433 2561 sequentibus
1479 2488 1733 2544 Ecclesia:

140 2586 428 2659 magistris
456 2585 643 2639 eadem
675 2583 1041 2653 intelligentia:
1075 2579 1335 2650 spiritalis
1366 2592 1562 2632 arcana
1586 2617 1601 2643 ,
1648 2577 1734 2646 pic

139 2674 519 2746 quaerentibus
545 2688 609 2727 ac
631 2670 994 2742 pulsantibus,
1026 2667 1339 2724 reservavit.

221 2761 406 2816 Timor
434 2761 644 2816 Domini
674 2749 1005 2831 principium
1025 2757 1315 2829 sapientia.
1370 2756 1485 2810 Duo
1514 2762 1639 2811 sunt
1670 2754 1736 2809 ti-

140 2867 333 2909 mores
380 2852 635 2916 Domini,
692 2851 899 2919 primus
948 2846 1199 2913 servilis,
1259 2847 1349 2917 qui
1405 2846 1734 2916 principium

140 2938 395 2999 scientiae
418 2950 471 2997 et
490 2942 769 3013 sapientia:
801 2948 1042 3003 vocatur,
1071 2938 1339 2993 secundus
1362 2937 1621 3001 amicalis,
1644 2937 1734 3006 qui

141 3032 538 3106 perfectionem
584 3030 864 3100 sapientiae
928 3029 1240 3083 comitatur.
1292 3026 1478 3081 Timor
1523 3026 1735 3082 servilis

140 3123 476 3194 principium
498 3132 584 3177 est
609 3121 908 3190 sapientiai,
931 3121 1057 3189 quia
1082 3118 1325 3188 quisquis
1350 3125 1470 3186 post
1496 3130 1735 3171 errorem

1825 1954 2050 2017 prtcstat
2076 1960 2273 2015 genere
2297 1945 2562 2002 feminino
2587 1954 2946 2018 nuncupatur.

1903 2036 1970 2091 Ut
1999 2036 2229 2091 addatur
2255 2037 2429 2107 gratia
2458 2036 2618 2106 capiti
2646 2046 2768 2102 tuo,
2811 2045 2860 2090 et
2895 2046 3105 2109 torques
3135 2037 3271 2093 collo
3301 2046 3413 2092 tuo.

1902 2128 2017 2185 Mos
2044 2129 2186 2199 apud
2212 2136 2424 2183 veteres
2450 2126 2584 2193 fuit,
2614 2135 2674 2182 ut
2705 2126 2943 2199 legitime
2970 2135 3274 2193 certantes,
3321 2143 3416 2184 co-

1832 2236 2020 2277 ronam
2058 2220 2112 2275 in
2143 2220 2347 2289 capite,
2398 2226 2647 2289 torquem
2688 2218 2742 2271 in
2786 2216 2925 2273 collo
2968 2218 3297 2289 acciperent.
3351 2218 3421 2273 Et

1831 2310 1986 2365 nobis
2013 2324 2143 2380 ergo
2170 2309 2214 2363 si
2244 2308 2583 2378 disciplinam
2612 2307 2907 2363 conditoris
2934 2307 3128 2373 nostri,
3158 2307 3205 2363 si
3232 2308 3420 2378 gratiae

1831 2400 2024 2455 matris
2068 2400 2201 2455 scita
2238 2400 2596 2465 custodimus,
2624 2398 2801 2469 major
2830 2399 2885 2454 in
2910 2399 3027 2455 dies
3056 2385 3421 2471 spiritualium

1829 2490 2094 2543 virtutum
2138 2487 2361 2543 claritas
2408 2498 2652 2558 augetur.
2727 2486 2960 2542 Additur
2992 2488 3201 2559 quippe
3244 2489 3420 2559 gratia

1832 2579 1994 2649 capiti
2014 2619 2028 2643 ,
2065 2593 2186 2632 cum
2216 2578 2454 2631 charitas
2491 2578 2789 2646 principale
2818 2577 3017 2633 mentis
3042 2585 3421 2633 ornamentum

1834 2668 2113 2723 ardentius
2135 2664 2515 2721 inﬂammatur.
2545 2665 2776 2721 Additur
2796 2675 2852 2721 et
2872 2664 3010 2721 collo
3026 2675 3274 2737 torques,
3298 2682 3424 2723 cum

1835 2759 2041 2832 fulgore
2089 2757 2342 2828 perfecta:
2382 2757 2717 2829 operationis
2765 2772 2947 2813 sermo
2992 2756 3421 2828 pmdicationis,

1836 2852 1926 2921 qui
1956 2865 2051 2921 per
2076 2848 2270 2905 collum
2308 2850 2551 2921 procedit
2575 2890 2590 2915 ,
2638 2850 3009 2906 confirmatur.
3061 2849 3142 2905 Ac
3179 2863 3251 2905 ne
3287 2864 3423 2906 con-

1837 2942 2005 2997 temni
2046 2942 2113 2995 ab
2154 2940 2491 2994 auditoribus
2537 2940 2731 2995 debeat
2782 2938 3113 2993 indellcienti
3158 2938 3426 2995 virtutum

1836 3029 2175 3085 connexione
2212 3028 2456 3083 docetur.
2513 3026 2621 3082 Sed
2661 3035 2717 3082 et
2754 3028 2841 3082 bis
2868 3027 2962 3097 qui
3014 3026 3265 3084 Mosaicae
3294 3027 3430 3100 legis

1839 3120 2057 3175 decreta
2080 3119 2308 3174 Domino
2330 3119 2581 3175 veniente
2604 3119 2916 3184 servabant,
2938 3118 3118 3174 addita
3144 3128 3227 3175 est
3252 3121 3430 3191 gratia

142 3216 476 3273 delictorum
505 3227 693 3284 sapere
729 3212 919 3281 incipit
952 3212 1128 3281 primo
1157 3210 1352 3264 timore
1384 3210 1565 3265 divino
1608 3224 1732 3264 cor-
1761 3196 1805 3257 C
1836 3209 1971 3265 Novi
1994 3210 2350 3274 Testamenti,
2369 3224 2494 3264 cum
2520 3224 2612 3278 spe
2627 3208 2776 3279 regni
2799 3207 3055 3274 ccelestis,
3072 3207 3225 3277 cujus
3246 3209 3429 3280 splen-

142 3307 373 3377 ripitur,
411 3322 479 3360 ne
505 3305 572 3359 ad
600 3312 823 3359 tarmen.
894 3302 1138 3367 ducatur,
1178 3302 1271 3357 sed
1310 3304 1451 3355 nunc
1484 3302 1730 3355 timorem

142 3394 396 3466 perfecta
425 3393 640 3449 dilectio
670 3392 817 3446 foras
850 3392 1033 3446 mittit.
1090 3391 1341 3445 Succedit
1366 3400 1545 3446 autem
1576 3393 1737 3447 timor

144 3482 369 3538 Domini
391 3490 608 3537 sanctus
628 3494 951 3551 permanens
977 3479 1031 3532 in
1052 3478 1305 3532 saeculum
1329 3478 1542 3543 saeculi;
1576 3494 1734 3547 quem

147 3588 265 3629 non
294 3572 553 3636 excludit,
584 3571 681 3625 sed
710 3577 871 3640 auget
905 3570 1160 3633 charitas,
1193 3571 1306 3638 ipse
1334 3576 1417 3623 est
1444 3584 1551 3639 quo
1584 3570 1739 3623 timet

149 3664 303 3719 illius
331 3662 523 3727 bonus,
556 3677 622 3716 ne
646 3670 700 3716 et
726 3661 779 3714 iu
814 3660 1023 3715 modico
1050 3659 1232 3715 oculos
1258 3658 1613 3713 amantissimi
1640 3674 1735 3728 pa-

150 3755 259 3810 tris
288 3752 537 3809 offendat.
592 3751 724 3805 Nam
763 3751 1069 3805 inchoativo
1096 3750 1289 3804 timore
1319 3749 1530 3804 servilis
1559 3748 1734 3803 adhuc

150 3845 378 3900 animus
404 3842 627 3908 metuit,
670 3856 738 3896 ne
780 3842 848 3894 ab
887 3841 1027 3895 irato
1056 3839 1284 3893 Domino
1312 3838 1489 3908 poenis
1520 3836 1738 3907 subiga-

151 3942 269 4000 tur,
304 3940 534 4003 uterque
562 3940 741 3987 autem
776 3930 938 3985 timor
985 3930 1038 3983 in
1088 3927 1267 3982 futura
1312 3928 1423 3981 vita
1470 3927 1737 3989 cessabit,

153 4025 406 4083 charitas
439 4037 567 4078 vero
604 4037 878 4092 nunquam
919 4020 1151 4083 excidit,
1189 4017 1285 4073 sed
1320 4018 1374 4071 in
1408 4016 1741 4087 plenitudine

155 4113 446 4186 sapientiae
487 4119 749 4183 perpetua
811 4109 1079 4173 manebit;
1118 4107 1260 4179 quod
1295 4117 1379 4162 cst
1414 4119 1743 4177 cognoscere

153 4219 354 4261 verum
416 4210 472 4259 et
532 4216 697 4256 unum
755 4200 962 4265 Deum,
1030 4206 1085 4253 et
1148 4210 1307 4268 quem
1364 4197 1512 4252 misit
1560 4194 1743 4252 Jesum

155 4295 464 4353 Christum.

234 4385 570 4454 Sapientiam
606 4386 787 4454 'atque
840 4380 1173 4452 disciplinam
1225 4379 1371 4434 stulti
1426 4379 1735 4448 despiciunt.

153 4476 388 4543 Dixerat
420 4476 486 4531 de
520 4476 783 4547 sapiente,
825 4474 968 4543 quod
1000 4474 1183 4529 audito
1207 4487 1474 4538 sermone,
1521 4473 1736 4543 sapien-

152 4566 270 4621 tior
295 4563 473 4627 fieret,
498 4573 553 4619 et
576 4563 878 4633 intelligens
903 4563 1006 4618 rite
1030 4578 1156 4617 suos
1182 4563 1483 4633 gubernare
1506 4563 1741 4619 disceret

151 4666 341 4711 actus.
394 4654 535 4707 Dicit
561 4670 593 4707 e
620 4652 897 4707 contrario
924 4652 991 4707 de
1018 4652 1226 4719 stultis,
1262 4654 1386 4723 quia
1421 4654 1739 4724 sapientiam

151 4742 302 4798 recti
323 4741 587 4812 dogmatis
605 4747 659 4794 et
676 4738 1013 4812 disciplinam
1032 4758 1181 4812 pura:
1196 4744 1614 4799 conversationis
1629 4760 1741 4819 non

153 4834 331 4891 modo
373 4848 481 4887 non
525 4841 897 4902 assequantur,
942 4833 1038 4889 sed
1079 4843 1134 4888 et
1173 4848 1330 4890 nosse
1372 4843 1737 4890 contemnant.

154 4925 412 4994 Denique
432 4924 755 4993 praedicante
782 4925 836 4979 in
862 4941 1025 4983 carne
1049 4927 1159 4996 ipsa
1185 4927 1445 4996 sapientia
1474 4930 1743 4998 sapientes

152 5017 373 5085 quique
423 5014 714 5084 gaudentes
784 5018 1186 5083 accurrebant;
1264 5026 1319 5071 at
1383 5017 1639 5074 Pharisaei
1691 5028 1745 5075 et

155 5103 452 5173 Principes
507 5102 862 5159 Sacerdotum
914 5105 1168 5161 salutaria
1224 5104 1339 5173 ejus
1394 5106 1537 5161 dicta
1586 5110 1745 5164 simul

154 5204 219 5249 et
276 5195 420 5249 facta
467 5196 809 5277 spernebant.
882 5197 951 5251 Et
995 5198 1289 5253 notandum
1336 5201 1477 5267 quod
1527 5202 1745 5269 sapien-

160 5295 281 5341 tem
338 5284 593 5354 singulari
641 5300 904 5348 numero,
972 5287 1163 5343 stultos
1210 5288 1464 5343 describit
1511 5289 1743 5359 plurali,

159 5373 300 5442 quia
330 5382 386 5427 et
411 5373 590 5443 plures
616 5381 742 5428 sunt
769 5375 1097 5443 sapientibus
1126 5376 1300 5441 stulti,
1340 5386 1394 5431 et
1422 5380 1745 5447 sapientium

159 5469 351 5517 castus
379 5464 557 5518 omnis
586 5463 905 5518 unit‘ormem
943 5471 1085 5521 tenet
1120 5467 1309 5521 callem
1342 5469 1574 5537 pictatis.
1617 5470 1746 5525 Por-

163 5568 232 5607 ro
276 5553 577 5607 errantium
616 5554 873 5609 dissimile
915 5555 1125 5625 dogma,
1169 5558 1445 5613 dissimilis
1486 5569 1569 5615 est
1614 5565 1745 5617 ordo

162 5640 403 5696 vivendi.

249 5730 412 5793 Audi,
442 5728 521 5797 [ili
547 5731 640 5795 mi,
670 5732 995 5802 disciplinam
1023 5739 1186 5804 patris
1215 5736 1321 5807 tui,
1354 5749 1399 5796 et
1430 5756 1493 5796 ne
1518 5742 1745 5797 dimittas

598 5825 866 5889 l’nnor.
907 5826 1061 5894 CXI.

1835 3302 1935 3357 dor
1964 3303 2197 3357 eximius
2236 3302 2302 3355 ad
2346 3302 2650 3371 exemplum
2682 3317 2898 3357 corona:
2943 3310 2999 3356 et
3042 3304 3250 3372 torquis
3280 3302 3429 3357 nullo

1839 3407 2077 3461 unquam
2104 3390 2208 3445 line
2230 3390 2530 3445 claudetur.
2568 3388 2733 3445 Nobis
2763 3404 2979 3459 quoque
3006 3404 3130 3445 cum
3153 3404 3251 3459 pro
3272 3390 3432 3447 bonis

1840 3482 2069 3545 actibus,
2101 3495 2236 3550 quos
2268 3480 2445 3533 divina
2478 3479 2651 3549 gratia
2679 3480 3004 3549 praerogavit
3028 3520 3043 3544 ,
3092 3478 3183 3533 lux
3225 3488 3432 3535 azterna

1842 3570 2117 3632 tribuitur,
2160 3570 2335 3639 gratia
2366 3568 2610 3638 profecto
2638 3568 2801 3638 capiti
2833 3578 2890 3622 et
2914 3568 3051 3622 collo
3083 3577 3301 3637 torques
3334 3570 3432 3623 ad-

1844 3661 2007 3725 ditur,
2031 3659 2181 3728 juxta
2214 3661 2342 3714 illud
2372 3660 2644 3730 Evangelii
2670 3680 2684 3712 :
2719 3658 2855 3725 Quia
2881 3660 2943 3714 de
2968 3652 3289 3730 plenitudine
3312 3663 3428 3732 ejus

1848 3768 1941 3806 nos
1981 3767 2158 3804 omnes
2198 3750 2480 3820 accipimus
2526 3751 2751 3820 gratiam
2801 3767 2895 3820 pro
2941 3752 3113 3820 gratia
3141 3750 3323 3820 (Joan.
3362 3752 3423 3823 ι),

1845 3843 2073 3911 gratiam
2099 3841 2301 3897 scilicet
2326 3842 2499 3895 beata:
2526 3842 2921 3907 retributionis,
2946 3856 3043 3910 pro
3068 3843 3237 3912 gratia
3266 3852 3431 3899 recta:

1844 3933 2191 4003 operationis.

1916 4022 2026 4077 Fili
2056 4025 2150 4088 nti,
2178 4026 2223 4077 si
2252 4034 2299 4077 te
2329 4024 2637 4077 lactaverint
2665 4032 2980 4092 peccatores,
3014 4040 3076 4078 ne
3104 4027 3429 4095 acquiescas.

1845 4114 2065 4169 Duobus
2108 4113 2281 4169 modis
2323 4113 2529 4169 lactant
2568 4124 2906 4183 peccatores,
2951 4128 3088 4183 quos
3130 4115 3428 4186 decipiunt.

1844 4205 1945 4271 Qui
1969 4212 2061 4259 aut
2082 4204 2147 4258 ad
2171 4203 2419 4258 facienda
2443 4203 2648 4259 scelera
2669 4202 3051 4259 blandimentis
3070 4204 3320 4269 illiciunt,
3336 4214 3433 4262 aut

1844 4295 1986 4350 facta
2027 4292 2139 4361 jam
2185 4292 2484 4357 favoribus,
2517 4293 2671 4363 quasi
2701 4293 3045 4348 laudabiliter
3069 4302 3190 4348 acta
3230 4295 3429 4351 sustol-

1842 4384 1977 4438 lunt.
2017 4384 2074 4437 ln
2105 4391 2332 4451 utroque
2363 4386 2543 4437 autem
2582 4382 2849 4452 sapientia
2886 4396 3013 4438 suos
3048 4383 3325 4440 auditores
3358 4401 3433 4441 ne

1850 4474 2048 4529 talibus
2076 4473 2424 4542 acquiescant
2450 4473 2716 4527 hortatur.

1916 4563 1977 4619 Si
2014 4552 2282 4617 dixerint:
2317 4561 2449 4617 Veni
2488 4561 2787 4629 nobiscum“,
2824 4562 3133 4617 insidiemur
3158 4569 3428 4635 sanguini.

1842 4657 2029 4713 Potest
2058 4656 2149 4711 hic
2178 4656 2328 4712 locus
2357 4654 2680 4726 generaliter
2706 4654 2773 4709 de
2801 4654 3123 4720 latronibus,
3150 4657 3241 4725 qui
3272 4658 3431 4713 iuno-

1844 4746 2091 4801 cantibus
2111 4746 2334 4800 insidias
2359 4756 2416 4800 ct
2439 4754 2641 4799 mortes
2665 4752 2720 4799 et
2742 4745 2937 4799 damna
2958 4743 3225 4813 inferunt;
3250 4757 3433 4819 potest

1845 4836 1913 4891 de
1942 4836 2044 4890 illis
2075 4834 2384 4905 specialiter
2409 4834 2654 4904 intelligi,
2681 4835 2773 4906 qui
2802 4836 2977 4906 ipsum
2999 4836 3122 4891 vita
3149 4847 3428 4894 auctorem

1846 4929 1966 4985 neci
1995 4927 2353 4983 tradiderunt.

1919 5007 2310 5076 Abicondamus
2354 5019 2641 5075 tendiculas
2684 5029 2866 5076 contra
2905 5020 3161 5075 insontem
3204 5022 3425 5091 frustra.

1849 5111 1961 5166 [loc
1988 5112 2167 5165 fecere
2191 5126 2313 5165 cum
2338 5111 2621 5165 dicebant:
2648 5109 2790 5164 Licet
2812 5110 2939 5165 dare
2960 5112 3208 5164 tributum
3230 5110 3431 5167 Ctesari

1850 5218 1917 5253 an
1947 5200 2097 5253 non?
2125 5198 2316 5271 (Marc.
2350 5198 2473 5271 xu.)
2514 5208 2567 5255 ct
2600 5200 2879 5255 innumera
2912 5199 3239 5268 bujusmodi.
3290 5201 3429 5256 Vere

1851 5290 2050 5344 ctenim
2079 5298 2199 5343 erat
2226 5289 2435 5355 insons,
2466 5289 2555 5357 qui
2585 5301 2851 5357 peccatum
2891 5304 2995 5342 non
3031 5288 3184 5358 fecit,
3228 5306 3320 5343 nec
3347 5292 3428 5342 in-

1857 5390 2026 5433 wntus
2054 5389 2126 5433 est
2156 5379 2307 5433 dolus
2335 5380 2388 5431 in
2420 5395 2507 5432 ore
2535 5378 2648 5448 ejus
2678 5378 2729 5450 (1
2761 5377 2904 5432 Petr.
2936 5379 3016 5447 tt).
3060 5379 3197 5434 Vere
3227 5379 3427 5433 frustra

1857 5470 1929 5522 illi
1962 5468 2249 5522 tendebant
2277 5468 2518 5532 insidias,
2545 5483 2576 5521 a
2602 5482 2708 5537 quo
2734 5468 2785 5521 in
2815 5466 2961 5521 nullo
2984 5466 3117 5534 laesi,
3144 5468 3253 5524 imo
3275 5467 3431 5537 cujus

1854 5563 2083 5633 plurima
2112 5569 2269 5616 erant
2295 5562 2555 5617 benelicia
2582 5560 2811 5629 experti.

1927 5654 2286 5725 Deglutiamus
2316 5671 2433 5709 eum
2462 5656 2593 5708 sicut
2623 5653 2860 5723 infernus
2889 5647 3137 5709 uiuentem
3157 5696 3170 5719 ,
3208 5665 3255 5709 et
3292 5646 3429 5708 inte-

1856 5764 2004 5819 grum
2041 5748 2190 5820 quasi
2231 5749 2619 5806 descendentem
2666 5750 2722 5803 in
2770 5746 2958 5801 lacum.
3018 5748 3092 5799 Ita
3145 5746 3428 5802 Dominum
3476 5794 3481 5799 .
