3918 6336
500 389 608 448 683

1141 390 1200 444 Β.
1242 389 1497 444 RABANI
1535 387 1756 446 MAURI
1793 387 2109 445 ARCBIEP.
2153 390 2466 448 MOGUNT.
2509 390 2791 452 OPERUM
2829 396 3007 454 PARS
3046 399 3130 454 lli.

3668 404 3768 461 685

502 500 651 571 impii
691 498 1069 554 desiderabant
1107 499 1468 566 exstinguere.
1499 503 1560 550 ut
1598 498 1776 551 omnis
1818 499 2078 552 memoria
2110 504 2158 564 Α
2187 500 2486 571 Utrumque
2530 519 2658 574 ergo
2702 513 2818 560 rete
2862 508 3062 562 frustra
3106 508 3261 565 bonis
3290 521 3487 579 parant
3519 513 3767 582 reprobi,

506 590 774 645 virtutum.
808 597 864 644 et
908 589 1170 644 doctrina:
1213 588 1354 642 illius
1393 587 1693 652 tolleretur,
1744 589 1838 643 sed
1883 597 1937 643 et
1982 588 2084 646 hoc

502 679 676 750 ipsum
702 679 845 748 quod
870 694 1143 749 nunquam
1173 677 1296 732 talis
1323 678 1466 732 inter
1489 692 1582 732 eos
1606 678 1805 732 vixerit
1830 678 2084 736 oblivioni

501 771 744 826 daretur.

573 859 790 915 Omnem
827 877 1107 930 ρυοιιοιαιη
1145 862 1493 914 substantiam
1532 865 1864 929 reperiemus,
1899 863 2084 932 imple-

501 949 666 1004 bimus
693 951 872 1003 domos
900 961 1105 1004 nostras
1134 949 1350 1020 spoliis:
1375 951 1449 1006 De
1479 951 1786 1010 hominibus
1811 953 2084 1021 dicebant,

500 1055 636 1110 quos
661 1040 878 1095 Christo
907 1042 1187 1096 adhzerere
1225 1042 1557 1104 cernebant;
1607 1038 1869 1110 putabant
1902 1043 2044 1098 enim
2067 1086 2082 1110 ,

497 1132 622 1200 quia
655 1131 699 1184 si
729 1145 860 1192 eum,
881 1131 1216 1196 occiderent,
1264 1145 1455 1186 onlnes
1481 1131 1570 1200 qui
1601 1131 1981 1196 crediderant,
2019 1133 2086 1187 ab

496 1220 614 1289 ejus
641 1228 862 1290 possent
889 1233 1075 1273 amore
1105 1229 1160 1274 et
1188 1227 1503 1274 consectata
1534 1233 1853 1283 secernere,
1891 1219 2085 1275 talibus

497 1311 797 1364 animarum
840 1309 1024 1380 spoliis
1067 1324 1304 1364 suarum-
1331 1307 1704 1363 conventicula
1745 1309 1953 1378 replere
1991 1309 2085 1362 do-

499 1415 727 1462 morum,
750 1399 835 1454 cui
865 1399 1038 1454 simile
1063 1409 1146 1454 est
1172 1400 1299 1455 illud
1325 1401 1617 1454 Dominicze
1640 1400 1932 1468 parabolae,
1951 1400 2077 1469 quia

498 1492 747 1548 veniente
783 1492 853 1546 ad
892 1506 951 1546 se
987 1493 1129 1564 regis
1169 1493 1278 1548 ﬁlio
1307 1495 1596 1548 dixerunt:
1640 1493 1742 1546 llic
1772 1503 1844 1547 est
1875 1495 2039 1548 turres
2063 1508 2081 1545 :

497 1586 692 1649 renite,
749 1585 1052 1638 occidamus
1104 1601 1221 1639 eum
1248 1627 1261 1650 ,
1320 1595 1368 1640 et
1424 1597 1605 1640 nostra
1658 1586 1755 1640 erit
1807 1587 2082 1640 luereditas

497 1677 714 1746 (Matth.
747 1675 882 1746 xu).

567 1769 772 1824 Sortem
802 1770 945 1822 mitte
973 1768 1237 1821 nobiscum
1259 1809 1273 1833 ,
1317 1773 1641 1838 marsupium
1680 1783 1842 1820 unum
1877 1782 1942 1820 sit
1975 1783 2084 1822 om-

2185 594 2310 664 quia
2352 595 2454 647 etsi
2500 596 2979 671 suadentiniqua,
3025 610 3353 668 superantur
3373 599 3650 668 iustorum
3684 620 3770 658 sa-

2184 683 2403 754 pientia,
2430 684 2530 739 etsi
2565 683 2804 739 inferunt
2831 687 3077 750 adversa,
3111 698 3534 745 contemnuntur
3560 693 3772 762 patien-

2185 773 2279 827 tia.
2329 771 2555 842 lnsuper
2581 781 2638 828 et
2674 772 2772 842 ipsi
2809 782 3109 830 tentatores
3138 775 3252 829 suis
3286 791 3346 831 se
3370 779 3610 847 perdunt
3640 780 3773 836 insi-

2184 863 2310 928 diis,
2339 863 2482 917 unde
2512 870 2657 918 recte
2685 863 2933 918 subditur
2961 884 2973 920 :

2253 951 2464 1021 Ipsique
2517 961 2698 1005 contra
2745 955 3052 1023 sanguinem
3103 973 3254 1010 suum
3311 958 3668 1027 insidiantur,
3723 975 3770 1018 et

2183 1041 2469 1096 moliuntur
2497 1041 2712 1110 fraudes
2742 1052 2925 1096 contra
2953 1046 3159 1100 animos
3199 1063 3342 1100 suas.
3395 1047 3598 1104 Contra
3641 1067 3769 1106 san-

2181 1133 2441 1204 guinem,
2498 1140 2556 1186 ut
2607 1131 2887 1202 temporali
2941 1145 3117 1190 morte
3168 1139 3518 1206 plectantur;
3577 1153 3770 1198 contra

2184 1221 2394 1275 animas
2426 1229 2607 1274 autem
2651 1222 2819 1286 dicit,
2869 1231 2928 1276 ut
2969 1232 3170 1278 aeterna
3211 1242 3426 1296 quoque
3467 1229 3772 1286 animarum

2183 1311 2485 1380 perditione
2512 1313 2855 1366 damnentur.
2891 1312 3042 1380 Quod
3067 1330 3192 1369 eum
3220 1317 3286 1370 ad
3314 1333 3504 1374 omnes
3529 1321 3620 1390 qui
3650 1336 3776 1375 san-

2183 1399 2329 1470 guiui
2381 1400 2726 1465 insidiantur,
2778 1411 2834 1455 et
2880 1401 3070 1458 fraude
3129 1405 3232 1459 sibi
3287 1407 3572 1462 vivendum
3629 1412 3777 1464 aesti-

2185 1502 2335 1547 mant
2361 1493 2662 1563 pertineat,
2703 1495 3013 1564 Specialiter
3041 1505 3224 1553 tamen
3254 1497 3456 1555 Judzeis
3482 1503 3771 1572 congruit,

2183 1582 2276 1650 qui
2325 1583 2526 1638 insonti
2578 1584 2809 1639 Domino
2837 1587 3136 1641 tendieulas
3166 1588 3596 1654 absconderant,
3630 1591 3774 1659 ejus-

2183 1686 2288 1741 que
2316 1673 2607 1742 Apostolos
2638 1674 2898 1728 virtutum
2942 1679 3136 1745 pennis
3163 1678 3330 1734 fultos
3367 1680 3504 1735 dolis
3537 1683 3773 1737 circum-

2183 1763 2371 1816 venire
2400 1763 2738 1833 satagebant,
2771 1772 2961 1819 contra
2995 1782 3150 1820 suum
3183 1784 3416 1838 namque
3449 1773 3771 1840 sanguinem

493 1859 645 1912 nium
673 1841 933 1911 nostrum.’
964 1856 1293 1926 Marsupium
1325 1866 1406 1910 est
1435 1855 1686 1910 sacculus
1718 1871 2078 1919 nummorum,
2113 1851 2157 1908 Β
2186 1865 2420 1920 suasque
2451 1852 2663 1906 animas
2687 1854 2952 1924 agebant,
2983 1855 3076 1925 qui
3108 1856 3380 1923 timentes,
3412 1875 3482 1914 ne
3513 1870 3774 1918 terrestre

497 1957 644 2018 patet
679 1955 859 2002 autem
889 1947 956 2001 de
1001 1947 1328 2009 latronibus,
1358 1946 1482 2014 quia
1513 1953 1572 1999 ut
1599 1945 1784 2015 plures
1814 1945 2081 2000 scelerum

499 2038 676 2094 socios
705 2037 1058 2106 conquirant,
1094 2036 1529 2091 communionem
1559 2036 1640 2090 eis
1670 2036 1894 2105 praedae,
1922 2050 2083 2104 quam

499 2135 810 2198 rapuerunt,
845 2127 1129 2197 spondent.
1167 2124 1274 2180 Sed
1301 2133 1356 2180 et
1383 2134 1758 2195 persecutores
1788 2126 1956 2180 nostri
1979 2125 2085 2178 Re-

497 2218 816 2287 demptoris,
852 2231 1224 2286 quoscumque
1263 2225 1487 2286 potuere
1532 2217 1634 2271 sibi
1680 2214 2078 2287 adiungebant;

496 2316 553 2362 at
579 2323 715 2382 quos
739 2307 888 2362 illum
934 2307 1089 2378 sequi
1122 2307 1401 2372 videbant,
1433 2307 1534 2361 bos
1558 2307 1625 2361 de
1649 2306 1930 2377 Synagoga
1960 2320 2086 2376 pro-

497 2397 774 2467 pulsantes
801 2413 897 2451 sua
926 2396 1308 2452 communione
1337 2396 1644 2466 privabant.

565 2483 676 2537 Fili
708 2485 807 2550 mi,
843 2503 907 2539 ne
935 2484 1169 2539 ambules
1202 2501 1319 2538 cum
1348 2485 1445 2548 eis,
1477 2485 1690 2554 prohibe
1718 2485 1898 2554 pedem
1934 2494 2081 2537 tuum

496 2594 528 2630 a
553 2575 750 2630 semitis
780 2591 982 2630 eorum.
1040 2575 1300 2630 Prohibet
1331 2576 1614 2631 credentes
1640 2575 1856 2631 Christo
1890 2576 1954 2629 de
1990 2573 2082 2628 Ju-

494 2668 664 2731 dazis,
717 2667 1122 2734 communicare
1168 2669 1623 2737 persequentibus
1669 2667 1942 2722 Christum
1990 2665 2083 2720 Ju-

498 2758 649 2812 daeis.
676 2757 914 2826 Denique
936 2770 1126 2814 omnes
1153 2756 1243 2824 qui
1268 2758 1562 2812 credebant
1592 2765 1747 2810 erant
1776 2756 1995 2826 pariter,
2027 2763 2082 2809 et

499 2846 688 2900 Petrus
720 2846 908 2900 iisdem
941 2845 1198 2916 loquitur.
1248 2843 1538 2899 Salvamini
1566 2863 1597 2900 a
1624 2846 1952 2915 generatione
1981 2847 2081 2898 ista

498 2951 676 2997 prava.

565 3025 732 3080 Pedes
759 3043 895 3079 enim
925 3041 1136 3079 tuorum
1162 3025 1232 3079 ad
1260 3026 1459 3080 malum
1488 3038 1726 3091 currunt,
1756 3037 1804 3080 et
1831 3027 2080 3096 festinant

497 3126 552 3170 ut
583 3115 857 3185 effundant
888 3115 1216 3185 sanguinem.
1265 3113 1380 3168 Non
1410 3114 1582 3169 solum
1611 3115 1678 3169 ad
1714 3114 1911 3169 malum
1937 3115 2082 3185 quod

2190 1955 2411 2010 regnum
2438 1942 2746 2010 perderent,
2773 1942 2895 1997 caeli
2921 1952 3184 2013 terraeque
3209 1945 3408 2014 Regem
3434 1948 3770 2016 occiderunt,

2185 2032 2311 2087 cceli
2343 2032 2488 2088 cives
2515 2035 2983 2104 persequebantur
3009 2036 3061 2089 in
3095 2045 3261 2102 terra,
3293 2039 3520 2110 ideoque
3547 2053 3602 2096 et
3627 2046 3772 2113 quod

2188 2129 2240 2183 in
2275 2129 2434 2184 terris
2465 2129 2752 2193 habebant,
2783 2139 2838 2185 et
2864 2132 3007 2200 quod
3040 2132 3094 2185 in
3125 2133 3278 2187 ctelis
3305 2135 3594 2205 acquirere
3622 2147 3773 2206 pote-

2186 2228 2328 2284 rant,
2359 2234 2583 2290 regnum
2615 2219 2986 2288 perdiderunt.
3023 2219 3359 2276 Generaliter
3385 2235 3564 2279 autem
3591 2227 3774 2281 dicen-

2185 2309 2337 2374 dum,
2385 2309 2510 2378 quia
2557 2309 2882 2378 quicumque
2930 2310 3116 2365 oculos
3161 2311 3284 2365 ﬁdei
3330 2313 3493 2368 habet
3535 2325 3771 2384 apertos,

2176 2398 2501 2467 accepitque
2530 2413 2560 2451 a
2593 2398 2822 2453 Domino
2863 2414 3069 2469 pennas
3117 2409 3175 2454 ut
3220 2401 3522 2469 columbae,
3573 2406 3772 2474 quibus

2188 2499 2446 2544 aeternam
2487 2489 2629 2544 volet
2677 2487 2744 2542 ad
2792 2491 3075 2560 requiem,
3128 2489 3330 2546 frustra
3378 2492 3469 2546 tali
3522 2494 3774 2555 irretiant

2186 2579 2410 2650 laqueos
2451 2578 2598 2644 mali,
2643 2593 2812 2648 seque
2856 2579 3001 2649 ipsos
3040 2581 3220 2650 potius
3258 2581 3361 2636 hoc
3395 2586 3775 2652 praesumendo

2187 2670 2475 2737 perimunt.

2257 2755 2343 2810 Sic
2373 2756 2569 2810 semita:
2599 2755 2766 2811 omnis
2811 2759 2958 2811 avari
3000 2757 3205 2811 animas
3251 2758 3632 2826 possidentium
3684 2777 3773 2814 ra-

2185 2850 2354 2919 piunt.
2391 2848 2623 2902 Semitas
2649 2848 2797 2903 avari
2832 2849 2962 2904 dicit
2991 2849 3217 2904 subtiles
3244 2849 3361 2919 ejus
3392 2850 3771 2920 cogitationes,

2186 2938 2381 3007 quibus
2416 2938 2633 2993 sedulus
2679 2939 2940 3008 inquirit,
2976 2939 3208 3008 qualiter
3239 2940 3498 3008 pecunias
3539 2951 3771 3011 augeat,

2191 3028 2428 3098 talesque
2458 3029 2666 3084 semita:
2695 3029 2912 3098 rapiunt
2935 3029 3000 3083 ad
3035 3030 3312 3083 interitum
3359 3031 3571 3084 animas
3596 3032 3772 3100 possi-

2188 3117 2446 3182 dentium,
2498 3117 2550 3172 id
2583 3126 2878 3172 esteorum
2909 3119 2997 3187 qui
3036 3120 3467 3188 possessionibus
3508 3123 3772 3190 pecunia-

496 3207 869 3276 temporaliter
899 3215 1210 3276 operentur,
1260 3207 1354 3261 sed
1391 3207 1555 3261 etiam
1602 3208 1667 3262 ad
1709 3207 1907 3260 malum
1941 3208 2082 3276 quod
2109 3193 2152 3255 C
2186 3223 2304 3262 rum
2337 3207 2478 3262 ultra
2520 3208 2784 3263 rationem
2823 3209 3158 3264 incumbunt.
3211 3204 3330 3263 Non
3373 3209 3544 3264 solum
3596 3226 3727 3281 ergo
3757 3253 3772 3277 ,

497 3305 759 3367 perpetuo
787 3294 1002 3366 passuri
1030 3304 1178 3360 sunt,
1210 3295 1361 3364 impii
1393 3304 1717 3366 properant,
1761 3296 1974 3365 quoties
2016 3296 2082 3349 ad

491 3387 820 3458 patrandum
853 3385 1226 3449 homicidium,
1260 3393 1316 3439 et
1346 3383 1490 3438 aliud
1518 3384 1646 3454 quid
1675 3385 1894 3439 sceleris
1921 3399 2084 3453 agen‘

497 3477 627 3532 dum
659 3475 953 3531 festinant:
1001 3490 1125 3528 nam
1170 3483 1432 3543 quantum
1471 3475 1718 3529 videntes
1767 3474 1833 3528 ad
1879 3474 2084 3528 facinus

496 3566 828 3636 implendum
862 3566 1155 3630 ducuntur,
1186 3573 1395 3619 tantum
1425 3580 1534 3620 non
1561 3567 1804 3620 videntes
1854 3568 1920 3621 ad
1954 3565 2084 3620 tole—

497 3657 724 3711 randam
763 3670 862 3726 pro
891 3655 1132 3710 facinore
1171 3668 1388 3723 poenam
1426 3655 1811 3724 propinquant.
1864 3654 1987 3708 Ihec
2018 3654 2083 3710 de

497 3747 907 3802 insidiatoribus
961 3745 1132 3800 nostri
1195 3744 1491 3799 Salvatoris
1539 3744 1722 3798 valent
1775 3743 2084 3815 specialiter

498 3837 760 3906 intelligi,
801 3850 1035 3904 sequens
1061 3843 1240 3888 autem
1267 3835 1566 3889 versiculus
1598 3830 1663 3888 de
1695 3835 1940 3888 ﬁdelibus
1969 3834 2084 3899 ejus

497 3943 650 3998 aeque
691 3940 985 3996 pravorum
1031 3924 1292 3980 malitiam
1338 3924 1732 3978 sustinentibus
1761 3923 2085 3994 generaliter

501 4020 778 4075 inseritur.

573 4108 798 4160 Frustra
823 4116 994 4160 autem
1012 4107 1215 4174 jacitur
1241 4113 1345 4158 rete
1369 4113 1488 4157 ante
1513 4103 1690 4156 oculos
1716 4113 2078 4173 pennatorum.

503 4199 726 4252 Frustra
760 4196 905 4250 enim
936 4195 1161 4261 laqueus
1192 4192 1584 4262 persecutionis
1619 4201 1712 4244 aut
1749 4193 1939 4245 mortis
1968 4202 2083 4246 ten-

497 4290 643 4343 ditur
679 4285 884 4349 electis,
925 4284 1018 4352 qui
1055 4297 1262 4352 pennas
1302 4282 1503 4336 habent
1539 4281 1654 4351 spei
1691 4290 1746 4334 et
1779 4281 2080 4346 charitatis,

499 4387 929 4442 caeterarumque
960 4372 1220 4426 virtutum
1254 4370 1448 4440 quibus
1483 4378 1538 4424 et
1573 4368 1815 4423 coelestia
1850 4370 1975 4423 dum
2007 4371 2084 4422 vi-

497 4475 630 4522 vunt
658 4466 991 4528 desiderent,
1029 4471 1084 4514 et
1125 4464 1192 4516 ad
1234 4462 1336 4516 hoc
1363 4469 1485 4530 post
1515 4469 1742 4516 mortem
1775 4469 2081 4515 mereantur

497 4558 823 4628 pertingere.
883 4553 1091 4607 Habent
1138 4558 1192 4605 et
1237 4552 1426 4605 oculos
1475 4551 1690 4615 mentis,
1738 4565 1839 4620 per.
1863 4566 1998 4620 quos
2027 4563 2081 4605 et

501 4651 665 4713 mala,
697 4663 816 4716 quae
846 4646 914 4700 ab
943 4643 1122 4714 impiis
1153 4642 1448 4705 sustinent,
1477 4642 1629 4695 ocius
1659 4642 1952 4696 transitura
1971 4682 1985 4707 ,
2026 4651 2083 4697 et

497 4742 638 4796 bona
668 4754 786 4807 qum
817 4736 1130 4792 sustinendo
1160 4741 1498 4799 meruerunt,
1531 4742 1796 4788 aeternum
1828 4748 2080 4786 mansura

499 4830 739 4885 videant.
795 4829 1002 4895 Quibus
1032 4825 1191 4880 simul
1221 4823 1392 4882 oculis
1424 4833 1479 4878 et
1514 4823 1865 4893 reproborum
1896 4839 2082 4892 super-

500 4922 641 4976 biam
681 4921 789 4975 cito
834 4915 1347 4977 consummandam,
1397 4922 1450 4969 et
1495 4921 1764 4966 tormenta
1802 4913 2079 4981 sequentia

504 5028 712 5082 semper
741 5025 995 5065 mansura
1028 5007 1379 5078 prOSpiciunt.
1436 5005 1622 5061 Potest
1660 5012 1713 5059 et
1753 5005 1824 5058 ita
1864 5001 2074 5073 accipi,

505 5101 645 5170 quod
691 5109 806 5154 rete
844 5099 989 5152 dicat
1028 5096 1383 5166 perniciosam
1431 5093 1694 5148 malorum
1740 5093 2074 5154 doctrinam,

509 5202 666 5258 quam
696 5187 762 5240 ab
789 5200 854 5240 eo
884 5185 1002 5239 loco
1031 5191 1356 5246 contexunt,
1387 5182 1477 5236 ubi
1509 5182 1586 5235 ait
1607 5180 1714 5234 :.Si
1745 5191 1794 5236 te
1822 5191 2075 5234 tractare-

502 5282 602 5333 rint
628 5285 943 5348 peccatores,
967 5290 1029 5326 ne
1050 5273 1371 5341 acquiescas,
1395 5270 1702 5339 frustraque
1723 5271 1828 5324 tale
1843 5270 2076 5340 jaciatur

504 5377 618 5424 rete
664 5375 790 5421 ante
835 5380 962 5429 eos,
1011 5363 1102 5432 qui
1153 5361 1367 5416 mundis
1405 5360 1574 5416 oculis
1612 5360 1789 5414 cordis
1839 5375 2071 5430 superna

501 5459 948 5528 contemplentur,
999 5455 1090 5525 qui
1136 5455 1317 5508 dicere
1365 5453 1546 5508 norint
1590 5468 1713 5508 cum
1758 5452 2067 5522 Propheta:

502 5551 690 5604 Anima
716 5558 891 5603 nostra
917 5548 1049 5602 sicut
1077 5561 1256 5616 passer
1285 5555 1459 5614 erepta
1489 5554 1560 5598 est
1589 5544 1652 5597 de
1678 5544 1858 5614 laqueo
1888 5559 2073 5596 venan-

502 5642 631 5693 tium
661 5637 831 5710 (Psal.
858 5636 1038 5707 cxxv).
1073 5636 1251 5690 Facile
1281 5636 1423 5690 enim
1456 5635 1694 5704 laqueos,
1726 5635 1814 5702 qui
1848 5635 1900 5688 in
1927 5642 2071 5687 terra

503 5731 810 5797 tunduntur,
837 5735 1006 5791 cavet,
1033 5725 1122 5796 qui
1151 5727 1610 5782 conversationem
1635 5724 1794 5776 habet
1821 5724 1869 5776 in
1897 5723 2066 5776 cet-bs.

2185 3297 2376 3365 inquit,
2407 3296 2462 3350 hi
2508 3298 2599 3366 qui
2640 3299 2710 3353 ob
2746 3298 3134 3369 philargyriam
3165 3300 3366 3368 rapinis
3409 3302 3773 3356 innocentium

2183 3394 2238 3439 et
2264 3385 2500 3441 caedibus
2549 3387 2850 3455 invigilant,
2895 3374 3065 3443 semet
3097 3390 3198 3442 hoc
3245 3398 3466 3459 agentes
3502 3392 3772 3459 perdunt;

2185 3489 2366 3529 verum
2395 3477 2587 3531 eodem
2615 3477 2834 3541 ordine,
2861 3480 3077 3533 tametsi
3131 3480 3339 3533 minore
3385 3490 3537 3534 reatu
3583 3498 3775 3535 omnes

2183 3567 2330 3620 avari
2355 3567 2734 3621 meditationes
2763 3583 2884 3637 quae
2907 3583 3096 3622 aurum
3140 3569 3249 3623 Deo
3277 3567 3594 3637 praeferunt,
3627 3571 3772 3623 hunc

2182 3655 2248 3709 ad
2282 3655 2557 3709 interitum
2585 3657 2825 3710 trahunt.
2856 3657 3048 3721 Aliter,
3076 3656 3154 3710 sic
3184 3657 3390 3710 semitae
3419 3658 3599 3711 omnis
3621 3659 3772 3711 avari

2182 3736 2390 3798 animas
2417 3745 2807 3813 possidentium
2851 3747 3085 3816 rapiunt,
3128 3745 3220 3798 tali
3268 3744 3393 3810 line,
3433 3755 3494 3800 ut
3518 3745 3774 3815 pra-latus

2183 3846 2320 3896 sum,
2350 3846 2545 3885 avarus
2571 3833 2797 3902 quisque
2829 3834 3066 3902 perimit,
3105 3843 3159 3887 et
3189 3835 3353 3888 nudat
3393 3849 3488 3889 eos
3527 3836 3618 3903 qui
3648 3849 3773 3903 pos-

2183 3921 2511 3975 sessionibus
2538 3923 2835 3985 abundant,
2860 3931 2919 3975 ut
2963 3923 3076 3991 ipse
3099 3923 3276 3991 potius
3306 3923 3408 3978 hoc
3434 3925 3642 3993 agendo
3680 3938 3774 3992 pe-

2183 4018 2318 4062 reat.
2351 4009 2622 4079 Pauperes
2669 4025 2903 4080 namque
2943 4027 3079 4081 quos
3124 4011 3198 4064 nil
3234 4012 3512 4081 possidere
3555 4012 3767 4073 cernit,

2181 4115 2280 4154 cur
2301 4099 2533 4163 occidat,
2557 4112 2664 4168 quo
2687 4099 2856 4168 spolia
2883 4116 2991 4154 non
3035 4101 3256 4155 invenit.
3284 4099 3401 4154 Huc
3441 4115 3613 4168 usque
3645 4115 3771 4168 per-

2181 4185 2485 4242 'seeutioncs
2504 4203 2640 4258 quas
2662 4188 2828 4244 Judaei
2855 4190 3069 4245 Christo
3097 4191 3324 4245 intulere
3345 4191 3728 4246 describuntur
3750 4208 3764 4244 :

2183 4279 2289 4332 huc
2323 4277 2631 4332 referuntur
2657 4294 2720 4333 ea
2767 4295 2887 4348 quae
2931 4281 3045 4349 ipse
3071 4291 3192 4349 post
3227 4284 3530 4350 passionem
3557 4281 3767 4334 eisdem

2182 4367 2293 4422 suis
2317 4368 2751 4437 persecutoribus
2776 4384 2871 4436 per
2899 4370 3172 4437 apostolos
3203 4371 3458 4438 loquitur.

2255 4457 2525 4528 Sapientia
2577 4458 2706 4524 foris
2764 4457 3056 4526 prtedicat,
3105 4460 3160 4510 in
3209 4458 3394 4527 plateis
3448 4457 3539 4509 dat
3593 4473 3767 4514 vocem

2184 4565 2354 4612 suam,
2383 4549 2438 4602 in
2465 4549 2630 4617 capite
2655 4549 2926 4600 turbarum
2963 4548 3214 4601 clamitat.
3251 4547 3525 4616 Sapientia
3562 4547 3768 4617 quippe

2182 4638 2299 4704 Dei,
2328 4637 2577 4694 Christus
2600 4645 2702 4702 est,
2737 4638 2828 4707 qui
2866 4639 2920 4692 in
2958 4639 3158 4692 mundo
3195 4646 3544 4700 conversatus
3573 4640 3768 4707 paucis

2182 4748 2301 4791 suae,
2316 4733 2569 4803 mysteria
2611 4732 2906 4786 divinitatis
2929 4731 3204 4801 patefecit,
3240 4733 3475 4801 ipsisque
3506 4735 3770 4802 prmeepit

2181 4836 2250 4875 ne
2290 4828 2414 4874 ante
2453 4819 2759 4888 passionem
2788 4825 2855 4872 ‘et
2895 4824 3345 4877 resurrectionem
3395 4837 3577 4882 suam,
3624 4824 3765 4891 “quia

2184 4911 2298 4981 ipse
2323 4917 2469 4965 esset
2493 4907 2650 4963 Iesus
2689 4907 2937 4963 Christus
2975 4911 3363 4978 przedicarent,
3408 4927 3474 4966 ne
3531 4910 3768 4980 gloriam

2184 5006 2300 5074 ejus
2347 5019 2507 5074 quam
2551 5005 2604 5058 in
2644 5012 2828 5057 monte
2875 5013 3292 5072 conspexerant,
3322 5004 3568 5072 cuiquam
3617 5005 3769 5060 dice-

2183 5104 2324 5158 rent,
2340 5094 2618 5164 magisque
2644 5100 2770 5146 tunc
2789 5107 2898 5146 sua!
2921 5092 3214 5160 potentiam
3238 5091 3550 5160 maiestatis,
3573 5094 3766 5160 Operi-

2181 5183 2282 5237 bus
2311 5199 2469 5253 quam
2504 5181 2683 5236 verbis
2711 5180 3045 5244 ostendebat,
3082 5180 3295 5251 impleta
3327 5180 3609 5251 prophetia
3644 5196 3768 5250 qua:

2181 5273 2319 5326 dixit
2367 5289 2378 5323 :
2431 5269 2613 5341 Neque
2664 5270 2838 5323 audiet
2875 5268 3065 5339 aliquis
3115 5271 3168 5322 in
3209 5269 3396 5340 "plateis
3444 5285 3619 5323 vocem
3649 5272 3767 5339 ejus

2182 5361 2394 5432 (Matth.
2418 5360 2538 5431 xu),
2571 5369 2626 5413 at
2647 5367 2766 5429 post
2811 5359 3262 5414 resurrectionem
3309 5357 3566 5429 sapientia
3627 5359 3766 5413 foris

2178 5452 2526 5523 prtedicabat,
2558 5451 2683 5519 quia
2722 5451 2888 5505 misso
2915 5451 3143 5520 desuper
3184 5451 3388 5519 Spiritu
3416 5465 3511 5520 per
3538 5461 3767 5517 aposto-

2178 5543 2258 5596 los
2295 5549 2479 5611 aperte
2515 5555 2572 5594 se
2624 5541 2795 5607 ipsam
2834 5540 3033 5594 mundo
3081 5539 3402 5594 declarabat.
3457 5537 3514 5591 In
3559 5537 3766 5606 plateis

2179 5634 2339 5688 dabat
2364 5645 2548 5697 vocem
2573 5645 2724 5685 suam
2753 5631 2878 5700 quia
2906 5631 2958 5683 in
2982 5629 3262 5684 latitudine
3284 5629 3543 5698 plebium,
3577 5634 3767 5683 mani-

2181 5723 2314 5778 feste
2345 5738 2502 5776 auiam
2530 5729 2682 5775 antea
2735 5735 2933 5790 paucos
2979 5721 3234 5775 docuerat
3274 5719 3589 5789 replicabat,
3655 5721 3757 5772 inn-
