3918 6336
198 410 301 470 685

1002 408 1363 470 EXPOSITIO
1399 407 1468 470 IN
1501 399 1896 470 PROVERBIA
1931 399 2336 459 SALOMONIS.
2374 432 2444 443 —
2478 401 2608 458 LIB.
2647 401 2688 458 l.

3339 403 3449 460 ’686

197 525 343 597 picto
371 531 540 583 verbo
565 526 709 595 quod
733 525 936 581 eisdem
965 523 1077 579 suis
1104 522 1442 592 praeconibus
1488 521 1564 574 ait
1596 537 1608 572 :
1643 515 1774 582 Quae
1800 514 1854 574 Α
1948 511 2264 582 Despexistis
2293 528 2440 566 omne
2462 511 2738 566 consilium
2763 527 2955 567 meum.
3002 512 3238 566 Dicentis
3269 529 3281 564 :
3325 510 3448 566 I’ae-

199 621 316 676 dico
337 618 478 674 vobis
498 615 806 679 intenebris,
835 614 990 669 dicite
1017 615 1072 668 in
1096 615 1312 678 lumine,
1336 623 1383 666 et
1407 613 1542 683 quod
1565 612 1621 664 in
1650 624 1778 663 aure

199 711 424 774 auditis,
450 707 730 776 pra-dicate
748 722 905 776 super
941 715 1074 758 tecta
1120 703 1333 774 (Matth.
1383 703 1457 771 χ).
1498 702 1555 756 la
1603 699 1777 770 capite

201 797 484 852 turbarum
499 794 826 860 clamitabat,
852 793 976 861 quia
1011 792 1174 845 etiam
1196 791 1528 861 principibus
1555 790 1646 860 qui
1675 787 1776 844 sibi

201 885 249 941 ei
274 884 623 955 prmvaluisse
646 891 702 936 ut
733 881 1141 950 cruciﬁgeretur
1184 881 1525 943 videbantur,
1567 888 1775 933 reatum

199 975 478 1032 homicidii
518 973 661 1042 quod
707 980 1108 1042 perpetrarant,
1155 971 1331 1041 palam
1391 971 1679 1025 reducebat
1709 969 1777 1023 ad

198 1068 541 1131 memoriam,
573 1081 770 1135 eosque
795 1067 860 1118 ad
890 1064 1160 1134 patientiae
1187 1064 1481 1118 remedium
1521 1064 1772 1117 vocabat.

276 1158 340 1212 In
365 1157 588 1227 foribus,
608 1156 801 1225 inquit,
816 1165 1086 1224 portarunt
1110 1155 1250 1207 urbis
1269 1154 1464 1223 profert
1486 1155 1639 1207 verba
1656 1170 1772 1206 sua.

199 1247 342 1304 Urbs
358 1248 566 1302 Domini
582 1247 816 1302 Ecclesia
830 1256 931 1310 est,
949 1261 1012 1299 ex
1031 1254 1254 1315 utroque
1268 1244 1460 1316 populo
1473 1243 1774 1299 Judmorum

199 1339 448 1394 videlicet
475 1348 528 1392 et
553 1337 801 1393 Gentium
832 1338 1087 1402 adunata,
1128 1336 1282 1404 cujus
1325 1346 1602 1405 portarum
1636 1335 1777 1391 iores

197 1443 325 1487 sunt
364 1431 629 1494 doctores,
667 1431 757 1500 qui
787 1432 1008 1484 verbum
1034 1430 1372 1498 prrcdicando
1416 1429 1694 1484 credentes
1721 1430 1777 1484 in

196 1537 318 1579 eam
351 1523 711 1576 introducunt.
742 1522 806 1576 Et
845 1522 899 1576 in
925 1521 1129 1575 foribus
1161 1529 1436 1590 portarum
1473 1522 1588 1591 ejus
1613 1522 1776 1576 verba

197 1628 298 1667 sua
327 1612 587 1682 sapientia
610 1613 936 1680 prolerebat,
961 1628 1080 1666 cum
1101 1613 1152 1666 in
1181 1612 1435 1681 apostolis
1458 1613 1569 1666 suis
1591 1612 1774 1680 loque-

196 1703 378 1768 batur,
406 1719 436 1758 e
463 1703 655 1772 quibus
682 1719 817 1757 unus
843 1704 1018 1758 aiebat
1051 1721 1063 1756 :
1094 1705 1172 1756 An
1212 1703 1614 1772 experimentmn
1636 1719 1775 1772 qua:-

197 1795 314 1848 ritis
341 1797 473 1864 ejus,
497 1795 583 1864 qui
609 1797 662 1848 in
694 1812 772 1848 me
801 1794 1029 1866 loquitur
1052 1793 1332 1848 Christus?
1356 1793 1438 1865 (11
1471 1792 1592 1847 Cor.
1629 1792 1772 1862 xm.)

1876 603 2146 668 nitentium
2169 603 2324 673 agite,
2353 604 2732 675 appropinquat
2772 604 2909 658 enim
2947 619 3159 674 regnum
3202 603 3447 658 caelorum

1876 694 2093 765 (Matth.
2123 694 2226 766 tu).

1943 775 2010 837 Et
2051 785 2428 853 increpatione:
2475 801 2616 838 meas
2659 785 2973 855 neglexistis.
3013 785 3249 842 Dicentis
3291 804 3303 840 :
3356 787 3449 842 Va:

1874 874 2032 938 vobis,
2061 874 2245 928 scribte
2276 884 2321 928 et
2348 872 2607 928 lerisrei
2629 875 2926 943 liypocritte,
2956 878 3079 947 quia
3117 877 3307 931 tulistis
3343 877 3451 931 cla-

1874 980 1981 1016 vem
2008 964 2275 1027 scientite;
2310 965 2408 1031 ipsi
2435 964 2836 1028 norrintroistis,
2865 975 2912 1018 et
2941 983 3026 1019 eos
3054 967 3142 1036 qui
3168 967 3451 1020 introibant

1872 1055 2207 1124 proltibuistis
2241 1053 2389 1125 (Luc.
2439 1055 2536 1125 ιιι).
2570 1054 2634 1108 Et
2681 1054 3024 1123 generaliter,
3047 1056 3134 1125 qui
3163 1073 3262 1109 non
3291 1057 3451 1109 credit

1866 1142 2270 1212 jamjudicatus
2297 1154 2368 1196 est
2398 1143 2576 1212 (Joan.
2612 1147 2715 1214 ιιι).

1945 1233 2058 1303 Ego
2083 1251 2284 1305 quoque
2311 1235 2364 1289 in
2390 1237 2598 1289 interitu
2629 1247 2795 1290 vestro
2822 1238 2997 1291 ridebo
3023 1247 3070 1291 et
3099 1238 3447 1291 subsannabo.

1875 1323 2004 1378 Tale
2034 1333 2116 1378 est
2155 1325 2207 1378 in
2234 1326 2444 1395 psalmo
2486 1326 2552 1380 de
2595 1327 2816 1390 eisdem,
2849 1328 2938 1397 qui
2981 1328 3181 1381 habitat
3212 1330 3265 1381 in
3313 1328 3452 1382 caelis

1872 1412 2108 1467 irridebit
2149 1430 2258 1478 eos,
2287 1425 2333 1468 et
2373 1415 2624 1468 Dominus
2667 1416 3002 1470 subsannabit
3038 1434 3122 1471 eos
3163 1416 3333 1487 (Psal.
3366 1419 3449 1490 ll),

1875 1519 1982 1558 non
2012 1503 2141 1573 quia
2168 1504 2354 1559 buccis
2380 1506 2638 1560 Dominus
2664 1506 2904 1572 irrideat,
2928 1514 3020 1560 aut
3055 1523 3187 1561 naso
3227 1510 3454 1562 subsan-

1876 1603 1988 1656 net,
2016 1594 2108 1648 sed
2139 1609 2201 1647 ea
2229 1595 2313 1648 vis
2341 1595 2614 1665 designata
2636 1604 2721 1649 est
2753 1595 2842 1649 tali
2875 1597 3054 1657 verbo.
3106 1612 3265 1665 quam
3306 1598 3453 1651 dedit

1875 1683 2133 1752 apostolis
2162 1692 2220 1737 ut
2258 1685 2627 1753 praeviderent,
2658 1685 2732 1739 nil
2775 1702 2995 1756 prorsus
3032 1689 3222 1758 impios
3263 1699 3451 1745 contra

1876 1789 1997 1827 eum
2026 1788 2185 1842 supra
2205 1789 2366 1842 quam
2394 1774 2506 1844 ipse
2532 1775 2869 1844 permitteret
2897 1777 3105 1833 insidiis
3152 1793 3272 1833 esse
3303 1787 3452 1833 actu.

195 1885 431 1941 Possunt
468 1886 609 1940 fores
638 1896 913 1956 portarum
955 1887 1103 1940 urbis
1135 1887 1299 1939 etiam
1345 1899 1625 1956 synagoga:
1664 1899 1776 1937 ma-

1889 1880 1988 1928 ros,
2037 1865 2168 1933 quin
2219 1867 2395 1934 potius
2425 1867 2636 1920 illorum
2679 1876 2854 1937 empta
2895 1869 3076 1922 omnia
3117 1871 3449 1934 evacuanda,

191 1975 342 2047 jorcs
373 1977 615 2047 intelligi,
655 1979 708 2031 in
743 1978 936 2047 quibus
973 1979 1233 2047 sapientia
1283 1977 1610 2047 disputabat,
1652 1991 1775 2030 cum

194 2068 365 2121 etiam
391 2068 724 2137 legispcritos
745 2068 1047 2121 Pliarismos
1069 2076 1123 2120 ct
1151 2069 1477 2136 sacerdotes,
1508 2084 1605 2137 per
1642 2082 1774 2137 apo-

194 2159 368 2213 stolos
415 2158 640 2229 loquens
689 2175 840 2213 suam
889 2158 1175 2214 revocabat
1218 2159 1284 2213 ad
1319 2159 1566 2229 gratiam,
1606 2160 1679 2212 ita
1718 2165 1778 2210 ut

193 2250 338 2303 sicut
359 2248 533 2303 Lucas
571 2249 645 2301 ait
673 2267 685 2300 :
721 2249 890 2301 Multa
918 2249 1074 2301 etiam
1104 2249 1255 2301 turba
1281 2249 1610 2301 sacerdotum
1652 2247 1774 2300 obe-

193 2340 332 2394 diret
386 2338 528 2406 ﬁdei.
566 2337 706 2405 Quid
746 2347 924 2393 autem
953 2339 1140 2392 eadem
1185 2337 1444 2406 sapientia
1475 2337 1777 2392 clamitaret

195 2427 444 2496 adjungit
473 2441 489 2480 :

273 2517 545 2588 Usquequo
603 2517 807 2589 parvuli
860 2517 1079 2586 diligitis
1110 2517 1437 2586 infantiam?
1486 2515 1778 2586 Usquequo

191 2608 407 2680 parvuli
445 2624 603 2663 sensu
639 2609 836 2662 veteris
870 2609 1213 2662 instrumenti
1255 2609 1591 2663 ceremonias
1638 2624 1777 2663 novo

193 2697 534 2752 clarescente
583 2698 841 2768 diligitis?
896 2697 1184 2767 Usquequo
1248 2698 1464 2771 Moysen
1521 2697 1773 2764 Christo,

192 2785 489 2853 Evangelio
519 2785 686 2855 legem
722 2785 1020 2855 praefertis?
1069 2786 1356 2856 Quousque
1407 2788 1620 2841 decreta
1658 2803 1776 2857 qute

199 2876 430 2930 rudibus
456 2876 628 2929 adhuc
655 2877 864 2945 populis
887 2891 982 2945 per
1011 2891 1224 2930 servum
1249 2878 1370 2930 data
1402 2885 1548 2940 sunt,
1571 2892 1778 2946 praepo-

193 2969 331 3024 nitis
357 2969 434 3022 eis
457 2985 574 3037 qua:
602 2968 768 3022 Filius
796 2968 910 3037 ipse
933 2967 1154 3020 veniens
1179 2966 1418 3035 perfecto
1447 2981 1607 3020 sensu
1652 2982 1778 3020 con-

195 3044 362 3114 tum?
387 3059 627 3126 Quandiu
658 3059 829 3128 inquit
862 3061 975 3112 haec
1003 3058 1194 3127 agitis?
1223 3056 1340 3111 Jam
1370 3057 1578 3111 vidistis
1622 3057 1776 3111 Chri-

195 3159 343 3206 stum
371 3151 422 3203 in
449 3146 632 3213 cdrne,
651 3149 763 3218 jam
790 3147 1046 3202 miracula
1075 3146 1358 3202 facientem
1399 3156 1451 3200 et
1474 3147 1772 3211 docentem,

195 3261 312 3300 non
341 3253 546 3297 tantum
575 3245 874 3312 sprevistis,
901 3243 992 3298 sed
1020 3252 1072 3296 et
1089 3243 1381 3306 occidistis,
1403 3241 1588 3296 saltem
1620 3241 1778 3295 modo

196 3335 584 3391 resusritatum
610 3350 638 3386 a
671 3333 897 3387 mortuis
921 3342 974 3385 et
995 3333 1368 3402 praesidentem
1393 3331 1529 3385 cmlo
1552 3331 1775 3401 diligite,

197 3437 256 3483 et
293 3428 526 3481 dimittet
559 3426 710 3479 vobis
732 3426 905 3480 scelus
931 3425 1073 3493 quod
1098 3423 1444 3478 connnisistis

276 3515 345 3568 Et
376 3515 519 3567 stulti
556 3530 616 3566 ea
643 3530 759 3583 qua:
781 3515 878 3566 sibi
907 3527 1024 3566 sunt
1063 3515 1218 3566 noxia
1238 3515 1465 3581 cupient,
1503 3522 1548 3565 et
1575 3513 1778 3582 impru-

196 3606 382 3660 dentes
410 3605 625 3658 odibunt
653 3605 944 3658 scientiam.
993 3603 1411 3672 Prmponendum
1441 3610 1523 3655 cst
1563 3617 1592 3654 a
1624 3615 1778 3669 supc-

197 3695 335 3749 riori
373 3708 670 3773 usquequo,
703 3693 755 3746 id
783 3701 884 3756 est,
930 3707 1206 3760 usquequo
1235 3692 1469 3760 cupient,
1503 3707 1780 3761 usquequo

198 3786 452 3848 odibuut,
485 3783 771 3851 capiebant
791 3790 967 3836 autem
993 3782 1152 3835 noxia
1165 3790 1216 3834 et
1237 3783 1456 3836 odibant
1476 3782 1776 3845 scientiam,

196 3875 296 3946 qui
329 3875 524 3928 litteras
544 3873 727 3943 legalis
752 3872 1088 3941 superficiem
1115 3872 1499 3939 sequebantur,
1528 3881 1582 3925 et
1600 3887 1780 3925 sacra-

198 3978 388 4025 menta
426 3966 719 4036 Evangelii,
753 3981 870 4034 qua:
916 3965 1030 4033 ipsa
1073 3964 1250 4017 littera
1283 3963 1651 4033 signabantur,
1684 3979 1778 4019 ac-

197 4060 386 4130 cipere
406 4057 792 4112 detrectabant.

275 4147 648 4203 Convertimini
679 4148 746 4200 ad
773 4147 1140 4200 correctionem
1167 4163 1354 4200 meam.
1387 4146 1658 4216 Corripuit
1685 4161 1781 4216 per

198 4240 572 4313 apostolorum
594 4253 690 4293 ora
716 4237 947 4303 Judtcos,
975 4238 1097 4308 quia
1123 4239 1343 4292 credere
1372 4239 1688 4304 noluissent,
1727 4248 1782 4293 et

197 4333 292 4388 vel
328 4340 453 4384 tunc
479 4344 573 4384 eos
591 4337 875 4398 postquam
909 4329 1270 4383 resurrexerit
1296 4337 1352 4384 et
1380 4331 1643 4394 ascendit,
1667 4344 1781 4385 mo-

198 4421 328 4479 nuit
365 4419 630 4475 converti.

277 4511 364 4566 En
413 4511 674 4580 proferam
719 4509 857 4564 vobis
905 4510 1144 4578 spiritum
1183 4523 1375 4572 meum,
1417 4516 1466 4561 et
1511 4508 1778 4561 ostendam
1804 4543 1856 4602 Β

200 4603 362 4658 verba
390 4617 523 4654 mea.
552 4600 607 4653 Si
639 4599 830 4664 adhuc,
860 4600 1049 4667 inquit,
1075 4598 1314 4652 converti
1343 4597 1628 4666 ncgligitis,
1656 4613 1778 4667 pro-

200 4691 381 4746 {eram
410 4689 558 4742 vobis
588 4689 876 4742 vindictam
901 4703 1058 4756 quam
1084 4687 1373 4749 meruistis,
1396 4696 1450 4740 et
1479 4688 1636 4741 verba
1661 4703 1779 4755 quae

202 4783 272 4839 de
310 4789 489 4833 vestra
512 4779 811 4848 perditione
838 4779 1059 4847 praedixi
1088 4778 1364 4832 ostendam
1392 4790 1511 4830 esse
1546 4778 1775 4831 veracia.

201 4872 472 4942 Spiritum
511 4871 704 4940 quippe
741 4885 895 4925 suum
930 4871 1219 4937 potentiam
1253 4868 1468 4921 ultionis
1516 4868 1776 4932 nominat,

201 4963 274 5018 de
303 4977 412 5030 quo
443 4960 651 5030 Moyses
675 4961 751 5014 ait
788 4979 801 5014 :
853 4960 1041 5014 Misisti
1071 4960 1308 5028 spiritum
1347 4969 1494 5011 tuum
1520 4968 1566 5011 et
1598 4975 1780 5027 coope-

202 5052 315 5105 ruit
338 5067 424 5102 eos
462 5065 623 5112 mare,
646 5059 701 5103 et
722 5051 772 5103 in
799 5049 935 5104 libro
970 5049 1109 5102 beati
1141 5046 1240 5103 Job
1286 5047 1487 5101 dictum
1531 5055 1644 5110 est,
1672 5046 1776 5099 ini-

203 5157 348 5213 quos
372 5139 535 5194 ﬂante
560 5140 669 5195 Deo
690 5142 913 5210 perisse,
943 5151 997 5195 et
1020 5141 1211 5210 spiritu
1239 5140 1328 5194 ira:
1354 5137 1469 5207 ejus
1495 5153 1616 5195 esse
1652 5153 1779 5194 con-

201 5240 473 5301 sumptos.

281 5324 427 5389 Quia
480 5329 653 5377 vocavi
691 5330 738 5374 et
783 5324 1044 5374 renuistis.
1087 5323 1327 5378 Dicens:
1367 5319 1545 5376 Venite
1590 5322 1658 5374 ad
1701 5338 1780 5375 me

204 5428 392 5468 omnes
418 5412 504 5482 qui
525 5410 772 5464 laboratis
795 5420 842 5463 et
864 5412 1064 5463 onerati
1083 5413 1222 5476 estis,
1244 5421 1291 5464 et
1317 5427 1410 5482 ego
1436 5410 1664 5479 reﬁciam
1696 5427 1778 5463 vos

207 5501 433 5574 (unus.
455 5501 553 5569 xi).

284 5589 514 5643 Extendi
549 5606 761 5643 manum
792 5606 980 5654 meum,
1024 5598 1070 5644 et
1101 5603 1201 5640 non
1231 5589 1328 5656 fuit
1376 5595 1464 5658 qui
1515 5590 1780 5659 aspiceret.

205 5679 398 5736 Primo
428 5678 564 5733 bene
597 5677 838 5732 faciendo
881 5688 938 5734 et
983 5675 1220 5732 sanando
1270 5693 1457 5732 omnes
1503 5691 1785 5747 oppressos

208 5783 243 5826 a
278 5767 526 5835 Diabolo,
545 5768 885 5839 postmodum
913 5769 967 5826 in
1005 5781 1164 5825 cruce
1191 5767 1460 5836 patiendo.

1875 1957 1992 2026 ejus
2019 1971 2148 2010 vero
2175 1957 2399 2026 gloriam
2430 1966 2551 2027 post
2578 1959 2882 2027 passionem
2913 1974 3010 2028 per
3051 1961 3238 2014 orbem
3278 1969 3448 2013 terra-

1876 2064 1995 2102 rum
2030 2063 2151 2103 esse
2182 2049 2507 2104 dilatandam
2543 2059 2962 2120 prmnoscerent,
3007 2052 3231 2120 ideoque
3262 2067 3449 2120 super-

1875 2138 2018 2193 biam
2040 2155 2248 2204 eorum,
2269 2141 2430 2194 etiam
2457 2156 2578 2195 cum
2607 2141 2840 2195 maxime
2861 2141 3038 2196 valere
3061 2141 3446 2211 conspicerent,

1873 2243 1972 2298 pro
2002 2229 2170 2283 nihilo
2191 2237 2621 2285 contemnerent.
2910 2278 2913 2281 .

1945 2317 2076 2372 Cum
2115 2320 2255 2373 vobis
2299 2320 2438 2390 quod
2475 2320 2733 2374 timebatis
2781 2320 3063 2374 advenerit.
3099 2320 3451 2375 Conferentes

1875 2412 1942 2464 ad
1969 2412 2221 2475 invicem,
2249 2411 2295 2464 si
2323 2412 2631 2464 dimittimus
2653 2428 2772 2465 eum
2795 2412 2902 2476 sic,
2945 2429 3118 2466 omnes
3143 2412 3348 2464 credent
3395 2412 3448 2462 in

1876 2516 2016 2564 eum,
2054 2509 2102 2552 et
2139 2501 2338 2553 venient
2366 2501 2587 2554 Romani
2625 2511 2672 2554 et
2703 2500 2882 2555 tollent
2913 2511 3144 2554 nostrum
3182 2500 3353 2553 locum
3400 2509 3450 2553 et

1878 2602 2076 2662 gentem
2105 2589 2286 2662 (Joan.
2318 2589 2417 2662 χι).

1949 2680 2080 2735 Cum
2109 2683 2322 2735 irruerit
2351 2684 2616 2751 repentina
2646 2682 2940 2747 calamitas,
2967 2693 3013 2737 et
3036 2685 3272 2736 interitus
3302 2683 3452 2751 quasi

1875 2780 2147 2840 tempestas
2199 2771 2475 2840 ingruerit.
2556 2770 2901 2826 Obsidionem
2959 2773 3448 2843 Hierosolymorum

1880 2860 2149 2914 subditam
2177 2869 2230 2913 et
2259 2861 2708 2930 expugnationem
2765 2862 2930 2915 totius
2971 2863 3282 2930 provincim,
3333 2879 3451 2931 qua:

1880 2966 1909 3003 a
1937 2950 2197 3004 Romanis
2221 2948 2363 3003 facta
2393 2958 2475 3003 est
2503 2950 2652 3014 dicit,
2685 2965 2847 3019 quam
2876 2959 2930 3004 et
2959 2951 3069 3020 ipse
3098 2952 3353 3005 Dominus
3398 2953 3450 3006 in

1879 3039 2168 3111 Evangelio
2189 3041 2378 3096 videns
2404 3041 2696 3106 civitatem,
2724 3039 2963 3110 ﬂensque
2984 3057 3144 3110 super
3169 3057 3286 3096 eam
3316 3058 3454 3112 pra:-

1881 3131 2034 3185 dixit.

1953 3239 2179 3304 Quando
2217 3240 2406 3293 venerit
2441 3257 2598 3309 super
2641 3257 2727 3294 vos
2759 3240 3026 3294 tribulatio
3067 3251 3114 3294 et
3169 3243 3409 3311 angustia
3434 3283 3449 3305 ,

1880 3338 2001 3382 tunc
2027 3328 2336 3382 invocabant
2377 3347 2456 3383 me
2481 3340 2529 3383 et
2561 3347 2662 3382 non
2711 3330 3011 3383 exaudiant.
3049 3329 3163 3384 Non
3205 3331 3453 3400 leguntur

1879 3420 2046 3475 Judaei
2071 3420 2124 3474 in
2154 3420 2259 3473 ulla
2289 3421 2570 3475 obsidione
2595 3421 2876 3474 Dominum
2900 3420 3197 3483 invocasse,
3221 3421 3453 3474 scd'tan-

1879 3522 1991 3567 tum
2021 3513 2185 3565 armis
2211 3527 2329 3566 esse
2355 3511 2558 3574 conlisi,
2577 3511 2824 3580 quamvis
2845 3509 3227 3564 desolationem
3245 3511 3447 3579 patriar,

1880 3603 2198 3671 ruinamque
2241 3601 2422 3671 templi
2461 3602 2799 3655 amarissima
2830 3609 3008 3655 mente
3048 3603 3446 3670 conspexerint.

1881 3689 1939 3745 Si
1967 3692 2057 3760 qui
2085 3700 2263 3744 tamen
2285 3698 2408 3744 tunc
2444 3704 2566 3744 eum
2596 3689 2946 3754 invocabant,
2974 3690 3098 3759 quia
3121 3690 3175 3742 bi
3207 3691 3295 3758 qui
3334 3691 3449 3744 cul-

1880 3797 2024 3852 pam,
2050 3797 2146 3850 pro
2181 3796 2284 3849 qua
2307 3790 2433 3834 sunt
2453 3779 2624 3848 puniti
2650 3779 2966 3850 intelligere,
2996 3787 3056 3833 ut
3078 3795 3202 3835 vere
3223 3781 3451 3850 poenite-

1880 3880 2020 3934 rent,
2052 3871 2324 3933 nolebant,
2366 3869 2566 3923 frustra
2613 3869 2680 3924 ad
2715 3885 2836 3924 eum
2880 3884 3040 3939 quem
3081 3878 3450 3939 contempsere

1879 3961 2204 4015 clamabant.
2240 3959 2390 4014 Unde
2418 3969 2560 4014 recte
2601 3960 2851 4014 dicuntur
2887 3960 3283 4016 tribulationem
3327 3978 3449 4017 cum

1879 4050 2125 4119 angustia
2162 4048 2328 4102 fuisse
2353 4048 2615 4117 perpessi.
2649 4047 2945 4101 Tribulatio
2974 4064 3204 4118 namque
3232 4058 3348 4102 erat
3397 4051 3451 4104 in

1879 4139 1958 4193 eis
1984 4139 2178 4207 quibus
2206 4137 2337 4190 foris
2359 4136 2812 4204 deprimebantur.
2833 4135 3092 4208 Angustia
3119 4138 3172 4191 in
3196 4152 3282 4203 eo,
3311 4139 3452 4207 quod

1880 4227 2025 4280 intus
2053 4242 2082 4280 a
2106 4227 2214 4280 Deo
2243 4226 2315 4278 nil
2339 4225 2720 4280 consolationis
2748 4224 3083 4280 invenerant.
3137 4226 3208 4279 At
3258 4237 3446 4280 contra

1880 4319 2052 4374 sancti
2114 4333 2232 4372 cum
2300 4316 2537 4370 exterius
2589 4315 2964 4384 opprimuntur
3030 4316 3296 4380 adversis,
3352 4331 3448 4388 spe

1879 4419 2022 4465 certa
2049 4408 2238 4463 salutis
2267 4407 2322 4460 in
2349 4407 2512 4460 corde
2554 4405 2866 4469 dilatantur,
2907 4405 3140 4460 scientes
3166 4421 3223 4461 se
3246 4407 3313 4461 ab
3355 4409 3447 4464 illo

1881 4501 2121 4557 exaudiri
2151 4499 2465 4562 clamantes,
2511 4495 2663 4564 cujus
2692 4511 2748 4550 se
2781 4495 2939 4550 verba
2979 4497 3217 4565 jubentis
3265 4499 3452 4554 audire

1885 4590 2262 4644 meminerunt.
2292 4586 2428 4640 llinc
2448 4587 2642 4641 etenim
2687 4584 2950 4654 Propheta
2981 4585 3056 4638 ait
3084 4603 3096 4638 :
3131 4584 3260 4639 Cum
3308 4588 3451 4640 inro-

1887 4696 2057 4732 carem
2087 4689 2154 4741 te,
2177 4676 2434 4731 exaudisti
2461 4691 2560 4737 me,
2588 4673 2727 4728 Deus
2747 4674 2968 4742 justitiaz
2988 4691 3135 4740 meat,
3165 4677 3219 4727 in
3239 4677 3454 4730 tribula-

1885 4767 2110 4822 tionibus
2133 4767 2363 4819 dilatasti
2389 4782 2468 4819 me
2493 4763 2662 4834 (Psal.
2699 4769 2794 4834 tv).
2812 4764 2995 4819 Potest
3021 4775 3198 4819 autem
3219 4774 3325 4820 tota
3339 4767 3453 4821 haec

1887 4859 2153 4929 correptio
2186 4858 2462 4927 sapientiae
2488 4858 2553 4910 de
2581 4854 2845 4909 universis
2869 4855 3190 4924 generaliter
3211 4857 3451 4924 reprobis

1887 4953 2078 5020 accipi,
2108 4952 2228 5019 quia
2258 4952 2308 5003 in
2340 4949 2428 5002 die
2441 4945 2630 5014 judicii
2659 4946 2891 5000 clament
2925 4946 2994 5000 ad
3013 4944 3249 5015 judicem
3271 4947 3454 5001 distri-

1887 5050 2056 5104 ctum,
2085 5038 2281 5107 aperiri
2313 5038 2410 5091 sibi
2427 5035 2649 5103 januam
2673 5035 2820 5106 regni
2846 5035 3198 5104 postulantes,
3226 5053 3325 5092 nec
3346 5051 3454 5090 me-

1887 5140 2108 5187 reantur
2132 5126 2395 5190 exaudiri,
2425 5141 2547 5178 nam
2576 5134 2631 5179 et
2681 5126 2781 5181 hoc
2811 5125 2954 5194 quod
2981 5127 3240 5194 sequitur,

1955 5218 2114 5273 Mane
2138 5225 2444 5285 consurgent
2486 5224 2532 5268 et
2560 5229 2662 5266 non
2686 5213 2939 5266 invenient
2982 5231 3085 5278 me,
3118 5215 3292 5283 ipsum
3322 5224 3450 5270 tem-

1883 5328 1985 5384 pus
2020 5311 2246 5365 extremi
2295 5307 2575 5370 examinis,
2605 5319 2713 5374 quo
2737 5305 2827 5358 alii
2876 5305 2931 5358 in
2975 5307 3138 5359 vitam
3165 5315 3442 5370 azternam,

1885 5403 1976 5457 alii
2024 5401 2074 5453 in
2123 5399 2466 5468 opprobrium
2499 5403 2786 5463 resurgunt
2822 5395 3228 5462 sempiternum,
3265 5410 3450 5464 aperte

1884 5493 2142 5559 designat.

1959 5583 2036 5634 Eo
2060 5579 2196 5650 quod
2221 5594 2432 5632 exosum
2459 5577 2732 5629 habuerint
2754 5572 3101 5643 disciplinam,
3127 5583 3176 5628 et
3214 5577 3450 5628 timorem

1887 5671 2094 5726 Domini
2126 5685 2229 5722 non
2251 5666 2585 5735 susceperint.
2620 5663 2811 5717 Merito
2839 5661 3010 5716 salute
3029 5662 3326 5732 privautur,
3356 5663 3446 5730 qui

1887 5760 2205 5833 principium
2233 5755 2508 5828 sapientiae
2531 5755 2777 5810 timorem
2808 5751 3016 5808 Domini
3034 5759 3088 5807 et
3113 5751 3450 5823 disciplinam
