3918 6354
500 397 601 453 68⁸1

1119 397 1176 452 Β.
1217 396 1467 454 RABANI
1505 398 1722 455 MAURI
1759 397 2077 454 ARClllEP.
2118 396 2425 454 MOGUNT.
2467 392 2751 454 OPERUM
2785 394 2964 455 PARS
2998 399 3084 455 Ill.

3637 404 3739 459 683

495 522 606 561 non
637 514 793 562 modo
814 520 917 560 non
947 505 1168 569 habent,
1198 506 1289 561 sed
1319 514 1375 562 et
1397 506 1537 563 odiis
1576 508 1956 577 insequuntur,
2007 518 2063 564 at
2089 515 2139 573 Α
2165 519 2256 563 tua
2282 518 2337 562 ut
2367 526 2468 564 non
2493 524 2695 579 peccem
2717 511 2829 565 tibi.
2854 510 2947 564 Est
2974 513 3119 567 ettim
3159 529 3505 587 summopere
3549 532 3743 571 curan-

492 598 687 655 saltttis
706 598 863 663 illius,
878 597 1323 668 iniquos,inquit,
1346 599 1466 653 odio
1490 600 1649 655 habui
1673 610 1719 654 et
1743 602 1903 671 legem
1920 610 2064 655 tuam
2168 597 2293 653 dum
2317 614 2384 653 ne
2412 601 2567 655 nobis
2614 600 2714 655 hoc
2734 601 2888 670 juxta
2931 601 3243 669 paraltolam
3290 605 3591 677 Evangelii,
3636 608 3743 661 da:-

472 690 656 746 dilezi
684 688 855 763 (Psal.
895 688 1103 763 cxvnt).

2166 691 2344 748 monia
2372 692 2525 763 quasi
2553 707 2735 748 semen
2770 708 2926 749 secus
2957 693 3099 747 viam
3126 693 3332 763 jactum
3360 698 3612 755 volucres
3644 699 3741 754 tol-

560 779 840 838 Comedent
859 781 1021 851 igitur
1039 782 1244 851 fructus
1268 783 1365 837 vim
1383 799 1514 838 sm.
1541 782 1697 839 Viam
1724 799 1910 841 eorum
1932 784 2064 842 dicit
2163 782 2295 836 lant.
2687 804 2693 814 ι
2826 806 2838 833 t

489 870 557 926 de
585 885 689 940 qua
720 886 882 954 supra
905 871 1135 934 dixerat,
1160 870 1313 939 pedes
1346 874 1483 927 enim
1510 872 1721 928 illorum
1746 874 1816 929 ad
1860 874 2059 930 malum

2235 869 2302 925 Ut
2336 872 2541 940 audiat,
2565 856 2761 943 inquit,
2792 875 3100 945 sapientiam
3127 876 3275 929 auris
3314 885 3441 931 tua'.
3472 878 3566 933 Ille
3593 879 3738 934 enim

487 972 725 1017 currunt.
754 950 909 1030 Quia,
930 962 1123 1033 inquit,
1147 962 1263 1018 vias
1286 958 1432 1019 meas
1459 965 1663 1035 ingredi
1690 966 1976 1021 noluerunt
2000 975 2061 1023 ut
2161 961 2477 1032 sapientiam
2516 979 2650 1018 aure
2674 978 2778 1017 non
2808 950 2994 1019 audire
3019 966 3299 1034 probatur,
3332 968 3423 1036 qui
3450 968 3616 1023 verba
3646 969 3738 1023 Dei

490 1056 751 1123 viverent,
772 1056 1031 1128 recipient
1052 1057 1356 1112 mercedem
1377 1057 1585 1111 viarum
1628 1073 1869 1123 suarum,
1898 1068 1958 1114 ut
2002 1060 2058 1114 in

483 1157 742 1207 aeternum
770 1156 1023 1219 pereant;
1053 1156 1107 1202 at
1136 1156 1321 1202 contra
1352 1146 1419 1201 de
1458 1147 1544 1202 bis
1577 1148 1668 1217 qui
1708 1148 1898 1204 timent
1945 1149 2055 1205 Do-

481 1236 712 1305 minum,
740 1238 831 1308 qui
861 1236 1139 1292 ambulant
1168 1237 1223 1291 in
1250 1237 1352 1292 viis
1380 1235 1519 1307 ejus,
1547 1236 1793 1292 dicetur:
1826 1237 2053 1295 Labores

479 1329 747 1401 fructuum
774 1339 983 1384 tuorum
1011 1328 1359 1396 manducabo,
1409 1328 1588 1384 beatus
1626 1345 1681 1384 es
1724 1338 1773 1384 et
1814 1329 1940 1386 bene
1958 1330 2053 1384 tibi

479 1420 576 1474 erit
597 1418 769 1491 (Psal.
799 1418 1005 1491 cum)

540 1511 777 1583 Satisque
802 1512 1030 1567 consiliis
1062 1512 1458 1568 saturabuntur.
1493 1513 1627 1581 Quia
1657 1530 1779 1570 meo
1801 1513 2045 1581 consilio,

474 1595 586 1671 quo
603 1602 721 1657 illos
743 1594 1341 1667 salvare‘deci‘everam,
1356 1604 1702 1674 acquiescere
1728 1604 2043 1671 renuebant,

473 1694 858 1749 saturabuntur
882 1694 993 1749 suis
1016 1694 1210 1763 quibus
1239 1695 1454 1749 aiebant
1479 1712 1490 1747 :
1520 1695 2045 1750 Abscondamnsten—

471 1785 675 1841 diculas
698 1795 879 1841 contra
908 1786 1159 1840 insontem
1189 1786 1386 1855 frustra
1412 1787 1594 1858 (Prov.
1627 1788 1688 1855 ι).
1717 1788 1923 1857 Quibus
1943 1805 2044 1860 pro

2158 1054 2340 1107 auditu
2364 1062 2571 1108 tantum
2596 1054 3176 1125 corporis'percipiens,
3193 1058 3453 1111 memoria
3498 1061 3739 1113 retinere

2156 1152 2212 1197 et
2283 1158 2446 1213 opere
2498 1143 2835 1207 dissimulat;
2887 1144 2932 1197 si
2979 1159 3108 1215 ergo
3181 1148 3432 1201 mandata
3483 1148 3579 1201 Dei
3628 1148 3737 1202 fixo

2154 1248 2380 1302 amore,
2408 1234 2648 1290 discendi
2692 1242 2748 1288 et
2797 1235 3137 1291 custodiendi
3180 1237 3504 1308 susceperis,
3555 1239 3737 1307 primo

2152 1323 2473 1379 humilitatis
2500 1325 2641 1378 viam
2664 1331 2804 1389 tene,
2830 1325 2933 1380 hoc
2957 1333 3041 1381 est
3062 1326 3206 1381 enim
3227 1328 3372 1397 quod
3393 1329 3736 1399 subsequen-

2153 1423 2237 1469 ter
2257 1415 2469 1469 additur
2492 1432 2506 1468 :

2168 1562 2171 1565 _
2219 1503 2425 1559 Inclina
2457 1521 2547 1558 cor
2573 1514 2721 1559 tuum
2763 1507 2833 1560 ad
2876 1508 3193 1562 noscendatn
3240 1510 3595 1579 prudentiam.
3647 1510 3731 1565 ln-

2148 1591 2348 1649 clinare
2386 1594 2581 1664 quippe
2627 1605 2711 1649 est
2758 1610 2854 1650 cor
2902 1597 2969 1651 ad
3015 1600 3342 1654 noscendam
3380 1601 3729 1670 prudentiam

2147 1681 2449 1747 humiliare,
2479 1693 2532 1738 et
2551 1683 2844 1738 emundare
2869 1701 2985 1751 cor,
3012 1702 3125 1757 quo
3150 1687 3368 1759 dignum
3396 1688 3488 1742 fiat
3511 1690 3578 1743 ad
3604 1705 3730 1759 per-

2146 1773 2389 1844 cipienda
2419 1774 2676 1845 mysteria
2728 1775 2992 1841 veritatis,
3043 1778 3187 1831 unde
3233 1778 3421 1833 eadem
3462 1780 3728 1849 sapientia

470 1871 751 1930 Salvatore
798 1873 1061 1927 latronem
1097 1873 1198 1928 sibi
1246 1855 1538 1945 eligebant,
1578 1883 1636 1929 ut
1656 1855 1906 1933 videlicet
1943 1855 2032 1935 va-

2150 1861 2296 1917 Patri
2323 1862 2546 1933 loquens
2566 1864 2643 1918 ait
2670 1880 2683 1917 :
2713 1864 3043 1920 Abscondisti
3089 1866 3200 1919 lucc
3238 1884 3269 1920 ιι
3307 1870 3629 1939 sapientibus
3678 1880 3727 1923 et

466 1970 680 2019 stentur
734 1978 765 2018 a
802 1963 1101 2019 latronibus
1141 1973 1196 2019 et
1234 1965 1375 2020 inter
1418 1966 1650 2022 latrones
1693 1968 2038 2037 damnentur,

468 2056 610 2125 quod
638 2057 801 2112 etiam
825 2057 892 2111 de
920 2056 1169 2111 onmibus
1198 2058 1346 2113 verbi
1390 2058 1485 2113 Dei
1535 2062 1999 2131 contemptoribus

464 2145 607 2199 sicut
627 2153 685 2201 et
707 2144 917 2199 σείει-ἑξ
936 2152 1114 2213 potest
1132 2146 1326 2215 accipi.

535 2232 749 2288 Eversio
770 2232 1111 2304 parvulorum
1156 2234 1429 2305 interﬁciet
1470 2254 1576 2292 eos.
1622 2238 1885 2296 Parvulos
1930 2257 2037 2298 non

461 2310 621 2377 aetate
675 2322 771 2380 sed
812 2338 975 2379 sensu
1021 2324 1171 2391 dicit,
1209 2326 1404 2396 quibus
1450 2343 1610 2398 supra
1653 2329 1853 2385 dictum
1904 2341 2033 2387 est:

463 2412 741 2485 Usquequo
765 2415 970 2485 parvuli
998 2416 1213 2487 diligitis
1258 2416 1537 2487 infantiam
1560 2421 1586 2473 .’
1605 2419 1707 2487 Qui
1753 2437 1858 2477 non
1908 2438 2037 2493 par-

459 2503 591 2568 mli,
620 2504 715 2559 sed
745 2503 969 2574 perfecti
1002 2506 1250 2562 sensibus
1276 2521 1397 2562 esse
1419 2509 1739 2578 potuissent,
1769 2511 1814 2565 si
1863 2527 1968 2568 non
2004 2529 2035 2569 a

458 2593 686 2651 consilio
726 2595 1003 2665 sapientia:
1041 2596 1281 2652 auditum
1329 2608 1658 2654 averterent.
1700 2600 1817 2668 Quo
1858 2612 2033 2659 autem

457 2693 789 2750 averterant,
811 2700 877 2739 eo
904 2700 1024 2741 sese
1056 2694 1271 2742 aeternae
1300 2688 1459 2743 morti
1482 2689 1843 2745 destinabant.

527 2776 596 2831 Et
641 2776 957 2846 prosperitas
981 2776 1257 2831 stultorum
1294 2778 1471 2847 perdet
1510 2779 1647 2834 illos.
1689 2781 1821 2836 Cum
1872 2782 2032 2837 nullis

455 2869 856 2925 retardantibus
882 2868 1124 2924 adversis
1150 2868 1478 2939 perfecerint
1519 2880 1667 2935 actu,
1693 2874 1834 2941 quod
1863 2874 2032 2928 medi-

456 2970 634 3015 tantes
662 2961 833 3024 aiuut,
862 2976 1065 3014 omnem
1089 2961 1367 3030 pretiosam
1414 2962 1762 3016 substantiam
1805 2964 2029 3033 reperie-

455 3067 589 3104 mus.
617 3049 772 3113 Item,
796 3050 996 3103 aversio
1019 3049 1359 3119 parvulorum
1393 3051 1663 3120 inter/idet
1689 3070 1796 3118 eos,
1828 3063 1874 3107 et
1909 3071 2031 3125 pro-

451 3139 670 3209 speritas
695 3138 972 3193 stultorum
996 3140 1172 3208 perdet
1218 3156 1326 3194 eos.
1361 3139 1498 3208 Quia
1544 3156 1686 3212 saepe
1731 3158 1953 3199 aversus
1996 3160 2026 3199 a

2139 1954 2501 2025 prudentibus,
2529 1964 2578 2009 et
2613 1955 2847 2010 revelasti
2868 1972 2930 2010 ea
2956 1958 3189 2027 parvulis
3219 1956 3368 2029 (Luc.
3398 1960 3479 2029 κ),
3511 1959 3564 2014 id
3610 1970 3722 2025 est,

2140 2045 2468 2101 abscondisti
2493 2061 2525 2101 a
2551 2047 2797 2117 superbis
2821 2055 2876 2101 et
2908 2048 3154 2104 revelastl
3182 2050 3499 2105 humilibus.

2211 2136 2269 2193 Si
2297 2138 2434 2193 enim
2464 2141 2775 2209 sapientiam
2810 2141 3126 2196 invocaveris
3171 2152 3219 2196 et
3257 2143 3589 2199 inclinareris
3632 2163 3729 2201 cor

2138 2238 2285 2282 tuum
2332 2228 2643 2297 prudentiae.
2682 2228 2896 2283 Nullum
2941 2231 3233 2297 invocare,
3274 2233 3328 2287 id
3369 2244 3473 2300 est,
3524 2238 3577 2290 in
3623 2253 3723 2292 nos

2136 2315 2343 2370 orando
2371 2330 2585 2380 vocare,
2618 2316 2719 2371 nisi
2761 2316 2929 2373 Deum
2976 2318 3272 2386 debemus;
3304 2337 3428 2376 cum
3470 2338 3598 2395 ergo
3635 2340 3723 2379 sa-

2137 2404 2395 2475 pientiam
2425 2419 2544 2461 esse
2568 2406 2920 2483 invocandam
2972 2408 3149 2475 docet,
3173 2411 3408 2466 ostendit
3445 2428 3506 2469 se
3537 2413 3721 2483 proud

2137 2495 2299 2550 dubio
2324 2510 2429 2549 non
2480 2495 2776 2565 quamlibet
2822 2480 3144 2566 sapientiam
3170 2538 3184 2563 ,
3228 2499 3281 2553 id
3320 2509 3426 2566 est,
3472 2480 3718 2556 notitiam

2136 2601 2317 2641 rerum
2346 2586 2648 2641 caelestium
2677 2588 2791 2641 sive
2820 2588 3179 2653 terrestrium,
3208 2590 3302 2643 sed
3333 2590 3507 2660 ipsam
3550 2592 3721 2645 Deita-

2137 2676 2206 2731 tis
2228 2677 2585 2747 cognitionem
2622 2676 2776 2731 nobis
2821 2686 2887 2737 ad
2927 2679 3257 2747 sequendam
3294 2694 3618 2750 pr0ponere,
3662 2680 3717 2734 in

2137 2766 2293 2834 hujus
2333 2782 2565 2836 namque
2610 2766 2955 2837 perceptione
3007 2769 3283 2837 sapientia:
3309 2809 3322 2833 ,
3374 2785 3600 2825 summa:
3632 2780 3717 2826 cst

2132 2858 2400 2927 perceptio
2443 2858 2826 2923 beatitudinis,
2873 2858 2987 2929 ipsa
3035 2867 3349 2925 attestante,
3395 2877 3514 2930 qua:
3562 2861 3717 2916 Patri

2132 2964 2232 3017 pro
2253 2949 2407 3002 uehis
2434 2949 2737 3019 supplicans
2766 2951 2841 3004 ait
2866 2969 2879 3003 :
2914 2949 3043 3005 Ila'c
3066 2960 3141 3006 est
3163 2961 3337 3007 autem
3363 2954 3466 3007 vita
3491 2964 3707 3017 crterna,

2134 3047 2187 3089 ut
2217 3049 2525 3107 cognoscant
2551 3049 2598 3092 te
2631 3040 2799 3093 solum
2831 3050 2876 3093 et
2912 3057 3087 3095 verum
3136 3041 3302 3095 Deum
3336 3052 3385 3096 et
3429 3060 3584 3112 quem
3617 3045 3712 3097 mi-

2131 3127 2247 3181 sisti
2266 3128 2447 3181 .Iesum
2486 3127 2750 3184 Christum
2782 3131 2966 3205 (Joan.
2999 3132 3153 3202 xvu).
3185 3130 3489 3189 Notandum
3528 3144 3711 3189 autem

453 3194 647 3283 timore
672 3226 969 3283 conditoris
996 3194 1235 3293 animus,
1258 3194 1469 3300 jam-vde
1502 3230 1582 3286 ira
1619 3194 1860 3303 ejusdem
1897 3232 2028 3301 justi
2057 3194 2101 3256 C
2136 3219 2275 3288 (1⁸³οά
2312 3230 2365 3274 ει
2393 3220 2707 3291 Sapientiam
2740 3222 3010 3288 ίηνοθπθ»
3042 3232 3097 3279 ει
3128 3225 3489 3296 nosmetipsos
3517 3226 3584 3279 ad
3610 3240 3709 3279 “0'

451 3317 748 3373 conditoris
776 3317 998 3388 patitur,
1026 3329 1085 3371 ut
1112 3318 1165 3371 in
1195 3318 1281 3373 his
1300 3334 1420 3388 quae
1445 3328 1635 3389 peccat
1660 3320 1734 3375 nil
1764 3321 2031 3379 sustinere

449 3409 699 3465 videatur
728 3409 974 3475 adversi;
1008 3408 1103 3463 sed
1149 3416 1209 3461 ut
1255 3409 1444 3464 beatus
1469 3408 1568 3465 Job
1615 3411 1693 3465 ait
1721 3429 1734 3466 :
1766 3411 1939 3467 Ducat
1976 3415 2032 3467 in

452 3501 600 3555 bonis
642 3501 753 3555 dies
785 3516 929 3565 suos,
968 3510 1017 3553 et
1062 3499 1115 3553 in
1156 3509 1347 3569 puncto
1389 3501 1458 3554 ad
1489 3501 1696 3571 inferna
1749 3505 2028 3560 descendat

452 3596 597 3665 (Job.
624 3595 759 3666 ut).

509 3691 632 3757 Qui
672 3702 845 3745 autem
888 3706 969 3745 me
999 3692 1249 3757 audierit,
1301 3692 1491 3763 absque
1540 3703 1735 3749 terrore
1780 3698 2026 3766 quiescet.

449 3780 637 3836 Potest
665 3781 795 3836 etin
820 3781 920 3835 hac
942 3781 1050 3834 vita
1082 3790 1137 3835 et
1168 3774 1428 3836 in‘futura
1466 3783 1710 3854 intelligi,
1764 3785 1890 3854 quia
1937 3788 2027 3856 qui

452 3870 937 3943 Domindperfecte
963 3873 1125 3926 servit
1150 3872 1307 3927 nullis
1336 3881 1569 3927 terretur
1607 3876 1869 3937 adversis.
1920 3878 2028 3931 imo

446 3964 648 4035 gaudet
670 3964 723 4019 in
750 3964 1007 4024 adversis,
1031 3973 1087 4018 et
1115 3963 1166 4017 iu
1198 3963 1311 4033 ipsa
1330 3972 1504 4017 morte
1522 3964 1676 4033 quasi
1697 3965 1763 4020 de
1783 3966 2022 4036 ingressu

448 4054 575 4107 vita:
624 4053 875 4113 laetatur,
932 4053 1280 4121 quietumque
1334 4068 1549 4123 semper
1595 4069 1625 4107 a
1679 4056 2027 4124 supervacuis

452 4142 869 4211 mgitationibus
899 4157 963 4196 ac
990 4142 1302 4196 tumultibus
1327 4143 1679 4197 tentationum
1707 4152 1911 4212 pectus,
1938 4144 2028 4213 ju-

450 4240 611 4285 vante
635 4232 805 4286 sancti
834 4230 1066 4301 Spiritus
1096 4231 1290 4301 gratia,
1318 4230 1474 4300 gerit.
1506 4231 1660 4297 Quod
1700 4233 1915 4302 requies
1942 4248 2028 4288 se-

448 4320 603 4389 ptimi
632 4320 739 4375 diei
777 4321 831 4373 in
862 4320 979 4389 lege
1016 4320 1241 4389 mystice
1282 4320 1615 4391 designabat,
1657 4321 1751 4375 sed
1798 4330 1852 4375 et
1900 4337 2024 4377 cum

449 4411 729 4466 transierit
754 4425 784 4464 e
819 4409 1032 4471 steculo,
1063 4425 1168 4467 non
1220 4409 1391 4463 solum
1424 4412 1630 4479 absque
1671 4411 1863 4466 timore
1908 4426 2026 4465 ma-

2139 3310 2391 3365 scendam
2421 3312 2757 3380 prudentiam
2792 3329 2888 3368 cor
2930 3316 3192 3371 inclinare
3229 3318 3433 3379 suadet,
3473 3319 3597 3388 quia
3640 3318 3717 3371 ui-

2142 3399 2336 3453 mirum
2364 3415 2581 3456 necesse
2609 3412 2711 3468 est,
2744 3413 2800 3457 ut
2824 3412 2878 3457 ct
2905 3404 3146 3460 divinum
3190 3406 3247 3461 in
3274 3408 3485 3463 cunctis
3508 3407 3715 3477 flagite-

2133 3505 2254 3545 mus
2280 3491 2559 3557 auxilium,
2600 3502 2657 3547 et
2680 3493 2803 3563 ipsi,
2833 3494 3060 3550 Domino
3083 3496 3391 3567 adjuvante,
3422 3498 3562 3552 bona
3596 3512 3714 3567 quae

2134 3582 2371 3639 valemus
2412 3599 2633 3653 agamus
2665 3604 2677 3638 :
2706 3600 2879 3655 neque
2911 3586 3056 3641 enim
3093 3587 3213 3641 sine
3256 3587 3373 3658 ipso
3422 3590 3712 3658 quidquam

2133 3672 2312 3728 facere
2340 3690 2645 3744 possumus,
2683 3689 2783 3729 nec
2822 3692 3035 3731 rursum
3064 3677 3181 3732 sine
3217 3687 3405 3733 nostro
3429 3679 3710 3734 conamine

2132 3765 2681 3835 quantulumcumque
2706 3767 2903 3822 habere
2933 3768 3192 3835 valemus,
3216 3784 3314 3824 nos
3354 3771 3422 3825 ab
3452 3770 3569 3841 ipso
3599 3770 3705 3824 sal-

2132 3856 2333 3909 vandos
2360 3869 2479 3910 esse
2499 3857 2804 3937 credamus.

2202 3952 2259 4007 Si
2286 3953 2553 4022 qua’sieris
2582 3970 2695 4007 eam
2737 3954 2894 4023 quasi
2916 3956 3213 4024 pecuniam,
3242 3964 3289 4009 et
3332 3955 3468 4008 sicut
3505 3956 3712 4008 thesau-

2130 4059 2213 4095 rus
2237 4041 2480 4112 effoderis
2505 4059 2638 4096 eam.
2680 4042 2735 4097 Si
2769 4052 2917 4097 tanta
2946 4059 3077 4099 cura
3119 4044 3460 4113 sapientiam,
3510 4052 3707 4112 quanta

2130 4133 2307 4202 cupidi
2344 4142 2588 4202 qumrunt
2631 4135 2937 4202 pecuniam,
2971 4134 3055 4189 vel
3082 4144 3231 4189 certe
3265 4134 3309 4188 si
3338 4142 3447 4187 tam
3480 4132 3705 4187 sollicite

2130 4222 2408 4291 qumsieris
2464 4222 2805 4291 sapientiam,
2850 4222 3003 4292 quasi
3044 4224 3281 4277 infinitas
3325 4238 3425 4293 per
3469 4223 3606 4276 hanc
3653 4228 3706 4274 et

2129 4312 2423 4367 ineffabiles
2444 4312 2655 4366 divitias
2683 4314 2757 4366 sis
2783 4314 3160 4382 acquisiturus,
3188 4313 3457 4382 percipies
3483 4311 3699 4381 prmmia

2126 4421 2247 4475 qua:
2278 4405 2666 4472 subsequenter
2699 4414 3057 4472 estponuntur.
3109 4404 3208 4470 Qui
3258 4419 3389 4458 vero
3420 4405 3703 4457 thesauros

452 4500 649 4563 lorum,
679 4498 774 4553 sed
798 4507 854 4553 et
890 4500 943 4552 in
977 4514 1173 4568 magno
1200 4497 1394 4567 gaudio
1419 4507 1646 4566 sperata:
1676 4499 2024 4555 resurrectio—
2050 4532 2103 4591 Ι)
2129 4497 2335 4561 effodit,
2360 4497 2507 4565 ejicit
2538 4498 2702 4551 rudus
2728 4506 3004 4560 terrestre,
3032 4495 3159 4550 facit
3191 4495 3241 4549 in
3269 4494 3439 4549 altum
3470 4494 3697 4556 foveam,

448 4590 534 4645 nis
558 4589 825 4659 quiescet,
847 4599 908 4644 ut
934 4589 1173 4645 Lazarus
1202 4591 1255 4644 in
1278 4590 1398 4644 sinu
1422 4588 1713 4644 Abraham.

522 4677 591 4732 Et
614 4677 937 4732 abundantia
963 4679 1276 4747 perfruetur,
1304 4679 1560 4733 malorum
1589 4681 1775 4757 timore
1796 4680 2020 4736 sublato.

449 4769 607 4826 Nunc
644 4769 973 4825 abundantia
1020 4768 1283 4825 bonorum
1338 4784 1561 4839 operum
1600 4770 1779 4825 ablato
1829 4771 2050 4858 timore.

449 4861 615 4915 etiam
641 4870 828 4915 eorum
850 4859 941 4928 qui
970 4858 1226 4913 occidunt
1265 4871 1480 4928 corpus,
1528 4868 1656 4913 tunc
1697 4860 2023 4915 abundantia

450 4947 766 5017 gaudiorum
796 4947 851 5000 in
878 4948 1098 5017 gremio.
1125 4947 1336 5014 Quanta
1373 4948 1519 5003 enim
1569 4950 1642 5003 ibi
1691 4950 2019 5004 abundantia

451 5040 717 5094 honorum
744 5038 1007 5103 omnium,
1036 5038 1126 5091 ubi
1154 5038 1322 5107 gloria
1347 5047 1449 5103 est,
1484 5054 1512 5091 a
1541 5054 1647 5108 quo
1692 5046 1818 5093 sunt
1843 5041 2023 5093 omnia

450 5129 592 5184 bona
620 5126 747 5182 licet
774 5126 1001 5189 intueri,
1030 5126 1209 5180 ablato
1251 5141 1474 5196 prorsus
1520 5128 1713 5183 timore
1758 5127 2020 5192 omnium,

452 5232 572 5288 qua:
600 5216 805 5287 aliquid
827 5215 1037 5270 adversi
1060 5214 1293 5271 ulterius
1320 5214 1566 5272 afferant.

1074 5346 1300 5402 CAPUT
1342 5346 1406 5402 ll.

526 5484 633 5539 Fili
669 5501 760 5548 mt,
809 5500 852 5538 si
898 5483 1182 5553 susceperis
1208 5499 1467 5538 sermones
1496 5500 1658 5550 meos,
1689 5493 1735 5538 et
1772 5486 2022 5539 mandata

453 5593 567 5633 mea
594 5577 923 5631 absconderis
974 5594 1123 5646 penes
1165 5588 1230 5631 te.
1278 5577 1574 5632 Abscondit
1623 5580 1873 5633 mandata
1928 5578 2023 5633 Dei

457 5685 621 5739 penes
645 5684 723 5733 se,
750 5668 841 5737 qui
865 5669 979 5722 hare
1001 5668 1222 5723 audiens
1243 5668 1469 5724 sollicite
1493 5669 1545 5723 in
1576 5670 1735 5723 corde
1758 5670 2020 5734 recondit,

452 5764 604 5831 justa
637 5761 781 5819 ἰιιιιιιι
809 5762 898 5831 qui
929 5762 1003 5815 ait
1033 5779 1043 5812 :
1083 5761 1143 5815 In
1185 5763 1337 5815 rorde
1371 5778 1482 5816 meo
1532 5762 1778 5820 abscondi
1818 5764 2021 5835 eloquia

2131 4587 2346 4643 sedulus
2369 4588 2568 4642 insistit
2592 4588 2782 4651 labori,
2806 4590 2975 4643 donec
2997 4589 3063 4642 ad
3092 4589 3375 4642 thesauros
3401 4603 3538 4656 quos
3560 4602 3701 4655 quzrs

2132 4678 2471 4749 ritattingat.
2505 4679 2569 4732 Et
2602 4679 2693 4747 qui
2730 4680 3008 4733 thesauros
3033 4679 3309 4748 sapientia:
3336 4679 3580 4732 invenire
3620 4678 3702 4731 deo

2131 4772 2353 4835 siderat,
2381 4772 2637 4841 quidquid
2658 4772 2759 4825 sibi
2784 4782 3051 4825 terrenum
3083 4772 3259 4825 inesse
3284 4768 3699 4839 deprehenderit

2129 4870 2407 4931 expurget,
2431 4862 2677 4916 carnales
2707 4862 2983 4915 illecebras
3007 4860 3307 4923 abscindat,
3337 4860 3538 4913 fossam
3565 4859 3619 4912 in
3646 4872 3700 4911 se

2130 4951 2447 5005 humilitatis
2469 4951 2647 5013 faciat,
2679 4966 2778 5005 nec
2807 4951 3047 5019 quiescat
3073 4952 3140 5003 ab
3161 4949 3369 5019 agendo
3388 4949 3699 5017 priusquam

2133 5056 2190 5093 se
2226 5054 2413 5094 venam
2438 5039 2679 5093 veritatis
2700 5038 2967 5092 invenisse
2994 5036 3326 5108 cognoverit.

2207 5123 2349 5185 Tunc
2379 5132 2629 5203 intelliges
2677 5133 2910 5186 timorem
2962 5131 3173 5185 Domini
3212 5141 3258 5184 et
3286 5130 3558 5184 scientiam
3608 5128 3700 5181 Dei

2133 5227 2375 5281 invenies.
2415 5225 2471 5280 Si
2521 5224 2749 5279 sollicito
2777 5224 2937 5277 corde
2980 5224 3277 5293 quaesieris,
3311 5222 3598 5289 pervenies
3636 5218 3699 5272 ad

2132 5316 2513 5387 experientiam
2540 5314 2779 5368 amabilis
2813 5314 3019 5368 Domini
3055 5312 3285 5374 timoris,
3339 5311 3434 5378 qui
3465 5326 3571 5364 non
3603 5309 3699 5362 ini-

2132 5407 2285 5469 tium,
2309 5407 2401 5459 se!
2421 5403 2678 5475 perfectio
2697 5414 2779 5458 est
2801 5404 3074 5474 sapientia:
3093 5401 3352 5461 celestis,
3375 5401 3429 5453 in
3454 5399 3555 5453 hac
3570 5399 3699 5453 dun-

2130 5505 2271 5551 taxat
2300 5496 2431 5558 vita,
2462 5495 2685 5564 ideoque
2727 5510 2830 5548 non
2860 5510 2981 5548 eum
3013 5491 3252 5562 perfecta
3295 5490 3519 5545 dilectio
3559 5488 3699 5542 foras

2127 5587 2312 5650 mittit,
2341 5586 2431 5640 sed
2462 5585 2589 5639 facit
2622 5598 2938 5653 permanere
2969 5583 3022 5636 in
3046 5568 3307 5635 Saeculum
3357 5578 3562 5634 saeculi.
3595 5576 3697 5630 Sed

2128 5688 2180 5732 et
2214 5677 2494 5732 scientiam
2528 5675 2694 5744 ipsius
2715 5673 3011 5728 divinitatis
3040 5685 3159 5741 qua:
3186 5677 3452 5739 perpetuo
3480 5667 3697 5720 beatum

2130 5768 2255 5821 facit
2286 5765 2543 5819 im't‘uics.
