3918 6334
180 391 274 450 639

985 382 1346 442 EXPOSITIO
1385 381 1449 437 IN
1485 378 1877 436 PROVERBIA
1917 377 2323 436 SALOMONIS.
2368 408 2435 418 —
2474 377 2601 432 LIB.
2642 377 2685 432 Ι.

3323 377 3430 432 690

243 505 382 572 Quia
412 503 669 558 Dominus
697 499 788 553 dat
816 500 1150 568 sapientiam.
1185 495 1448 564 Perspicit
1487 495 1574 549 bic
1617 507 1742 548 ver-
1775 492 1820 551 Α
1849 492 2011 546 mollit
2044 508 2305 548 sermones
2336 487 2476 546 suos.
2505 490 2710 546 Pendet
2737 489 2825 546 hic
2867 505 3054 545 versus
3083 505 3114 544 a
3142 492 3434 561 superiori-

180 597 374 654 siculus
400 594 466 649 ad
492 593 594 648 ltoc
621 591 764 661 quod
792 605 955 660 supra
1008 589 1166 653 dixit,
1194 588 1239 642 si
1268 588 1404 640 enim
1438 586 1749 655 sapientiam

183 687 512 753 invocaveris,
545 693 676 750 etc.,
702 697 874 753 usque
906 682 1030 735 dum
1054 680 1148 745 ait,
1177 687 1226 732 et
1251 680 1520 732 scientiam
1551 677 1645 731 Dei
1669 677 1751 729 in-

183 781 369 835 renies.
405 777 530 831 Ideo
555 788 787 846 namque
824 772 1107 842 sapientia,
1138 769 1192 825 id
1226 778 1308 824 est
1335 809 1350 834 ,
1377 768 1634 823 Dominus
1674 773 1758 820 est

184 869 512 927 lnvocandus
536 868 604 922 ad
625 865 995 936 accipiendam
1027 862 1370 933 sapientiam,
1398 859 1521 927 quia
1551 858 1758 927 sapien-

183 964 250 1018 tia
291 975 402 1015 non
428 976 457 1014 a
489 959 646 1013 nobis
680 955 813 1026 ipsis
851 953 1040 1008 haberi
1077 957 1271 1022 potest,
1321 949 1416 1004 sed
1457 965 1485 1002 a
1531 948 1758 1003 Domino

185 1054 359 1107 datur.
397 1051 600 1104 Taceat
631 1045 901 1115 Pelagius,
935 1041 1275 1110 redarguitur
1299 1046 1354 1093 et
1379 1037 1446 1092 ab
1476 1036 1753 1106 Apostolo,

183 1143 268 1213 qui
299 1142 375 1195 ait
401 1157 415 1194 :
441 1138 582 1205 Quid
608 1152 722 1192 vero
757 1134 914 1188 habes
933 1132 1072 1203 quod
1105 1148 1208 1185 non
1230 1129 1512 1200 accepisti?
1542 1126 1594 1197 (1
1630 1124 1754 1180 Cor.

185 1233 280 1304 tv.)
311 1232 377 1286 Et
406 1228 681 1300 apostolus
705 1225 970 1281 Iacobus:
995 1221 1052 1277 Si
1076 1221 1191 1292 quis
1215 1230 1386 1273 autem
1410 1227 1653 1281 vestrum,
1679 1217 1760 1271 itt-

185 1323 318 1394 quit,
344 1320 538 1390 indiget
567 1315 824 1386 sapientia
847 1310 1071 1384 postulet
1101 1327 1135 1363 a
1162 1308 1382 1362 Domino
1408 1306 1548 1377 (Jac.
1577 1304 1638 1375 ι).

251 1413 321 1466 Et
350 1427 414 1465 ea:
443 1425 529 1464 ore
551 1408 665 1479 ejus
690 1405 911 1460 scientia
945 1411 991 1455 et
1014 1399 1310 1470 prudentia.
1336 1396 1522 1452 Potest
1565 1396 1618 1449 in
1659 1394 1762 1448 hoc

187 1500 448 1557 versiculo
477 1498 590 1568 ipsa
620 1492 903 1551 ineﬂ‘abilis
929 1499 983 1546 et
1017 1499 1306 1554 eoazterna,
1354 1489 1461 1542 Deo
1504 1485 1650 1540 Patri
1677 1501 1764 1538 sa-

186 1591 400 1664 pientiae
415 1587 669 1642 nativitas
697 1581 948 1651 intelligi,
977 1581 1042 1636 de
1068 1595 1174 1650 qua
1199 1577 1325 1633 alibi
1355 1575 1484 1631 dicit
1509 1575 1624 1645 ipsa
1671 1588 1760 1628 sa-

188 1681 383 1754 pientia
411 1698 423 1734 :
455 1677 568 1748 Ego
620 1692 685 1730 ea:
734 1690 824 1728 ore
869 1670 1124 1725 Altissimi
1171 1666 1372 1739 prodivi
1418 1664 1762 1754 primogenita

191 1752 385 1841 (Eccle.
412 1765 508 1836 ιγ).
537 1764 724 1820 Potest
751 1777 814 1817 os
856 1756 1070 1815 Domini
1108 1758 1269 1812 etiam
1314 1755 1368 1809 in
1401 1755 1601 1828 sanctis
1647 1752 1763 1822 ejus

1856 584 1954 639 bus
1985 585 2071 638 ubi
2105 584 2311 638 dictum
2341 581 2546 647 fuerat,
2575 582 2854 654 prudentia
2889 580 3110 637 servabit
3145 592 3210 636 te.
3256 583 3322 637 Et
3351 588 3437 638 e‘st

1856 689 2045 730 sensus
2076 693 2088 728 :
2121 673 2411 728 Prudentia
2446 673 2682 728 servabit
2717 681 2768 727 te
2804 681 2862 726 ut
2904 673 3113 727 eruaris
3143 687 3172 726 a
3211 672 3437 728 muliere

1857 765 2067 832 aliena,
2114 765 2240 834 quia
2279 779 2410 834 ergo
2444 765 2594 834 prius
2636 763 2888 818 Salomon
2929 763 3230 818 auditorem
3281 779 3437 818 suum

1857 870 2014 924 quem
2040 853 2363 924 sapientiam
2391 854 2585 908 docere
2607 853 2818 923 satagit,
2847 851 3143 916 admonuit,
3174 868 3240 907 ne
3271 851 3439 906 latro-

1859 945 2014 1000 nibus
2037 946 2370 1015 jungeretur,
2397 960 2467 999 ne
2495 943 2541 998 si
2569 942 2775 997 videret
2797 942 2990 1007 furem,
3015 941 3174 996 simul
3199 950 3443 997 curreret

1859 1055 1984 1094 cum
2007 1055 2093 1102 eo,
2119 1038 2212 1093 sed
2231 1045 2385 1114 recte
2413 1052 2477 1091 ac
2498 1035 2813 1104 simpliciter
2836 1035 3140 1100 incederet;
3170 1049 3315 1089 nunc
3349 1035 3442 1088 ad-

1841 1137 2043 1184 monet
2070 1144 2136 1182 ne
2173 1142 2294 1180 cum
2335 1125 2594 1181 adulteris
2620 1126 2925 1196 portionem
2962 1141 3113 1180 suam
3150 1134 3336 1194 ponat,
3376 1124 3444 1178 de

1861 1220 2056 1289 quibus
2085 1227 2136 1272 et
2168 1219 2268 1273 hoc
2294 1218 2438 1287 quod
2468 1233 2631 1284 supra
2671 1215 2898 1278 dicitur,
2945 1224 2998 1269 ut
3031 1215 3236 1268 eruaris
3267 1215 3330 1268 de
3362 1214 3443 1268 ria

1862 1309 2002 1362 ntala
2025 1296 2090 1361 ab
2116 1309 2321 1362 homine
2349 1309 2437 1378 qui
2463 1306 2702 1378 perversa
2727 1306 2958 1378 loquitur
2975 1348 2989 1372 ,
3023 1314 3202 1375 potest
3234 1305 3411 1374 specia
3428 1334 3443 1344 -

1863 1396 1986 1450 liter
2014 1396 2253 1466 intelligi.
2286 1395 2414 1462 Qua:
2438 1397 2581 1451 enim
2606 1397 2912 1464 perversior
2938 1395 3157 1459 locutio,
3185 1411 3346 1465 quam
3377 1395 3445 1447 ad

1863 1497 2048 1556 stupra
2075 1485 2310 1550 suaderi,
2334 1485 2474 1554 quod
2497 1485 2788 1553 capitulum
2811 1485 2996 1555 incipit
3018 1500 3046 1538 a
3073 1484 3192 1539 loco
3221 1484 3311 1537 ubi
3335 1485 3443 1536 ait:

1865 1576 1974 1632 Fili
2000 1577 2093 1641 mi,
2120 1577 2164 1632 si
2187 1575 2471 1645 susceperis
2500 1592 2759 1630 sermones
2784 1592 2946 1641 meos,
2974 1585 3022 1629 et
3051 1575 3302 1629 mandata
3333 1588 3452 1627 mea

1864 1667 2198 1722 absconderis
2240 1683 2392 1737 penes
2441 1676 2507 1721 te.
2551 1666 2740 1721 Potest
2791 1675 2970 1721 autem
3021 1681 3117 1736 per
3165 1664 3447 1720 mulierem

1865 1769 2176 1817 extraneum
2217 1759 2597 1814 haereticorum
2649 1760 2888 1828 pravitas
2927 1757 3150 1829 intelligi
3179 1773 3209 1812 a
3246 1756 3448 1812 Christi

189 1834 378 1927 έοεῖρίν
413 1834 554 1910 “ﬁde
583 1853 690 1908 (Ποῖ
717 1852 856 1907 δοιθῑ
876 1851 930 1905 in
959 1848 1258 1920 Ρτορδθιίεν
1282 1847 1407 1917 quia
1453 1861 1514 1900 οε
1545 1843 1756 1899 Domini
1794 1834 1836 1892 Β
1865 1860 1920 1906 et
1948 1851 2201 1906 Ecclesia:
2227 1852 2486 1907 membris
2521 1850 2727 1916 aliena,
2756 1865 2876 1921 qua:
2919 1849 3144 1905 mollitie
3178 1848 3452 1902 disertitur

190 1951 426 2007 locutum
451 1956 552 2012 est,
575 1955 631 2002 et
659 1961 726 2002 ex
751 1959 847 2000 ore
872 1941 989 2012 ejus
1013 1940 1241 1998 scientia
1289 1939 1528 1993 nascitur
1553 1945 1607 1992 et
1632 1951 1763 2005 pru-

190 2042 388 2105 dentia,
415 2040 540 2110 quia
584 2037 690 2092 nisi
726 2036 840 2106 ipse
861 2050 925 2090 os
969 2034 1262 2088 humanum
1291 2029 1611 2094 sanetilicet,
1659 2027 1762 2081 nisi

188 2129 288 2186 hoc
315 2143 473 2182 suum
505 2127 620 2196 ipse
658 2124 941 2195 dignanter
964 2118 1178 2189 elliciat,
1202 2118 1497 2190 perlectam
1519 2115 1664 2185 loqui
1686 2129 1765 2169 sa-

187 2219 446 2290 pientiam
470 2216 776 2271 nullatenus
798 2212 959 2266 valet.

255 2308 528 2365 Custodiet
564 2315 822 2363 rectorum
853 2301 1074 2358 salutem
1121 2309 1171 2356 et
1199 2306 1427 2370 proteget
1475 2295 1765 2368 gradientes

191 2401 512 2472 simpliciter.
542 2380 796 2469 Cognata:
832 2394 932 2449 sibi
981 2400 1106 2448 sunt
1143 2392 1374 2446 virtutes
1409 2389 1675 2444 rectitudo
1714 2396 1769 2442 et

190 2492 528 2564 simplicitas,
558 2504 732 2558 neque
757 2487 825 2541 ab
849 2486 1078 2539 invicem
1104 2493 1308 2553 queunt
1335 2483 1598 2550 separari,
1628 2480 1770 2535 unde

192 2595 247 2642 et
269 2582 536 2654 sapientia
561 2594 719 2634 unam
741 2592 928 2633 earum
957 2576 1075 2630 sine
1111 2573 1278 2628 altera
1308 2589 1413 2627 non
1437 2571 1650 2641 qurerit,
1677 2571 1770 2626 sed

195 2677 246 2732 in
269 2676 681 2745 quibuscunque
705 2668 877 2722 amba:
927 2665 1272 2728 conveniunt,
1309 2665 1407 2718 bos
1435 2663 1670 2717 custodit
1717 2669 1773 2716 et

192 2763 445 2835 protegit.
475 2759 717 2828 Denique
747 2758 812 2812 de
839 2756 998 2810 beato
1020 2753 1119 2809 Job
1141 2753 1356 2818 dicitur,
1385 2753 1509 2822 quia
1539 2761 1648 2805 erat
1696 2751 1773 2806 vir

192 2853 278 2909 ille
306 2851 531 2922 simplex
566 2859 613 2904 et
642 2857 808 2902 rectus
834 2846 975 2916 (Job.
1018 2843 1082 2916 ι),
1114 2843 1341 2914 simplex
1379 2841 1630 2896 videlicet
1675 2854 1772 2910 per

195 2943 564 3000 innocentiam
625 2937 1092 2998 mansuetudinis,
1143 2943 1321 2990 rectus
1367 2949 1465 3002 per
1510 2930 1774 2987 cautelam

193 3033 560 3090 discretionis.
593 3029 830 3100 Simplex
861 3029 985 3098 quia
1016 3027 1219 3081 nullum
1257 3025 1473 3090 laedere,
1504 3025 1611 3080 imo
1639 3039 1773 3079 cun-

193 3125 296 3181 ctis
317 3122 581 3194 prodesse
609 3119 974 3175 desiderabat.
1025 3117 1228 3172 Rectus
1276 3115 1401 3185 quia
1445 3130 1502 3169 se
1542 3129 1573 3168 a
1629 3111 1777 3168 nullo

197 3215 473 3286 corrumpi
502 3211 868 3284 permittebat.

264 3307 496 3364 Servans
523 3306 732 3360 semitas
753 3303 972 3372 justitia:
1003 3310 1050 3355 et
1099 3301 1210 3355 vias
1251 3309 1553 3374 sanctorum
1599 3305 1778 3353 custo-

198 3400 366 3454 diem.
394 3399 526 3453 Vias
547 3406 854 3451 sanctorum
881 3392 1152 3462 generalia
1181 3391 1275 3445 Dei
1316 3391 1587 3455 mandata,
1619 3387 1783 3444 semi-

196 3495 279 3544 tas
297 3487 528 3557 iustitia:
552 3485 785 3540 arctiora
814 3484 936 3537 vitae
963 3481 1199 3536 ccelestis
1227 3480 1494 3544 instituta,
1523 3495 1641 3549 quae
1662 3494 1783 3549 per-

195 3575 352 3631 lectis
383 3574 563 3630 solum
593 3572 930 3628 accessibilia
961 3580 1104 3634 sunt,
1149 3571 1357 3624 dicunt.
1394 3568 1660 3637 Utrasque
1688 3583 1783 3621 au-

199 3670 306 3722 teln
363 3665 634 3736 sapientia
688 3671 889 3726 servat,
944 3671 1004 3716 ut
1053 3662 1107 3715 in
1151 3675 1473 3731 quocunque
1524 3662 1784 3715 virtutum

195 3758 367 3830 gradu
403 3756 751 3825 rectosjuvet
781 3769 844 3808 ac
865 3753 1156 3822 simplices.

269 3846 568 3903 Consilium
596 3845 848 3898 custodiet
880 3853 928 3897 te
974 3853 1021 3897 et
1050 3842 1332 3914 prudentia
1365 3840 1585 3896 servabit
1617 3850 1687 3906 te,
1732 3850 1787 3893 ut

197 3944 406 3999 maris
431 3941 497 3995 de
536 3941 621 3993 via
662 3937 803 3992 mala
831 3937 894 3991 ab
925 3937 1130 3991 homine
1159 3937 1249 4006 qui
1272 3951 1510 4005 perversa
1535 3933 1784 4002 loquitur.

198 4032 353 4089 Viam
401 4032 627 4096 malam,
663 4044 826 4101 Opera
853 4029 1058 4095 iniqua,
1095 4027 1366 4080 hominem
1414 4038 1668 4093 perversa
1711 4022 1788 4079 lo-

196 4130 485 4192 quentem,
531 4120 783 4174 doctores
822 4117 954 4172 dicit
998 4116 1193 4185 iniqua:
1238 4115 1586 4185 operationis.
1637 4112 1789 4167 Viam

201 4213 402 4270 malam
436 4211 680 4280 iniquam
730 4215 927 4263 vocant
964 4207 1055 4276 qui
1083 4206 1287 4270 dicunt,
1334 4205 1448 4258 veni
1502 4203 1788 4267 nobiscum,

196 4303 519 4356 insidientur
571 4299 837 4368 sanguini,
881 4313 1134 4366 perversa
1186 4295 1490 4364 loquentem
1533 4309 1652 4348 eum
1700 4292 1790 4361 qui

201 4388 364 4458 hujus
387 4397 586 4443 auctor
612 4395 695 4441 est
726 4386 1016 4440 suasionis.

271 4481 379 4548 Qui
407 4479 709 4549 relinquunt
735 4479 832 4530 iter
863 4487 1057 4530 rectum
1083 4485 1130 4529 et
1161 4474 1426 4529 ambulant
1455 4491 1546 4544 per
1575 4473 1682 4527 vias
1719 4480 1791 4524 te-

201 4570 478 4625 nebrosus.
514 4567 745 4622 Pulchre
780 4567 959 4620 itineri
1000 4575 1146 4618 recto
1192 4566 1306 4618 vias
1335 4565 1647 4617 tenebrosus
1695 4575 1789 4629 op-
1821 4537 1866 4595 ί)

196 4661 405 4732 posuit,
438 4659 570 4727 quia
606 4658 861 4710 nimirum
886 4657 988 4710 iter
1019 4664 1177 4708 rect-.e
1205 4655 1430 4708 actionis
1455 4654 1505 4706 in
1534 4653 1649 4706 luce
1670 4667 1792 4722 per-

199 4752 401 4821 agitur,
456 4757 624 4818 atque
671 4748 740 4800 ad
781 4746 918 4801 lucis
963 4761 1208 4815 superna:
1245 4745 1436 4815 gaudia
1488 4745 1652 4798 ducit.
1699 4743 1789 4807 At,

200 4840 342 4896 sicut
365 4840 448 4893 ait
477 4836 761 4900 Dominus,
789 4836 956 4890 omnis
975 4836 1062 4905 qui
1085 4835 1224 4888 mala
1252 4835 1376 4904 agit,
1401 4833 1508 4886 odit
1533 4831 1719 4896 lucem,
1744 4842 1791 4886 et

201 4945 306 4982 non
359 4929 501 4982 venit
546 4927 615 4980 ad
665 4926 868 4990 lucem,
914 4934 968 4978 ut
1011 4943 1113 4978 non
1149 4935 1437 4994 arguantur
1479 4926 1593 4995 ejus
1636 4941 1792 4993 opera

203 5018 388 5091 (Joan.
417 5017 529 5088 ut),
561 5025 617 5071 et
641 5015 764 5071 talis
788 5016 946 5070 linem
967 5016 1326 5070 exterioribus
1353 5015 1609 5070 sortietur
1632 5015 1686 5069 in
1715 5024 1792 5070 te-

203 5109 412 5166 uebris.

275 5199 382 5267 Qui
413 5199 673 5253 (celantur
704 5215 821 5251 cum
853 5198 989 5251 male
1019 5197 1262 5266 fecerint,
1297 5205 1343 5250 et
1373 5196 1608 5250 exultant
1636 5201 1689 5250 in
1717 5213 1796 5250 re-

206 5293 300 5348 bus
325 5290 597 5364 pessimis.
635 5289 760 5344 Ideo
788 5290 927 5343 mala
955 5290 1212 5345 facientes
1244 5289 1519 5354 exultant,
1551 5290 1675 5358 quia
1699 5306 1797 5360 per

206 5387 324 5443 vias
354 5385 682 5441 tenebrosas
710 5380 1017 5446 ambulant,
1053 5392 1108 5436 et
1145 5381 1390 5437 nesciunt
1419 5396 1526 5452 quo
1561 5391 1705 5436 eant.
1738 5381 1795 5436 Si

206 5480 376 5542 enim,
405 5479 540 5548 quia
573 5477 637 5530 ad
665 5490 878 5546 poenam
919 5474 1163 5540 tendunt,
1203 5477 1527 5544 aspicerent,
1556 5491 1795 5543 gressum

209 5571 395 5640 utique
431 5571 756 5626 cohiberent
789 5567 1111 5636 noxiamque
1150 5568 1388 5622 laetitiam
1431 5567 1630 5623 salubri
1671 5569 1798 5624 ﬂetu

211 5661 546 5730 castigarem
561 5697 576 5710 .

286 5749 350 5802 lit
395 5749 610 5804 cruoris
659 5766 689 5799 a
731 5747 944 5801 muliere
979 5763 1150 5800 auena
1193 5759 1237 5801 ct
1288 5749 1350 5802 ab
1391 5758 1634 5803 extranea
1683 5765 1796 5821 qua'

1866 1946 2007 2001 diuis
2036 1955 2090 2002 et
2115 1945 2307 2015 linguae
2327 1944 2705 1999 blandimentis
2730 1932 2893 1998 corda
2923 1941 3171 2011 decipere
3197 1941 3453 1994 innocen-

1868 2035 2000 2090 tium
2042 2035 2198 2090 solet.
2243 2033 2396 2089 Unde
2440 2033 2725 2089 Psalmista
2773 2051 2788 2087 :
2841 2031 3144 2087 Mollierunt
3189 2046 3452 2086 sermones

1867 2141 1990 2179 suos
2018 2141 2174 2194 super
2198 2124 2388 2188 oleum,
2413 2134 2459 2179 et
2490 2126 2587 2194 ipsi
2613 2133 2733 2178 sunt
2757 2123 2942 2193 jacula
2973 2121 3143 2194 (Psal.
3174 2120 3306 2192 uv).

1937 2215 2005 2268 Et
2038 2215 2240 2284 reliquit
2268 2214 2450 2267 ducem
2474 2213 2760 2283 pubertatis
2789 2229 2900 2267 sua:
2929 2223 2977 2266 et
3008 2214 3150 2282 pacti
3182 2214 3265 2267 sui
3292 2212 3455 2267 Oblita

1868 2313 1963 2358 est.
2005 2302 2160 2356 Patet
2191 2302 2256 2355 de
2292 2303 2564 2366 adultera,
2603 2303 2728 2372 quia
2769 2303 2942 2356 virum
2971 2303 3205 2372 primum
3239 2301 3460 2373 reliquit

1871 2405 1923 2448 et
1949 2395 2089 2464 pacti
2114 2394 2210 2448 Dei
2240 2393 2592 2459 obliviscitur,
2619 2394 2736 2464 ejus
2755 2395 3004 2448 nimirum
3026 2395 3169 2465 quod
3190 2411 3313 2450 cum
3337 2395 3456 2450 vim

1871 2501 1988 2550 suo,
2024 2485 2262 2560 Domino
2285 2493 2436 2559 teste,
2472 2494 2710 2554 tempore
2739 2487 3041 2556 nuptiarum
3078 2489 3297 2559 pepigit,
3326 2488 3453 2558 quia

1872 2575 2031 2630 ﬁdem
2057 2575 2158 2630 sibi
2181 2575 2443 2630 castitatis
2466 2574 2784 2630 alterutrum
2810 2586 3109 2632 servarent.
3136 2577 3293 2632 Patet
3311 2586 3367 2634 et
3389 2577 3458 2633 de

1873 2675 2052 2720 mente
2077 2667 2350 2730 licerelica,
2373 2666 2498 2734 quia
2529 2666 2747 2734 reliquit
2775 2667 3074 2732 doctorem,
3101 2683 3132 2722 a
3161 2683 3268 2738 quo
3298 2668 3458 2724 ﬁdem

1873 2755 2131 2811 Ecclesia:
2172 2756 2460 2822 didicerat,
2492 2763 2547 2810 et
2576 2756 2749 2832 oblita.
2774 2767 2858 2812 est
2887 2757 3029 2826 pacti
3073 2759 3166 2812 Dei
3204 2759 3321 2826 sui,
3357 2758 3460 2816 hoc

1874 2855 1976 2913 est,
2009 2846 2130 2902 lldei
2167 2847 2334 2916 ipsius
2360 2847 2672 2912 dominicae,
2703 2863 2822 2917 qua:
2848 2849 2902 2902 in
2936 2849 3189 2920 Symbolo
3217 2851 3462 2905 contine-

1877 2947 1983 3003 tur,
2022 2954 2182 3009 qnam
2221 2954 2280 2994 se
2319 2938 2405 2994 die
2441 2939 2782 3009 baptismatis
2821 2947 3158 2995 servaturum
3191 2955 3313 2997 esse
3337 2956 3463 3012 pro.

1878 3031 2118 3086 tniscrat.

1951 3121 2218 3176 Inclinato
2242 3130 2317 3175 est
2340 3121 2478 3175 enim
2504 3121 2574 3174 ad
2601 3131 2817 3176 mortem
2842 3121 3027 3178 domus
3050 3122 3164 3192 ejus
3193 3131 3242 3176 et
3269 3122 3339 3176 ad
3361 3123 3464 3179 im:

1806 3195 1851 3256 δ
1881 3213 1992 3282 pios
2025 3212 2220 3267 semita:
2256 3212 2436 3280 ipsius.
2479 3211 2665 3268 Omnis
2709 3212 3049 3268 conversatio
3088 3211 3348 3267 adultera:
3396 3213 3467 3268 ad

1884 3303 2161 3356 interitum
2191 3302 2367 3366 ducit,
2397 3312 2452 3358 et
2479 3302 2725 3372 quamvis
2758 3301 2950 3356 blanda
2981 3302 3192 3358 videtur
3216 3317 3282 3358 ac
3308 3317 3466 3359 mane

1883 3401 2055 3456 sueta,
2086 3408 2190 3446 non
2221 3393 2482 3446 minorem
2516 3392 2712 3447 sentiet
2738 3391 2792 3446 in
2821 3393 2925 3447 line
2952 3390 3274 3458 vindictam,
3305 3407 3466 3462 quam

1883 3481 1972 3550 qui
2003 3481 2375 3534 latrocinando
2399 3489 2597 3550 apertae
2619 3481 2879 3550 impietati
2910 3480 3256 3535 famulantur.
3282 3479 3469 3536 Potest

1885 3577 2075 3626 domus
2113 3571 2373 3626 adultera:
2432 3573 2546 3641 ipsa
2595 3571 2711 3642 ejus
2748 3570 2966 3627 caro'in
3003 3589 3108 3644 qua
3148 3574 3469 3644 turpitudini

1884 3675 1946 3712 ac
1972 3659 2197 3713 luxuriae
2228 3661 2593 3714 substernitur
2611 3700 2626 3725 ,
2655 3662 2859 3731 accipi,
2885 3677 3004 3731 qua:
3026 3662 3304 3718 novissimi
3333 3673 3470 3719 tent-

1885 3765 2015 3820 pore
2046 3751 2236 3822 judicii
2281 3768 2388 3806 non
2426 3755 2492 3808 ad
2528 3754 2692 3810 vitam
2713 3795 2727 3820 ,
2760 3755 2853 3809 sed
2880 3765 3194 3826 perpetuam
3224 3769 3473 3830 resurget

1888 3843 1954 3897 ad
1986 3851 2236 3896 mortem.
2279 3841 2387 3897 Sed
2421 3852 2476 3898 et
2512 3845 2888 3901 luercticorum
2916 3845 3109 3901 domus
3145 3847 3271 3917 quia
3308 3863 3472 3919 super

1889 3951 2106 3990 arenam
2137 3939 2490 4003 construitur,
2519 3940 2682 3994 etiam
2711 3955 2833 3995 cum
2861 3948 3006 3996 stare
3029 3941 3278 4006 videtur;
3299 3943 3475 4013 vergit

1891 4025 1942 4077 in
1974 4041 2182 4090 casum,
2217 4027 2435 4098 suisque
2456 4029 2750 4083 crementis
2775 4029 2930 4098 quasi
2959 4030 3283 4099 quibusdam
3311 4031 3473 4089 semis

1894 4117 1960 4170 tis
1986 4118 2052 4170 ad
2082 4116 2370 4186 impiorum
2402 4119 2696 4184 consortia,
2728 4119 2781 4175 id
2809 4129 2912 4187 est,
2946 4120 3014 4176 ad
3042 4120 3328 4190 spirituum
3357 4131 3476 4176 ten-

1893 4206 1969 4260 dit
1998 4215 2265 4260 tormenta
2297 4207 2675 4279 malignorum.

1963 4298 2154 4354 Omnes
2191 4301 2279 4369 qui
2314 4301 2677 4370 ingrediuntur
2702 4301 2771 4355 ad
2807 4318 2952 4367 eam,
2991 4318 3094 4356 non
3133 4311 3473 4368 revertentur,

1894 4406 1983 4442 nec
2019 4391 2402 4460 apprehenderat
2441 4392 2649 4447 semitas
2688 4393 2824 4446 uiue.
2863 4393 2945 4465 Διὶ
2987 4406 3106 4447 eam
3139 4393 3206 4448 ad
3244 4401 3474 4448 mortem

1894 4479 2052 4543 dicit,
2095 4495 2200 4534 non
2239 4480 2306 4534 ad
2347 4481 2660 4546 mulierem,
2701 4489 2878 4551 potest
2916 4482 3059 4537 enim
3094 4483 3184 4552 qui
3221 4481 3478 4538 adultera

1896 4567 2097 4623 mixtus
2126 4577 2230 4634 est,
2264 4569 2491 4631 Domino
2512 4571 2757 4641 juvante,
2791 4572 2984 4627 reverti
3017 4587 3082 4626 ac
3108 4573 3274 4626 vitam
3303 4574 3478 4643 poeni—

1896 4657 2058 4712 tendo
2086 4658 2280 4711 mereri
2312 4675 2323 4710 :
2355 4667 2531 4727 potest
2554 4659 2646 4728 qui
2677 4659 2866 4713 hieresi
2895 4659 3126 4730 pollutus
3149 4670 3232 4715 est
3258 4662 3480 4730 resipis-

1896 4748 2067 4802 cendo
2101 4747 2276 4802 redire
2303 4749 2371 4803 ad
2400 4749 2647 4804 salutem.
2675 4749 2742 4804 At
2768 4749 2860 4820 qui
2889 4751 3055 4806 semel
3073 4759 3275 4806 aeterna
3302 4761 3479 4808 morte

1897 4848 2084 4908 raptus
2117 4847 2236 4904 est,
2267 4857 2543 4910 nunquam
2573 4842 2745 4897 rediet
2783 4843 2850 4896 ad
2878 4843 3017 4898 viam
3046 4858 3166 4911 quae
3189 4842 3356 4897 vitam
3384 4860 3479 4915 pe-

1899 4937 1977 4982 tat
2008 4929 2308 4985 beatorum.
2348 4929 2502 4997 Quod
2543 4939 2733 4986 contra
2762 4931 3115 5004 Origenianos
3149 4933 3366 5004 proprie
3390 4935 3474 4988 di-

1901 5033 2046 5076 ctum
2074 5031 2185 5087 est,
2211 5023 2301 5091 qni
2338 5023 2606 5078 hzereticis
2630 5025 3005 5080 meretricibus
3039 5023 3352 5095 cunctisque
3377 5024 3474 5080 lla-

1901 5115 2152 5186 gitiorum
2183 5114 2374 5179 turbis,
2403 5123 2456 5169 et
2479 5116 2697 5184 insuper
2725 5116 2824 5185 ipsi
2855 5115 3067 5171 diabolo
3090 5125 3253 5186 atque
3273 5117 3479 5187 angelis

1900 5202 2017 5273 ejus
2055 5213 2176 5274 post
2230 5205 2514 5260 innumera
2555 5206 2680 5260 licet
2716 5205 2913 5275 expleti
2945 5205 3267 5262 universalis
3287 5204 3478 5275 judicii

1902 5303 2174 5363 tempora,
2222 5296 2591 5350 remissionem
2628 5295 2892 5351 scelerum
2921 5337 2936 5361 ,
2975 5297 3248 5364 vitamque
3290 5311 3355 5350 ac
3393 5311 3479 5350 re-

1902 5402 2064 5455 gnum
2109 5386 2429 5454 promittunt
2465 5387 2519 5440 in
2563 5382 2732 5441 caelis.
2780 5385 2913 5440 Male
2955 5385 3308 5455 intellig-entes
3345 5385 3480 5441 illud

1900 5475 2050 5530 Isaias
2089 5493 2100 5528 :
2149 5475 2216 5528 Et
2257 5461 2568 5528 claudentur
2610 5475 2754 5543 impii
2793 5476 2847 5528 in
2889 5491 3126 5538 carcere,
3153 5482 3197 5527 et
3230 5483 3342 5546 post
3367 5475 3478 5528 dics

1901 5567 2091 5621 multos
2114 5565 2457 5620 visitabuutur
2481 5565 2612 5636 (lsa.
2641 5566 2814 5636 xxw),
2836 5565 2988 5634 quasi
3014 5574 3145 5633 post.
3157 5565 3326 5619 multa
3350 5573 3482 5619 tem-

1905 5672 2031 5727 pora
2058 5656 2328 5710 terminati
2350 5655 2535 5724 judicii
2567 5655 2852 5710 salvandos
2877 5655 3072 5709 dixerit
3098 5654 3290 5724 impios
3309 5693 3324 5720 ,
3352 5668 3477 5708 cum

1920 5748 1988 5804 lle
2018 5763 2046 5803 e
2071 5756 2254 5803 contra
2284 5746 2481 5800 nullam
2509 5746 2588 5802 eis
2625 5746 2848 5801 salutem
2881 5747 3107 5811 tribuat,
3144 5743 3238 5799 scd
3263 5755 3356 5798 COS
3383 5745 3473 5814 qui
