3918 6342
457 316 559 376 691
1094 314 1158 372 Β.
1195 315 1449 372 RABANI
1484 316 1703 374 MAURl
1738 316 2055 372 ARClllEP.
2098 316 2407 377 MOGUNT.
2448 317 2731 376 OPERUM
2766 318 2943 377 PARS
2978 318 3065 376 ill.
3602 319 3707 379 69!

456 431 563 495 hoc
587 437 829 500 tempore
872 426 1064 484 mortis
1104 442 1205 497 per
1241 429 1620 484 enormitatem
1666 428 1990 501 tlagitiorum
2015 470 2031 494 ,
2062 432 2112 492 Α
2136 431 2225 503 qui
2243 440 2415 487 autem
2436 448 2519 487 me
2536 434 2765 489 audierit
2785 435 2976 504 absque
2993 444 3190 491 terrore
3208 438 3454 507 quiescet.
3480 434 3711 491 Possunt

456 519 636 575 claudi
672 516 950 574 merentur
990 518 1043 572 in
1079 531 1298 573 carcere
1326 532 1644 587 poenarum,
1671 526 1914 587 tempore
1949 533 2037 573 re-

456 608 816 665 surrectionis
851 607 921 662 ad
956 605 1225 662 modicum
1241 607 1556 662 ‘visitandos
1592 606 1885 679 signiticet,
1914 615 2035 662 tan-

454 707 571 754 tum
608 706 671 755 ut
702 698 935 769 receptis
967 697 1283 769 corporibus
1320 698 1372 752 ³η
1400 698 1608 769 judicio
1642 699 1859 770 gravius
1883 699 2034 754 dam-

453 797 672 854 nentur,
694 795 753 844 et
771 787 1031 844 continuo
1056 795 1176 858 post
1190 784 1302 855 judi
1364 802 1451 841 um
1475 788 1831 844 atrocioribus
1851 803 2036 860 perpe-

451 885 547 930 tuo
588 875 936 932 recludantur
966 875 1020 929 in
1058 876 1252 945 pomis.
1290 879 1311 940 ί
1360 876 1550 932 iamvis
1594 877 1745 931 etiam
1788 878 1861 932 ita
1888 885 2035 934 recte

447 976 628 1036 potest
668 967 870 1037 accipi,
905 982 1097 1021 omnes
1133 968 1224 1036 qui
1263 968 1317 1022 in
1372 968 1565 1023 'ediunl
1598 984 1638 1023 .r
1673 969 1743 1024 ad
1783 986 1939 1038 eam,
1974 969 2033 1026 id

448 1068 552 1125 est,
581 1058 651 1114 ad
685 1058 1048 1125 meretricem,
1076 1059 1190 1114 sive
1215 1058 1284 1113 ad
1310 1077 1331 1114 ι
1363 1074 1527 1114 imum
1583 1062 1688 1129 jus,
1717 1075 1822 1114 non
1852 1075 2033 1115 rever-

447 1158 655 1216 tentur,
682 1149 809 1220 quia
831 1158 1093 1220 quantum
1120 1148 1314 1213 attinet
1362 1150 1409 1205 vd
1429 1159 1543 1204 nati
1566 1164 1700 1214 ram,
1727 1149 1906 1229 iniqua
1933 1164 2029 1205 sna

446 1240 726 1295 voluntate
755 1239 1104 1307 depravatam
1134 1255 1332 1295 recurs.
1367 1256 1412 1294 .n
1433 1255 1532 1311 per
1551 1241 1893 1309 semetipsum
1923 1255 2029 1295 non

447 1331 635 1396 habet,
662 1329 756 1385 sed
791 1344 890 1401 per
920 1330 1015 1385 Dei
1043 1331 1269 1400 gratiam
1299 1345 1406 1400 qua
1432 1329 1718 1399 adjuvatur
1745 1338 1802 1384 et
1828 1329 2032 1383 instau-

444 1428 600 1476 ratur
625 1426 685 1474 ut
722 1418 943 1474 semitas
982 1419 1107 1474 vita:
1140 1418 1528 1490 apprehendat.
1571 1416 1920 1488 Designatum
1946 1424 2031 1471 est

443 1504 589 1568 enim
615 1511 720 1567 hoc
744 1510 890 1566 dicto
916 1510 1128 1580 pondus
1154 1509 1472 1579 iniquitatis,
1501 1517 1563 1563 ut
1588 1524 1710 1563 cum
1743 1507 2030 1563 revertitur

447 1602 571 1671 quis
598 1617 702 1655 non
740 1601 842 1656 sibi
874 1602 1094 1666 tribuat,
1124 1601 1215 1656 sed
1243 1600 1433 1671 gratia:
1460 1599 1582 1662 Dei,
1617 1614 1721 1653 non
1753 1614 1819 1653 ex
1847 1598 2027 1668 operi-

445 1691 572 1756 bus,
599 1707 667 1746 ne
693 1690 833 1747 forte
854 1690 1133 1759 glorietur.

2135 537 2323 579 versus
2345 523 2410 578 de
2436 524 2631 593 quibus
2654 525 2944 582 novissime
2963 525 3373 595 disputavimus,
3400 525 3469 580 de
3490 525 3709 595 antiquo

2135 612 2229 667 Dei
2264 611 2458 682 populo
2493 611 2570 666 ita
2607 612 2863 683 intelligi,
2894 613 3020 684 quia
3046 628 3170 668 cum
3208 621 3354 668 recte
3384 614 3623 678 viveret,
3652 612 3707 668 in

2133 710 2278 757 terra
2310 717 2413 757 sua
2442 700 2673 758 feliciter
2696 711 2973 772 maneret,
3006 713 3064 760 at
3087 719 3210 761 cum
3244 713 3494 775 peccaret
3528 710 3706 760 exter-

2132 792 2431 848 minaretur
2454 794 2522 849 ab
2547 794 2813 851 hostibus.

2748 924 2976 984 CAPUT
3008 925 3095 982 lll.

2198 1050 2310 1107 Fili
2340 1055 2431 1120 mi,
2463 1070 2527 1110 ne
2554 1053 2872 1111 obliviscaris
2906 1054 3029 1127 legis
3070 1072 3199 1111 mea:
3234 1065 3282 1111 et
3308 1067 3566 1128 pra'cepta
3592 1073 3708 1113 mea

2128 1143 2387 1198 custodiat
2422 1160 2513 1198 cor
2539 1154 2706 1199 tuum.
2740 1143 2878 1200 Hinc
2913 1146 3070 1201 docet
3111 1146 3496 1204 misericordia:
3531 1148 3711 1219 operi-

2126 1233 2229 1288 bus
2254 1233 2632 1301 insistendum,
2656 1249 2829 1305 neque
2851 1236 3050 1291 nostris
3074 1235 3343 1292 ﬁdendum
3364 1238 3589 1303 viribus,
3613 1238 3707 1293 sed

2128 1336 2159 1376 a
2190 1322 2300 1378 Deo
2331 1324 2590 1379 auxilium
2625 1340 2749 1381 esse
2785 1322 3165 1396 ﬂagitandum,
3210 1335 3264 1382 et
3299 1343 3540 1399 congruo
3574 1328 3705 1383 satis

2127 1410 2317 1466 ordine
2344 1419 2626 1482 postquam
2654 1413 2895 1469 coercuit
2919 1428 2951 1468 a
2986 1414 3332 1477 crudelitate,
3358 1425 3644 1487 postquam
3672 1431 3705 1471 a

2128 1501 2340 1557 luxuria
2384 1503 2710 1573 castigavit,
2761 1512 2920 1560 ornat
2961 1504 3171 1562 actibus
3213 1507 3369 1563 bonis
3414 1523 3576 1576 quem
3628 1508 3708 1565 iu-

2127 1596 2303 1651 struit.

2195 1684 2593 1758 Lougitudinem
2617 1707 2755 1746 enim
2780 1693 3006 1761 dierum,
3029 1703 3079 1748 et
3103 1711 3269 1748 annos
3296 1697 3433 1759 vitta,
3454 1704 3503 1749 et
3526 1712 3705 1766 pacem

517 1781 584 1835 Ut
613 1780 846 1835 ambules
868 1781 924 1835 in
947 1781 1029 1835 uia
1058 1780 1192 1835 bona
1210 1788 1256 1834 et
1281 1779 1440 1833 calles
1458 1779 1717 1848 iustorum
1737 1778 2020 1834 custodias.
2054 1769 2101 1829 B
2128 1788 2383 1846 opponent
2404 1780 2515 1834 tibi.
2544 1780 2623 1837 Ne
2643 1781 2892 1852 imposita
2915 1793 3302 1854 praeceptorum
3330 1786 3574 1840 custodia
3601 1794 3707 1840 tur-

441 1870 601 1927 Viam
625 1872 823 1927 bonam
850 1870 1111 1927 unitatem
1138 1870 1269 1925 dicit
1297 1877 1458 1925 rectae
1499 1869 1622 1924 frdei
1646 1908 1661 1935 ,
1694 1869 1761 1923 de
1789 1884 1891 1938 qua
1923 1868 2026 1923 Do-

441 1964 623 2020 minus
653 1963 730 2019 ait
760 1980 773 2017 :
816 1950 927 2033 Ego
959 1979 1075 2017 sum
1108 1964 1190 2017 via
1220 1961 1403 2035 (Joan.
1436 1961 1537 2030 Vl),
1574 1970 1629 2016 et
1654 1961 1779 2015 alibi
1810 1978 1824 2014 :
1857 1959 2025 2013 Nemo

442 2063 611 2123 potest
649 2054 823 2108 uenire
859 2053 928 2106 ad
965 2052 1176 2106 Patrem
1215 2052 1315 2106 nisi
1352 2067 1445 2120 per
1477 2067 1558 2105 me
1598 2049 1808 2122 (Ibid.).
1851 2048 2027 2105 Calles

443 2150 622 2197 autem
638 2140 910 2211 iustorum
934 2139 1224 2196 multifaria
1251 2149 1561 2197 sanctorum
1586 2139 1829 2211 exempla
1853 2141 2027 2195 nomi-

443 2240 560 2285 nat.
590 2231 794 2287 Pendet
820 2230 911 2286 hic
931 2245 1118 2287 versus
1144 2245 1210 2287 ex
1234 2245 1299 2287 eo
1326 2231 1471 2301 quod
1495 2246 1658 2302 supra
1685 2231 1889 2286 dictum
1918 2240 2023 2298 est,

443 2326 725 2396 prudentia
755 2326 975 2381 servabit
1007 2334 1077 2394 te,
1104 2325 1246 2383 sicut
1273 2334 1331 2381 et.
1355 2324 1507 2384 illud.
1537 2336 1591 2380 ut
1620 2325 1825 2380 eruaris
1853 2342 1884 2379 η
1904 2341 2022 2379 mu-

441 2416 569 2472 liere
593 2416 786 2472 aliena.

516 2506 621 2573 Qui
651 2508 785 2561 enim
808 2506 934 2562 recti
954 2515 1073 2561 sunt
1098 2506 1404 2561 habitabant
1428 2507 1483 2560 in
1505 2515 1664 2572 terra,
1692 2514 1740 2559 et
1765 2503 2023 2574 simplices

438 2599 814 2671 permanebunt
843 2599 898 2651 in
926 2592 1007 2652 ea.
1034 2597 1101 2652 Et
1127 2597 1216 2653 hic
1240 2597 1402 2653 rectis
1425 2596 1724 2668 junguntur
1752 2594 2022 2664 simplices

442 2687 584 2743 sicut
609 2694 663 2742 et
689 2702 877 2757 supra,
894 2702 1018 2741 cum
1039 2687 1277 2742 diceret:
1306 2683 1575 2740 Custodiet
1599 2694 1853 2739 rectorum
1879 2683 2023 2738 salu-

440 2787 565 2845 tem,
594 2787 640 2832 et
667 2786 895 2848 proteget
924 2776 1217 2847 gradientes
1246 2776 1583 2847 simpliciter;
1613 2775 1737 2845 quia
1766 2774 2023 2829 nimirum

440 2867 759 2936 simplicitas
795 2866 915 2923 sine
954 2866 1276 2922 rectitudine
1314 2866 1576 2921 dissoluta
1617 2874 1703 2921 est
1744 2872 1799 2920 et
1837 2864 2018 2919 stulta.

439 2955 730 3011 Rectitudo
766 2962 948 3027 autem
987 2956 1104 3011 sine
1143 2954 1485 3025 simplicitate
1528 2962 1745 3010 austera
1796 2953 2020 3008 nimium

439 3047 627 3103 existit
667 3054 723 3102 et
775 3047 929 3102 dura.
980 3046 1179 3103 Verum
1230 3055 1459 3116 utraque
1508 3046 1679 3100 virtus
1733 3046 2017 3116 conjuncta

437 3137 737 3209 perfectum
763 3137 938 3193 reddit
966 3138 1270 3214 hominem,
1305 3138 1401 3193 sed
1438 3138 1539 3195 hoc
1564 3138 1704 3192 inter
1733 3148 2020 3207 utrumque

437 3244 655 3285 versum
686 3229 881 3294 distat,
916 3229 1059 3299 quod
1101 3230 1154 3284 in
1184 3228 1275 3285 illo
1317 3228 1576 3283 Dominus
1605 3228 1728 3298 quia
1758 3226 1935 3297 justos
1963 3229 2015 3285 in

438 3321 696 3393 praesenti
729 3328 1003 3377 certantes
1041 3319 1291 3390 adjuvet,
1328 3322 1384 3375 in
1421 3321 1526 3376 isto
1554 3324 1678 3391 quia
1704 3323 1937 3378 victores
1954 3322 2018 3377 in

440 3411 625 3467 futuro
650 3419 890 3476 coronet,
913 3418 972 3464 ut
1001 3409 1231 3466 dicatur.
1263 3412 1443 3466 Terra:
1461 3412 1656 3482 quippe
1684 3414 1900 3468 nomine
1926 3413 2021 3469 Ec-

439 3501 601 3558 clesia
626 3500 966 3572 designatur,
1002 3515 1122 3571 quas
1159 3499 1455 3571 spiritalem
1493 3502 1604 3555 Deo
1643 3500 1873 3557 fructum
1900 3519 2021 3574 ger-

438 3592 649 3646 minare
689 3590 1008 3658 consuevit,
1057 3591 1111 3646 in
1148 3606 1254 3662 qua
1285 3591 1416 3662 justi
1449 3591 1693 3646 habitant
1722 3602 1775 3647 et
1807 3608 2021 3664 perma-

443 3691 606 3747 nent,
638 3682 764 3752 quia
800 3698 832 3737 a
869 3682 1141 3737 consortio
1171 3680 1287 3751 ejus
1328 3696 1430 3737 nec
1469 3690 1644 3738 morte
1676 3692 2017 3753 separantur.

442 3774 549 3831 Sed
586 3774 876 3830 terminata
920 3773 1025 3829 hac
1061 3774 1206 3839 vita,
1245 3774 1313 3828 ad
1356 3773 1500 3827 illam
1525 3772 1642 3841 ejus
1667 3785 1873 3844 partem
1901 3791 2020 3846 quae

442 3879 565 3919 cum
591 3862 805 3918 Christo
834 3861 887 3917 in
916 3862 1068 3918 cretis
1094 3871 1283 3934 regnat
1306 3863 1646 3932 perveniunt.

513 3953 673 4023 Impii
710 3968 825 4008 vero
855 3952 919 4009 de
948 3962 1086 4008 terra
1118 3953 1418 4025 perdentur,
1463 3964 1517 4008 at
1542 3955 1631 4025 qui
1656 3955 1831 4025 inique
1857 3965 2018 4027 agunt

439 4046 746 4116 auferentur
774 4060 840 4099 ea:
865 4061 947 4099 ea.
985 4043 1219 4101 Possunt
1244 4044 1358 4099 haec
1389 4060 1495 4099 non
1532 4044 1598 4099 de
1624 4047 1835 4101 cunctis
1858 4062 2019 4118 gene-

442 4137 628 4193 raliter
651 4135 895 4207 reprohis
924 4135 1068 4189 dicta
1104 4134 1306 4205 accipi,
1338 4134 1435 4189 sed
1478 4134 1543 4189 de
1582 4135 1688 4189 illis
1716 4136 2021 4205 specialiter

440 4228 535 4301 gui
577 4227 645 4283 ad
688 4235 889 4281 terram
926 4224 1175 4291 Domini,
1200 4224 1253 4280 id
1281 4232 1393 4287 est,
1425 4222 1722 4280 Ecclesiam
1746 4227 2021 4295 pertinere

440 4319 794 4382 videbantur,
840 4324 896 4371 et
928 4325 1104 4371 tamen
1147 4313 1485 4386 exigentibus
1522 4315 1731 4369 meritis
1766 4314 2021 4371 auferun-

439 4422 530 4468 tur
554 4412 623 4468 ab
649 4425 733 4475 ea,
765 4407 984 4480 quidam
1013 4407 1226 4477 quidem
1257 4414 1446 4477 aperto
1468 4406 1637 4476 ipsius
1665 4405 2019 4475 Ecclesiaeju-

441 4503 613 4569 dicio,
634 4509 696 4556 ut
721 4498 907 4555 Simon
933 4538 948 4563 ,
976 4496 1141 4552 Arius
1162 4504 1217 4552 et
1242 4496 1568 4568 Porphyrius
1598 4515 1610 4549 :
1643 4498 1861 4567 quidam
1887 4513 2014 4554 vero

440 4594 496 4649 in
534 4586 744 4649 secrcto
782 4587 1066 4645 invisibilis
1088 4586 1319 4657 judicis,
1347 4594 1406 4641 ut
1430 4586 1695 4641 innumeri
1731 4588 1892 4642 etiam
1919 4602 2013 4644 eo-

438 4698 599 4748 rum,
646 4680 741 4751 qui
785 4678 1093 4735 hominibus
1137 4676 1263 4731 boni
1305 4676 1588 4741 videntur,
1633 4676 1827 4746 impios
1870 4678 2016 4734 enim

440 4782 656 4844 apertos
679 4776 957 4842 apostatas
987 4768 1138 4833 dicit,
1163 4776 1220 4822 at
1241 4766 1425 4835 inique
1454 4776 1672 4836 agentes
1692 4782 1880 4822 omnes
1901 4768 2013 4839 qui,

438 4866 711 4939 perceptis
743 4863 865 4920 tldei
902 4862 1277 4926 sacramentis,
1320 4861 1389 4916 ab
1411 4860 1528 4932 ejus
1553 4860 1803 4916 castitate
1839 4861 2016 4930 aliquo

439 4956 601 5011 modo
628 4955 976 5026 degenerant.
1014 4950 1242 5022 Utrique
1277 4960 1458 5005 autem
1488 4949 1542 5004 in
1572 4948 1748 5003 t'utura
1785 4950 2016 5004 retribu-

442 5045 589 5101 tione
614 5043 679 5099 de
706 5041 999 5097 viventium
1022 5049 1165 5096 terra
1192 5040 1503 5111 perdentur,
1526 5038 1650 5110 quia
1679 5055 1782 5092 non
1805 5039 2015 5094 habita-

441 5135 513 5190 bit
534 5134 697 5205 juxta
716 5130 1000 5186 Dominum
1027 5130 1309 5199 malignus,
1341 5145 1503 5200 neque
1530 5129 1901 5199 permanebunt
1929 5130 2015 5184 in-

430 5224 570 5296 iusti
592 5232 713 5279 ante
739 5221 918 5277 oculos
943 5220 1058 5290 ejus
1082 5216 1254 5290 (Pgal.
1280 5222 1356 5289 v).
1379 5218 1446 5273 Et
1462 5226 1630 5283 recte,
1657 5219 1783 5289 quia
1811 5220 1877 5275 de
1906 5235 2017 5275 ma-

442 5317 617 5372 lorum
644 5314 1015 5383 bonorumque
1039 5311 1143 5366 viis
1164 5309 1328 5364 multa
1354 5309 1625 5379 praedixit,
1648 5309 1715 5363 de
1737 5310 2018 5380 utriusque

443 5405 553 5461 ﬁne
596 5405 893 5460 lnclusione
932 5401 1164 5475 [Forte,
1206 5402 1259 5456 in
1304 5399 1680 5473 conclusione]
1719 5401 2014 5472 subjunxit,

444 5495 712 5566 quomodo
741 5503 796 5549 et
829 5495 883 5549 in
912 5494 1245 5563 praecedente
1277 5492 1532 5563 parabola
1551 5532 1565 5558 ,
1598 5508 1717 5561 quze
1746 5493 2016 5549 latronum

445 5587 715 5642 consortia
736 5587 974 5652 vetabat,
1000 5585 1204 5642 fecerat
1230 5586 1414 5641 dicens
1434 5587 1501 5643 de
1528 5586 1634 5642 ﬁne
1660 5587 1946 5653 malorum,
1968 5595 2016 5641 et

444 5674 759 5735 prosperitas
778 5678 1055 5733 stultorum
1070 5678 1252 5749 perdet
1274 5677 1412 5744 illos,
1432 5678 1617 5736 dicens
1638 5680 1703 5735 de
1726 5680 2008 5746 bonorum,

2129 1866 2285 1922 haret
2312 1868 2614 1925 audientem
2642 1874 2898 1943 prmmisit
2924 1874 3144 1944 praemia
3170 1882 3337 1939 certa,
3361 1884 3425 1943 get
3454 1876 3534 1931 sic
3568 1890 3702 1931 enu-

2129 1955 2356 2009 meravit
2395 1969 2684 2030 praecepta,
2710 1951 3040 2033 longitudine
3082 1964 3225 2018 enim
3274 1964 3482 2020 dierum
3533 1964 3705 2021 lucem

2129 2046 2542 2115 sempiternam,
2583 2052 2740 2106 annis
2784 2053 2904 2108 vita:
2950 2063 3319 2110 transcensum
3360 2056 3705 2112 mortalitatis

2129 2135 2311 2205 hujus,
2336 2146 2625 2209 augmento
2650 2142 2800 2211 pacis
2826 2143 3000 2213 ipsum
3028 2150 3200 2199 nacta:
3225 2144 3575 2199 beatitudinis
3598 2154 3704 2201 sta-

2128 2233 2239 2279 tum
2269 2225 2530 2307 designat.
2563 2228 2637 2283 De
2660 2245 2764 2300 qua
2797 2232 2928 2286 dicit
2949 2231 3115 2287 Isaias
3146 2250 3159 2287 :
3192 2232 3560 2304 Hultiplicavit
3591 2237 3701 2305 ejus

2126 2315 2431 2387 imperium,
2471 2329 2519 2374 et
2561 2322 2706 2389 pacis
2752 2338 2853 2377 non
2894 2325 2990 2378 erit
3028 2324 3150 2393 ﬁnis
3189 2325 3334 2396 (ἴσα.
3360 2328 3483 2398 lx);
3522 2328 3613 2382 sed
3650 2337 3699 2383 et

2124 2407 2295 2476 priori
2332 2407 2428 2464 Dei
2465 2412 2662 2481 populo
2690 2414 2854 2468 etiam
2890 2415 2944 2469 in
2980 2418 3232 2486 prtesenti
3272 2418 3456 2474 datum
3492 2429 3607 2485 est,
3646 2430 3699 2475 ut

2126 2514 2248 2555 cum
2268 2500 2370 2571 legi
2393 2502 2487 2556 Dei
2525 2502 2791 2572 obediret,
2835 2506 2995 2579 longo
3021 2515 3263 2580 tempore
3283 2510 3338 2565 in
3358 2511 3508 2580 pacis
3526 2512 3703 2581 quiete

2132 2601 2348 2644 VIVCI‘CL

2196 2679 2560 2738 Misericordia
2599 2693 2647 2739 et
2675 2687 2861 2741 veritas
2891 2703 2996 2742 non
3027 2697 3075 2743 te
3108 2689 3370 2744 deserant.
3401 2689 3538 2745 Nam
3576 2692 3701 2761 quia

2124 2768 2193 2824 ab
2232 2783 2327 2824 ore
2358 2778 2445 2827 tuo
2467 2768 2678 2829 ‘veritas
2705 2783 2788 2829 est
2831 2776 3057 2831 dicenda
3080 2817 3095 2842 ,
3126 2792 3233 2833 non
3276 2778 3397 2834 ideo
3445 2780 3511 2834 ab
3539 2793 3700 2851 opere

2126 2860 2495 2917 misericordia
2524 2879 2643 2934 qua:
2680 2867 2926 2935 proximo
2964 2868 3038 2923 sit
3070 2868 3424 2939 impendenda
3464 2872 3696 2938 recedat,

2124 2953 2205 3009 sic
2231 2954 2374 3010 enim
2399 2955 2478 3019 lit,
2509 2966 2566 3010 ut
2593 2965 2649 3012 et
2677 2966 2727 3012 te
2756 2958 2851 3014 Dei
2882 2976 3093 3031 semper
3118 2962 3488 3018 misericordia
3513 2978 3698 3033 prose-

2126 3054 2322 3115 quatur
2354 3056 2410 3102 et
2440 3048 2673 3115 veritas,
2712 3050 3082 3106 misericordia
3111 3053 3358 3107 videlicet
3382 3070 3501 3123 qua:
3527 3054 3699 3111 deleat

2046 3110 2093 3173 Ο
2123 3146 2343 3208 peccata
2366 3148 2476 3204 tua,
2498 3141 2699 3196 veritas
2721 3157 2850 3198 vero
2869 3159 2989 3213 qua:
3009 3144 3274 3215 compleat
3293 3148 3557 3215 promissa
3581 3164 3695 3203 sua.

2193 3228 2477 3284 Circumda
2503 3246 2591 3285 eas
2613 3235 2815 3302 gutturi
2837 3244 2949 3300 tuo,
2971 3244 3019 3289 et
3041 3236 3272 3291 describe
3294 3238 3348 3290 in
3373 3239 3567 3293 tabulis
3586 3256 3700 3293 cor-

2120 3320 2202 3375 dis
2232 3322 2329 3375 tui.
2366 3322 2421 3376 In
2459 3331 2675 3393 gutture
2714 3339 2974 3394 organum
3002 3328 3185 3391 vocis,
3221 3328 3274 3381 in
3304 3329 3499 3383 tabulis
3526 3329 3701 3386 cordis

2118 3412 2454 3468 latitudinem
2483 3413 2721 3469 insinuat
2744 3416 3106 3486 cogitationis.
3131 3416 3222 3473 Sic
3245 3433 3375 3488 ergo
3404 3419 3573 3472 virtus
3597 3418 3696 3473 mi-

2121 3505 2426 3559 sericordiae
2450 3513 2506 3560 et
2531 3500 2775 3561 veritatis
2805 3506 2972 3561 radici
3000 3506 3162 3562 inlixa
3188 3510 3384 3563 mentis
3408 3517 3617 3578 promat
3642 3519 3697 3564 et

2117 3610 2251 3651 voce
2294 3595 2594 3666 loquentis,
2629 3606 2688 3651 ut
2715 3606 2771 3651 et
2800 3598 2854 3653 in
2880 3599 3092 3661 occulto
3128 3600 3331 3668 pectori
3357 3614 3553 3653 arcana
3583 3599 3696 3668 pla-

2119 3696 2277 3742 ceant
2316 3688 2657 3753 intentionis,
2702 3698 2757 3743 et
2798 3690 3072 3760 proximos
3104 3690 3294 3759 juvent
3334 3690 3510 3746 cilicia
3554 3693 3697 3747 locu-

2120 3778 2301 3832 tionis.
2324 3777 2467 3832 Bene
2491 3785 2671 3834 autem
2694 3779 2921 3834 virtutes
2946 3780 3272 3835 circumdari
3293 3780 3451 3835 docet
3476 3780 3693 3849 gutturi,

2120 3882 2241 3926 eum
2267 3882 2366 3921 vox
2407 3866 2676 3940 loquentis
2713 3869 2891 3937 potius
2931 3869 3078 3924 intus
3116 3870 3168 3924 in
3208 3878 3423 3941 gutture
3465 3870 3582 3925 ﬂeri
3612 3885 3698 3926 so-

2118 3956 2248 4020 lent,
2274 3956 2398 4026 quia
2424 3956 2672 4011 videlicet
2694 3956 3090 4026 prmtlicationis
3112 3972 3215 4011 vox
3238 3959 3305 4012 de
3327 3958 3558 4013 internis
3580 3972 3699 4027 pro-

2117 4053 2320 4110 manat,
2344 4046 2436 4102 sed
2460 4054 2612 4100 extra
2643 4046 2963 4101 circumdat.
2993 4046 3129 4101 Nam
3160 4062 3268 4117 quo
3293 4048 3430 4103 alios
3462 4048 3532 4102 ad
3562 4049 3698 4103 bene

2118 4135 2401 4190 vivendum
2436 4136 2692 4201 suscitat,
2733 4150 2798 4190 eo
2839 4136 2905 4190 ad
2948 4137 3086 4191 bene
3126 4138 3388 4208 agendum
3429 4146 3487 4192 et
3535 4151 3695 4208 Opera

2117 4224 2457 4296 prmdicantis
2484 4225 2632 4297 ligat.
2664 4223 2775 4281 Nec
2808 4234 2958 4281 extra
2988 4242 3294 4283 sermonem
3328 4228 3478 4283 actio
3515 4237 3691 4285 trans-

2116 4322 2233 4379 eat,
2274 4330 2341 4369 ne
2365 4314 2483 4368 voci
2514 4314 2625 4368 vita
2652 4314 3007 4380 contradicat.

2190 4403 2259 4456 Et
2302 4403 2531 4457 invenies
2563 4403 2791 4473 gratiam
2828 4412 2875 4457 ct
2914 4403 3243 4472 disciplinam
3290 4407 3481 4460 bonam
3522 4421 3693 4460 coram

2118 4493 2231 4548 Deo
2259 4502 2305 4547 et
2332 4492 2646 4548 hominibus.
2675 4491 2868 4548 Coram
2896 4494 3007 4549 Deo
3030 4494 3236 4548 invenit
3260 4496 3488 4565 gratiam
3511 4505 3566 4550 et
3589 4497 3696 4551 dis-

2123 4583 2373 4653 ciplinam
2415 4582 2644 4648 bonam,
2684 4583 2775 4653 qui
2805 4599 2905 4638 usu
2931 4583 3189 4638 virtutum
3210 4584 3323 4655 jugi
3360 4595 3696 4653 promeretur

2122 4687 2153 4726 a
2178 4671 2433 4737 Domino,
2463 4681 2524 4726 ut
2552 4688 2648 4743 per
2675 4673 2791 4728 dies
2828 4674 3006 4745 scipso
3039 4672 3330 4743 perfectior
3360 4674 3621 4732 ciliciatur
3640 4685 3695 4735 et

2124 4767 2312 4822 melior
2341 4785 2355 4821 :
2381 4769 2474 4823 sed
2500 4776 2553 4821 et
2583 4783 2763 4823 coram
2789 4768 3098 4823 hominibus
3132 4767 3358 4839 gratiam
3390 4746 3615 4836 invenit,
3640 4779 3694 4828 et

2123 4855 2455 4925 disciplinam
2486 4856 2704 4922 bonam,
2725 4856 2879 4927 cujus
2906 4872 3069 4928 opera
3093 4864 3218 4911 sunt
3249 4856 3393 4920 talia,
3425 4858 3481 4911 in
3502 4859 3695 4929 quibus

2113 4950 2237 5020 jure
2278 4948 2540 5013 laudetur,
2578 4951 2880 5020 quibusque
2916 4950 3221 5021 exemplum
3250 4952 3463 5009 vivendi
3508 4953 3691 5022 proxi-

2121 5038 2224 5092 mis
2253 5038 2587 5093 cxhibeatur.

2191 5135 2341 5191 Habe
2365 5136 2612 5207 ﬁduciam
2638 5138 2695 5192 in
2730 5136 2952 5192 Domino
2986 5154 3052 5193 ea:
3084 5148 3193 5195 toto
3223 5140 3377 5195 corde
3404 5148 3529 5207 tuo,
3556 5150 3607 5197 et
3632 5159 3696 5198 ne

2122 5227 2349 5283 inuitare
2374 5226 2663 5297 prudentia:
2688 5236 2813 5292 tute,
2844 5227 2896 5280 in
2923 5230 3161 5283 omnibus
3186 5231 3280 5283 uiis
3307 5231 3411 5284 tuis
3436 5232 3607 5300 cogita
3631 5232 3697 5285 il-

2122 5316 2253 5383 lum,
2276 5326 2322 5370 et
2350 5319 2455 5388 ipse
2483 5317 2670 5386 diriget
2696 5332 2901 5386 gressus
2931 5326 3067 5371 tuos.
3091 5317 3169 5373 Ne
3192 5328 3245 5373 te
3273 5328 3483 5374 metuas
3507 5320 3577 5375 ob
3602 5321 3698 5376 im-

2123 5407 2466 5463 becillitatem
2488 5408 2761 5477 propriam
2789 5408 2968 5462 divina
2995 5412 3101 5463 non
3123 5424 3281 5478 posse
3304 5425 3524 5465 servare
3545 5426 3698 5467 man-

2124 5500 2269 5565 data,
2292 5505 2463 5553 necte
2486 5512 2698 5551 rursum
2720 5505 2965 5553 autumes
2988 5499 3103 5553 luce
3124 5501 3227 5554 tuis
3250 5499 3471 5566 implere
3490 5500 3700 5555 viribus

2122 5605 2296 5661 posse,
2324 5598 2413 5643 tua
2438 5598 2493 5643 et
2517 5589 2747 5643 naturali
2771 5590 2997 5645 scientia
3026 5604 3207 5655 nosse,
3234 5591 3407 5645 sinon
3432 5604 3530 5661 per
3554 5589 3699 5644 illius

2124 5683 2291 5753 legem
2334 5681 2653 5745 instruaris;
2698 5682 2788 5735 sed
2826 5681 3006 5751 potius
3044 5690 3099 5737 et
3140 5681 3193 5736 in
3233 5678 3518 5746 discendo,
3553 5689 3608 5733 et
3640 5679 3699 5734 in

3440 6312 3692 6322 -ίρ-ήη
3738 6311 3878 6328 ἡ
