  <div class='ocr_page' id='page_1' title='image "/cluster/home/n/w/nwhite01/storage/ocr_20150623/111/uva.x000827067/354.png"; bbox 0 0 3918 6334; ppageno 0'>
   <div class='ocr_carea' id='block_1_1' title="bbox 165 309 3413 388">
    <p class='ocr_par' dir='ltr' id='par_1_1' title="bbox 165 309 3413 388">
     <span class='ocr_line' id='line_1_1' title="bbox 165 309 3413 388; baseline -0.007 0"><span class='ocrx_word' id='word_1_1' title='bbox 165 331 269 388; x_wconf 76' lang='lat'><strong>693</strong></span> <span class='ocrx_word' id='word_1_2' title='bbox 975 328 1333 385; x_wconf 76' lang='lat' dir='ltr'><strong>EXPOSITIO</strong></span> <span class='ocrx_word' id='word_1_3' title='bbox 1366 326 1433 382; x_wconf 82' lang='lat' dir='ltr'><strong>IN</strong></span> <span class='ocrx_word' id='word_1_4' title='bbox 1473 323 1856 381; x_wconf 69' lang='lat' dir='ltr'><strong>PROYERBIA</strong></span> <span class='ocrx_word' id='word_1_5' title='bbox 1897 320 2304 380; x_wconf 70' lang='lat' dir='ltr'><strong>SALOMONIS.</strong></span> <span class='ocrx_word' id='word_1_6' title='bbox 2343 352 2409 362; x_wconf 90' lang='lat'>——</span> <span class='ocrx_word' id='word_1_7' title='bbox 2448 320 2575 375; x_wconf 81' lang='lat' dir='ltr'><strong>LIB.</strong></span> <span class='ocrx_word' id='word_1_8' title='bbox 2618 319 2658 373; x_wconf 89' lang='grc'><strong>1.</strong></span> <span class='ocrx_word' id='word_1_9' title='bbox 3296 309 3413 368; x_wconf 64' lang='grc' dir='ltr'><strong>θθι</strong></span> 
     </span>
    </p>
   </div>
   <div class='ocr_carea' id='block_1_2' title="bbox 166 432 3411 513">
    <p class='ocr_par' dir='ltr' id='par_1_2' title="bbox 166 432 3411 513">
     <span class='ocr_line' id='line_1_2' title="bbox 166 432 3411 513; baseline -0.002 -17"><span class='ocrx_word' id='word_1_10' title='bbox 166 440 369 513; x_wconf 81' lang='lat' dir='ltr'><strong>agendo</strong></span> <span class='ocrx_word' id='word_1_11' title='bbox 393 441 510 511; x_wconf 90' lang='lat' dir='ltr'><strong>ejus</strong></span> <span class='ocrx_word' id='word_1_12' title='bbox 530 455 710 511; x_wconf 75' lang='lat' dir='ltr'><strong>qntcre</strong></span> <span class='ocrx_word' id='word_1_13' title='bbox 732 441 919 497; x_wconf 87' lang='lat' dir='ltr'><strong>creber</strong></span> <span class='ocrx_word' id='word_1_14' title='bbox 948 442 1229 505; x_wconf 77' lang='lat' dir='ltr'><strong>auxilium,</strong></span> <span class='ocrx_word' id='word_1_15' title='bbox 1258 449 1309 495; x_wconf 90' lang='lat' dir='ltr'><strong>el</strong></span> <span class='ocrx_word' id='word_1_16' title='bbox 1340 440 1455 510; x_wconf 90' lang='lat' dir='ltr'><strong>ipse</strong></span> <span class='ocrx_word' id='word_1_17' title='bbox 1479 454 1598 510; x_wconf 64' lang='lat' dir='ltr'><strong>quce</strong></span> <span class='ocrx_word' id='word_1_18' title='bbox 1620 438 1739 509; x_wconf 87' lang='lat' dir='ltr'><strong>jus-</strong></span> <span class='ocrx_word' id='word_1_19' title='bbox 1764 446 1813 504; x_wconf 75' lang='grc' dir='ltr'><strong>Α</strong></span> <span class='ocrx_word' id='word_1_20' title='bbox 1841 437 1974 509; x_wconf 78' lang='lat' dir='ltr'><strong>xvi).</strong></span> <span class='ocrx_word' id='word_1_21' title='bbox 2009 436 2390 491; x_wconf 84' lang='lat' dir='ltr'><strong>Redundabunt</strong></span> <span class='ocrx_word' id='word_1_22' title='bbox 2414 436 2699 491; x_wconf 85' lang='lat' dir='ltr'><strong>toreularia</strong></span> <span class='ocrx_word' id='word_1_23' title='bbox 2730 436 2867 498; x_wconf 78' lang='lat' dir='ltr'><strong>riuo,</strong></span> <span class='ocrx_word' id='word_1_24' title='bbox 2897 433 3023 504; x_wconf 85' lang='lat' dir='ltr'><strong>quia</strong></span> <span class='ocrx_word' id='word_1_25' title='bbox 3055 432 3265 510; x_wconf 69' lang='lat' dir='ltr'><strong>interqa</strong></span> <span class='ocrx_word' id='word_1_26' title='bbox 3291 447 3411 488; x_wconf 86' lang='lat' dir='ltr'><strong>sua-</strong></span> 
     </span>
    </p>
   </div>
   <div class='ocr_carea' id='block_1_3' title="bbox 165 521 3411 602">
    <p class='ocr_par' dir='ltr' id='par_1_3' title="bbox 165 521 3411 602">
     <span class='ocr_line' id='line_1_3' title="bbox 165 521 3411 602; baseline -0.003 -14"><span class='ocrx_word' id='word_1_27' title='bbox 165 534 254 597; x_wconf 83' lang='lat' dir='ltr'><strong>sit,</strong></span> <span class='ocrx_word' id='word_1_28' title='bbox 284 531 548 602; x_wconf 86' lang='lat' dir='ltr'><strong>propitius</strong></span> <span class='ocrx_word' id='word_1_29' title='bbox 576 540 634 584; x_wconf 90' lang='lat' dir='ltr'><strong>ut</strong></span> <span class='ocrx_word' id='word_1_30' title='bbox 656 529 882 601; x_wconf 83' lang='lat' dir='ltr'><strong>implere</strong></span> <span class='ocrx_word' id='word_1_31' title='bbox 908 529 1091 584; x_wconf 89' lang='lat' dir='ltr'><strong>valeas</strong></span> <span class='ocrx_word' id='word_1_32' title='bbox 1115 528 1358 583; x_wconf 78' lang='lat' dir='ltr'><strong>donabit.</strong></span> <span class='ocrx_word' id='word_1_33' title='bbox 1839 528 1977 583; x_wconf 88' lang='lat' dir='ltr'><strong>vitas</strong></span> <span class='ocrx_word' id='word_1_34' title='bbox 2004 536 2328 582; x_wconf 73' lang='lat' dir='ltr'><strong>aeternorum</strong></span> <span class='ocrx_word' id='word_1_35' title='bbox 2360 527 2521 581; x_wconf 90' lang='lat' dir='ltr'><strong>corda</strong></span> <span class='ocrx_word' id='word_1_36' title='bbox 2550 532 2866 580; x_wconf 90' lang='lat' dir='ltr'><strong>cunctorum</strong></span> <span class='ocrx_word' id='word_1_37' title='bbox 2903 521 3134 578; x_wconf 81' lang='lat' dir='ltr'><strong>lldeliutn</strong></span> <span class='ocrx_word' id='word_1_38' title='bbox 3162 524 3217 577; x_wconf 90' lang='lat' dir='ltr'><strong>in</strong></span> <span class='ocrx_word' id='word_1_39' title='bbox 3252 521 3411 578; x_wconf 80' lang='lat' dir='ltr'><strong>laude</strong></span> 
     </span>
    </p>
   </div>
   <div class='ocr_carea' id='block_1_4' title="bbox 237 615 3411 692">
    <p class='ocr_par' dir='ltr' id='par_1_4' title="bbox 237 615 3411 692">
     <span class='ocr_line' id='line_1_4' title="bbox 237 615 3411 692; baseline -0.002 -17"><span class='ocrx_word' id='word_1_40' title='bbox 237 621 320 675; x_wconf 83' lang='lat' dir='ltr'><strong>Ne</strong></span> <span class='ocrx_word' id='word_1_41' title='bbox 345 621 418 674; x_wconf 88' lang='lat' dir='ltr'><strong>sis</strong></span> <span class='ocrx_word' id='word_1_42' title='bbox 444 620 650 690; x_wconf 87' lang='lat' dir='ltr'><strong>sapiens</strong></span> <span class='ocrx_word' id='word_1_43' title='bbox 676 622 815 692; x_wconf 86' lang='lat' dir='ltr'><strong>apud</strong></span> <span class='ocrx_word' id='word_1_44' title='bbox 852 622 1194 689; x_wconf 71' lang='lat' dir='ltr'><strong>temetipsum.</strong></span> <span class='ocrx_word' id='word_1_45' title='bbox 1227 616 1452 673; x_wconf 77' lang='lat' dir='ltr'><strong>Videtur</strong></span> <span class='ocrx_word' id='word_1_46' title='bbox 1475 615 1613 673; x_wconf 81' lang='lat' dir='ltr'><strong>forte</strong></span> <span class='ocrx_word' id='word_1_47' title='bbox 1640 617 1738 672; x_wconf 86' lang='lat' dir='ltr'><strong>ali-</strong></span> <span class='ocrx_word' id='word_1_48' title='bbox 1839 620 1921 673; x_wconf 89' lang='lat' dir='ltr'><strong>sui</strong></span> <span class='ocrx_word' id='word_1_49' title='bbox 1948 617 2242 674; x_wconf 73' lang='lat' dir='ltr'><strong>conditoris</strong></span> <span class='ocrx_word' id='word_1_50' title='bbox 2270 618 2543 682; x_wconf 87' lang='lat' dir='ltr'><strong>accendit;</strong></span> <span class='ocrx_word' id='word_1_51' title='bbox 2584 618 2711 673; x_wconf 89' lang='lat' dir='ltr'><strong>hinc</strong></span> <span class='ocrx_word' id='word_1_52' title='bbox 2731 616 2930 672; x_wconf 85' lang='lat' dir='ltr'><strong>etenim</strong></span> <span class='ocrx_word' id='word_1_53' title='bbox 2961 615 3121 680; x_wconf 88' lang='lat' dir='ltr'><strong>dicit,</strong></span> <span class='ocrx_word' id='word_1_54' title='bbox 3153 624 3206 669; x_wconf 91' lang='lat' dir='ltr'><strong>ut</strong></span> <span class='ocrx_word' id='word_1_55' title='bbox 3240 615 3411 671; x_wconf 88' lang='lat' dir='ltr'><strong>edatis</strong></span> 
     </span>
    </p>
   </div>
   <div class='ocr_carea' id='block_1_5' title="bbox 160 705 3405 781">
    <p class='ocr_par' dir='ltr' id='par_1_5' title="bbox 160 705 3405 781">
     <span class='ocr_line' id='line_1_5' title="bbox 160 705 3405 781; baseline -0.002 -15"><span class='ocrx_word' id='word_1_56' title='bbox 160 713 249 767; x_wconf 83' lang='lat' dir='ltr'><strong>cui</strong></span> <span class='ocrx_word' id='word_1_57' title='bbox 285 712 387 765; x_wconf 89' lang='lat' dir='ltr'><strong>hoc</strong></span> <span class='ocrx_word' id='word_1_58' title='bbox 422 711 563 766; x_wconf 87' lang='lat' dir='ltr'><strong>idem</strong></span> <span class='ocrx_word' id='word_1_59' title='bbox 593 726 714 767; x_wconf 89' lang='lat' dir='ltr'><strong>esse</strong></span> <span class='ocrx_word' id='word_1_60' title='bbox 752 709 1064 766; x_wconf 87' lang='lat' dir='ltr'><strong>mandatum</strong></span> <span class='ocrx_word' id='word_1_61' title='bbox 1094 710 1237 779; x_wconf 91' lang='lat' dir='ltr'><strong>quod</strong></span> <span class='ocrx_word' id='word_1_62' title='bbox 1268 708 1601 779; x_wconf 77' lang='lat' dir='ltr'><strong>praemissum</strong></span> <span class='ocrx_word' id='word_1_63' title='bbox 1632 715 1735 773; x_wconf 89' lang='lat' dir='ltr'><strong>est,</strong></span> <span class='ocrx_word' id='word_1_64' title='bbox 1838 722 1888 767; x_wconf 89' lang='lat' dir='ltr'><strong>et</strong></span> <span class='ocrx_word' id='word_1_65' title='bbox 1921 711 2107 766; x_wconf 82' lang='lat' dir='ltr'><strong>bibatis</strong></span> <span class='ocrx_word' id='word_1_66' title='bbox 2131 726 2287 781; x_wconf 83' lang='lat' dir='ltr'><strong>super</strong></span> <span class='ocrx_word' id='word_1_67' title='bbox 2313 725 2545 764; x_wconf 80' lang='lat' dir='ltr'><strong>mensam</strong></span> <span class='ocrx_word' id='word_1_68' title='bbox 2583 726 2751 763; x_wconf 89' lang='lat' dir='ltr'><strong>meam</strong></span> <span class='ocrx_word' id='word_1_69' title='bbox 2786 709 2841 763; x_wconf 88' lang='lat' dir='ltr'><strong>in</strong></span> <span class='ocrx_word' id='word_1_70' title='bbox 2876 724 3032 779; x_wconf 86' lang='lat' dir='ltr'><strong>regno</strong></span> <span class='ocrx_word' id='word_1_71' title='bbox 3062 705 3212 778; x_wconf 82' lang='lat' dir='ltr'><strong>(Luc.</strong></span> <span class='ocrx_word' id='word_1_72' title='bbox 3246 706 3405 777; x_wconf 75' lang='lat' dir='ltr'><strong>un),</strong></span> 
     </span>
    </p>
   </div>
   <div class='ocr_carea' id='block_1_6' title="bbox 164 796 3408 871">
    <p class='ocr_par' dir='ltr' id='par_1_6' title="bbox 164 796 3408 871">
     <span class='ocr_line' id='line_1_6' title="bbox 164 796 3408 871; baseline -0.001 -16"><span class='ocrx_word' id='word_1_73' title='bbox 164 812 211 855; x_wconf 90' lang='lat' dir='ltr'><strong>et</strong></span> <span class='ocrx_word' id='word_1_74' title='bbox 240 817 303 855; x_wconf 87' lang='lat' dir='ltr'><strong>ne</strong></span> <span class='ocrx_word' id='word_1_75' title='bbox 322 800 567 855; x_wconf 90' lang='lat' dir='ltr'><strong>innitaris</strong></span> <span class='ocrx_word' id='word_1_76' title='bbox 588 799 877 871; x_wconf 80' lang='lat' dir='ltr'><strong>prudentiae</strong></span> <span class='ocrx_word' id='word_1_77' title='bbox 903 808 1027 853; x_wconf 80' lang='lat' dir='ltr'><strong>tute.</strong></span> <span class='ocrx_word' id='word_1_78' title='bbox 1061 796 1169 853; x_wconf 88' lang='lat' dir='ltr'><strong>Sed</strong></span> <span class='ocrx_word' id='word_1_79' title='bbox 1193 796 1419 853; x_wconf 89' lang='lat' dir='ltr'><strong>multum</strong></span> <span class='ocrx_word' id='word_1_80' title='bbox 1443 796 1624 865; x_wconf 79' lang='lat' dir='ltr'><strong>distat,</strong></span> <span class='ocrx_word' id='word_1_81' title='bbox 1656 796 1740 852; x_wconf 89' lang='lat' dir='ltr'><strong>in-</strong></span> <span class='ocrx_word' id='word_1_82' title='bbox 1840 804 1935 858; x_wconf 80' lang='lat' dir='ltr'><strong>sed</strong></span> <span class='ocrx_word' id='word_1_83' title='bbox 1963 809 2021 858; x_wconf 83' lang='lat' dir='ltr'><strong>et</strong></span> <span class='ocrx_word' id='word_1_84' title='bbox 2042 800 2098 857; x_wconf 87' lang='lat' dir='ltr'><strong>in</strong></span> <span class='ocrx_word' id='word_1_85' title='bbox 2130 802 2377 871; x_wconf 67' lang='lat' dir='ltr'><strong>praesenti</strong></span> <span class='ocrx_word' id='word_1_86' title='bbox 2420 815 2802 871; x_wconf 89' lang='lat' dir='ltr'><strong>nonnunquam</strong></span> <span class='ocrx_word' id='word_1_87' title='bbox 2831 799 3065 863; x_wconf 87' lang='lat' dir='ltr'><strong>doctori,</strong></span> <span class='ocrx_word' id='word_1_88' title='bbox 3096 798 3186 868; x_wconf 87' lang='lat' dir='ltr'><strong>qui</strong></span> <span class='ocrx_word' id='word_1_89' title='bbox 3213 812 3408 868; x_wconf 88' lang='lat' dir='ltr'><strong>panem</strong></span> 
     </span>
    </p>
   </div>
   <div class='ocr_carea' id='block_1_7' title="bbox 166 887 3408 961">
    <p class='ocr_par' dir='ltr' id='par_1_7' title="bbox 166 887 3408 961">
     <span class='ocr_line' id='line_1_7' title="bbox 166 887 3408 961; baseline -0.002 -14"><span class='ocrx_word' id='word_1_90' title='bbox 166 893 355 947; x_wconf 85' lang='lat' dir='ltr'><strong>nititur</strong></span> <span class='ocrx_word' id='word_1_91' title='bbox 379 893 525 947; x_wconf 89' lang='lat' dir='ltr'><strong>enim</strong></span> <span class='ocrx_word' id='word_1_92' title='bbox 555 906 664 946; x_wconf 67' lang='lat' dir='ltr'><strong>suae</strong></span> <span class='ocrx_word' id='word_1_93' title='bbox 685 890 1012 960; x_wconf 59' lang='lat' dir='ltr'><strong>prudentis,</strong></span> <span class='ocrx_word' id='word_1_94' title='bbox 1041 890 1131 961; x_wconf 90' lang='lat' dir='ltr'><strong>qui</strong></span> <span class='ocrx_word' id='word_1_95' title='bbox 1159 903 1223 943; x_wconf 90' lang='lat' dir='ltr'><strong>ea</strong></span> <span class='ocrx_word' id='word_1_96' title='bbox 1252 903 1371 958; x_wconf 66' lang='lat' dir='ltr'><strong>qua:</strong></span> <span class='ocrx_word' id='word_1_97' title='bbox 1404 888 1505 943; x_wconf 84' lang='lat' dir='ltr'><strong>sibi</strong></span> <span class='ocrx_word' id='word_1_98' title='bbox 1535 890 1735 959; x_wconf 87' lang='lat' dir='ltr'><strong>agenda</strong></span> <span class='ocrx_word' id='word_1_99' title='bbox 1838 890 2020 958; x_wconf 90' lang='lat' dir='ltr'><strong>verbi,</strong></span> <span class='ocrx_word' id='word_1_100' title='bbox 2054 890 2147 961; x_wconf 83' lang='lat' dir='ltr'><strong>qui</strong></span> <span class='ocrx_word' id='word_1_101' title='bbox 2173 888 2419 960; x_wconf 87' lang='lat' dir='ltr'><strong>poculum</strong></span> <span class='ocrx_word' id='word_1_102' title='bbox 2451 889 2637 959; x_wconf 67' lang='lat' dir='ltr'><strong>gratiae</strong></span> <span class='ocrx_word' id='word_1_103' title='bbox 2664 889 2920 959; x_wconf 76' lang='lat' dir='ltr'><strong>Spiritalis</strong></span> <span class='ocrx_word' id='word_1_104' title='bbox 2947 889 3205 960; x_wconf 75' lang='lat' dir='ltr'><strong>indigenti</strong></span> <span class='ocrx_word' id='word_1_105' title='bbox 3244 887 3408 943; x_wconf 89' lang='lat' dir='ltr'><strong>mini-</strong></span> 
     </span>
    </p>
   </div>
   <div class='ocr_carea' id='block_1_8' title="bbox 164 979 3440 1073">
    <p class='ocr_par' dir='ltr' id='par_1_8' title="bbox 164 979 3440 1073">
     <span class='ocr_line' id='line_1_8' title="bbox 164 979 3440 1073; baseline -0 -39"><span class='ocrx_word' id='word_1_106' title='bbox 164 984 247 1038; x_wconf 85' lang='lat' dir='ltr'><strong>vel</strong></span> <span class='ocrx_word' id='word_1_107' title='bbox 280 984 503 1039; x_wconf 90' lang='lat' dir='ltr'><strong>dicenda</strong></span> <span class='ocrx_word' id='word_1_108' title='bbox 536 984 784 1038; x_wconf 87' lang='lat' dir='ltr'><strong>videntur</strong></span> <span class='ocrx_word' id='word_1_109' title='bbox 821 991 1036 1052; x_wconf 85' lang='lat' dir='ltr'><strong>patrum</strong></span> <span class='ocrx_word' id='word_1_110' title='bbox 1073 981 1304 1037; x_wconf 83' lang='lat' dir='ltr'><strong>decretis</strong></span> <span class='ocrx_word' id='word_1_111' title='bbox 1335 981 1621 1050; x_wconf 68' lang='lat' dir='ltr'><strong>prmponit,</strong></span> <span class='ocrx_word' id='word_1_112' title='bbox 1654 995 1739 1035; x_wconf 86' lang='lat' dir='ltr'><strong>sa-</strong></span> <span class='ocrx_word' id='word_1_113' title='bbox 1839 990 2007 1048; x_wconf 88' lang='lat' dir='ltr'><strong>strat,</strong></span> <span class='ocrx_word' id='word_1_114' title='bbox 2048 980 2252 1050; x_wconf 84' lang='lat' dir='ltr'><strong>majora</strong></span> <span class='ocrx_word' id='word_1_115' title='bbox 2290 980 2630 1035; x_wconf 86' lang='lat' dir='ltr'><strong>ministrandi</strong></span> <span class='ocrx_word' id='word_1_116' title='bbox 2668 981 2805 1036; x_wconf 91' lang='lat' dir='ltr'><strong>dona</strong></span> <span class='ocrx_word' id='word_1_117' title='bbox 2844 979 3104 1036; x_wconf 82' lang='lat' dir='ltr'><strong>Dominus</strong></span> <span class='ocrx_word' id='word_1_118' title='bbox 3138 994 3237 1049; x_wconf 88' lang='lat' dir='ltr'><strong>pro</strong></span> <span class='ocrx_word' id='word_1_119' title='bbox 3263 994 3405 1073; x_wconf 77' lang='lat' dir='ltr'><strong>mer-</strong></span> <span class='ocrx_word' id='word_1_120' title='bbox 3427 1049 3440 1073; x_wconf 35' lang='grc' dir='ltr'>ἱ</span> 
     </span>
    </p>
   </div>
   <div class='ocr_carea' id='block_1_9' title="bbox 164 1067 3411 1143">
    <p class='ocr_par' dir='ltr' id='par_1_9' title="bbox 164 1067 3411 1143">
     <span class='ocr_line' id='line_1_9' title="bbox 164 1067 3411 1143; baseline -0.002 -15"><span class='ocrx_word' id='word_1_121' title='bbox 164 1074 320 1143; x_wconf 84' lang='lat' dir='ltr'><strong>piens</strong></span> <span class='ocrx_word' id='word_1_122' title='bbox 351 1089 477 1128; x_wconf 89' lang='lat' dir='ltr'><strong>vero</strong></span> <span class='ocrx_word' id='word_1_123' title='bbox 517 1081 599 1128; x_wconf 88' lang='lat' dir='ltr'><strong>est</strong></span> <span class='ocrx_word' id='word_1_124' title='bbox 622 1073 765 1143; x_wconf 91' lang='lat' dir='ltr'><strong>apud</strong></span> <span class='ocrx_word' id='word_1_125' title='bbox 791 1072 1137 1142; x_wconf 88' lang='lat' dir='ltr'><strong>semetipsum</strong></span> <span class='ocrx_word' id='word_1_126' title='bbox 1166 1071 1330 1126; x_wconf 87' lang='lat' dir='ltr'><strong>etiam</strong></span> <span class='ocrx_word' id='word_1_127' title='bbox 1361 1070 1405 1124; x_wconf 90' lang='lat' dir='ltr'><strong>is</strong></span> <span class='ocrx_word' id='word_1_128' title='bbox 1432 1070 1524 1139; x_wconf 91' lang='lat' dir='ltr'><strong>qui</strong></span> <span class='ocrx_word' id='word_1_129' title='bbox 1556 1071 1607 1124; x_wconf 92' lang='lat' dir='ltr'><strong>in</strong></span> <span class='ocrx_word' id='word_1_130' title='bbox 1634 1070 1740 1125; x_wconf 84' lang='lat' dir='ltr'><strong>illis</strong></span> <span class='ocrx_word' id='word_1_131' title='bbox 1840 1074 1972 1129; x_wconf 85' lang='lat' dir='ltr'><strong>cede</strong></span> <span class='ocrx_word' id='word_1_132' title='bbox 2010 1071 2298 1128; x_wconf 82' lang='lat' dir='ltr'><strong>condonat.</strong></span> <span class='ocrx_word' id='word_1_133' title='bbox 2336 1070 2439 1139; x_wconf 85' lang='lat' dir='ltr'><strong>Qui</strong></span> <span class='ocrx_word' id='word_1_134' title='bbox 2465 1080 2679 1125; x_wconf 90' lang='lat' dir='ltr'><strong>terrena</strong></span> <span class='ocrx_word' id='word_1_135' title='bbox 2712 1070 2947 1125; x_wconf 86' lang='lat' dir='ltr'><strong>subsidia</strong></span> <span class='ocrx_word' id='word_1_136' title='bbox 2978 1069 3203 1141; x_wconf 73' lang='lat' dir='ltr'><strong>largitur</strong></span> <span class='ocrx_word' id='word_1_137' title='bbox 3239 1067 3411 1138; x_wconf 87' lang='lat' dir='ltr'><strong>inopi-</strong></span> 
     </span>
    </p>
   </div>
   <div class='ocr_carea' id='block_1_10' title="bbox 162 1160 3298 1234">
    <p class='ocr_par' dir='ltr' id='par_1_10' title="bbox 162 1160 3298 1234">
     <span class='ocr_line' id='line_1_10' title="bbox 162 1160 3298 1234; baseline -0.002 -16"><span class='ocrx_word' id='word_1_138' title='bbox 162 1178 285 1233; x_wconf 67' lang='lat' dir='ltr'><strong>quaa</strong></span> <span class='ocrx_word' id='word_1_139' title='bbox 315 1177 381 1217; x_wconf 78' lang='lat' dir='ltr'><strong>ex</strong></span> <span class='ocrx_word' id='word_1_140' title='bbox 410 1172 624 1234; x_wconf 87' lang='lat' dir='ltr'><strong>patrum</strong></span> <span class='ocrx_word' id='word_1_141' title='bbox 663 1163 971 1233; x_wconf 89' lang='lat' dir='ltr'><strong>magisterio</strong></span> <span class='ocrx_word' id='word_1_142' title='bbox 1000 1161 1173 1231; x_wconf 91' lang='lat' dir='ltr'><strong>potuit</strong></span> <span class='ocrx_word' id='word_1_143' title='bbox 1211 1170 1355 1216; x_wconf 89' lang='lat' dir='ltr'><strong>recte</strong></span> <span class='ocrx_word' id='word_1_144' title='bbox 1394 1175 1736 1232; x_wconf 79' lang='lat' dir='ltr'><strong>cognoscere,</strong></span> <span class='ocrx_word' id='word_1_145' title='bbox 1839 1164 1942 1219; x_wconf 88' lang='lat' dir='ltr'><strong>bus</strong></span> <span class='ocrx_word' id='word_1_146' title='bbox 1967 1162 2129 1217; x_wconf 89' lang='lat' dir='ltr'><strong>ditior</strong></span> <span class='ocrx_word' id='word_1_147' title='bbox 2150 1161 2327 1217; x_wconf 90' lang='lat' dir='ltr'><strong>dando</strong></span> <span class='ocrx_word' id='word_1_148' title='bbox 2352 1161 2558 1216; x_wconf 66' lang='lat' dir='ltr'><strong>caelesti</strong></span> <span class='ocrx_word' id='word_1_149' title='bbox 2585 1161 3016 1215; x_wconf 87' lang='lat' dir='ltr'><strong>remuneratione</strong></span> <span class='ocrx_word' id='word_1_150' title='bbox 3042 1160 3298 1214; x_wconf 92' lang='lat' dir='ltr'><strong>redditur.</strong></span> 
     </span>
    </p>
   </div>
   <div class='ocr_carea' id='block_1_11' title="bbox 163 1248 3410 1323">
    <p class='ocr_par' dir='ltr' id='par_1_11' title="bbox 163 1248 3410 1323">
     <span class='ocr_line' id='line_1_11' title="bbox 163 1248 3410 1323; baseline -0.001 -17"><span class='ocrx_word' id='word_1_151' title='bbox 163 1268 285 1317; x_wconf 80' lang='lat' dir='ltr'><strong>sese</strong></span> <span class='ocrx_word' id='word_1_152' title='bbox 312 1269 424 1323; x_wconf 67' lang='lat' dir='ltr'><strong>pra:</strong></span> <span class='ocrx_word' id='word_1_153' title='bbox 448 1254 657 1308; x_wconf 64' lang='lat' dir='ltr'><strong>caneris</strong></span> <span class='ocrx_word' id='word_1_154' title='bbox 680 1253 833 1322; x_wconf 90' lang='lat' dir='ltr'><strong>quasi</strong></span> <span class='ocrx_word' id='word_1_155' title='bbox 870 1251 1082 1307; x_wconf 87' lang='lat' dir='ltr'><strong>doctior</strong></span> <span class='ocrx_word' id='word_1_156' title='bbox 1115 1250 1344 1305; x_wconf 79' lang='lat' dir='ltr'><strong>extollit.</strong></span> <span class='ocrx_word' id='word_1_157' title='bbox 1387 1250 1518 1317; x_wconf 75' lang='lat' dir='ltr'><strong>Qum</strong></span> <span class='ocrx_word' id='word_1_158' title='bbox 1546 1251 1614 1303; x_wconf 90' lang='lat' dir='ltr'><strong>sit</strong></span> <span class='ocrx_word' id='word_1_159' title='bbox 1641 1266 1737 1304; x_wconf 81' lang='lat' dir='ltr'><strong>an-</strong></span> <span class='ocrx_word' id='word_1_160' title='bbox 1911 1249 2251 1321; x_wconf 74' lang='lat' dir='ltr'><strong>Disciplinam</strong></span> <span class='ocrx_word' id='word_1_161' title='bbox 2276 1251 2508 1316; x_wconf 82' lang='lat' dir='ltr'><strong>Domini,</strong></span> <span class='ocrx_word' id='word_1_162' title='bbox 2533 1250 2611 1319; x_wconf 79' lang='lat' dir='ltr'><strong>ﬁli</strong></span> <span class='ocrx_word' id='word_1_163' title='bbox 2638 1250 2740 1316; x_wconf 90' lang='lat' dir='ltr'><strong>mi,</strong></span> <span class='ocrx_word' id='word_1_164' title='bbox 2770 1267 2832 1304; x_wconf 91' lang='lat' dir='ltr'><strong>ne</strong></span> <span class='ocrx_word' id='word_1_165' title='bbox 2857 1250 3098 1319; x_wconf 86' lang='lat' dir='ltr'><strong>abjicias,</strong></span> <span class='ocrx_word' id='word_1_166' title='bbox 3128 1258 3176 1304; x_wconf 90' lang='lat' dir='ltr'><strong>et</strong></span> <span class='ocrx_word' id='word_1_167' title='bbox 3200 1265 3289 1304; x_wconf 82' lang='lat' dir='ltr'><strong>nec</strong></span> <span class='ocrx_word' id='word_1_168' title='bbox 3319 1248 3410 1302; x_wconf 83' lang='lat' dir='ltr'><strong>de-</strong></span> 
     </span>
    </p>
   </div>
   <div class='ocr_carea' id='block_1_12' title="bbox 163 1338 3409 1411">
    <p class='ocr_par' dir='ltr' id='par_1_12' title="bbox 163 1338 3409 1411">
     <span class='ocr_line' id='line_1_12' title="bbox 163 1338 3409 1411; baseline -0.002 -13"><span class='ocrx_word' id='word_1_169' title='bbox 163 1351 272 1398; x_wconf 83' lang='lat' dir='ltr'><strong>tem</strong></span> <span class='ocrx_word' id='word_1_170' title='bbox 300 1359 430 1397; x_wconf 82' lang='lat' dir='ltr'><strong>vera</strong></span> <span class='ocrx_word' id='word_1_171' title='bbox 466 1344 698 1398; x_wconf 88' lang='lat' dir='ltr'><strong>hominis</strong></span> <span class='ocrx_word' id='word_1_172' title='bbox 727 1342 990 1411; x_wconf 88' lang='lat' dir='ltr'><strong>sapientia</strong></span> <span class='ocrx_word' id='word_1_173' title='bbox 1018 1341 1405 1409; x_wconf 87' lang='lat' dir='ltr'><strong>subsequenter</strong></span> <span class='ocrx_word' id='word_1_174' title='bbox 1430 1340 1684 1395; x_wconf 85' lang='lat' dir='ltr'><strong>ostendit.</strong></span> <span class='ocrx_word' id='word_1_175' title='bbox 1839 1343 1988 1410; x_wconf 76' lang='lat' dir='ltr'><strong>ficias</strong></span> <span class='ocrx_word' id='word_1_176' title='bbox 2023 1358 2139 1396; x_wconf 79' lang='lat' dir='ltr'><strong>cum</strong></span> <span class='ocrx_word' id='word_1_177' title='bbox 2178 1342 2244 1406; x_wconf 83' lang='lat' dir='ltr'><strong>ab</strong></span> <span class='ocrx_word' id='word_1_178' title='bbox 2282 1357 2342 1396; x_wconf 89' lang='lat' dir='ltr'><strong>eo</strong></span> <span class='ocrx_word' id='word_1_179' title='bbox 2384 1342 2681 1405; x_wconf 84' lang='lat' dir='ltr'><strong>corriperis.</strong></span> <span class='ocrx_word' id='word_1_180' title='bbox 2725 1339 2865 1395; x_wconf 90' lang='lat' dir='ltr'><strong>Sunt</strong></span> <span class='ocrx_word' id='word_1_181' title='bbox 2903 1340 2994 1410; x_wconf 91' lang='lat' dir='ltr'><strong>qui</strong></span> <span class='ocrx_word' id='word_1_182' title='bbox 3040 1341 3092 1394; x_wconf 92' lang='lat' dir='ltr'><strong>in</strong></span> <span class='ocrx_word' id='word_1_183' title='bbox 3136 1338 3409 1410; x_wconf 82' lang='lat' dir='ltr'><strong>prosperis</strong></span> 
     </span>
    </p>
   </div>
   <div class='ocr_carea' id='block_1_13' title="bbox 237 1429 3411 1497">
    <p class='ocr_par' dir='ltr' id='par_1_13' title="bbox 237 1429 3411 1497">
     <span class='ocr_line' id='line_1_13' title="bbox 237 1429 3411 1497; baseline 0 -14"><span class='ocrx_word' id='word_1_184' title='bbox 237 1431 385 1485; x_wconf 84' lang='lat' dir='ltr'><strong>Time</strong></span> <span class='ocrx_word' id='word_1_185' title='bbox 405 1432 687 1487; x_wconf 87' lang='lat' dir='ltr'><strong>Dominum</strong></span> <span class='ocrx_word' id='word_1_186' title='bbox 708 1443 753 1485; x_wconf 88' lang='lat' dir='ltr'><strong>et</strong></span> <span class='ocrx_word' id='word_1_187' title='bbox 781 1430 956 1485; x_wconf 79' lang='lat' dir='ltr'><strong>recede</strong></span> <span class='ocrx_word' id='word_1_188' title='bbox 983 1448 1014 1483; x_wconf 92' lang='lat' dir='ltr'><strong>a</strong></span> <span class='ocrx_word' id='word_1_189' title='bbox 1044 1429 1203 1483; x_wconf 86' lang='lat' dir='ltr'><strong>malo.</strong></span> <span class='ocrx_word' id='word_1_190' title='bbox 1225 1429 1393 1497; x_wconf 84' lang='lat' dir='ltr'><strong>Quale</strong></span> <span class='ocrx_word' id='word_1_191' title='bbox 1415 1439 1498 1485; x_wconf 92' lang='lat' dir='ltr'><strong>cst</strong></span> <span class='ocrx_word' id='word_1_192' title='bbox 1524 1432 1575 1485; x_wconf 91' lang='lat' dir='ltr'><strong>in</strong></span> <span class='ocrx_word' id='word_1_193' title='bbox 1596 1429 1695 1486; x_wconf 82' lang='lat' dir='ltr'><strong>Job</strong></span> <span class='ocrx_word' id='word_1_194' title='bbox 1724 1448 1736 1483; x_wconf 91' lang='lat'><strong>:</strong></span> <span class='ocrx_word' id='word_1_195' title='bbox 1840 1432 2069 1487; x_wconf 88' lang='lat' dir='ltr'><strong>Domino</strong></span> <span class='ocrx_word' id='word_1_196' title='bbox 2093 1432 2351 1491; x_wconf 83' lang='lat' dir='ltr'><strong>serviunt,</strong></span> <span class='ocrx_word' id='word_1_197' title='bbox 2380 1439 2435 1483; x_wconf 89' lang='lat' dir='ltr'><strong>at</strong></span> <span class='ocrx_word' id='word_1_198' title='bbox 2458 1430 2513 1485; x_wconf 91' lang='lat' dir='ltr'><strong>in</strong></span> <span class='ocrx_word' id='word_1_199' title='bbox 2542 1432 2780 1486; x_wconf 81' lang='lat' dir='ltr'><strong>adversis</strong></span> <span class='ocrx_word' id='word_1_200' title='bbox 2811 1431 3109 1495; x_wconf 76' lang='lat' dir='ltr'><strong>excedunt,</strong></span> <span class='ocrx_word' id='word_1_201' title='bbox 3153 1430 3293 1485; x_wconf 88' lang='lat' dir='ltr'><strong>unde</strong></span> <span class='ocrx_word' id='word_1_202' title='bbox 3328 1443 3411 1483; x_wconf 88' lang='lat' dir='ltr'><strong>sa-</strong></span> 
     </span>
    </p>
   </div>
   <div class='ocr_carea' id='block_1_14' title="bbox 167 1518 3415 1592">
    <p class='ocr_par' dir='ltr' id='par_1_14' title="bbox 167 1518 3415 1592">
     <span class='ocr_line' id='line_1_14' title="bbox 167 1518 3415 1592; baseline 0 -17"><span class='ocrx_word' id='word_1_203' title='bbox 167 1519 303 1575; x_wconf 79' lang='lat' dir='ltr'><strong>Ecce</strong></span> <span class='ocrx_word' id='word_1_204' title='bbox 318 1521 694 1575; x_wconf 88' lang='lat' dir='ltr'><strong>timorDomini</strong></span> <span class='ocrx_word' id='word_1_205' title='bbox 713 1521 828 1591; x_wconf 88' lang='lat' dir='ltr'><strong>ipsa</strong></span> <span class='ocrx_word' id='word_1_206' title='bbox 848 1528 921 1573; x_wconf 91' lang='lat' dir='ltr'><strong>est</strong></span> <span class='ocrx_word' id='word_1_207' title='bbox 943 1521 1220 1589; x_wconf 78' lang='lat' dir='ltr'><strong>sapientia,</strong></span> <span class='ocrx_word' id='word_1_208' title='bbox 1237 1529 1283 1573; x_wconf 91' lang='lat' dir='ltr'><strong>et</strong></span> <span class='ocrx_word' id='word_1_209' title='bbox 1306 1520 1583 1573; x_wconf 81' lang='lat' dir='ltr'><strong>recederea</strong></span> <span class='ocrx_word' id='word_1_210' title='bbox 1602 1518 1739 1572; x_wconf 87' lang='lat' dir='ltr'><strong>malo</strong></span> <span class='ocrx_word' id='word_1_211' title='bbox 1839 1521 2039 1592; x_wconf 88' lang='lat' dir='ltr'><strong>pientia</strong></span> <span class='ocrx_word' id='word_1_212' title='bbox 2065 1534 2225 1591; x_wconf 87' lang='lat' dir='ltr'><strong>quem</strong></span> <span class='ocrx_word' id='word_1_213' title='bbox 2253 1521 2306 1574; x_wconf 90' lang='lat' dir='ltr'><strong>in</strong></span> <span class='ocrx_word' id='word_1_214' title='bbox 2330 1520 2600 1590; x_wconf 83' lang='lat' dir='ltr'><strong>prosperis</strong></span> <span class='ocrx_word' id='word_1_215' title='bbox 2625 1521 2760 1575; x_wconf 86' lang='lat' dir='ltr'><strong>bene</strong></span> <span class='ocrx_word' id='word_1_216' title='bbox 2793 1521 2972 1576; x_wconf 87' lang='lat' dir='ltr'><strong>vivere</strong></span> <span class='ocrx_word' id='word_1_217' title='bbox 2999 1520 3215 1586; x_wconf 80' lang='lat' dir='ltr'><strong>docuit,</strong></span> <span class='ocrx_word' id='word_1_218' title='bbox 3244 1519 3415 1576; x_wconf 87' lang='lat' dir='ltr'><strong>etiam</strong></span> 
     </span>
    </p>
   </div>
   <div class='ocr_carea' id='block_1_15' title="bbox 164 1608 3408 1682">
    <p class='ocr_par' dir='ltr' id='par_1_15' title="bbox 164 1608 3408 1682">
     <span class='ocr_line' id='line_1_15' title="bbox 164 1608 3408 1682; baseline 0.001 -19"><span class='ocrx_word' id='word_1_219' title='bbox 164 1610 509 1681; x_wconf 82' lang='lat' dir='ltr'><strong>intelligentia</strong></span> <span class='ocrx_word' id='word_1_220' title='bbox 542 1610 682 1682; x_wconf 84' lang='lat' dir='ltr'><strong>(Job.</strong></span> <span class='ocrx_word' id='word_1_221' title='bbox 716 1608 929 1681; x_wconf 76' lang='lat' dir='ltr'><strong>xxviii).</strong></span> <span class='ocrx_word' id='word_1_222' title='bbox 959 1609 1189 1666; x_wconf 81' lang='lat' dir='ltr'><strong>Periecti</strong></span> <span class='ocrx_word' id='word_1_223' title='bbox 1210 1611 1409 1665; x_wconf 89' lang='lat' dir='ltr'><strong>etenim</strong></span> <span class='ocrx_word' id='word_1_224' title='bbox 1437 1610 1635 1680; x_wconf 90' lang='lat' dir='ltr'><strong>quique</strong></span> <span class='ocrx_word' id='word_1_225' title='bbox 1665 1609 1739 1663; x_wconf 83' lang='lat' dir='ltr'><strong>ita</strong></span> <span class='ocrx_word' id='word_1_226' title='bbox 1842 1613 1895 1667; x_wconf 91' lang='lat' dir='ltr'><strong>in</strong></span> <span class='ocrx_word' id='word_1_227' title='bbox 1921 1611 2255 1681; x_wconf 88' lang='lat' dir='ltr'><strong>correptione</strong></span> <span class='ocrx_word' id='word_1_228' title='bbox 2280 1626 2348 1665; x_wconf 92' lang='lat' dir='ltr'><strong>ne</strong></span> <span class='ocrx_word' id='word_1_229' title='bbox 2380 1610 2595 1666; x_wconf 74' lang='lat' dir='ltr'><strong>deficiat</strong></span> <span class='ocrx_word' id='word_1_230' title='bbox 2627 1610 2889 1675; x_wconf 84' lang='lat' dir='ltr'><strong>hortatur,</strong></span> <span class='ocrx_word' id='word_1_231' title='bbox 2920 1626 2986 1665; x_wconf 90' lang='lat' dir='ltr'><strong>ne</strong></span> <span class='ocrx_word' id='word_1_232' title='bbox 3012 1611 3301 1667; x_wconf 79' lang='lat' dir='ltr'><strong>accedente</strong></span> <span class='ocrx_word' id='word_1_233' title='bbox 3323 1610 3408 1665; x_wconf 89' lang='lat' dir='ltr'><strong>in-</strong></span> 
     </span>
    </p>
   </div>
   <div class='ocr_carea' id='block_1_16' title="bbox 164 1698 3425 1771">
    <p class='ocr_par' dir='ltr' id='par_1_16' title="bbox 164 1698 3425 1771">
     <span class='ocr_line' id='line_1_16' title="bbox 164 1698 3425 1771; baseline 0.001 -19"><span class='ocrx_word' id='word_1_234' title='bbox 164 1712 225 1753; x_wconf 86' lang='lat' dir='ltr'><strong>se</strong></span> <span class='ocrx_word' id='word_1_235' title='bbox 264 1699 463 1753; x_wconf 90' lang='lat' dir='ltr'><strong>debent</strong></span> <span class='ocrx_word' id='word_1_236' title='bbox 501 1700 570 1755; x_wconf 90' lang='lat' dir='ltr'><strong>ab</strong></span> <span class='ocrx_word' id='word_1_237' title='bbox 608 1700 858 1755; x_wconf 90' lang='lat' dir='ltr'><strong>omnibus</strong></span> <span class='ocrx_word' id='word_1_238' title='bbox 890 1699 1166 1755; x_wconf 79' lang='lat' dir='ltr'><strong>continere</strong></span> <span class='ocrx_word' id='word_1_239' title='bbox 1208 1699 1364 1754; x_wconf 91' lang='lat' dir='ltr'><strong>malis</strong></span> <span class='ocrx_word' id='word_1_240' title='bbox 1388 1740 1402 1765; x_wconf 89' lang='lat'><strong>,</strong></span> <span class='ocrx_word' id='word_1_241' title='bbox 1451 1710 1507 1753; x_wconf 87' lang='lat' dir='ltr'><strong>ut</strong></span> <span class='ocrx_word' id='word_1_242' title='bbox 1547 1698 1741 1753; x_wconf 69' lang='lat' dir='ltr'><strong>divina:</strong></span> <span class='ocrx_word' id='word_1_243' title='bbox 1844 1701 2135 1766; x_wconf 82' lang='lat' dir='ltr'><strong>ﬁrmitate,</strong></span> <span class='ocrx_word' id='word_1_244' title='bbox 2166 1710 2221 1756; x_wconf 90' lang='lat' dir='ltr'><strong>et</strong></span> <span class='ocrx_word' id='word_1_245' title='bbox 2262 1711 2605 1770; x_wconf 87' lang='lat' dir='ltr'><strong>paupertate,</strong></span> <span class='ocrx_word' id='word_1_246' title='bbox 2651 1710 2707 1757; x_wconf 92' lang='lat' dir='ltr'><strong>et</strong></span> <span class='ocrx_word' id='word_1_247' title='bbox 2744 1702 3113 1771; x_wconf 80' lang='lat' dir='ltr'><strong>persecutione</strong></span> <span class='ocrx_word' id='word_1_248' title='bbox 3152 1704 3425 1767; x_wconf 70' lang='lat' dir='ltr'><strong>humana,</strong></span> 
     </span>
    </p>
   </div>
   <div class='ocr_carea' id='block_1_17' title="bbox 162 1788 3423 1861">
    <p class='ocr_par' dir='ltr' id='par_1_17' title="bbox 162 1788 3423 1861">
     <span class='ocr_line' id='line_1_17' title="bbox 162 1788 3423 1861; baseline 0 -16"><span class='ocrx_word' id='word_1_249' title='bbox 162 1791 510 1859; x_wconf 69' lang='lat' dir='ltr'><strong>prazsentiam</strong></span> <span class='ocrx_word' id='word_1_250' title='bbox 538 1790 837 1861; x_wconf 89' lang='lat' dir='ltr'><strong>majestatis</strong></span> <span class='ocrx_word' id='word_1_251' title='bbox 863 1807 983 1846; x_wconf 89' lang='lat' dir='ltr'><strong>eum</strong></span> <span class='ocrx_word' id='word_1_252' title='bbox 1012 1800 1156 1846; x_wconf 89' lang='lat' dir='ltr'><strong>metu</strong></span> <span class='ocrx_word' id='word_1_253' title='bbox 1193 1806 1405 1861; x_wconf 78' lang='lat' dir='ltr'><strong>semper</strong></span> <span class='ocrx_word' id='word_1_254' title='bbox 1428 1792 1738 1861; x_wconf 86' lang='lat' dir='ltr'><strong>recogiteut.</strong></span> <span class='ocrx_word' id='word_1_255' title='bbox 1772 1797 1815 1855; x_wconf 80' lang='grc' dir='ltr'><strong>Β</strong></span> <span class='ocrx_word' id='word_1_256' title='bbox 1844 1788 2101 1858; x_wconf 88' lang='lat' dir='ltr'><strong>pietatem</strong></span> <span class='ocrx_word' id='word_1_257' title='bbox 2138 1804 2298 1857; x_wconf 87' lang='lat' dir='ltr'><strong>quam</strong></span> <span class='ocrx_word' id='word_1_258' title='bbox 2338 1804 2556 1844; x_wconf 86' lang='lat' dir='ltr'><strong>servare</strong></span> <span class='ocrx_word' id='word_1_259' title='bbox 2594 1790 2647 1843; x_wconf 90' lang='lat' dir='ltr'><strong>in</strong></span> <span class='ocrx_word' id='word_1_260' title='bbox 2690 1790 3072 1849; x_wconf 83' lang='lat' dir='ltr'><strong>tranquillitate</strong></span> <span class='ocrx_word' id='word_1_261' title='bbox 3110 1790 3423 1859; x_wconf 72' lang='lat' dir='ltr'><strong>videbatur,</strong></span> 
     </span>
    </p>
   </div>
   <div class='ocr_carea' id='block_1_18' title="bbox 164 1879 2079 1952">
    <p class='ocr_par' dir='ltr' id='par_1_18' title="bbox 164 1879 2079 1952">
     <span class='ocr_line' id='line_1_18' title="bbox 164 1879 2079 1952; baseline -0.002 -18"><span class='ocrx_word' id='word_1_262' title='bbox 164 1879 229 1934; x_wconf 86' lang='lat' dir='ltr'><strong>Et</strong></span> <span class='ocrx_word' id='word_1_263' title='bbox 251 1883 547 1936; x_wconf 87' lang='lat' dir='ltr'><strong>notandum</strong></span> <span class='ocrx_word' id='word_1_264' title='bbox 571 1882 713 1952; x_wconf 89' lang='lat' dir='ltr'><strong>quod</strong></span> <span class='ocrx_word' id='word_1_265' title='bbox 739 1897 898 1952; x_wconf 89' lang='lat' dir='ltr'><strong>supra</strong></span> <span class='ocrx_word' id='word_1_266' title='bbox 922 1882 1167 1937; x_wconf 76' lang='lat' dir='ltr'><strong>fiduciam</strong></span> <span class='ocrx_word' id='word_1_267' title='bbox 1193 1882 1392 1937; x_wconf 86' lang='lat' dir='ltr'><strong>habere</strong></span> <span class='ocrx_word' id='word_1_268' title='bbox 1415 1882 1467 1935; x_wconf 92' lang='lat' dir='ltr'><strong>in</strong></span> <span class='ocrx_word' id='word_1_269' title='bbox 1496 1881 1739 1947; x_wconf 85' lang='lat' dir='ltr'><strong>Domino,</strong></span> <span class='ocrx_word' id='word_1_270' title='bbox 1847 1879 2079 1933; x_wconf 86' lang='lat' dir='ltr'><strong>amittat.</strong></span> 
     </span>
    </p>
   </div>
   <div class='ocr_carea' id='block_1_19' title="bbox 163 1967 3414 2044">
    <p class='ocr_par' dir='ltr' id='par_1_19' title="bbox 163 1967 3414 2044">
     <span class='ocr_line' id='line_1_19' title="bbox 163 1967 3414 2044; baseline 0.002 -23"><span class='ocrx_word' id='word_1_271' title='bbox 163 1983 308 2023; x_wconf 90' lang='lat' dir='ltr'><strong>nunc</strong></span> <span class='ocrx_word' id='word_1_272' title='bbox 337 1978 515 2023; x_wconf 89' lang='lat' dir='ltr'><strong>autem</strong></span> <span class='ocrx_word' id='word_1_273' title='bbox 551 1969 719 2023; x_wconf 89' lang='lat' dir='ltr'><strong>Deum</strong></span> <span class='ocrx_word' id='word_1_274' title='bbox 750 1970 940 2023; x_wconf 90' lang='lat' dir='ltr'><strong>timere</strong></span> <span class='ocrx_word' id='word_1_275' title='bbox 977 1971 1259 2034; x_wconf 86' lang='lat' dir='ltr'><strong>admonet,</strong></span> <span class='ocrx_word' id='word_1_276' title='bbox 1298 1970 1367 2023; x_wconf 91' lang='lat' dir='ltr'><strong>ibi</strong></span> <span class='ocrx_word' id='word_1_277' title='bbox 1406 1969 1549 2024; x_wconf 88' lang='lat' dir='ltr'><strong>enim</strong></span> <span class='ocrx_word' id='word_1_278' title='bbox 1580 1970 1743 2039; x_wconf 81' lang='lat' dir='ltr'><strong>fragi-</strong></span> <span class='ocrx_word' id='word_1_279' title='bbox 1919 1967 2084 2034; x_wconf 85' lang='lat' dir='ltr'><strong>Quem</strong></span> <span class='ocrx_word' id='word_1_280' title='bbox 2120 1971 2258 2024; x_wconf 89' lang='lat' dir='ltr'><strong>enim</strong></span> <span class='ocrx_word' id='word_1_281' title='bbox 2296 1969 2465 2040; x_wconf 85' lang='lat' dir='ltr'><strong>diligit</strong></span> <span class='ocrx_word' id='word_1_282' title='bbox 2495 1969 2750 2025; x_wconf 80' lang='lat' dir='ltr'><strong>Dominus</strong></span> <span class='ocrx_word' id='word_1_283' title='bbox 2775 1974 3022 2042; x_wconf 87' lang='lat' dir='ltr'><strong>corripit,</strong></span> <span class='ocrx_word' id='word_1_284' title='bbox 3058 1982 3106 2027; x_wconf 88' lang='lat' dir='ltr'><strong>et</strong></span> <span class='ocrx_word' id='word_1_285' title='bbox 3141 1974 3293 2044; x_wconf 82' lang='lat' dir='ltr'><strong>quasi</strong></span> <span class='ocrx_word' id='word_1_286' title='bbox 3318 1989 3414 2044; x_wconf 81' lang='lat' dir='ltr'><strong>pa-</strong></span> 
     </span>
    </p>
   </div>
   <div class='ocr_carea' id='block_1_20' title="bbox 162 2058 3459 2134">
    <p class='ocr_par' dir='ltr' id='par_1_20' title="bbox 162 2058 3459 2134">
     <span class='ocr_line' id='line_1_20' title="bbox 162 2058 3459 2134; baseline 0.002 -21"><span class='ocrx_word' id='word_1_287' title='bbox 162 2058 292 2114; x_wconf 89' lang='lat' dir='ltr'><strong>lium</strong></span> <span class='ocrx_word' id='word_1_288' title='bbox 318 2060 557 2125; x_wconf 80' lang='lat' dir='ltr'><strong>animos,</strong></span> <span class='ocrx_word' id='word_1_289' title='bbox 584 2076 655 2115; x_wconf 90' lang='lat' dir='ltr'><strong>ne</strong></span> <span class='ocrx_word' id='word_1_290' title='bbox 683 2060 991 2130; x_wconf 86' lang='lat' dir='ltr'><strong>desperent,</strong></span> <span class='ocrx_word' id='word_1_291' title='bbox 1015 2060 1282 2128; x_wconf 89' lang='lat' dir='ltr'><strong>promisso</strong></span> <span class='ocrx_word' id='word_1_292' title='bbox 1311 2060 1402 2113; x_wconf 89' lang='lat' dir='ltr'><strong>Dei</strong></span> <span class='ocrx_word' id='word_1_293' title='bbox 1428 2060 1627 2114; x_wconf 76' lang='lat' dir='ltr'><strong>auxilio</strong></span> <span class='ocrx_word' id='word_1_294' title='bbox 1654 2075 1743 2114; x_wconf 85' lang='lat' dir='ltr'><strong>ro-</strong></span> <span class='ocrx_word' id='word_1_295' title='bbox 1846 2069 1924 2114; x_wconf 90' lang='lat' dir='ltr'><strong>ter</strong></span> <span class='ocrx_word' id='word_1_296' title='bbox 1950 2061 2005 2113; x_wconf 86' lang='lat' dir='ltr'><strong>in</strong></span> <span class='ocrx_word' id='word_1_297' title='bbox 2038 2060 2151 2128; x_wconf 76' lang='lat' dir='ltr'><strong>ﬁlio</strong></span> <span class='ocrx_word' id='word_1_298' title='bbox 2190 2060 2469 2130; x_wconf 78' lang='lat' dir='ltr'><strong>cumplacet</strong></span> <span class='ocrx_word' id='word_1_299' title='bbox 2504 2062 2621 2116; x_wconf 86' lang='lat' dir='ltr'><strong>sibi.</strong></span> <span class='ocrx_word' id='word_1_300' title='bbox 2652 2063 2825 2118; x_wconf 88' lang='lat' dir='ltr'><strong>Tanto</strong></span> <span class='ocrx_word' id='word_1_301' title='bbox 2858 2078 2984 2134; x_wconf 84' lang='lat' dir='ltr'><strong>ergo</strong></span> <span class='ocrx_word' id='word_1_302' title='bbox 3022 2065 3199 2121; x_wconf 92' lang='lat' dir='ltr'><strong>minus</strong></span> <span class='ocrx_word' id='word_1_303' title='bbox 3229 2065 3294 2121; x_wconf 87' lang='lat' dir='ltr'><strong>de</strong></span> <span class='ocrx_word' id='word_1_304' title='bbox 3318 2064 3459 2119; x_wconf 50' lang='lat' dir='ltr'><strong>tia“</strong></span> 
     </span>
    </p>
   </div>
   <div class='ocr_carea' id='block_1_21' title="bbox 160 2149 1746 2221">
    <p class='ocr_par' dir='ltr' id='par_1_21' title="bbox 160 2149 1746 2221">
     <span class='ocr_line' id='line_1_21' title="bbox 160 2149 1746 2221; baseline -0.001 -15"><span class='ocrx_word' id='word_1_305' title='bbox 160 2149 352 2216; x_wconf 86' lang='lat' dir='ltr'><strong>borat;</strong></span> <span class='ocrx_word' id='word_1_306' title='bbox 384 2150 475 2207; x_wconf 83' lang='lat' dir='ltr'><strong>hic</strong></span> <span class='ocrx_word' id='word_1_307' title='bbox 501 2150 777 2217; x_wconf 80' lang='lat' dir='ltr'><strong>fortiores,</strong></span> <span class='ocrx_word' id='word_1_308' title='bbox 810 2166 879 2205; x_wconf 89' lang='lat' dir='ltr'><strong>ne</strong></span> <span class='ocrx_word' id='word_1_309' title='bbox 905 2150 971 2205; x_wconf 89' lang='lat' dir='ltr'><strong>de</strong></span> <span class='ocrx_word' id='word_1_310' title='bbox 1000 2166 1060 2206; x_wconf 90' lang='lat' dir='ltr'><strong>se</strong></span> <span class='ocrx_word' id='word_1_311' title='bbox 1093 2160 1449 2221; x_wconf 72' lang='lat' dir='ltr'><strong>prmsumant,</strong></span> <span class='ocrx_word' id='word_1_312' title='bbox 1481 2152 1646 2207; x_wconf 82' lang='lat' dir='ltr'><strong>divini</strong></span> <span class='ocrx_word' id='word_1_313' title='bbox 1678 2153 1746 2206; x_wconf 91' lang='lat' dir='ltr'><strong>ti-</strong></span> 
     </span>
    </p>
   </div>
   <div class='ocr_carea' id='block_1_22' title="bbox 161 2240 885 2295">
    <p class='ocr_par' dir='ltr' id='par_1_22' title="bbox 161 2240 885 2295">
     <span class='ocr_line' id='line_1_22' title="bbox 161 2240 885 2295; baseline -0.004 0"><span class='ocrx_word' id='word_1_314' title='bbox 161 2241 333 2295; x_wconf 88' lang='lat' dir='ltr'><strong>moris</strong></span> <span class='ocrx_word' id='word_1_315' title='bbox 358 2240 618 2295; x_wconf 87' lang='lat' dir='ltr'><strong>memoria</strong></span> <span class='ocrx_word' id='word_1_316' title='bbox 647 2248 885 2295; x_wconf 89' lang='lat' dir='ltr'><strong>coercet.</strong></span> 
     </span>
    </p>
   </div>
   <div class='ocr_carea' id='block_1_23' title="bbox 231 2328 1742 2401">
    <p class='ocr_par' dir='ltr' id='par_1_23' title="bbox 231 2328 1742 2401">
     <span class='ocr_line' id='line_1_23' title="bbox 231 2328 1742 2401; baseline -0.003 -14"><span class='ocrx_word' id='word_1_317' title='bbox 231 2331 451 2387; x_wconf 87' lang='lat' dir='ltr'><strong>Sanitas</strong></span> <span class='ocrx_word' id='word_1_318' title='bbox 475 2332 662 2401; x_wconf 83' lang='lat' dir='ltr'><strong>quippe</strong></span> <span class='ocrx_word' id='word_1_319' title='bbox 689 2330 785 2383; x_wconf 89' lang='lat' dir='ltr'><strong>erit</strong></span> <span class='ocrx_word' id='word_1_320' title='bbox 817 2328 1059 2383; x_wconf 85' lang='lat' dir='ltr'><strong>umbilico</strong></span> <span class='ocrx_word' id='word_1_321' title='bbox 1083 2338 1193 2394; x_wconf 87' lang='lat' dir='ltr'><strong>tuo,</strong></span> <span class='ocrx_word' id='word_1_322' title='bbox 1217 2338 1265 2383; x_wconf 91' lang='lat' dir='ltr'><strong>et</strong></span> <span class='ocrx_word' id='word_1_323' title='bbox 1288 2330 1525 2400; x_wconf 84' lang='lat' dir='ltr'><strong>irrigatio</strong></span> <span class='ocrx_word' id='word_1_324' title='bbox 1549 2330 1742 2384; x_wconf 88' lang='lat' dir='ltr'><strong>ossium</strong></span> 
     </span>
    </p>
   </div>
   <div class='ocr_carea' id='block_1_24' title="bbox 157 2420 1744 2487">
    <p class='ocr_par' dir='ltr' id='par_1_24' title="bbox 157 2420 1744 2487">
     <span class='ocr_line' id='line_1_24' title="bbox 157 2420 1744 2487; baseline -0.003 -11"><span class='ocrx_word' id='word_1_325' title='bbox 157 2431 395 2476; x_wconf 82' lang='lat' dir='ltr'><strong>tuorum.</strong></span> <span class='ocrx_word' id='word_1_326' title='bbox 436 2421 493 2474; x_wconf 89' lang='lat' dir='ltr'><strong>1n</strong></span> <span class='ocrx_word' id='word_1_327' title='bbox 523 2421 732 2475; x_wconf 89' lang='lat' dir='ltr'><strong>ossibus</strong></span> <span class='ocrx_word' id='word_1_328' title='bbox 770 2420 939 2473; x_wconf 84' lang='lat' dir='ltr'><strong>solida</strong></span> <span class='ocrx_word' id='word_1_329' title='bbox 979 2420 1238 2473; x_wconf 84' lang='lat' dir='ltr'><strong>virtutum</strong></span> <span class='ocrx_word' id='word_1_330' title='bbox 1267 2434 1428 2487; x_wconf 89' lang='lat' dir='ltr'><strong>opera</strong></span> <span class='ocrx_word' id='word_1_331' title='bbox 1447 2460 1462 2484; x_wconf 95' lang='lat'><strong>,</strong></span> <span class='ocrx_word' id='word_1_332' title='bbox 1493 2420 1547 2473; x_wconf 94' lang='lat' dir='ltr'><strong>in</strong></span> <span class='ocrx_word' id='word_1_333' title='bbox 1574 2420 1744 2473; x_wconf 91' lang='lat' dir='ltr'><strong>umbi-</strong></span> 
     </span>
    </p>
   </div>
   <div class='ocr_carea' id='block_1_25' title="bbox 159 2509 1743 2581">
    <p class='ocr_par' dir='ltr' id='par_1_25' title="bbox 159 2509 1743 2581">
     <span class='ocr_line' id='line_1_25' title="bbox 159 2509 1743 2581; baseline -0.001 -15"><span class='ocrx_word' id='word_1_334' title='bbox 159 2512 289 2577; x_wconf 68' lang='lat' dir='ltr'><strong>lico,</strong></span> <span class='ocrx_word' id='word_1_335' title='bbox 318 2512 412 2581; x_wconf 91' lang='lat' dir='ltr'><strong>qui</strong></span> <span class='ocrx_word' id='word_1_336' title='bbox 440 2510 681 2565; x_wconf 82' lang='lat' dir='ltr'><strong>inferiori</strong></span> <span class='ocrx_word' id='word_1_337' title='bbox 707 2514 952 2580; x_wconf 89' lang='lat' dir='ltr'><strong>corporis</strong></span> <span class='ocrx_word' id='word_1_338' title='bbox 978 2518 1131 2580; x_wconf 90' lang='lat' dir='ltr'><strong>parte</strong></span> <span class='ocrx_word' id='word_1_339' title='bbox 1161 2509 1366 2565; x_wconf 89' lang='lat' dir='ltr'><strong>medius</strong></span> <span class='ocrx_word' id='word_1_340' title='bbox 1390 2518 1497 2576; x_wconf 88' lang='lat' dir='ltr'><strong>est,</strong></span> <span class='ocrx_word' id='word_1_341' title='bbox 1529 2510 1743 2565; x_wconf 86' lang='lat' dir='ltr'><strong>inlirma</strong></span> 
     </span>
    </p>
   </div>
   <div class='ocr_carea' id='block_1_26' title="bbox 158 2598 1742 2672">
    <p class='ocr_par' dir='ltr' id='par_1_26' title="bbox 158 2598 1742 2672">
     <span class='ocr_line' id='line_1_26' title="bbox 158 2598 1742 2672; baseline -0.001 -15"><span class='ocrx_word' id='word_1_342' title='bbox 158 2604 341 2659; x_wconf 84' lang='lat' dir='ltr'><strong>adhuc</strong></span> <span class='ocrx_word' id='word_1_343' title='bbox 378 2612 446 2657; x_wconf 67' lang='lat' dir='ltr'><strong>eo</strong></span> <span class='ocrx_word' id='word_1_344' title='bbox 472 2602 783 2672; x_wconf 81' lang='lat' dir='ltr'><strong>imperfecta</strong></span> <span class='ocrx_word' id='word_1_345' title='bbox 830 2602 1091 2656; x_wconf 89' lang='lat' dir='ltr'><strong>bonorum</strong></span> <span class='ocrx_word' id='word_1_346' title='bbox 1130 2599 1272 2655; x_wconf 88' lang='lat' dir='ltr'><strong>actio</strong></span> <span class='ocrx_word' id='word_1_347' title='bbox 1309 2601 1641 2669; x_wconf 78' lang='lat' dir='ltr'><strong>designatur.</strong></span> <span class='ocrx_word' id='word_1_348' title='bbox 1684 2598 1742 2655; x_wconf 89' lang='lat' dir='ltr'><strong>Si</strong></span> 
     </span>
    </p>
   </div>
   <div class='ocr_carea' id='block_1_27' title="bbox 156 2687 1743 2764">
    <p class='ocr_par' dir='ltr' id='par_1_27' title="bbox 156 2687 1743 2764">
     <span class='ocr_line' id='line_1_27' title="bbox 156 2687 1743 2764; baseline -0.004 -15"><span class='ocrx_word' id='word_1_349' title='bbox 156 2709 288 2764; x_wconf 86' lang='lat' dir='ltr'><strong>ergo</strong></span> <span class='ocrx_word' id='word_1_350' title='bbox 335 2692 505 2748; x_wconf 89' lang='lat' dir='ltr'><strong>Deum</strong></span> <span class='ocrx_word' id='word_1_351' title='bbox 544 2691 821 2755; x_wconf 89' lang='lat' dir='ltr'><strong>timueris,</strong></span> <span class='ocrx_word' id='word_1_352' title='bbox 864 2700 921 2744; x_wconf 91' lang='lat' dir='ltr'><strong>et</strong></span> <span class='ocrx_word' id='word_1_353' title='bbox 960 2704 1067 2745; x_wconf 88' lang='lat' dir='ltr'><strong>non</strong></span> <span class='ocrx_word' id='word_1_354' title='bbox 1110 2689 1212 2743; x_wconf 92' lang='lat' dir='ltr'><strong>tuis</strong></span> <span class='ocrx_word' id='word_1_355' title='bbox 1253 2687 1491 2753; x_wconf 90' lang='lat' dir='ltr'><strong>viribus,</strong></span> <span class='ocrx_word' id='word_1_356' title='bbox 1528 2689 1621 2743; x_wconf 87' lang='lat' dir='ltr'><strong>sed</strong></span> <span class='ocrx_word' id='word_1_357' title='bbox 1656 2704 1743 2743; x_wconf 88' lang='lat' dir='ltr'><strong>su-</strong></span> 
     </span>
    </p>
   </div>
   <div class='ocr_carea' id='block_1_28' title="bbox 156 2779 1745 2856">
    <p class='ocr_par' dir='ltr' id='par_1_28' title="bbox 156 2779 1745 2856">
     <span class='ocr_line' id='line_1_28' title="bbox 156 2779 1745 2856; baseline -0.003 -17"><span class='ocrx_word' id='word_1_358' title='bbox 156 2801 325 2856; x_wconf 88' lang='lat' dir='ltr'><strong>perna</strong></span> <span class='ocrx_word' id='word_1_359' title='bbox 358 2784 689 2854; x_wconf 86' lang='lat' dir='ltr'><strong>protectione</strong></span> <span class='ocrx_word' id='word_1_360' title='bbox 718 2782 952 2838; x_wconf 87' lang='lat' dir='ltr'><strong>conlisus</strong></span> <span class='ocrx_word' id='word_1_361' title='bbox 981 2796 1012 2835; x_wconf 91' lang='lat' dir='ltr'><strong>a</strong></span> <span class='ocrx_word' id='word_1_362' title='bbox 1037 2780 1195 2836; x_wconf 91' lang='lat' dir='ltr'><strong>malis</strong></span> <span class='ocrx_word' id='word_1_363' title='bbox 1227 2779 1497 2834; x_wconf 89' lang='lat' dir='ltr'><strong>abstinere</strong></span> <span class='ocrx_word' id='word_1_364' title='bbox 1528 2781 1745 2834; x_wconf 87' lang='lat' dir='ltr'><strong>studue-</strong></span> 
     </span>
    </p>
   </div>
   <div class='ocr_carea' id='block_1_29' title="bbox 159 2871 1743 2940">
    <p class='ocr_par' dir='ltr' id='par_1_29' title="bbox 159 2871 1743 2940">
     <span class='ocr_line' id='line_1_29' title="bbox 159 2871 1743 2940; baseline -0.003 -11"><span class='ocrx_word' id='word_1_365' title='bbox 159 2877 254 2940; x_wconf 87' lang='lat' dir='ltr'><strong>ris,</strong></span> <span class='ocrx_word' id='word_1_366' title='bbox 285 2875 498 2929; x_wconf 86' lang='lat' dir='ltr'><strong>sanitas</strong></span> <span class='ocrx_word' id='word_1_367' title='bbox 521 2875 627 2928; x_wconf 90' lang='lat' dir='ltr'><strong>erit</strong></span> <span class='ocrx_word' id='word_1_368' title='bbox 649 2872 903 2927; x_wconf 89' lang='lat' dir='ltr'><strong>umbilico</strong></span> <span class='ocrx_word' id='word_1_369' title='bbox 926 2880 1042 2937; x_wconf 89' lang='lat' dir='ltr'><strong>tuo,</strong></span> <span class='ocrx_word' id='word_1_370' title='bbox 1063 2880 1118 2926; x_wconf 92' lang='lat' dir='ltr'><strong>et</strong></span> <span class='ocrx_word' id='word_1_371' title='bbox 1138 2871 1383 2940; x_wconf 84' lang='lat' dir='ltr'><strong>irrigatio</strong></span> <span class='ocrx_word' id='word_1_372' title='bbox 1405 2871 1607 2926; x_wconf 92' lang='lat' dir='ltr'><strong>ossium</strong></span> <span class='ocrx_word' id='word_1_373' title='bbox 1631 2878 1743 2925; x_wconf 91' lang='lat' dir='ltr'><strong>tuo-</strong></span> 
     </span>
    </p>
   </div>
   <div class='ocr_carea' id='block_1_30' title="bbox 156 2962 1742 3034">
    <p class='ocr_par' dir='ltr' id='par_1_30' title="bbox 156 2962 1742 3034">
     <span class='ocr_line' id='line_1_30' title="bbox 156 2962 1742 3034; baseline -0.003 -14"><span class='ocrx_word' id='word_1_374' title='bbox 156 2982 309 3031; x_wconf 84' lang='lat' dir='ltr'><strong>rum,</strong></span> <span class='ocrx_word' id='word_1_375' title='bbox 348 2966 472 3034; x_wconf 87' lang='lat' dir='ltr'><strong>quia</strong></span> <span class='ocrx_word' id='word_1_376' title='bbox 514 2973 570 3020; x_wconf 94' lang='lat' dir='ltr'><strong>ct</strong></span> <span class='ocrx_word' id='word_1_377' title='bbox 609 2962 895 3018; x_wconf 81' lang='lat' dir='ltr'><strong>inﬁrmitas</strong></span> <span class='ocrx_word' id='word_1_378' title='bbox 931 2963 1111 3033; x_wconf 91' lang='lat' dir='ltr'><strong>operis</strong></span> <span class='ocrx_word' id='word_1_379' title='bbox 1153 2977 1250 3032; x_wconf 91' lang='lat' dir='ltr'><strong>per</strong></span> <span class='ocrx_word' id='word_1_380' title='bbox 1285 2962 1400 3017; x_wconf 73' lang='lat' dir='ltr'><strong>hmc</strong></span> <span class='ocrx_word' id='word_1_381' title='bbox 1436 2962 1502 3016; x_wconf 86' lang='lat' dir='ltr'><strong>ad</strong></span> <span class='ocrx_word' id='word_1_382' title='bbox 1543 2969 1742 3016; x_wconf 88' lang='lat' dir='ltr'><strong>statum</strong></span> 
     </span>
    </p>
   </div>
   <div class='ocr_carea' id='block_1_31' title="bbox 156 3056 1740 3129">
    <p class='ocr_par' dir='ltr' id='par_1_31' title="bbox 156 3056 1740 3129">
     <span class='ocr_line' id='line_1_31' title="bbox 156 3056 1740 3129; baseline -0.004 -16"><span class='ocrx_word' id='word_1_383' title='bbox 156 3059 509 3129; x_wconf 81' lang='lat' dir='ltr'><strong>perfectionis</strong></span> <span class='ocrx_word' id='word_1_384' title='bbox 548 3058 919 3121; x_wconf 85' lang='lat' dir='ltr'><strong>convalescet,</strong></span> <span class='ocrx_word' id='word_1_385' title='bbox 952 3066 1009 3113; x_wconf 92' lang='lat' dir='ltr'><strong>et</strong></span> <span class='ocrx_word' id='word_1_386' title='bbox 1037 3056 1197 3111; x_wconf 79' lang='lat' dir='ltr'><strong>fortia</strong></span> <span class='ocrx_word' id='word_1_387' title='bbox 1239 3071 1466 3126; x_wconf 73' lang='lat' dir='ltr'><strong>qumque</strong></span> <span class='ocrx_word' id='word_1_388' title='bbox 1498 3062 1589 3109; x_wconf 84' lang='lat' dir='ltr'><strong>tua</strong></span> <span class='ocrx_word' id='word_1_389' title='bbox 1623 3062 1740 3108; x_wconf 88' lang='lat' dir='ltr'><strong>acta</strong></span> 
     </span>
    </p>
   </div>
   <div class='ocr_carea' id='block_1_32' title="bbox 153 3149 1457 3220">
    <p class='ocr_par' dir='ltr' id='par_1_32' title="bbox 153 3149 1457 3220">
     <span class='ocr_line' id='line_1_32' title="bbox 153 3149 1457 3220; baseline -0.003 -16"><span class='ocrx_word' id='word_1_390' title='bbox 153 3161 278 3205; x_wconf 88' lang='lat' dir='ltr'><strong>sunt</strong></span> <span class='ocrx_word' id='word_1_391' title='bbox 308 3152 458 3207; x_wconf 87' lang='lat' dir='ltr'><strong>unde</strong></span> <span class='ocrx_word' id='word_1_392' title='bbox 479 3159 537 3205; x_wconf 93' lang='lat' dir='ltr'><strong>ut</strong></span> <span class='ocrx_word' id='word_1_393' title='bbox 562 3150 791 3220; x_wconf 89' lang='lat' dir='ltr'><strong>amplius</strong></span> <span class='ocrx_word' id='word_1_394' title='bbox 820 3151 1141 3205; x_wconf 85' lang='lat' dir='ltr'><strong>roborentur</strong></span> <span class='ocrx_word' id='word_1_395' title='bbox 1165 3149 1457 3217; x_wconf 89' lang='lat' dir='ltr'><strong>accipiunt.</strong></span> 
     </span>
    </p>
   </div>
   <div class='ocr_carea' id='block_1_33' title="bbox 227 3235 1739 3306">
    <p class='ocr_par' dir='ltr' id='par_1_33' title="bbox 227 3235 1739 3306">
     <span class='ocr_line' id='line_1_33' title="bbox 227 3235 1739 3306; baseline -0.001 -15"><span class='ocrx_word' id='word_1_396' title='bbox 227 3238 455 3293; x_wconf 78' lang='lat' dir='ltr'><strong>Honora</strong></span> <span class='ocrx_word' id='word_1_397' title='bbox 491 3239 767 3293; x_wconf 86' lang='lat' dir='ltr'><strong>Dominum</strong></span> <span class='ocrx_word' id='word_1_398' title='bbox 802 3238 867 3293; x_wconf 86' lang='lat' dir='ltr'><strong>de</strong></span> <span class='ocrx_word' id='word_1_399' title='bbox 902 3250 992 3291; x_wconf 83' lang='lat' dir='ltr'><strong>tua</strong></span> <span class='ocrx_word' id='word_1_400' title='bbox 1020 3238 1344 3301; x_wconf 88' lang='lat' dir='ltr'><strong>substantia,</strong></span> <span class='ocrx_word' id='word_1_401' title='bbox 1377 3246 1424 3290; x_wconf 87' lang='lat' dir='ltr'><strong>et</strong></span> <span class='ocrx_word' id='word_1_402' title='bbox 1462 3236 1527 3290; x_wconf 84' lang='lat' dir='ltr'><strong>de</strong></span> <span class='ocrx_word' id='word_1_403' title='bbox 1555 3235 1739 3306; x_wconf 83' lang='lat' dir='ltr'><strong>primi-</strong></span> 
     </span>
    </p>
   </div>
   <div class='ocr_carea' id='block_1_34' title="bbox 150 3326 1737 3398">
    <p class='ocr_par' dir='ltr' id='par_1_34' title="bbox 150 3326 1737 3398">
     <span class='ocr_line' id='line_1_34' title="bbox 150 3326 1737 3398; baseline -0.003 -16"><span class='ocrx_word' id='word_1_404' title='bbox 150 3332 235 3382; x_wconf 82' lang='lat' dir='ltr'><strong>tiis</strong></span> <span class='ocrx_word' id='word_1_405' title='bbox 271 3329 491 3398; x_wconf 81' lang='lat' dir='ltr'><strong>frugum</strong></span> <span class='ocrx_word' id='word_1_406' title='bbox 519 3330 749 3382; x_wconf 87' lang='lat' dir='ltr'><strong>omnium</strong></span> <span class='ocrx_word' id='word_1_407' title='bbox 771 3339 1002 3382; x_wconf 86' lang='lat' dir='ltr'><strong>tuarum.</strong></span> <span class='ocrx_word' id='word_1_408' title='bbox 1029 3327 1179 3381; x_wconf 83' lang='lat' dir='ltr'><strong>Multi</strong></span> <span class='ocrx_word' id='word_1_409' title='bbox 1203 3326 1367 3381; x_wconf 90' lang='lat' dir='ltr'><strong>multa</strong></span> <span class='ocrx_word' id='word_1_410' title='bbox 1390 3326 1737 3395; x_wconf 88' lang='lat' dir='ltr'><strong>pauperibus,</strong></span> 
     </span>
    </p>
   </div>
   <div class='ocr_carea' id='block_1_35' title="bbox 156 3416 1741 3488">
    <p class='ocr_par' dir='ltr' id='par_1_35' title="bbox 156 3416 1741 3488">
     <span class='ocr_line' id='line_1_35' title="bbox 156 3416 1741 3488; baseline -0.002 -16"><span class='ocrx_word' id='word_1_411' title='bbox 156 3420 249 3472; x_wconf 87' lang='lat' dir='ltr'><strong>sed</strong></span> <span class='ocrx_word' id='word_1_412' title='bbox 299 3421 371 3473; x_wconf 88' lang='lat' dir='ltr'><strong>de</strong></span> <span class='ocrx_word' id='word_1_413' title='bbox 422 3416 596 3472; x_wconf 90' lang='lat' dir='ltr'><strong>aliena</strong></span> <span class='ocrx_word' id='word_1_414' title='bbox 637 3417 938 3472; x_wconf 87' lang='lat' dir='ltr'><strong>substantia</strong></span> <span class='ocrx_word' id='word_1_415' title='bbox 983 3432 1048 3471; x_wconf 89' lang='lat' dir='ltr'><strong>ac</strong></span> <span class='ocrx_word' id='word_1_416' title='bbox 1098 3417 1365 3488; x_wconf 80' lang='lat' dir='ltr'><strong>frugibus,</strong></span> <span class='ocrx_word' id='word_1_417' title='bbox 1415 3432 1549 3486; x_wconf 89' lang='lat' dir='ltr'><strong>quas</strong></span> <span class='ocrx_word' id='word_1_418' title='bbox 1587 3417 1636 3471; x_wconf 89' lang='lat' dir='ltr'><strong>vi</strong></span> <span class='ocrx_word' id='word_1_419' title='bbox 1687 3424 1741 3471; x_wconf 90' lang='lat' dir='ltr'><strong>et</strong></span> 
     </span>
    </p>
   </div>
   <div class='ocr_carea' id='block_1_36' title="bbox 152 3506 1737 3577">
    <p class='ocr_par' dir='ltr' id='par_1_36' title="bbox 152 3506 1737 3577">
     <span class='ocr_line' id='line_1_36' title="bbox 152 3506 1737 3577; baseline -0.001 -17"><span class='ocrx_word' id='word_1_420' title='bbox 152 3507 344 3561; x_wconf 82' lang='lat' dir='ltr'><strong>fraude</strong></span> <span class='ocrx_word' id='word_1_421' title='bbox 376 3514 669 3577; x_wconf 90' lang='lat' dir='ltr'><strong>rapuerunt</strong></span> <span class='ocrx_word' id='word_1_422' title='bbox 700 3507 970 3571; x_wconf 90' lang='lat' dir='ltr'><strong>tribuunt;</strong></span> <span class='ocrx_word' id='word_1_423' title='bbox 1014 3506 1168 3560; x_wconf 90' lang='lat' dir='ltr'><strong>multi</strong></span> <span class='ocrx_word' id='word_1_424' title='bbox 1209 3506 1510 3577; x_wconf 85' lang='lat' dir='ltr'><strong>largiuntur</strong></span> <span class='ocrx_word' id='word_1_425' title='bbox 1533 3506 1597 3561; x_wconf 90' lang='lat' dir='ltr'><strong>de</strong></span> <span class='ocrx_word' id='word_1_426' title='bbox 1619 3521 1737 3570; x_wconf 87' lang='lat' dir='ltr'><strong>suo,</strong></span> 
     </span>
    </p>
   </div>
   <div class='ocr_carea' id='block_1_37' title="bbox 152 3586 1791 3668">
    <p class='ocr_par' dir='ltr' id='par_1_37' title="bbox 152 3586 1791 3668">
     <span class='ocr_line' id='line_1_37' title="bbox 152 3586 1791 3668; baseline 0 -18"><span class='ocrx_word' id='word_1_427' title='bbox 152 3600 245 3652; x_wconf 87' lang='lat' dir='ltr'><strong>scd</strong></span> <span class='ocrx_word' id='word_1_428' title='bbox 273 3598 561 3668; x_wconf 83' lang='lat' dir='ltr'><strong>largiendo</strong></span> <span class='ocrx_word' id='word_1_429' title='bbox 599 3597 882 3652; x_wconf 89' lang='lat' dir='ltr'><strong>Dominum</strong></span> <span class='ocrx_word' id='word_1_430' title='bbox 912 3612 1018 3651; x_wconf 92' lang='lat' dir='ltr'><strong>non</strong></span> <span class='ocrx_word' id='word_1_431' title='bbox 1046 3597 1349 3661; x_wconf 91' lang='lat' dir='ltr'><strong>honorant,</strong></span> <span class='ocrx_word' id='word_1_432' title='bbox 1376 3596 1499 3665; x_wconf 89' lang='lat' dir='ltr'><strong>quia</strong></span> <span class='ocrx_word' id='word_1_433' title='bbox 1543 3595 1739 3651; x_wconf 81' lang='lat' dir='ltr'><strong>favoris</strong></span> <span class='ocrx_word' id='word_1_434' title='bbox 1788 3586 1791 3589; x_wconf 63' lang='grc'><em>’</em></span> 
     </span>
    </p>
   </div>
   <div class='ocr_carea' id='block_1_38' title="bbox 151 3685 1735 3757">
    <p class='ocr_par' dir='ltr' id='par_1_38' title="bbox 151 3685 1735 3757">
     <span class='ocr_line' id='line_1_38' title="bbox 151 3685 1735 3757; baseline -0.002 -16"><span class='ocrx_word' id='word_1_435' title='bbox 151 3688 412 3755; x_wconf 88' lang='lat' dir='ltr'><strong>humani,</strong></span> <span class='ocrx_word' id='word_1_436' title='bbox 449 3695 646 3743; x_wconf 83' lang='lat' dir='ltr'><strong>et‘non</strong></span> <span class='ocrx_word' id='word_1_437' title='bbox 686 3702 870 3742; x_wconf 90' lang='lat' dir='ltr'><strong>amore</strong></span> <span class='ocrx_word' id='word_1_438' title='bbox 906 3688 1124 3757; x_wconf 90' lang='lat' dir='ltr'><strong>superni</strong></span> <span class='ocrx_word' id='word_1_439' title='bbox 1161 3687 1481 3757; x_wconf 88' lang='lat' dir='ltr'><strong>inspectoris</strong></span> <span class='ocrx_word' id='word_1_440' title='bbox 1516 3685 1735 3742; x_wconf 79' lang='lat' dir='ltr'><strong>iaciunt.</strong></span> 
     </span>
    </p>
   </div>
   <div class='ocr_carea' id='block_1_39' title="bbox 150 3772 1737 3854">
    <p class='ocr_par' dir='ltr' id='par_1_39' title="bbox 150 3772 1737 3854">
     <span class='ocr_line' id='line_1_39' title="bbox 150 3772 1737 3854; baseline -0.001 -23"><span class='ocrx_word' id='word_1_441' title='bbox 150 3772 251 3844; x_wconf 82' lang='lat' dir='ltr'><strong>Qui</strong></span> <span class='ocrx_word' id='word_1_442' title='bbox 292 3793 429 3850; x_wconf 86' lang='lat' dir='ltr'><strong>ergo</strong></span> <span class='ocrx_word' id='word_1_443' title='bbox 468 3777 767 3849; x_wconf 82' lang='lat' dir='ltr'><strong>proﬁcuum</strong></span> <span class='ocrx_word' id='word_1_444' title='bbox 809 3777 913 3833; x_wconf 91' lang='lat' dir='ltr'><strong>sibi</strong></span> <span class='ocrx_word' id='word_1_445' title='bbox 955 3777 1308 3848; x_wconf 78' lang='lat' dir='ltr'><strong>eleemosynze</strong></span> <span class='ocrx_word' id='word_1_446' title='bbox 1350 3776 1583 3854; x_wconf 79' lang='lat' dir='ltr'><strong>fructum</strong></span> <span class='ocrx_word' id='word_1_447' title='bbox 1623 3775 1737 3830; x_wconf 80' lang='lat' dir='ltr'><strong>fore</strong></span> 
     </span>
    </p>
   </div>
   <div class='ocr_carea' id='block_1_40' title="bbox 150 3866 1733 3937">
    <p class='ocr_par' dir='ltr' id='par_1_40' title="bbox 150 3866 1733 3937">
     <span class='ocr_line' id='line_1_40' title="bbox 150 3866 1733 3937; baseline -0.001 -14"><span class='ocrx_word' id='word_1_448' title='bbox 150 3868 453 3933; x_wconf 86' lang='lat' dir='ltr'><strong>desiderat,</strong></span> <span class='ocrx_word' id='word_1_449' title='bbox 480 3876 535 3923; x_wconf 89' lang='lat' dir='ltr'><strong>et</strong></span> <span class='ocrx_word' id='word_1_450' title='bbox 564 3869 631 3924; x_wconf 90' lang='lat' dir='ltr'><strong>de</strong></span> <span class='ocrx_word' id='word_1_451' title='bbox 655 3869 766 3923; x_wconf 90' lang='lat' dir='ltr'><strong>suis</strong></span> <span class='ocrx_word' id='word_1_452' title='bbox 793 3868 1043 3937; x_wconf 89' lang='lat' dir='ltr'><strong>propriis,</strong></span> <span class='ocrx_word' id='word_1_453' title='bbox 1073 3874 1129 3922; x_wconf 91' lang='lat' dir='ltr'><strong>et</strong></span> <span class='ocrx_word' id='word_1_454' title='bbox 1157 3867 1210 3921; x_wconf 94' lang='lat' dir='ltr'><strong>in</strong></span> <span class='ocrx_word' id='word_1_455' title='bbox 1235 3867 1530 3921; x_wconf 90' lang='lat' dir='ltr'><strong>conditoris</strong></span> <span class='ocrx_word' id='word_1_456' title='bbox 1563 3866 1733 3921; x_wconf 76' lang='lat' dir='ltr'><strong>hono-</strong></span> 
     </span>
    </p>
   </div>
   <div class='ocr_carea' id='block_1_41' title="bbox 149 3957 1734 4027">
    <p class='ocr_par' dir='ltr' id='par_1_41' title="bbox 149 3957 1734 4027">
     <span class='ocr_line' id='line_1_41' title="bbox 149 3957 1734 4027; baseline -0.001 -14"><span class='ocrx_word' id='word_1_457' title='bbox 149 3973 263 4014; x_wconf 89' lang='lat' dir='ltr'><strong>rem</strong></span> <span class='ocrx_word' id='word_1_458' title='bbox 298 3960 543 4024; x_wconf 88' lang='lat' dir='ltr'><strong>tribuat,</strong></span> <span class='ocrx_word' id='word_1_459' title='bbox 579 3967 640 4013; x_wconf 90' lang='lat' dir='ltr'><strong>ut</strong></span> <span class='ocrx_word' id='word_1_460' title='bbox 669 3958 876 4014; x_wconf 88' lang='lat' dir='ltr'><strong>scilicet</strong></span> <span class='ocrx_word' id='word_1_461' title='bbox 913 3958 1193 4023; x_wconf 83' lang='lat' dir='ltr'><strong>homines,</strong></span> <span class='ocrx_word' id='word_1_462' title='bbox 1229 3958 1319 4026; x_wconf 89' lang='lat' dir='ltr'><strong>qui</strong></span> <span class='ocrx_word' id='word_1_463' title='bbox 1355 3958 1471 4027; x_wconf 86' lang='lat' dir='ltr'><strong>ejus</strong></span> <span class='ocrx_word' id='word_1_464' title='bbox 1507 3957 1734 4026; x_wconf 76' lang='lat' dir='ltr'><strong>plasma,</strong></span> 
     </span>
    </p>
   </div>
   <div class='ocr_carea' id='block_1_42' title="bbox 145 4048 1731 4123">
    <p class='ocr_par' dir='ltr' id='par_1_42' title="bbox 145 4048 1731 4123">
     <span class='ocr_line' id='line_1_42' title="bbox 145 4048 1731 4123; baseline 0 -17"><span class='ocrx_word' id='word_1_465' title='bbox 145 4052 238 4123; x_wconf 88' lang='lat' dir='ltr'><strong>qui</strong></span> <span class='ocrx_word' id='word_1_466' title='bbox 268 4051 339 4105; x_wconf 89' lang='lat' dir='ltr'><strong>ad</strong></span> <span class='ocrx_word' id='word_1_467' title='bbox 370 4048 492 4120; x_wconf 70' lang='lat' dir='ltr'><strong>q‘us</strong></span> <span class='ocrx_word' id='word_1_468' title='bbox 520 4050 805 4123; x_wconf 84' lang='lat' dir='ltr'><strong>imaginem</strong></span> <span class='ocrx_word' id='word_1_469' title='bbox 837 4058 961 4105; x_wconf 87' lang='lat' dir='ltr'><strong>sunt</strong></span> <span class='ocrx_word' id='word_1_470' title='bbox 986 4048 1113 4105; x_wconf 84' lang='lat' dir='ltr'><strong>facti</strong></span> <span class='ocrx_word' id='word_1_471' title='bbox 1141 4058 1477 4104; x_wconf 84' lang='lat' dir='ltr'><strong>recreentur.</strong></span> <span class='ocrx_word' id='word_1_472' title='bbox 1503 4049 1617 4106; x_wconf 81' lang='lat' dir='ltr'><strong>Non</strong></span> <span class='ocrx_word' id='word_1_473' title='bbox 1646 4066 1731 4106; x_wconf 81' lang='lat' dir='ltr'><strong>so-</strong></span> 
     </span>
    </p>
   </div>
   <div class='ocr_carea' id='block_1_43' title="bbox 144 4140 1736 4213">
    <p class='ocr_par' dir='ltr' id='par_1_43' title="bbox 144 4140 1736 4213">
     <span class='ocr_line' id='line_1_43' title="bbox 144 4140 1736 4213; baseline -0.001 -16"><span class='ocrx_word' id='word_1_474' title='bbox 144 4140 254 4197; x_wconf 85' lang='lat' dir='ltr'><strong>lum</strong></span> <span class='ocrx_word' id='word_1_475' title='bbox 296 4150 489 4197; x_wconf 87' lang='lat' dir='ltr'><strong>autem</strong></span> <span class='ocrx_word' id='word_1_476' title='bbox 535 4143 601 4196; x_wconf 90' lang='lat' dir='ltr'><strong>de</strong></span> <span class='ocrx_word' id='word_1_477' title='bbox 644 4140 944 4196; x_wconf 86' lang='lat' dir='ltr'><strong>substantia</strong></span> <span class='ocrx_word' id='word_1_478' title='bbox 991 4141 1269 4210; x_wconf 67' lang='lat' dir='ltr'><strong>pecunizc,</strong></span> <span class='ocrx_word' id='word_1_479' title='bbox 1314 4156 1476 4210; x_wconf 87' lang='lat' dir='ltr'><strong>quam</strong></span> <span class='ocrx_word' id='word_1_480' title='bbox 1516 4142 1736 4213; x_wconf 73' lang='lat' dir='ltr'><strong>pauperi</strong></span> 
     </span>
    </p>
   </div>
   <div class='ocr_carea' id='block_1_44' title="bbox 142 4232 1733 4305">
    <p class='ocr_par' dir='ltr' id='par_1_44' title="bbox 142 4232 1733 4305">
     <span class='ocr_line' id='line_1_44' title="bbox 142 4232 1733 4305; baseline -0.003 -17"><span class='ocrx_word' id='word_1_481' title='bbox 142 4235 501 4305; x_wconf 80' lang='lat' dir='ltr'><strong>porrigimus,</strong></span> <span class='ocrx_word' id='word_1_482' title='bbox 517 4232 610 4288; x_wconf 91' lang='lat' dir='ltr'><strong>sed</strong></span> <span class='ocrx_word' id='word_1_483' title='bbox 633 4232 773 4286; x_wconf 89' lang='lat' dir='ltr'><strong>etde</strong></span> <span class='ocrx_word' id='word_1_484' title='bbox 794 4239 1002 4287; x_wconf 73' lang='lat' dir='ltr'><strong>cuncta:</strong></span> <span class='ocrx_word' id='word_1_485' title='bbox 1022 4232 1176 4287; x_wconf 65' lang='lat' dir='ltr'><strong>bona:</strong></span> <span class='ocrx_word' id='word_1_486' title='bbox 1199 4233 1547 4303; x_wconf 86' lang='lat' dir='ltr'><strong>operationis,</strong></span> <span class='ocrx_word' id='word_1_487' title='bbox 1572 4247 1733 4302; x_wconf 85' lang='lat' dir='ltr'><strong>quam</strong></span> 
     </span>
    </p>
   </div>
   <div class='ocr_carea' id='block_1_45' title="bbox 142 4321 1733 4395">
    <p class='ocr_par' dir='ltr' id='par_1_45' title="bbox 142 4321 1733 4395">
     <span class='ocr_line' id='line_1_45' title="bbox 142 4321 1733 4395; baseline -0.003 -16"><span class='ocrx_word' id='word_1_488' title='bbox 142 4326 376 4395; x_wconf 80' lang='lat' dir='ltr'><strong>agimus,</strong></span> <span class='ocrx_word' id='word_1_489' title='bbox 414 4322 485 4378; x_wconf 90' lang='lat' dir='ltr'><strong>de</strong></span> <span class='ocrx_word' id='word_1_490' title='bbox 507 4323 770 4377; x_wconf 76' lang='lat' dir='ltr'><strong>universa:</strong></span> <span class='ocrx_word' id='word_1_491' title='bbox 797 4322 1032 4377; x_wconf 72' lang='lat' dir='ltr'><strong>cmlestis</strong></span> <span class='ocrx_word' id='word_1_492' title='bbox 1060 4322 1246 4391; x_wconf 70' lang='lat' dir='ltr'><strong>gratia:</strong></span> <span class='ocrx_word' id='word_1_493' title='bbox 1266 4362 1280 4382; x_wconf 87' lang='lat'><strong>.</strong></span> <span class='ocrx_word' id='word_1_494' title='bbox 1306 4337 1471 4392; x_wconf 89' lang='lat' dir='ltr'><strong>quam</strong></span> <span class='ocrx_word' id='word_1_495' title='bbox 1500 4321 1733 4393; x_wconf 64' lang='lat' dir='ltr'><strong>percipi»</strong></span> 
     </span>
    </p>
   </div>
   <div class='ocr_carea' id='block_1_46' title="bbox 1845 2149 3473 2225">
    <p class='ocr_par' dir='ltr' id='par_1_46' title="bbox 1845 2149 3473 2225">
     <span class='ocr_line' id='line_1_46' title="bbox 1845 2149 3473 2225; baseline 0.005 -23"><span class='ocrx_word' id='word_1_496' title='bbox 1845 2149 2011 2219; x_wconf 87' lang='lat' dir='ltr'><strong>gello,</strong></span> <span class='ocrx_word' id='word_1_497' title='bbox 2041 2164 2147 2218; x_wconf 91' lang='lat' dir='ltr'><strong>quo</strong></span> <span class='ocrx_word' id='word_1_498' title='bbox 2173 2152 2502 2221; x_wconf 83' lang='lat' dir='ltr'><strong>castigamur</strong></span> <span class='ocrx_word' id='word_1_499' title='bbox 2534 2166 2871 2208; x_wconf 88' lang='lat' dir='ltr'><strong>murmurare</strong></span> <span class='ocrx_word' id='word_1_500' title='bbox 2894 2154 3181 2217; x_wconf 86' lang='lat' dir='ltr'><strong>debemus,</strong></span> <span class='ocrx_word' id='word_1_501' title='bbox 3210 2163 3417 2225; x_wconf 81' lang='lat' dir='ltr'><strong>quanto</strong></span> <span class='ocrx_word' id='word_1_502' title='bbox 3468 2214 3473 2219; x_wconf 58' lang='grc'><em>,</em></span> 
     </span>
    </p>
   </div>
   <div class='ocr_carea' id='block_1_47' title="bbox 1844 2240 3415 2316">
    <p class='ocr_par' dir='ltr' id='par_1_47' title="bbox 1844 2240 3415 2316">
     <span class='ocr_line' id='line_1_47' title="bbox 1844 2240 3415 2316; baseline 0.004 -21"><span class='ocrx_word' id='word_1_503' title='bbox 1844 2240 2045 2295; x_wconf 85' lang='lat' dir='ltr'><strong>certius</strong></span> <span class='ocrx_word' id='word_1_504' title='bbox 2092 2240 2145 2295; x_wconf 91' lang='lat' dir='ltr'><strong>in</strong></span> <span class='ocrx_word' id='word_1_505' title='bbox 2190 2256 2256 2296; x_wconf 91' lang='lat' dir='ltr'><strong>eo</strong></span> <span class='ocrx_word' id='word_1_506' title='bbox 2303 2250 2541 2310; x_wconf 74' lang='lat' dir='ltr'><strong>paterna:</strong></span> <span class='ocrx_word' id='word_1_507' title='bbox 2584 2242 2882 2299; x_wconf 89' lang='lat' dir='ltr'><strong>dilectionis</strong></span> <span class='ocrx_word' id='word_1_508' title='bbox 2914 2245 3107 2316; x_wconf 84' lang='lat' dir='ltr'><strong>pignus</strong></span> <span class='ocrx_word' id='word_1_509' title='bbox 3149 2254 3415 2313; x_wconf 82' lang='lat' dir='ltr'><strong>tenemus,</strong></span> 
     </span>
    </p>
   </div>
   <div class='ocr_carea' id='block_1_48' title="bbox 1844 2330 3411 2408">
    <p class='ocr_par' dir='ltr' id='par_1_48' title="bbox 1844 2330 3411 2408">
     <span class='ocr_line' id='line_1_48' title="bbox 1844 2330 3411 2408; baseline 0.005 -24"><span class='ocrx_word' id='word_1_510' title='bbox 1844 2330 1986 2385; x_wconf 84' lang='lat' dir='ltr'><strong>unde</strong></span> <span class='ocrx_word' id='word_1_511' title='bbox 2012 2339 2067 2385; x_wconf 87' lang='lat' dir='ltr'><strong>et</strong></span> <span class='ocrx_word' id='word_1_512' title='bbox 2098 2330 2211 2399; x_wconf 87' lang='lat' dir='ltr'><strong>ipse</strong></span> <span class='ocrx_word' id='word_1_513' title='bbox 2248 2332 2375 2387; x_wconf 79' lang='lat' dir='ltr'><strong>dicit</strong></span> <span class='ocrx_word' id='word_1_514' title='bbox 2409 2351 2419 2386; x_wconf 87' lang='lat'>:</span> <span class='ocrx_word' id='word_1_515' title='bbox 2462 2331 2572 2403; x_wconf 78' lang='lat' dir='ltr'><strong>Ego</strong></span> <span class='ocrx_word' id='word_1_516' title='bbox 2601 2350 2727 2404; x_wconf 86' lang='lat' dir='ltr'><strong>quos</strong></span> <span class='ocrx_word' id='word_1_517' title='bbox 2758 2351 2876 2389; x_wconf 88' lang='lat' dir='ltr'><strong>amo</strong></span> <span class='ocrx_word' id='word_1_518' title='bbox 2898 2375 2913 2401; x_wconf 93' lang='lat'><strong>,</strong></span> <span class='ocrx_word' id='word_1_519' title='bbox 2947 2353 3111 2407; x_wconf 83' lang='lat' dir='ltr'><strong>arguo</strong></span> <span class='ocrx_word' id='word_1_520' title='bbox 3134 2347 3180 2390; x_wconf 86' lang='lat' dir='ltr'><strong>et</strong></span> <span class='ocrx_word' id='word_1_521' title='bbox 3216 2339 3411 2408; x_wconf 84' lang='lat' dir='ltr'><strong>castigo</strong></span> 
     </span>
    </p>
   </div>
   <div class='ocr_carea' id='block_1_49' title="bbox 1847 2416 3413 2496">
    <p class='ocr_par' dir='ltr' id='par_1_49' title="bbox 1847 2416 3413 2496">
     <span class='ocr_line' id='line_1_49' title="bbox 1847 2416 3413 2496; baseline 0.01 -29"><span class='ocrx_word' id='word_1_522' title='bbox 1847 2416 2029 2486; x_wconf 75' lang='lat' dir='ltr'><strong>(Apoc.</strong></span> <span class='ocrx_word' id='word_1_523' title='bbox 2076 2418 2179 2487; x_wconf 88' lang='lat' dir='ltr'><strong>tn).</strong></span> <span class='ocrx_word' id='word_1_524' title='bbox 2218 2418 2519 2475; x_wconf 84' lang='lat' dir='ltr'><strong>Notandum</strong></span> <span class='ocrx_word' id='word_1_525' title='bbox 2564 2433 2743 2476; x_wconf 88' lang='lat' dir='ltr'><strong>autem</strong></span> <span class='ocrx_word' id='word_1_526' title='bbox 2788 2425 2928 2494; x_wconf 88' lang='lat' dir='ltr'><strong>quod</strong></span> <span class='ocrx_word' id='word_1_527' title='bbox 2971 2442 3070 2496; x_wconf 91' lang='lat' dir='ltr'><strong>pro</strong></span> <span class='ocrx_word' id='word_1_528' title='bbox 3111 2427 3211 2482; x_wconf 91' lang='lat' dir='ltr'><strong>hoc</strong></span> <span class='ocrx_word' id='word_1_529' title='bbox 3248 2427 3413 2484; x_wconf 89' lang='lat' dir='ltr'><strong>verbo</strong></span> 
     </span>
    </p>
   </div>
   <div class='ocr_carea' id='block_1_50' title="bbox 1848 2504 3416 2586">
    <p class='ocr_par' dir='ltr' id='par_1_50' title="bbox 1848 2504 3416 2586">
     <span class='ocr_line' id='line_1_50' title="bbox 1848 2504 3416 2586; baseline 0.009 -26"><span class='ocrx_word' id='word_1_530' title='bbox 1848 2504 2197 2579; x_wconf 81' lang='lat' dir='ltr'><strong>Septuaginta</strong></span> <span class='ocrx_word' id='word_1_531' title='bbox 2235 2509 2557 2581; x_wconf 88' lang='lat' dir='ltr'><strong>Interprctcs</strong></span> <span class='ocrx_word' id='word_1_532' title='bbox 2598 2514 2812 2580; x_wconf 64' lang='lat' dir='ltr'><strong>dixere,</strong></span> <span class='ocrx_word' id='word_1_533' title='bbox 2848 2518 3078 2586; x_wconf 81' lang='lat' dir='ltr'><strong>ﬂagellat</strong></span> <span class='ocrx_word' id='word_1_534' title='bbox 3109 2530 3281 2573; x_wconf 85' lang='lat' dir='ltr'><strong>autem</strong></span> <span class='ocrx_word' id='word_1_535' title='bbox 3304 2537 3416 2573; x_wconf 83' lang='lat' dir='ltr'><strong>om-</strong></span> 
     </span>
    </p>
   </div>
   <div class='ocr_carea' id='block_1_51' title="bbox 1845 2598 3414 2680">
    <p class='ocr_par' dir='ltr' id='par_1_51' title="bbox 1845 2598 3414 2680">
     <span class='ocr_line' id='line_1_51' title="bbox 1845 2598 3414 2680; baseline 0.01 -30"><span class='ocrx_word' id='word_1_536' title='bbox 1845 2614 1959 2651; x_wconf 86' lang='lat' dir='ltr'><strong>nem</strong></span> <span class='ocrx_word' id='word_1_537' title='bbox 1996 2598 2163 2667; x_wconf 83' lang='lat' dir='ltr'><strong>ﬁlium</strong></span> <span class='ocrx_word' id='word_1_538' title='bbox 2192 2618 2342 2669; x_wconf 83' lang='lat' dir='ltr'><strong>quem</strong></span> <span class='ocrx_word' id='word_1_539' title='bbox 2383 2605 2579 2671; x_wconf 80' lang='lat' dir='ltr'><strong>recipit.</strong></span> <span class='ocrx_word' id='word_1_540' title='bbox 2615 2604 2763 2669; x_wconf 86' lang='lat' dir='ltr'><strong>Quod</strong></span> <span class='ocrx_word' id='word_1_541' title='bbox 2807 2606 3108 2662; x_wconf 89' lang='lat' dir='ltr'><strong>mirandum</strong></span> <span class='ocrx_word' id='word_1_542' title='bbox 3137 2624 3236 2664; x_wconf 93' lang='lat' dir='ltr'><strong>cur</strong></span> <span class='ocrx_word' id='word_1_543' title='bbox 3272 2609 3414 2680; x_wconf 84' lang='lat' dir='ltr'><strong>Apo-</strong></span> 
     </span>
    </p>
   </div>
   <div class='ocr_carea' id='block_1_52' title="bbox 1843 2687 3414 2769">
    <p class='ocr_par' dir='ltr' id='par_1_52' title="bbox 1843 2687 3414 2769">
     <span class='ocr_line' id='line_1_52' title="bbox 1843 2687 3414 2769; baseline 0.007 -27"><span class='ocrx_word' id='word_1_544' title='bbox 1843 2687 2014 2742; x_wconf 91' lang='lat' dir='ltr'><strong>stolus</strong></span> <span class='ocrx_word' id='word_1_545' title='bbox 2049 2688 2117 2743; x_wconf 90' lang='lat' dir='ltr'><strong>ad</strong></span> <span class='ocrx_word' id='word_1_546' title='bbox 2157 2688 2409 2745; x_wconf 65' lang='lat' dir='ltr'><strong>Heln-mos</strong></span> <span class='ocrx_word' id='word_1_547' title='bbox 2453 2690 2711 2748; x_wconf 84' lang='lat' dir='ltr'><strong>Hebraice</strong></span> <span class='ocrx_word' id='word_1_548' title='bbox 2753 2695 2994 2751; x_wconf 86' lang='lat' dir='ltr'><strong>scribens</strong></span> <span class='ocrx_word' id='word_1_549' title='bbox 3044 2697 3213 2767; x_wconf 86' lang='lat' dir='ltr'><strong>magis</strong></span> <span class='ocrx_word' id='word_1_550' title='bbox 3260 2700 3414 2769; x_wconf 86' lang='lat' dir='ltr'><strong>sequi</strong></span> 
     </span>
    </p>
   </div>
   <div class='ocr_carea' id='block_1_53' title="bbox 1843 2781 2091 2836">
    <p class='ocr_par' dir='ltr' id='par_1_53' title="bbox 1843 2781 2091 2836">
     <span class='ocr_line' id='line_1_53' title="bbox 1843 2781 2091 2836; baseline 0.004 -1"><span class='ocrx_word' id='word_1_551' title='bbox 1843 2781 2091 2836; x_wconf 91' lang='lat' dir='ltr'><strong>voluerit.</strong></span> 
     </span>
    </p>
   </div>
   <div class='ocr_carea' id='block_1_54' title="bbox 1914 2872 3417 2952">
    <p class='ocr_par' dir='ltr' id='par_1_54' title="bbox 1914 2872 3417 2952">
     <span class='ocr_line' id='line_1_54' title="bbox 1914 2872 3417 2952; baseline 0.007 -26"><span class='ocrx_word' id='word_1_552' title='bbox 1914 2872 2107 2928; x_wconf 85' lang='lat' dir='ltr'><strong>Beatus</strong></span> <span class='ocrx_word' id='word_1_553' title='bbox 2137 2875 2288 2927; x_wconf 89' lang='lat' dir='ltr'><strong>homo</strong></span> <span class='ocrx_word' id='word_1_554' title='bbox 2321 2878 2411 2946; x_wconf 88' lang='lat' dir='ltr'><strong>qui</strong></span> <span class='ocrx_word' id='word_1_555' title='bbox 2447 2878 2637 2931; x_wconf 75' lang='lat' dir='ltr'><strong>invenit</strong></span> <span class='ocrx_word' id='word_1_556' title='bbox 2676 2880 3026 2946; x_wconf 67' lang='lat' dir='ltr'><strong>sapientiora,</strong></span> <span class='ocrx_word' id='word_1_557' title='bbox 3061 2889 3107 2934; x_wconf 87' lang='lat' dir='ltr'><strong>et</strong></span> <span class='ocrx_word' id='word_1_558' title='bbox 3135 2882 3223 2950; x_wconf 87' lang='lat' dir='ltr'><strong>qui</strong></span> <span class='ocrx_word' id='word_1_559' title='bbox 3252 2882 3417 2952; x_wconf 67' lang='lat' dir='ltr'><strong>afﬂuit</strong></span> 
     </span>
    </p>
   </div>
   <div class='ocr_carea' id='block_1_55' title="bbox 1844 2965 3414 3046">
    <p class='ocr_par' dir='ltr' id='par_1_55' title="bbox 1844 2965 3414 3046">
     <span class='ocr_line' id='line_1_55' title="bbox 1844 2965 3414 3046; baseline 0.01 -29"><span class='ocrx_word' id='word_1_560' title='bbox 1844 2965 2136 3033; x_wconf 83' lang='lat' dir='ltr'><strong>prudentia.</strong></span> <span class='ocrx_word' id='word_1_561' title='bbox 2167 2966 2298 3034; x_wconf 84' lang='lat' dir='ltr'><strong>Quia</strong></span> <span class='ocrx_word' id='word_1_562' title='bbox 2329 2970 2530 3039; x_wconf 82' lang='lat' dir='ltr'><strong>positos</strong></span> <span class='ocrx_word' id='word_1_563' title='bbox 2560 2972 2659 3026; x_wconf 90' lang='lat' dir='ltr'><strong>sub</strong></span> <span class='ocrx_word' id='word_1_564' title='bbox 2686 2971 2964 3042; x_wconf 86' lang='lat' dir='ltr'><strong>disciplina</strong></span> <span class='ocrx_word' id='word_1_565' title='bbox 2995 2983 3049 3029; x_wconf 90' lang='lat' dir='ltr'><strong>et</strong></span> <span class='ocrx_word' id='word_1_566' title='bbox 3076 2977 3414 3046; x_wconf 84' lang='lat' dir='ltr'><strong>correptione</strong></span> 
     </span>
    </p>
   </div>
   <div class='ocr_carea' id='block_1_56' title="bbox 1844 3056 3417 3135">
    <p class='ocr_par' dir='ltr' id='par_1_56' title="bbox 1844 3056 3417 3135">
     <span class='ocr_line' id='line_1_56' title="bbox 1844 3056 3417 3135; baseline 0.009 -27"><span class='ocrx_word' id='word_1_567' title='bbox 1844 3056 2143 3122; x_wconf 79' lang='lat' dir='ltr'><strong>solabatur,</strong></span> <span class='ocrx_word' id='word_1_568' title='bbox 2168 3058 2315 3114; x_wconf 87' lang='lat' dir='ltr'><strong>addit</strong></span> <span class='ocrx_word' id='word_1_569' title='bbox 2341 3062 2481 3129; x_wconf 80' lang='lat' dir='ltr'><strong>quod</strong></span> <span class='ocrx_word' id='word_1_570' title='bbox 2508 3072 2762 3132; x_wconf 72' lang='lat' dir='ltr'><strong>cmpcrat,</strong></span> <span class='ocrx_word' id='word_1_571' title='bbox 2792 3065 3069 3119; x_wconf 80' lang='lat' dir='ltr'><strong>insinuans</strong></span> <span class='ocrx_word' id='word_1_572' title='bbox 3095 3067 3217 3135; x_wconf 88' lang='lat' dir='ltr'><strong>quia</strong></span> <span class='ocrx_word' id='word_1_573' title='bbox 3245 3068 3417 3122; x_wconf 88' lang='lat' dir='ltr'><strong>beati-</strong></span> 
     </span>
    </p>
   </div>
   <div class='ocr_carea' id='block_1_57' title="bbox 1768 3131 3413 3226">
    <p class='ocr_par' dir='ltr' id='par_1_57' title="bbox 1768 3131 3413 3226">
     <span class='ocr_line' id='line_1_57' title="bbox 1768 3131 3413 3226; baseline 0.012 -33"><span class='ocrx_word' id='word_1_574' title='bbox 1768 3131 1813 3193; x_wconf 88' lang='lat' dir='ltr'>C</span> <span class='ocrx_word' id='word_1_575' title='bbox 1846 3144 1975 3197; x_wconf 79' lang='lat' dir='ltr'><strong>tudo</strong></span> <span class='ocrx_word' id='word_1_576' title='bbox 2014 3153 2097 3199; x_wconf 87' lang='lat' dir='ltr'><strong>est</strong></span> <span class='ocrx_word' id='word_1_577' title='bbox 2138 3161 2262 3201; x_wconf 79' lang='lat' dir='ltr'><strong>vera</strong></span> <span class='ocrx_word' id='word_1_578' title='bbox 2307 3147 2537 3204; x_wconf 75' lang='lat' dir='ltr'><strong>hominis</strong></span> <span class='ocrx_word' id='word_1_579' title='bbox 2576 3131 2678 3205; x_wconf 83' lang='lat' dir='ltr'><strong>non</strong></span> <span class='ocrx_word' id='word_1_580' title='bbox 2719 3154 2958 3209; x_wconf 83' lang='lat' dir='ltr'><strong>adversis</strong></span> <span class='ocrx_word' id='word_1_581' title='bbox 2982 3131 3167 3210; x_wconf 71' lang='lat' dir='ltr'><strong>carere</strong></span> <span class='ocrx_word' id='word_1_582' title='bbox 3194 3158 3247 3210; x_wconf 87' lang='lat' dir='ltr'><strong>in</strong></span> <span class='ocrx_word' id='word_1_583' title='bbox 3273 3172 3413 3226; x_wconf 74' lang='lat' dir='ltr'><strong>pra:-</strong></span> 
     </span>
    </p>
   </div>
   <div class='ocr_carea' id='block_1_58' title="bbox 1845 3228 3414 3315">
    <p class='ocr_par' dir='ltr' id='par_1_58' title="bbox 1845 3228 3414 3315">
     <span class='ocr_line' id='line_1_58' title="bbox 1845 3228 3414 3315; baseline 0.01 -28"><span class='ocrx_word' id='word_1_584' title='bbox 1845 3236 2004 3299; x_wconf 89' lang='lat' dir='ltr'><strong>senti,</strong></span> <span class='ocrx_word' id='word_1_585' title='bbox 2031 3228 2129 3291; x_wconf 78' lang='lat' dir='ltr'><strong>sed</strong></span> <span class='ocrx_word' id='word_1_586' title='bbox 2145 3249 2359 3292; x_wconf 69' lang='lat' dir='ltr'><strong>mternre</strong></span> <span class='ocrx_word' id='word_1_587' title='bbox 2389 3241 2660 3309; x_wconf 65' lang='lat' dir='ltr'><strong>sapicntim</strong></span> <span class='ocrx_word' id='word_1_588' title='bbox 2682 3244 3021 3313; x_wconf 88' lang='lat' dir='ltr'><strong>perceptione</strong></span> <span class='ocrx_word' id='word_1_589' title='bbox 3042 3244 3234 3300; x_wconf 67' lang='lat' dir='ltr'><strong>lactari.</strong></span> <span class='ocrx_word' id='word_1_590' title='bbox 3262 3247 3414 3315; x_wconf 79' lang='lat' dir='ltr'><strong>Quod</strong></span> 
     </span>
    </p>
   </div>
   <div class='ocr_carea' id='block_1_59' title="bbox 1842 3327 3416 3404">
    <p class='ocr_par' dir='ltr' id='par_1_59' title="bbox 1842 3327 3416 3404">
     <span class='ocr_line' id='line_1_59' title="bbox 1842 3327 3416 3404; baseline 0.009 -24"><span class='ocrx_word' id='word_1_591' title='bbox 1842 3334 1923 3381; x_wconf 91' lang='lat' dir='ltr'><strong>est</strong></span> <span class='ocrx_word' id='word_1_592' title='bbox 1954 3328 2006 3380; x_wconf 84' lang='lat' dir='ltr'><strong>in</strong></span> <span class='ocrx_word' id='word_1_593' title='bbox 2033 3327 2134 3383; x_wconf 91' lang='lat' dir='ltr'><strong>hac</strong></span> <span class='ocrx_word' id='word_1_594' title='bbox 2160 3330 2267 3383; x_wconf 82' lang='lat' dir='ltr'><strong>vita</strong></span> <span class='ocrx_word' id='word_1_595' title='bbox 2303 3330 2511 3386; x_wconf 87' lang='lat' dir='ltr'><strong>Domini</strong></span> <span class='ocrx_word' id='word_1_596' title='bbox 2540 3332 2865 3389; x_wconf 88' lang='lat' dir='ltr'><strong>voluntatem</strong></span> <span class='ocrx_word' id='word_1_597' title='bbox 2896 3351 3247 3404; x_wconf 82' lang='lat' dir='ltr'><strong>cognoscere,</strong></span> <span class='ocrx_word' id='word_1_598' title='bbox 3278 3347 3333 3393; x_wconf 89' lang='lat' dir='ltr'><strong>et</strong></span> <span class='ocrx_word' id='word_1_599' title='bbox 3359 3340 3416 3395; x_wconf 91' lang='lat' dir='ltr'><strong>in</strong></span> 
     </span>
    </p>
   </div>
   <div class='ocr_carea' id='block_1_60' title="bbox 1843 3415 3414 3492">
    <p class='ocr_par' dir='ltr' id='par_1_60' title="bbox 1843 3415 3414 3492">
     <span class='ocr_line' id='line_1_60' title="bbox 1843 3415 3414 3492; baseline 0.009 -23"><span class='ocrx_word' id='word_1_600' title='bbox 1843 3415 2024 3472; x_wconf 77' lang='lat' dir='ltr'><strong>futuro</strong></span> <span class='ocrx_word' id='word_1_601' title='bbox 2066 3419 2182 3489; x_wconf 84' lang='lat' dir='ltr'><strong>ejus</strong></span> <span class='ocrx_word' id='word_1_602' title='bbox 2220 3421 2426 3477; x_wconf 81' lang='lat' dir='ltr'><strong>visione</strong></span> <span class='ocrx_word' id='word_1_603' title='bbox 2469 3421 2692 3491; x_wconf 82' lang='lat' dir='ltr'><strong>perfrui.</strong></span> <span class='ocrx_word' id='word_1_604' title='bbox 2738 3424 2806 3479; x_wconf 85' lang='lat' dir='ltr'><strong>Et</strong></span> <span class='ocrx_word' id='word_1_605' title='bbox 2847 3424 2986 3481; x_wconf 84' lang='lat' dir='ltr'><strong>bene</strong></span> <span class='ocrx_word' id='word_1_606' title='bbox 3025 3442 3147 3482; x_wconf 90' lang='lat' dir='ltr'><strong>cum</strong></span> <span class='ocrx_word' id='word_1_607' title='bbox 3190 3428 3414 3492; x_wconf 83' lang='lat' dir='ltr'><strong>diceret,</strong></span> 
     </span>
    </p>
   </div>
   <div class='ocr_carea' id='block_1_61' title="bbox 1840 3504 3413 3581">
    <p class='ocr_par' dir='ltr' id='par_1_61' title="bbox 1840 3504 3413 3581">
     <span class='ocr_line' id='line_1_61' title="bbox 1840 3504 3413 3581; baseline 0.01 -23"><span class='ocrx_word' id='word_1_608' title='bbox 1840 3504 2033 3560; x_wconf 85' lang='lat' dir='ltr'><strong>Beatus</strong></span> <span class='ocrx_word' id='word_1_609' title='bbox 2061 3508 2214 3562; x_wconf 87' lang='lat' dir='ltr'><strong>homo</strong></span> <span class='ocrx_word' id='word_1_610' title='bbox 2239 3511 2328 3579; x_wconf 85' lang='lat' dir='ltr'><strong>qui</strong></span> <span class='ocrx_word' id='word_1_611' title='bbox 2354 3512 2545 3564; x_wconf 80' lang='lat' dir='ltr'><strong>invenit</strong></span> <span class='ocrx_word' id='word_1_612' title='bbox 2569 3514 2898 3581; x_wconf 84' lang='lat' dir='ltr'><strong>sapientiam,</strong></span> <span class='ocrx_word' id='word_1_613' title='bbox 2929 3530 3052 3569; x_wconf 80' lang='lat' dir='ltr'><strong>mox</strong></span> <span class='ocrx_word' id='word_1_614' title='bbox 3084 3516 3307 3581; x_wconf 79' lang='lat' dir='ltr'><strong>addidit,</strong></span> <span class='ocrx_word' id='word_1_615' title='bbox 3343 3517 3413 3573; x_wconf 84' lang='lat' dir='ltr'><strong>Et</strong></span> 
     </span>
    </p>
   </div>
   <div class='ocr_carea' id='block_1_62' title="bbox 1840 3599 3415 3678">
    <p class='ocr_par' dir='ltr' id='par_1_62' title="bbox 1840 3599 3415 3678">
     <span class='ocr_line' id='line_1_62' title="bbox 1840 3599 3415 3678; baseline 0.009 -28"><span class='ocrx_word' id='word_1_616' title='bbox 1840 3599 1927 3668; x_wconf 91' lang='lat' dir='ltr'><strong>qui</strong></span> <span class='ocrx_word' id='word_1_617' title='bbox 1955 3600 2115 3670; x_wconf 67' lang='lat' dir='ltr'><strong>afﬂuit</strong></span> <span class='ocrx_word' id='word_1_618' title='bbox 2142 3600 2441 3669; x_wconf 84' lang='lat' dir='ltr'><strong>prudentia.</strong></span> <span class='ocrx_word' id='word_1_619' title='bbox 2465 3600 2602 3658; x_wconf 91' lang='lat' dir='ltr'><strong>Sunt</strong></span> <span class='ocrx_word' id='word_1_620' title='bbox 2622 3604 2764 3658; x_wconf 87' lang='lat' dir='ltr'><strong>enim</strong></span> <span class='ocrx_word' id='word_1_621' title='bbox 2789 3606 2877 3676; x_wconf 85' lang='lat' dir='ltr'><strong>qui</strong></span> <span class='ocrx_word' id='word_1_622' title='bbox 2903 3606 3180 3662; x_wconf 87' lang='lat' dir='ltr'><strong>inveniunt</strong></span> <span class='ocrx_word' id='word_1_623' title='bbox 3206 3610 3415 3678; x_wconf 84' lang='lat' dir='ltr'><strong>sapien-</strong></span> 
     </span>
    </p>
   </div>
   <div class='ocr_carea' id='block_1_63' title="bbox 1842 3688 3413 3777">
    <p class='ocr_par' dir='ltr' id='par_1_63' title="bbox 1842 3688 3413 3777">
     <span class='ocr_line' id='line_1_63' title="bbox 1842 3688 3413 3777; baseline 0.009 -38"><span class='ocrx_word' id='word_1_624' title='bbox 1842 3688 2003 3777; x_wconf 56' lang='lat' dir='ltr'><strong>tiam,</strong></span> <span class='ocrx_word' id='word_1_625' title='bbox 2032 3689 2329 3745; x_wconf 86' lang='lat' dir='ltr'><strong>doctrinam</strong></span> <span class='ocrx_word' id='word_1_626' title='bbox 2356 3693 2599 3748; x_wconf 88' lang='lat' dir='ltr'><strong>veritatis</strong></span> <span class='ocrx_word' id='word_1_627' title='bbox 2633 3710 2763 3749; x_wconf 91' lang='lat' dir='ltr'><strong>aure</strong></span> <span class='ocrx_word' id='word_1_628' title='bbox 2803 3696 3173 3766; x_wconf 87' lang='lat' dir='ltr'><strong>percipiendo;</strong></span> <span class='ocrx_word' id='word_1_629' title='bbox 3213 3698 3306 3753; x_wconf 84' lang='lat' dir='ltr'><strong>sed</strong></span> <span class='ocrx_word' id='word_1_630' title='bbox 3333 3698 3413 3753; x_wconf 80' lang='lat' dir='ltr'><strong>af—</strong></span> 
     </span>
    </p>
   </div>
   <div class='ocr_carea' id='block_1_64' title="bbox 1840 3775 3412 3853">
    <p class='ocr_par' dir='ltr' id='par_1_64' title="bbox 1840 3775 3412 3853">
     <span class='ocr_line' id='line_1_64' title="bbox 1840 3775 3412 3853; baseline 0.01 -24"><span class='ocrx_word' id='word_1_631' title='bbox 1840 3775 2005 3832; x_wconf 83' lang='lat' dir='ltr'><strong>ﬂuere</strong></span> <span class='ocrx_word' id='word_1_632' title='bbox 2033 3780 2317 3849; x_wconf 87' lang='lat' dir='ltr'><strong>prudentia</strong></span> <span class='ocrx_word' id='word_1_633' title='bbox 2347 3782 2644 3853; x_wconf 75' lang='lat' dir='ltr'><strong>negligant,</strong></span> <span class='ocrx_word' id='word_1_634' title='bbox 2666 3784 2895 3840; x_wconf 84' lang='lat' dir='ltr'><strong>nolendo</strong></span> <span class='ocrx_word' id='word_1_635' title='bbox 2920 3787 3098 3841; x_wconf 82' lang='lat' dir='ltr'><strong>cordis</strong></span> <span class='ocrx_word' id='word_1_636' title='bbox 3124 3789 3203 3844; x_wconf 79' lang='lat' dir='ltr'><strong>sui</strong></span> <span class='ocrx_word' id='word_1_637' title='bbox 3231 3788 3412 3845; x_wconf 77' lang='lat' dir='ltr'><strong>sinunt</strong></span> 
     </span>
    </p>
   </div>
   <div class='ocr_carea' id='block_1_65' title="bbox 1839 3868 3129 3942">
    <p class='ocr_par' dir='ltr' id='par_1_65' title="bbox 1839 3868 3129 3942">
     <span class='ocr_line' id='line_1_65' title="bbox 1839 3868 3129 3942; baseline 0.005 -20"><span class='ocrx_word' id='word_1_638' title='bbox 1839 3868 1906 3922; x_wconf 90' lang='lat' dir='ltr'><strong>ad</strong></span> <span class='ocrx_word' id='word_1_639' title='bbox 1937 3869 2331 3938; x_wconf 90' lang='lat' dir='ltr'><strong>percipiendam</strong></span> <span class='ocrx_word' id='word_1_640' title='bbox 2359 3871 2474 3942; x_wconf 86' lang='lat' dir='ltr'><strong>ejus</strong></span> <span class='ocrx_word' id='word_1_641' title='bbox 2498 3872 2899 3941; x_wconf 75' lang='lat' dir='ltr'><strong>amplitudinem</strong></span> <span class='ocrx_word' id='word_1_642' title='bbox 2927 3873 3129 3930; x_wconf 78' lang='lat' dir='ltr'><strong>laxare.</strong></span> 
     </span>
    </p>
   </div>
   <div class='ocr_carea' id='block_1_66' title="bbox 1910 3958 3410 4038">
    <p class='ocr_par' dir='ltr' id='par_1_66' title="bbox 1910 3958 3410 4038">
     <span class='ocr_line' id='line_1_66' title="bbox 1910 3958 3410 4038; baseline 0.006 -25"><span class='ocrx_word' id='word_1_643' title='bbox 1910 3958 2100 4014; x_wconf 81' lang='lat' dir='ltr'><strong>Melior</strong></span> <span class='ocrx_word' id='word_1_644' title='bbox 2136 3970 2209 4016; x_wconf 84' lang='lat' dir='ltr'><strong>est</strong></span> <span class='ocrx_word' id='word_1_645' title='bbox 2252 3962 2525 4033; x_wconf 85' lang='lat' dir='ltr'><strong>acquisitio</strong></span> <span class='ocrx_word' id='word_1_646' title='bbox 2571 3964 2685 4032; x_wconf 83' lang='lat' dir='ltr'><strong>ejus</strong></span> <span class='ocrx_word' id='word_1_647' title='bbox 2731 3965 3075 4035; x_wconf 84' lang='lat' dir='ltr'><strong>negotiatione</strong></span> <span class='ocrx_word' id='word_1_648' title='bbox 3118 3968 3410 4038; x_wconf 84' lang='lat' dir='ltr'><strong>argenti.et</strong></span> 
     </span>
    </p>
   </div>
   <div class='ocr_carea' id='block_1_67' title="bbox 1836 4048 3410 4129">
    <p class='ocr_par' dir='ltr' id='par_1_67' title="bbox 1836 4048 3410 4129">
     <span class='ocr_line' id='line_1_67' title="bbox 1836 4048 3410 4129; baseline 0.008 -28"><span class='ocrx_word' id='word_1_649' title='bbox 1836 4050 1975 4103; x_wconf 85' lang='lat' dir='ltr'><strong>auri.</strong></span> <span class='ocrx_word' id='word_1_650' title='bbox 2024 4048 2140 4104; x_wconf 86' lang='lat' dir='ltr'><strong>Non</strong></span> <span class='ocrx_word' id='word_1_651' title='bbox 2188 4059 2389 4105; x_wconf 86' lang='lat' dir='ltr'><strong>metuat</strong></span> <span class='ocrx_word' id='word_1_652' title='bbox 2430 4051 2499 4105; x_wconf 92' lang='lat' dir='ltr'><strong>de</strong></span> <span class='ocrx_word' id='word_1_653' title='bbox 2530 4054 2870 4122; x_wconf 83' lang='lat' dir='ltr'><strong>correptione</strong></span> <span class='ocrx_word' id='word_1_654' title='bbox 2908 4053 3117 4126; x_wconf 73' lang='lat' dir='ltr'><strong>inopize,</strong></span> <span class='ocrx_word' id='word_1_655' title='bbox 3166 4058 3410 4129; x_wconf 88' lang='lat' dir='ltr'><strong>quisquis</strong></span> 
     </span>
    </p>
   </div>
   <div class='ocr_carea' id='block_1_68' title="bbox 1835 4138 3409 4209">
    <p class='ocr_par' dir='ltr' id='par_1_68' title="bbox 1835 4138 3409 4209">
     <span class='ocr_line' id='line_1_68' title="bbox 1835 4138 3409 4209; baseline 0.006 -18"><span class='ocrx_word' id='word_1_656' title='bbox 1835 4152 1967 4207; x_wconf 82' lang='lat' dir='ltr'><strong>Opes</strong></span> <span class='ocrx_word' id='word_1_657' title='bbox 1990 4138 2274 4209; x_wconf 81' lang='lat' dir='ltr'><strong>acquisivit</strong></span> <span class='ocrx_word' id='word_1_658' title='bbox 2301 4140 2595 4209; x_wconf 69' lang='lat' dir='ltr'><strong>sapientia),</strong></span> <span class='ocrx_word' id='word_1_659' title='bbox 2620 4142 2741 4209; x_wconf 87' lang='lat' dir='ltr'><strong>quia</strong></span> <span class='ocrx_word' id='word_1_660' title='bbox 2770 4144 3036 4198; x_wconf 86' lang='lat' dir='ltr'><strong>thesauris</strong></span> <span class='ocrx_word' id='word_1_661' title='bbox 3064 4148 3409 4201; x_wconf 85' lang='lat' dir='ltr'><strong>terrestribus</strong></span> 
     </span>
    </p>
   </div>
   <div class='ocr_carea' id='block_1_69' title="bbox 1838 4225 3075 4300">
    <p class='ocr_par' dir='ltr' id='par_1_69' title="bbox 1838 4225 3075 4300">
     <span class='ocr_line' id='line_1_69' title="bbox 1838 4225 3075 4300; baseline 0.004 -21"><span class='ocrx_word' id='word_1_662' title='bbox 1838 4225 2329 4296; x_wconf 87' lang='lat' dir='ltr'><strong>incomparabiliter</strong></span> <span class='ocrx_word' id='word_1_663' title='bbox 2356 4243 2550 4283; x_wconf 91' lang='lat' dir='ltr'><strong>munus</strong></span> <span class='ocrx_word' id='word_1_664' title='bbox 2574 4230 2793 4285; x_wconf 77' lang='lat' dir='ltr'><strong>emleste</strong></span> <span class='ocrx_word' id='word_1_665' title='bbox 2819 4232 3075 4300; x_wconf 63' lang='lat' dir='ltr'><strong>prtecellit</strong></span> 
     </span>
    </p>
   </div>
   <div class='ocr_carea' id='block_1_70' title="bbox 1906 4314 3407 4391">
    <p class='ocr_par' dir='ltr' id='par_1_70' title="bbox 1906 4314 3407 4391">
     <span class='ocr_line' id='line_1_70' title="bbox 1906 4314 3407 4391; baseline 0.01 -25"><span class='ocrx_word' id='word_1_666' title='bbox 1906 4314 2087 4369; x_wconf 85' lang='lat' dir='ltr'><strong>Primi-</strong></span> <span class='ocrx_word' id='word_1_667' title='bbox 2119 4326 2168 4371; x_wconf 92' lang='lat' dir='ltr'><strong>et</strong></span> <span class='ocrx_word' id='word_1_668' title='bbox 2203 4319 2471 4387; x_wconf 82' lang='lat' dir='ltr'><strong>purissimi</strong></span> <span class='ocrx_word' id='word_1_669' title='bbox 2509 4319 2711 4389; x_wconf 82' lang='lat' dir='ltr'><strong>fructus</strong></span> <span class='ocrx_word' id='word_1_670' title='bbox 2754 4322 2886 4391; x_wconf 81' lang='lat' dir='ltr'><strong>ejus.</strong></span> <span class='ocrx_word' id='word_1_671' title='bbox 2930 4321 2988 4377; x_wconf 91' lang='lat' dir='ltr'><strong>Si</strong></span> <span class='ocrx_word' id='word_1_672' title='bbox 3036 4323 3183 4391; x_wconf 82' lang='lat' dir='ltr'><strong>iuxta</strong></span> <span class='ocrx_word' id='word_1_673' title='bbox 3222 4324 3407 4381; x_wconf 76' lang='lat' dir='ltr'><strong>Eccle-</strong></span> 
     </span>
    </p>
   </div>
   <div class='ocr_carea' id='block_1_71' title="bbox 141 4406 3405 4481">
    <p class='ocr_par' dir='ltr' id='par_1_71' title="bbox 141 4406 3405 4481">
     <span class='ocr_line' id='line_1_71' title="bbox 141 4406 3405 4481; baseline 0 -11"><span class='ocrx_word' id='word_1_674' title='bbox 141 4429 263 4469; x_wconf 89' lang='lat' dir='ltr'><strong>mus</strong></span> <span class='ocrx_word' id='word_1_675' title='bbox 289 4412 605 4469; x_wconf 86' lang='lat' dir='ltr'><strong>substantia</strong></span> <span class='ocrx_word' id='word_1_676' title='bbox 634 4419 688 4466; x_wconf 92' lang='lat' dir='ltr'><strong>et</strong></span> <span class='ocrx_word' id='word_1_677' title='bbox 707 4410 948 4479; x_wconf 80' lang='lat' dir='ltr'><strong>frugibus</strong></span> <span class='ocrx_word' id='word_1_678' title='bbox 968 4408 1261 4464; x_wconf 85' lang='lat' dir='ltr'><strong>Dominum</strong></span> <span class='ocrx_word' id='word_1_679' title='bbox 1284 4410 1552 4464; x_wconf 86' lang='lat' dir='ltr'><strong>honorare</strong></span> <span class='ocrx_word' id='word_1_680' title='bbox 1573 4410 1728 4481; x_wconf 87' lang='lat' dir='ltr'><strong>jube-</strong></span> <span class='ocrx_word' id='word_1_681' title='bbox 1759 4476 1796 4481; x_wconf 77' lang='lat'><strong><em>_</em></strong></span> <span class='ocrx_word' id='word_1_682' title='bbox 1834 4406 2135 4472; x_wconf 87' lang='lat' dir='ltr'><strong>siasticum,</strong></span> <span class='ocrx_word' id='word_1_683' title='bbox 2167 4407 2320 4462; x_wconf 75' lang='lat' dir='ltr'><strong>radix</strong></span> <span class='ocrx_word' id='word_1_684' title='bbox 2349 4408 2623 4479; x_wconf 81' lang='lat' dir='ltr'><strong>sapientiae</strong></span> <span class='ocrx_word' id='word_1_685' title='bbox 2656 4420 2738 4466; x_wconf 90' lang='lat' dir='ltr'><strong>est</strong></span> <span class='ocrx_word' id='word_1_686' title='bbox 2767 4413 2956 4467; x_wconf 87' lang='lat' dir='ltr'><strong>timere</strong></span> <span class='ocrx_word' id='word_1_687' title='bbox 2980 4414 3170 4477; x_wconf 85' lang='lat' dir='ltr'><strong>Deum,</strong></span> <span class='ocrx_word' id='word_1_688' title='bbox 3200 4414 3405 4471; x_wconf 79' lang='lat' dir='ltr'><strong>fructus</strong></span> 
     </span>
    </p>
   </div>
   <div class='ocr_carea' id='block_1_72' title="bbox 140 4476 3401 4570">
    <p class='ocr_par' dir='ltr' id='par_1_72' title="bbox 140 4476 3401 4570">
     <span class='ocr_line' id='line_1_72' title="bbox 140 4476 3401 4570; baseline 0.002 -15"><span class='ocrx_word' id='word_1_689' title='bbox 140 4516 281 4556; x_wconf 90' lang='lat' dir='ltr'><strong>mur.</strong></span> <span class='ocrx_word' id='word_1_690' title='bbox 314 4500 439 4555; x_wconf 81' lang='lat' dir='ltr'><strong>Hoc</strong></span> <span class='ocrx_word' id='word_1_691' title='bbox 466 4510 549 4554; x_wconf 86' lang='lat' dir='ltr'><strong>est</strong></span> <span class='ocrx_word' id='word_1_692' title='bbox 577 4500 693 4569; x_wconf 89' lang='lat' dir='ltr'><strong>ejus</strong></span> <span class='ocrx_word' id='word_1_693' title='bbox 716 4499 770 4553; x_wconf 92' lang='lat' dir='ltr'><strong>in</strong></span> <span class='ocrx_word' id='word_1_694' title='bbox 796 4476 1066 4563; x_wconf 78' lang='lat' dir='ltr'><strong>omnibus,</strong></span> <span class='ocrx_word' id='word_1_695' title='bbox 1096 4506 1151 4553; x_wconf 90' lang='lat' dir='ltr'><strong>et</strong></span> <span class='ocrx_word' id='word_1_696' title='bbox 1174 4514 1279 4553; x_wconf 91' lang='lat' dir='ltr'><strong>non</strong></span> <span class='ocrx_word' id='word_1_697' title='bbox 1312 4476 1727 4570; x_wconf 70' lang='lat' dir='ltr'><strong>nostranrqute-</strong></span> <span class='ocrx_word' id='word_1_698' title='bbox 1758 4476 1808 4534; x_wconf 81' lang='lat' dir='ltr'><strong>D</strong></span> <span class='ocrx_word' id='word_1_699' title='bbox 1833 4494 2111 4565; x_wconf 71' lang='lat' dir='ltr'><strong>sapientia:</strong></span> <span class='ocrx_word' id='word_1_700' title='bbox 2132 4536 2147 4561; x_wconf 94' lang='lat'><strong>,</strong></span> <span class='ocrx_word' id='word_1_701' title='bbox 2184 4496 2274 4565; x_wconf 88' lang='lat' dir='ltr'><strong>qui</strong></span> <span class='ocrx_word' id='word_1_702' title='bbox 2315 4476 2468 4562; x_wconf 76' lang='lat' dir='ltr'><strong>sunt,</strong></span> <span class='ocrx_word' id='word_1_703' title='bbox 2507 4498 2611 4552; x_wconf 85' lang='lat' dir='ltr'><strong>nisi</strong></span> <span class='ocrx_word' id='word_1_704' title='bbox 2638 4498 2819 4555; x_wconf 88' lang='lat' dir='ltr'><strong>videre</strong></span> <span class='ocrx_word' id='word_1_705' title='bbox 2850 4499 3053 4555; x_wconf 81' lang='lat' dir='ltr'><strong>Deum?</strong></span> <span class='ocrx_word' id='word_1_706' title='bbox 3082 4476 3163 4557; x_wconf 11' lang='lat' dir='ltr'><strong>Et,</strong></span> <span class='ocrx_word' id='word_1_707' title='bbox 3184 4504 3238 4559; x_wconf 92' lang='lat' dir='ltr'><strong>hi</strong></span> <span class='ocrx_word' id='word_1_708' title='bbox 3274 4514 3401 4560; x_wconf 87' lang='lat' dir='ltr'><strong>sunt</strong></span> 
     </span>
    </p>
   </div>
   <div class='ocr_carea' id='block_1_73' title="bbox 140 4584 1738 4661">
    <p class='ocr_par' dir='ltr' id='par_1_73' title="bbox 140 4593 1730 4651">
     <span class='ocr_line' id='line_1_73' title="bbox 140 4593 1730 4651; baseline 0.001 -1"><span class='ocrx_word' id='word_1_709' title='bbox 140 4610 259 4651; x_wconf 80' lang='lat' dir='ltr'><strong>rere</strong></span> <span class='ocrx_word' id='word_1_710' title='bbox 286 4595 530 4650; x_wconf 87' lang='lat' dir='ltr'><strong>laudem.</strong></span> <span class='ocrx_word' id='word_1_711' title='bbox 560 4593 666 4650; x_wconf 89' lang='lat' dir='ltr'><strong>Sed</strong></span> <span class='ocrx_word' id='word_1_712' title='bbox 687 4602 742 4649; x_wconf 89' lang='lat' dir='ltr'><strong>et</strong></span> <span class='ocrx_word' id='word_1_713' title='bbox 770 4593 858 4649; x_wconf 91' lang='lat' dir='ltr'><strong>ille</strong></span> <span class='ocrx_word' id='word_1_714' title='bbox 894 4594 1178 4649; x_wconf 89' lang='lat' dir='ltr'><strong>Dominum</strong></span> <span class='ocrx_word' id='word_1_715' title='bbox 1203 4594 1268 4649; x_wconf 90' lang='lat' dir='ltr'><strong>dc</strong></span> <span class='ocrx_word' id='word_1_716' title='bbox 1304 4610 1400 4649; x_wconf 93' lang='lat' dir='ltr'><strong>sua</strong></span> <span class='ocrx_word' id='word_1_717' title='bbox 1430 4596 1730 4651; x_wconf 83' lang='lat' dir='ltr'><strong>substantia</strong></span> 
     </span>
    </p>
   </div>
   <div class='ocr_carea' id='block_1_74' title="bbox 1852 4584 3396 4661">
    <p class='ocr_par' dir='ltr' id='par_1_74' title="bbox 1852 4584 3396 4661">
     <span class='ocr_line' id='line_1_74' title="bbox 1852 4584 3396 4661; baseline 0.01 -24"><span class='ocrx_word' id='word_1_718' title='bbox 1852 4584 1991 4639; x_wconf 63' lang='lat' dir='ltr'><strong>trimi</strong></span> <span class='ocrx_word' id='word_1_719' title='bbox 2014 4600 2077 4639; x_wconf 88' lang='lat' dir='ltr'><strong>ac</strong></span> <span class='ocrx_word' id='word_1_720' title='bbox 2105 4586 2411 4655; x_wconf 85' lang='lat' dir='ltr'><strong>purissimi,</strong></span> <span class='ocrx_word' id='word_1_721' title='bbox 2438 4586 2553 4642; x_wconf 87' lang='lat' dir='ltr'><strong>sive</strong></span> <span class='ocrx_word' id='word_1_722' title='bbox 2581 4588 2707 4658; x_wconf 87' lang='lat' dir='ltr'><strong>quia</strong></span> <span class='ocrx_word' id='word_1_723' title='bbox 2739 4588 2877 4644; x_wconf 91' lang='lat' dir='ltr'><strong>Deus</strong></span> <span class='ocrx_word' id='word_1_724' title='bbox 2898 4630 2913 4655; x_wconf 93' lang='lat'><strong>,</strong></span> <span class='ocrx_word' id='word_1_725' title='bbox 2943 4592 3033 4661; x_wconf 89' lang='lat' dir='ltr'><strong>qui</strong></span> <span class='ocrx_word' id='word_1_726' title='bbox 3063 4592 3292 4660; x_wconf 90' lang='lat' dir='ltr'><strong>videtur,</strong></span> <span class='ocrx_word' id='word_1_727' title='bbox 3325 4597 3396 4653; x_wconf 80' lang='lat' dir='ltr'><strong>ab</strong></span> 
     </span>
    </p>
   </div>
   <div class='ocr_carea' id='block_1_75' title="bbox 138 4676 3403 4754">
    <p class='ocr_par' dir='ltr' id='par_1_75' title="bbox 138 4676 3403 4754">
     <span class='ocr_line' id='line_1_75' title="bbox 138 4676 3403 4754; baseline 0.001 -15"><span class='ocrx_word' id='word_1_728' title='bbox 138 4697 482 4754; x_wconf 80' lang='lat' dir='ltr'><strong>suarumque</strong></span> <span class='ocrx_word' id='word_1_729' title='bbox 507 4682 717 4753; x_wconf 84' lang='lat' dir='ltr'><strong>frugum</strong></span> <span class='ocrx_word' id='word_1_730' title='bbox 738 4682 989 4753; x_wconf 89' lang='lat' dir='ltr'><strong>primitiis</strong></span> <span class='ocrx_word' id='word_1_731' title='bbox 1009 4682 1257 4748; x_wconf 89' lang='lat' dir='ltr'><strong>honorat,</strong></span> <span class='ocrx_word' id='word_1_732' title='bbox 1282 4683 1373 4751; x_wconf 90' lang='lat' dir='ltr'><strong>qui</strong></span> <span class='ocrx_word' id='word_1_733' title='bbox 1396 4698 1555 4737; x_wconf 88' lang='lat' dir='ltr'><strong>omne</strong></span> <span class='ocrx_word' id='word_1_734' title='bbox 1579 4684 1728 4753; x_wconf 78' lang='lat' dir='ltr'><strong>quid-</strong></span> <span class='ocrx_word' id='word_1_735' title='bbox 1833 4676 1986 4732; x_wconf 83' lang='lat' dir='ltr'><strong>initio</strong></span> <span class='ocrx_word' id='word_1_736' title='bbox 2014 4686 2125 4743; x_wconf 91' lang='lat' dir='ltr'><strong>cst,</strong></span> <span class='ocrx_word' id='word_1_737' title='bbox 2152 4686 2206 4732; x_wconf 88' lang='lat' dir='ltr'><strong>et</strong></span> <span class='ocrx_word' id='word_1_738' title='bbox 2234 4678 2365 4732; x_wconf 88' lang='lat' dir='ltr'><strong>nihil</strong></span> <span class='ocrx_word' id='word_1_739' title='bbox 2398 4679 2734 4750; x_wconf 89' lang='lat' dir='ltr'><strong>inquinatum</strong></span> <span class='ocrx_word' id='word_1_740' title='bbox 2764 4680 2815 4736; x_wconf 90' lang='lat' dir='ltr'><strong>in</strong></span> <span class='ocrx_word' id='word_1_741' title='bbox 2841 4680 2956 4750; x_wconf 88' lang='lat' dir='ltr'><strong>ejus</strong></span> <span class='ocrx_word' id='word_1_742' title='bbox 2982 4684 3185 4739; x_wconf 88' lang='lat' dir='ltr'><strong>visione</strong></span> <span class='ocrx_word' id='word_1_743' title='bbox 3219 4685 3403 4743; x_wconf 83' lang='lat' dir='ltr'><strong>incur-</strong></span> 
     </span>
    </p>
   </div>
   <div class='ocr_carea' id='block_1_76' title="bbox 136 4768 3405 4844">
    <p class='ocr_par' dir='ltr' id='par_1_76' title="bbox 136 4768 3405 4844">
     <span class='ocr_line' id='line_1_76' title="bbox 136 4768 3405 4844; baseline 0.002 -17"><span class='ocrx_word' id='word_1_744' title='bbox 136 4772 266 4844; x_wconf 80' lang='lat' dir='ltr'><strong>quid</strong></span> <span class='ocrx_word' id='word_1_745' title='bbox 299 4774 435 4830; x_wconf 84' lang='lat' dir='ltr'><strong>boni</strong></span> <span class='ocrx_word' id='word_1_746' title='bbox 465 4780 737 4843; x_wconf 91' lang='lat' dir='ltr'><strong>operatur,</strong></span> <span class='ocrx_word' id='word_1_747' title='bbox 768 4786 873 4827; x_wconf 91' lang='lat' dir='ltr'><strong>non</strong></span> <span class='ocrx_word' id='word_1_748' title='bbox 903 4772 1008 4827; x_wconf 90' lang='lat' dir='ltr'><strong>hoc</strong></span> <span class='ocrx_word' id='word_1_749' title='bbox 1034 4772 1146 4825; x_wconf 89' lang='lat' dir='ltr'><strong>suis</strong></span> <span class='ocrx_word' id='word_1_750' title='bbox 1171 4771 1377 4826; x_wconf 87' lang='lat' dir='ltr'><strong>viribus</strong></span> <span class='ocrx_word' id='word_1_751' title='bbox 1407 4787 1472 4826; x_wconf 89' lang='lat' dir='ltr'><strong>ac</strong></span> <span class='ocrx_word' id='word_1_752' title='bbox 1497 4773 1727 4840; x_wconf 88' lang='lat' dir='ltr'><strong>meritis,</strong></span> <span class='ocrx_word' id='word_1_753' title='bbox 1832 4768 1933 4834; x_wconf 89' lang='lat' dir='ltr'><strong>rit,</strong></span> <span class='ocrx_word' id='word_1_754' title='bbox 1963 4769 2075 4825; x_wconf 91' lang='lat' dir='ltr'><strong>sive</strong></span> <span class='ocrx_word' id='word_1_755' title='bbox 2103 4772 2232 4841; x_wconf 89' lang='lat' dir='ltr'><strong>quia</strong></span> <span class='ocrx_word' id='word_1_756' title='bbox 2273 4772 2446 4841; x_wconf 88' lang='lat' dir='ltr'><strong>primo</strong></span> <span class='ocrx_word' id='word_1_757' title='bbox 2476 4772 2542 4826; x_wconf 89' lang='lat' dir='ltr'><strong>ad</strong></span> <span class='ocrx_word' id='word_1_758' title='bbox 2567 4771 2705 4827; x_wconf 90' lang='lat' dir='ltr'><strong>hanc</strong></span> <span class='ocrx_word' id='word_1_759' title='bbox 2734 4775 3195 4844; x_wconf 87' lang='lat' dir='ltr'><strong>contemplandam</strong></span> <span class='ocrx_word' id='word_1_760' title='bbox 3234 4778 3405 4835; x_wconf 88' lang='lat' dir='ltr'><strong>homo</strong></span> 
     </span>
    </p>
   </div>
   <div class='ocr_carea' id='block_1_77' title="bbox 137 4859 3398 4933">
    <p class='ocr_par' dir='ltr' id='par_1_77' title="bbox 137 4859 3398 4933">
     <span class='ocr_line' id='line_1_77' title="bbox 137 4859 3398 4933; baseline 0.002 -14"><span class='ocrx_word' id='word_1_761' title='bbox 137 4868 233 4919; x_wconf 80' lang='lat' dir='ltr'><strong>sed</strong></span> <span class='ocrx_word' id='word_1_762' title='bbox 257 4866 520 4933; x_wconf 71' lang='lat' dir='ltr'><strong>super’nze</strong></span> <span class='ocrx_word' id='word_1_763' title='bbox 544 4863 731 4933; x_wconf 77' lang='lat' dir='ltr'><strong>gratia:</strong></span> <span class='ocrx_word' id='word_1_764' title='bbox 760 4862 965 4915; x_wconf 89' lang='lat' dir='ltr'><strong>tribuit.</strong></span> <span class='ocrx_word' id='word_1_765' title='bbox 994 4859 1199 4915; x_wconf 75' lang='lat' dir='ltr'><strong>Memor</strong></span> <span class='ocrx_word' id='word_1_766' title='bbox 1222 4860 1365 4914; x_wconf 88' lang='lat' dir='ltr'><strong>illius</strong></span> <span class='ocrx_word' id='word_1_767' title='bbox 1397 4861 1542 4915; x_wconf 83' lang='lat' dir='ltr'><strong>verbi</strong></span> <span class='ocrx_word' id='word_1_768' title='bbox 1568 4898 1581 4924; x_wconf 96' lang='lat'><strong>,</strong></span> <span class='ocrx_word' id='word_1_769' title='bbox 1604 4860 1727 4929; x_wconf 73' lang='lat' dir='ltr'><strong>quis</strong></span> <span class='ocrx_word' id='word_1_770' title='bbox 1830 4873 2047 4920; x_wconf 86' lang='lat' dir='ltr'><strong>creatus</strong></span> <span class='ocrx_word' id='word_1_771' title='bbox 2073 4873 2174 4919; x_wconf 90' lang='lat' dir='ltr'><strong>est.</strong></span> <span class='ocrx_word' id='word_1_772' title='bbox 2208 4863 2355 4919; x_wconf 87' lang='lat' dir='ltr'><strong>Unde</strong></span> <span class='ocrx_word' id='word_1_773' title='bbox 2382 4873 2437 4918; x_wconf 89' lang='lat' dir='ltr'><strong>et</strong></span> <span class='ocrx_word' id='word_1_774' title='bbox 2463 4864 2855 4921; x_wconf 89' lang='lat' dir='ltr'><strong>adolescentior</strong></span> <span class='ocrx_word' id='word_1_775' title='bbox 2890 4865 3031 4922; x_wconf 82' lang='lat' dir='ltr'><strong>illius</strong></span> <span class='ocrx_word' id='word_1_776' title='bbox 3071 4869 3158 4923; x_wconf 89' lang='lat' dir='ltr'><strong>ubi</strong></span> <span class='ocrx_word' id='word_1_777' title='bbox 3191 4870 3257 4924; x_wconf 84' lang='lat' dir='ltr'><strong>ad</strong></span> <span class='ocrx_word' id='word_1_778' title='bbox 3294 4870 3398 4926; x_wconf 87' lang='lat' dir='ltr'><strong>Pa-</strong></span> 
     </span>
    </p>
   </div>
   <div class='ocr_carea' id='block_1_78' title="bbox 136 4952 3397 5028">
    <p class='ocr_par' dir='ltr' id='par_1_78' title="bbox 136 4952 3397 5028">
     <span class='ocr_line' id='line_1_78' title="bbox 136 4952 3397 5028; baseline 0.002 -19"><span class='ocrx_word' id='word_1_779' title='bbox 136 4957 247 5010; x_wconf 87' lang='lat' dir='ltr'><strong>sine</strong></span> <span class='ocrx_word' id='word_1_780' title='bbox 274 4970 358 5008; x_wconf 89' lang='lat' dir='ltr'><strong>me</strong></span> <span class='ocrx_word' id='word_1_781' title='bbox 386 4952 526 5007; x_wconf 82' lang='lat' dir='ltr'><strong>nihil</strong></span> <span class='ocrx_word' id='word_1_782' title='bbox 556 4954 769 5023; x_wconf 87' lang='lat' dir='ltr'><strong>potestis</strong></span> <span class='ocrx_word' id='word_1_783' title='bbox 796 4952 991 5023; x_wconf 78' lang='lat' dir='ltr'><strong>facere.</strong></span> <span class='ocrx_word' id='word_1_784' title='bbox 1831 4956 2263 5025; x_wconf 74' lang='lat' dir='ltr'><strong>trempmnitens</strong></span> <span class='ocrx_word' id='word_1_785' title='bbox 2290 4954 2477 5021; x_wconf 89' lang='lat' dir='ltr'><strong>rediit,</strong></span> <span class='ocrx_word' id='word_1_786' title='bbox 2508 4955 2737 5025; x_wconf 89' lang='lat' dir='ltr'><strong>primam</strong></span> <span class='ocrx_word' id='word_1_787' title='bbox 2766 4956 2959 5012; x_wconf 85' lang='lat' dir='ltr'><strong>stolam</strong></span> <span class='ocrx_word' id='word_1_788' title='bbox 2985 4959 3250 5028; x_wconf 87' lang='lat' dir='ltr'><strong>recepisse</strong></span> <span class='ocrx_word' id='word_1_789' title='bbox 3279 4974 3397 5015; x_wconf 81' lang='lat' dir='ltr'><strong>me-</strong></span> 
     </span>
    </p>
   </div>
   <div class='ocr_carea' id='block_1_79' title="bbox 208 5036 3415 5121">
    <p class='ocr_par' dir='ltr' id='par_1_79' title="bbox 208 5036 3415 5121">
     <span class='ocr_line' id='line_1_79' title="bbox 208 5036 3415 5121; baseline -0.001 -15"><span class='ocrx_word' id='word_1_790' title='bbox 208 5052 277 5106; x_wconf 80' lang='lat' dir='ltr'><strong>Et</strong></span> <span class='ocrx_word' id='word_1_791' title='bbox 304 5049 668 5121; x_wconf 81' lang='lat' dir='ltr'><strong>implebuntur</strong></span> <span class='ocrx_word' id='word_1_792' title='bbox 698 5051 884 5104; x_wconf 88' lang='lat' dir='ltr'><strong>horrea</strong></span> <span class='ocrx_word' id='word_1_793' title='bbox 911 5060 1004 5104; x_wconf 89' lang='lat' dir='ltr'><strong>tua</strong></span> <span class='ocrx_word' id='word_1_794' title='bbox 1040 5048 1343 5109; x_wconf 72' lang='lat' dir='ltr'><strong>saturitate,</strong></span> <span class='ocrx_word' id='word_1_795' title='bbox 1382 5056 1429 5101; x_wconf 88' lang='lat' dir='ltr'><strong>et</strong></span> <span class='ocrx_word' id='word_1_796' title='bbox 1468 5036 1585 5101; x_wconf 64' lang='lat' dir='ltr'><strong>uino</strong></span> <span class='ocrx_word' id='word_1_797' title='bbox 1615 5056 1726 5101; x_wconf 84' lang='lat' dir='ltr'><strong>tor-</strong></span> <span class='ocrx_word' id='word_1_798' title='bbox 1830 5054 2101 5111; x_wconf 87' lang='lat' dir='ltr'><strong>moratur;</strong></span> <span class='ocrx_word' id='word_1_799' title='bbox 2130 5045 2244 5100; x_wconf 90' lang='lat' dir='ltr'><strong>sive</strong></span> <span class='ocrx_word' id='word_1_800' title='bbox 2270 5047 2392 5116; x_wconf 84' lang='lat' dir='ltr'><strong>quia</strong></span> <span class='ocrx_word' id='word_1_801' title='bbox 2424 5045 2658 5116; x_wconf 87' lang='lat' dir='ltr'><strong>primum</strong></span> <span class='ocrx_word' id='word_1_802' title='bbox 2676 5053 2734 5101; x_wconf 91' lang='lat' dir='ltr'><strong>et</strong></span> <span class='ocrx_word' id='word_1_803' title='bbox 2757 5045 2886 5102; x_wconf 90' lang='lat' dir='ltr'><strong>rude</strong></span> <span class='ocrx_word' id='word_1_804' title='bbox 2906 5062 3095 5101; x_wconf 90' lang='lat' dir='ltr'><strong>aurum</strong></span> <span class='ocrx_word' id='word_1_805' title='bbox 3118 5048 3255 5104; x_wconf 83' lang='lat' dir='ltr'><strong>solet</strong></span> <span class='ocrx_word' id='word_1_806' title='bbox 3276 5063 3415 5107; x_wconf 81' lang='lat' dir='ltr'><strong>esse</strong></span> 
     </span>
    </p>
   </div>
   <div class='ocr_carea' id='block_1_80' title="bbox 137 5135 3392 5210">
    <p class='ocr_par' dir='ltr' id='par_1_80' title="bbox 137 5135 3392 5210">
     <span class='ocr_line' id='line_1_80' title="bbox 137 5135 3392 5210; baseline -0.002 -11"><span class='ocrx_word' id='word_1_807' title='bbox 137 5142 346 5199; x_wconf 78' lang='lat' dir='ltr'><strong>eularia</strong></span> <span class='ocrx_word' id='word_1_808' title='bbox 396 5139 786 5195; x_wconf 78' lang='lat' dir='ltr'><strong>redundabant.</strong></span> <span class='ocrx_word' id='word_1_809' title='bbox 834 5139 926 5194; x_wconf 83' lang='lat' dir='ltr'><strong>Ait</strong></span> <span class='ocrx_word' id='word_1_810' title='bbox 962 5140 1016 5194; x_wconf 94' lang='lat' dir='ltr'><strong>in</strong></span> <span class='ocrx_word' id='word_1_811' title='bbox 1066 5138 1353 5210; x_wconf 85' lang='lat' dir='ltr'><strong>Evangelio</strong></span> <span class='ocrx_word' id='word_1_812' title='bbox 1400 5138 1657 5192; x_wconf 86' lang='lat' dir='ltr'><strong>Dominus</strong></span> <span class='ocrx_word' id='word_1_813' title='bbox 1707 5156 1722 5195; x_wconf 89' lang='lat'><strong>:</strong></span> <span class='ocrx_word' id='word_1_814' title='bbox 1824 5136 2205 5205; x_wconf 80' lang='lat' dir='ltr'><strong>purissimum;</strong></span> <span class='ocrx_word' id='word_1_815' title='bbox 2243 5136 2499 5205; x_wconf 86' lang='lat' dir='ltr'><strong>etprima</strong></span> <span class='ocrx_word' id='word_1_816' title='bbox 2539 5135 2675 5191; x_wconf 90' lang='lat' dir='ltr'><strong>stola</strong></span> <span class='ocrx_word' id='word_1_817' title='bbox 2712 5145 2894 5191; x_wconf 83' lang='lat' dir='ltr'><strong>nostra</strong></span> <span class='ocrx_word' id='word_1_818' title='bbox 2943 5152 3071 5193; x_wconf 90' lang='lat' dir='ltr'><strong>vere</strong></span> <span class='ocrx_word' id='word_1_819' title='bbox 3107 5149 3191 5194; x_wconf 89' lang='lat' dir='ltr'><strong>est</strong></span> <span class='ocrx_word' id='word_1_820' title='bbox 3220 5139 3392 5194; x_wconf 83' lang='lat' dir='ltr'><strong>beati-</strong></span> 
     </span>
    </p>
   </div>
   <div class='ocr_carea' id='block_1_81' title="bbox 142 5226 3388 5300">
    <p class='ocr_par' dir='ltr' id='par_1_81' title="bbox 142 5226 3388 5300">
     <span class='ocr_line' id='line_1_81' title="bbox 142 5226 3388 5300; baseline -0.001 -11"><span class='ocrx_word' id='word_1_821' title='bbox 142 5234 181 5289; x_wconf 83' lang='grc' dir='ltr'><strong>Τ</strong></span> <span class='ocrx_word' id='word_1_822' title='bbox 184 5234 528 5289; x_wconf 77' lang='lat' dir='ltr'><strong>hesaurisate</strong></span> <span class='ocrx_word' id='word_1_823' title='bbox 563 5240 737 5283; x_wconf 83' lang='lat' dir='ltr'><strong>autem</strong></span> <span class='ocrx_word' id='word_1_824' title='bbox 776 5227 916 5283; x_wconf 84' lang='lat' dir='ltr'><strong>vobis</strong></span> <span class='ocrx_word' id='word_1_825' title='bbox 948 5229 1219 5283; x_wconf 87' lang='lat' dir='ltr'><strong>tltesauros</strong></span> <span class='ocrx_word' id='word_1_826' title='bbox 1254 5228 1309 5282; x_wconf 89' lang='lat' dir='ltr'><strong>in</strong></span> <span class='ocrx_word' id='word_1_827' title='bbox 1347 5226 1481 5281; x_wconf 70' lang='lat' dir='ltr'><strong>casio&#39;</strong></span> <span class='ocrx_word' id='word_1_828' title='bbox 1509 5227 1719 5298; x_wconf 71' lang='lat' dir='ltr'><strong>(Matth.</strong></span> <span class='ocrx_word' id='word_1_829' title='bbox 1825 5228 1955 5283; x_wconf 89' lang='lat' dir='ltr'><strong>tudo</strong></span> <span class='ocrx_word' id='word_1_830' title='bbox 2001 5228 2299 5291; x_wconf 83' lang='lat' dir='ltr'><strong>credenda,</strong></span> <span class='ocrx_word' id='word_1_831' title='bbox 2355 5243 2475 5298; x_wconf 80' lang='lat' dir='ltr'><strong>quae</strong></span> <span class='ocrx_word' id='word_1_832' title='bbox 2516 5230 2670 5283; x_wconf 89' lang='lat' dir='ltr'><strong>nobis</strong></span> <span class='ocrx_word' id='word_1_833' title='bbox 2710 5229 2762 5283; x_wconf 95' lang='lat' dir='ltr'><strong>in</strong></span> <span class='ocrx_word' id='word_1_834' title='bbox 2818 5230 3212 5285; x_wconf 88' lang='lat' dir='ltr'><strong>resurrectione</strong></span> <span class='ocrx_word' id='word_1_835' title='bbox 3259 5244 3388 5300; x_wconf 91' lang='lat' dir='ltr'><strong>per-</strong></span> 
     </span>
    </p>
   </div>
   <div class='ocr_carea' id='block_1_82' title="bbox 138 5315 3149 5397">
    <p class='ocr_par' dir='ltr' id='par_1_82' title="bbox 138 5315 3149 5397">
     <span class='ocr_line' id='line_1_82' title="bbox 138 5315 3149 5397; baseline -0.004 -17"><span class='ocrx_word' id='word_1_836' title='bbox 138 5326 236 5397; x_wconf 78' lang='lat' dir='ltr'><strong>vr).</strong></span> <span class='ocrx_word' id='word_1_837' title='bbox 271 5324 333 5381; x_wconf 88' lang='lat' dir='ltr'><strong>Si</strong></span> <span class='ocrx_word' id='word_1_838' title='bbox 361 5338 503 5394; x_wconf 82' lang='lat' dir='ltr'><strong>ergo</strong></span> <span class='ocrx_word' id='word_1_839' title='bbox 532 5321 811 5377; x_wconf 80' lang='lat' dir='ltr'><strong>thesauros</strong></span> <span class='ocrx_word' id='word_1_840' title='bbox 838 5320 892 5375; x_wconf 94' lang='lat' dir='ltr'><strong>in</strong></span> <span class='ocrx_word' id='word_1_841' title='bbox 924 5320 1064 5376; x_wconf 73' lang='lat' dir='ltr'><strong>ctelo</strong></span> <span class='ocrx_word' id='word_1_842' title='bbox 1098 5330 1323 5393; x_wconf 88' lang='lat' dir='ltr'><strong>possunt</strong></span> <span class='ocrx_word' id='word_1_843' title='bbox 1347 5321 1545 5376; x_wconf 89' lang='lat' dir='ltr'><strong>habere</strong></span> <span class='ocrx_word' id='word_1_844' title='bbox 1566 5321 1723 5390; x_wconf 88' lang='lat' dir='ltr'><strong>justi,</strong></span> <span class='ocrx_word' id='word_1_845' title='bbox 1821 5315 2019 5373; x_wconf 68' lang='lat' dir='ltr'><strong>tectius</strong></span> <span class='ocrx_word' id='word_1_846' title='bbox 2044 5333 2072 5372; x_wconf 88' lang='lat' dir='ltr'><strong>a</strong></span> <span class='ocrx_word' id='word_1_847' title='bbox 2103 5317 2329 5372; x_wconf 88' lang='lat' dir='ltr'><strong>Domino</strong></span> <span class='ocrx_word' id='word_1_848' title='bbox 2354 5316 2684 5387; x_wconf 89' lang='lat' dir='ltr'><strong>promittitur</strong></span> <span class='ocrx_word' id='word_1_849' title='bbox 2706 5331 2827 5371; x_wconf 86' lang='lat' dir='ltr'><strong>esse</strong></span> <span class='ocrx_word' id='word_1_850' title='bbox 2864 5315 3149 5372; x_wconf 86' lang='lat' dir='ltr'><strong>reddenda.</strong></span> 
     </span>
    </p>
   </div>
   <div class='ocr_carea' id='block_1_83' title="bbox 138 5405 3399 5484">
    <p class='ocr_par' dir='ltr' id='par_1_83' title="bbox 138 5405 3399 5484">
     <span class='ocr_line' id='line_1_83' title="bbox 138 5405 3399 5484; baseline -0.002 -16"><span class='ocrx_word' id='word_1_851' title='bbox 138 5417 262 5484; x_wconf 80' lang='lat' dir='ltr'><strong>quia</strong></span> <span class='ocrx_word' id='word_1_852' title='bbox 289 5428 458 5470; x_wconf 80' lang='lat' dir='ltr'><strong>veras</strong></span> <span class='ocrx_word' id='word_1_853' title='bbox 496 5411 569 5466; x_wconf 88' lang='lat' dir='ltr'><strong>ihi</strong></span> <span class='ocrx_word' id='word_1_854' title='bbox 603 5410 816 5466; x_wconf 88' lang='lat' dir='ltr'><strong>divitias</strong></span> <span class='ocrx_word' id='word_1_855' title='bbox 846 5410 1169 5475; x_wconf 82' lang='lat' dir='ltr'><strong>inveniunt,</strong></span> <span class='ocrx_word' id='word_1_856' title='bbox 1211 5418 1435 5482; x_wconf 90' lang='lat' dir='ltr'><strong>possunt</strong></span> <span class='ocrx_word' id='word_1_857' title='bbox 1463 5410 1648 5479; x_wconf 89' lang='lat' dir='ltr'><strong>utique</strong></span> <span class='ocrx_word' id='word_1_858' title='bbox 1670 5420 1725 5466; x_wconf 90' lang='lat' dir='ltr'><strong>et</strong></span> <span class='ocrx_word' id='word_1_859' title='bbox 1897 5405 2186 5461; x_wconf 86' lang='lat' dir='ltr'><strong>Pretiosior</strong></span> <span class='ocrx_word' id='word_1_860' title='bbox 2223 5416 2299 5461; x_wconf 90' lang='lat' dir='ltr'><strong>est</strong></span> <span class='ocrx_word' id='word_1_861' title='bbox 2331 5407 2528 5460; x_wconf 85' lang='lat' dir='ltr'><strong>cunctis</strong></span> <span class='ocrx_word' id='word_1_862' title='bbox 2558 5406 2769 5474; x_wconf 86' lang='lat' dir='ltr'><strong>opibus,</strong></span> <span class='ocrx_word' id='word_1_863' title='bbox 2804 5415 2856 5460; x_wconf 90' lang='lat' dir='ltr'><strong>et</strong></span> <span class='ocrx_word' id='word_1_864' title='bbox 2890 5406 3064 5460; x_wconf 88' lang='lat' dir='ltr'><strong>omnia</strong></span> <span class='ocrx_word' id='word_1_865' title='bbox 3097 5422 3215 5476; x_wconf 82' lang='lat' dir='ltr'><strong>qute</strong></span> <span class='ocrx_word' id='word_1_866' title='bbox 3250 5405 3399 5470; x_wconf 70' lang='lat' dir='ltr'><strong>desi-</strong></span> 
     </span>
    </p>
   </div>
   <div class='ocr_carea' id='block_1_84' title="bbox 140 5492 3389 5570">
    <p class='ocr_par' dir='ltr' id='par_1_84' title="bbox 140 5492 3389 5570">
     <span class='ocr_line' id='line_1_84' title="bbox 140 5492 3389 5570; baseline -0.002 -14"><span class='ocrx_word' id='word_1_867' title='bbox 140 5503 334 5558; x_wconf 87' lang='lat' dir='ltr'><strong>horrea</strong></span> <span class='ocrx_word' id='word_1_868' title='bbox 362 5508 423 5555; x_wconf 91' lang='lat' dir='ltr'><strong>et</strong></span> <span class='ocrx_word' id='word_1_869' title='bbox 451 5500 769 5565; x_wconf 89' lang='lat' dir='ltr'><strong>toreularia,</strong></span> <span class='ocrx_word' id='word_1_870' title='bbox 795 5499 917 5568; x_wconf 91' lang='lat' dir='ltr'><strong>quia</strong></span> <span class='ocrx_word' id='word_1_871' title='bbox 944 5513 1051 5553; x_wconf 92' lang='lat' dir='ltr'><strong>non</strong></span> <span class='ocrx_word' id='word_1_872' title='bbox 1082 5500 1322 5558; x_wconf 90' lang='lat' dir='ltr'><strong>esuricnt</strong></span> <span class='ocrx_word' id='word_1_873' title='bbox 1346 5514 1518 5570; x_wconf 89' lang='lat' dir='ltr'><strong>neque</strong></span> <span class='ocrx_word' id='word_1_874' title='bbox 1541 5501 1724 5555; x_wconf 88' lang='lat' dir='ltr'><strong>sitient</strong></span> <span class='ocrx_word' id='word_1_875' title='bbox 1823 5499 2093 5561; x_wconf 85' lang='lat' dir='ltr'><strong>derantur,</strong></span> <span class='ocrx_word' id='word_1_876' title='bbox 2112 5495 2232 5551; x_wconf 82' lang='lat' dir='ltr'><strong>huic</strong></span> <span class='ocrx_word' id='word_1_877' title='bbox 2256 5511 2358 5550; x_wconf 89' lang='lat' dir='ltr'><strong>non</strong></span> <span class='ocrx_word' id='word_1_878' title='bbox 2378 5494 2545 5549; x_wconf 81' lang='lat' dir='ltr'><strong>valent</strong></span> <span class='ocrx_word' id='word_1_879' title='bbox 2564 5494 2875 5563; x_wconf 89' lang='lat' dir='ltr'><strong>comparari.</strong></span> <span class='ocrx_word' id='word_1_880' title='bbox 2900 5492 3015 5548; x_wconf 86' lang='lat' dir='ltr'><strong>Non</strong></span> <span class='ocrx_word' id='word_1_881' title='bbox 3038 5493 3195 5548; x_wconf 91' lang='lat' dir='ltr'><strong>modo</strong></span> <span class='ocrx_word' id='word_1_882' title='bbox 3218 5502 3389 5549; x_wconf 86' lang='lat' dir='ltr'><strong>terre-</strong></span> 
     </span>
    </p>
   </div>
   <div class='ocr_carea' id='block_1_85' title="bbox 140 5580 3385 5665">
    <p class='ocr_par' dir='ltr' id='par_1_85' title="bbox 140 5580 3385 5665">
     <span class='ocr_line' id='line_1_85' title="bbox 140 5580 3385 5665; baseline -0.003 -16"><span class='ocrx_word' id='word_1_883' title='bbox 140 5593 371 5665; x_wconf 83' lang='lat' dir='ltr'><strong>amplius</strong></span> <span class='ocrx_word' id='word_1_884' title='bbox 402 5608 420 5647; x_wconf 88' lang='lat'><strong>:</strong></span> <span class='ocrx_word' id='word_1_885' title='bbox 446 5588 525 5644; x_wconf 81' lang='lat' dir='ltr'><strong>Et</strong></span> <span class='ocrx_word' id='word_1_886' title='bbox 550 5588 900 5659; x_wconf 71' lang='lat' dir='ltr'><strong>implebantur</strong></span> <span class='ocrx_word' id='word_1_887' title='bbox 924 5589 1108 5643; x_wconf 79' lang='lat' dir='ltr'><strong>horrea</strong></span> <span class='ocrx_word' id='word_1_888' title='bbox 1138 5599 1229 5643; x_wconf 86' lang='lat' dir='ltr'><strong>tua</strong></span> <span class='ocrx_word' id='word_1_889' title='bbox 1266 5591 1535 5645; x_wconf 89' lang='lat' dir='ltr'><strong>saturitate</strong></span> <span class='ocrx_word' id='word_1_890' title='bbox 1555 5631 1570 5657; x_wconf 94' lang='lat'><strong>,</strong></span> <span class='ocrx_word' id='word_1_891' title='bbox 1598 5592 1722 5661; x_wconf 86' lang='lat' dir='ltr'><strong>quia</strong></span> <span class='ocrx_word' id='word_1_892' title='bbox 1824 5587 1929 5649; x_wconf 81' lang='lat' dir='ltr'><strong>nis,</strong></span> <span class='ocrx_word' id='word_1_893' title='bbox 1955 5600 2141 5639; x_wconf 90' lang='lat' dir='ltr'><strong>verum</strong></span> <span class='ocrx_word' id='word_1_894' title='bbox 2175 5584 2337 5638; x_wconf 88' lang='lat' dir='ltr'><strong>etiam</strong></span> <span class='ocrx_word' id='word_1_895' title='bbox 2367 5580 2674 5637; x_wconf 69' lang='lat' dir='ltr'><strong>coelestibus</strong></span> <span class='ocrx_word' id='word_1_896' title='bbox 2728 5581 2956 5643; x_wconf 85' lang='lat' dir='ltr'><strong>divitiis.</strong></span> <span class='ocrx_word' id='word_1_897' title='bbox 3007 5582 3115 5637; x_wconf 89' lang='lat' dir='ltr'><strong>imo</strong></span> <span class='ocrx_word' id='word_1_898' title='bbox 3154 5590 3209 5637; x_wconf 90' lang='lat' dir='ltr'><strong>et</strong></span> <span class='ocrx_word' id='word_1_899' title='bbox 3251 5582 3385 5651; x_wconf 82' lang='lat' dir='ltr'><strong>ipsis</strong></span> 
     </span>
    </p>
   </div>
   <div class='ocr_carea' id='block_1_86' title="bbox 142 5672 3386 5752">
    <p class='ocr_par' dir='ltr' id='par_1_86' title="bbox 142 5672 3386 5752">
     <span class='ocr_line' id='line_1_86' title="bbox 142 5672 3386 5752; baseline -0.003 -14"><span class='ocrx_word' id='word_1_900' title='bbox 142 5683 394 5743; x_wconf 85' lang='lat' dir='ltr'><strong>satiabcr.</strong></span> <span class='ocrx_word' id='word_1_901' title='bbox 422 5680 631 5751; x_wconf 89' lang='lat' dir='ltr'><strong>inquit,</strong></span> <span class='ocrx_word' id='word_1_902' title='bbox 655 5679 775 5734; x_wconf 87' lang='lat' dir='ltr'><strong>dum</strong></span> <span class='ocrx_word' id='word_1_903' title='bbox 799 5679 1214 5749; x_wconf 64' lang='lat' dir='ltr'><strong>manifestabitur</strong></span> <span class='ocrx_word' id='word_1_904' title='bbox 1233 5680 1400 5752; x_wconf 89' lang='lat' dir='ltr'><strong>gloria</strong></span> <span class='ocrx_word' id='word_1_905' title='bbox 1426 5692 1515 5735; x_wconf 87' lang='lat' dir='ltr'><strong>tua</strong></span> <span class='ocrx_word' id='word_1_906' title='bbox 1543 5680 1715 5751; x_wconf 80' lang='lat' dir='ltr'><strong>(l’sal.</strong></span> <span class='ocrx_word' id='word_1_907' title='bbox 1824 5678 2133 5749; x_wconf 86' lang='lat' dir='ltr'><strong>angelorum</strong></span> <span class='ocrx_word' id='word_1_908' title='bbox 2162 5676 2558 5745; x_wconf 78' lang='lat' dir='ltr'><strong>conSpectibus,</strong></span> <span class='ocrx_word' id='word_1_909' title='bbox 2588 5673 2742 5742; x_wconf 84' lang='lat' dir='ltr'><strong>hujus</strong></span> <span class='ocrx_word' id='word_1_910' title='bbox 2768 5672 3041 5743; x_wconf 81' lang='lat' dir='ltr'><strong>sapienti-.c</strong></span> <span class='ocrx_word' id='word_1_911' title='bbox 3060 5672 3275 5729; x_wconf 84' lang='lat' dir='ltr'><strong>claritas</strong></span> <span class='ocrx_word' id='word_1_912' title='bbox 3296 5688 3386 5727; x_wconf 83' lang='lat' dir='ltr'><strong>an-</strong></span> 
     </span>
    </p>
   </div>
  </div>
