3918 6362
587 261 606 306 Ι

468 373 572 429 695

1107 375 1169 429 B.
1211 372 1466 429 RABANI
1501 373 1722 430 MAURI
1758 368 2074 428 ARCHIEP.
2115 368 2425 428 MOGUNT.
2463 372 2746 431 OPERUM
2784 375 2964 434 PARS
2994 378 3078 433 ΙΙΙ.

3636 375 3736 436 696

469 490 731 554 tefertur,
760 489 903 545 unde
940 498 995 544 et
1028 488 1289 560 propheta
1319 485 1492 559 (Psal.
1522 486 1712 560 Lxxu).
1745 486 1885 552 Quid
1914 485 2051 539 enim
2079 488 2126 544 Α
2156 458 2508 553 mazchaberis,
2537 505 2638 544 non
2665 490 2864 558 furtum
2909 491 3092 560 facies,
3120 507 3222 546 non
3265 492 3459 561 falsum
3509 493 3737 547 testimo-

467 582 595 634 mihi
639 590 799 635 restat
838 582 895 635 in
942 580 1101 644 creto,
1139 587 1187 633 et
1230 595 1264 633 a
1307 587 1354 633 te
1397 579 1525 649 quid
1564 578 1705 634 volui
1753 593 1910 648 super
1946 585 2053 630 ter-

467 689 603 738 ram,
631 681 760 737 etc.,
796 688 968 742 usque
994 671 1058 726 ad
1089 669 1252 725 finem
1276 669 1494 741 psalmi.

502 812 509 818 .
536 761 832 834 Longitudo
859 763 1061 816 dierum
1092 762 1148 814 in
1176 762 1390 815 dextera
1422 748 1570 830 ejus,
1593 760 1650 814 in
1673 759 1887 815 sinistra
1913 759 2057 815 illius

464 851 661 906 divitia:
715 861 762 906 et
801 850 991 922 gloria.
1028 850 1250 905 Visione
1299 865 1412 904 suae
1442 849 1740 905 divinitatis
1768 848 1970 904 electos
2001 849 2058 904 in

462 949 725 1012 perpetua
762 941 881 996 luce
907 941 1207 1005 condonat,
1237 947 1294 994 et
1316 939 1537 995 eosdem
1569 939 1623 994 in
1661 939 1917 1008 praesenti
1946 939 2056 993 vita

461 1033 854 1088 incarnationis
879 1049 991 1088 sua:
1024 1031 1382 1087 sacramentis
1409 1039 1464 1085 et
1490 1029 1910 1085 cbarismatibus
1937 1027 2056 1082 illu-

460 1132 603 1180 strat
639 1140 706 1182 ac
744 1125 980 1180 roborat.
1028 1125 1133 1178 Dat
1167 1124 1274 1189 eis,
1308 1124 1400 1194 qui
1438 1123 1509 1179 ob
1545 1138 1606 1178 se
1631 1116 2054 1191 comparandam

461 1232 559 1273 sua
591 1217 780 1274 omnia
793 1218 1051 1282 vendunt,
1081 1215 1390 1286 centuplum
1415 1215 1468 1270 in
1498 1215 1602 1270 hoc
1631 1225 1892 1282 tempore,
1923 1222 1978 1267 et
1999 1213 2053 1266 in

461 1309 661 1365 steculo
685 1317 914 1364 venturo
935 1308 1104 1363 vitam
1130 1318 1409 1362 mternam.
1435 1304 1694 1375 Sequitur
1717 1303 1771 1358 in
1803 1303 1908 1358 hoc
1934 1302 2054 1356 loco

453 1399 614 1469 juxta
649 1399 929 1470 antiquam
971 1397 1377 1454 translationem
1398 1435 1414 1464 ,
1450 1394 1595 1466 quod
1629 1393 1803 1450 nostri
1840 1391 2053 1448 codices

458 1505 569 1545 non
605 1489 822 1546 habent.

531 1581 608 1634 Ab
641 1597 730 1635 ore
759 1581 873 1651 ejus
923 1580 1276 1651 proﬁciscitur
1321 1578 1548 1648 justitia,
1574 1577 1736 1648 legem
1786 1582 1961 1629 autem
2002 1582 2051 1628 et

456 1671 879 1725 misericordiam
925 1673 981 1724 in
1003 1669 1184 1739 lingua
1217 1678 1410 1740 portat.
1442 1667 1598 1734 Quod
1624 1666 1745 1720 ideo
1779 1672 2049 1719 annotan-

456 1764 588 1818 dum
618 1763 849 1830 credidi,
878 1763 1005 1832 quia
1027 1762 1280 1817 versiculi
1314 1758 1386 1815 illi
1421 1760 1476 1813 in
1501 1757 1776 1828 opusculis
1820 1756 2045 1812 Patrum

453 1869 602 1924 saepe
631 1853 792 1925 positi
821 1853 1190 1908 inveniuntur.

540 1942 649 1999 Via:
675 1943 790 2015 ejus
820 1961 917 1999 vta:
939 1943 1171 2013 pulchra:
1195 1949 1244 1995 et
1282 1957 1460 1995 omnes
1493 1940 1689 1994 semita:
1716 1936 1860 1992 illius
1904 1936 2048 2008 paci-

452 2036 591 2105 τίσω.
616 2035 875 2091 Actiones
907 2033 1026 2104 ejus
1067 2040 1122 2088 et
1150 2032 1413 2087 doctrinae
1459 2046 1581 2100 qua:
1633 2031 1687 2084 in
1742 2027 2048 2098 Evangeliis

451 2127 822 2191 continentur,
849 2125 1091 2197 pulchrae
1133 2133 1280 2189 sunt,
1308 2123 1435 2192 quia
1478 2121 1674 2176 divina:
1699 2135 1766 2174 ac
1784 2120 1906 2189 puri
1953 2119 2048 2173 bo-

451 2218 634 2284 minis,
672 2218 894 2272 modum
939 2215 1098 2285 longe
1146 2223 1522 2281 transgressus,
1569 2219 1624 2264 et
1673 2209 1855 2265 omnia
1895 2207 2047 2276 jussa

452 2307 572 2378 ejus
596 2308 663 2363 ad
689 2321 875 2378 pacem
917 2305 1123 2361 ducunt
1159 2311 1438 2358 aeternam.
1487 2300 1681 2357 Omnia
1712 2314 1832 2369 qua?
1879 2299 1933 2352 in
1982 2313 2048 2353 ea

447 2413 511 2455 re
539 2399 707 2471 gessit
747 2398 815 2452 ad
842 2395 1275 2452 reconciliandos
1309 2393 1419 2446 Deo
1460 2390 1736 2454 mortales,
1767 2389 1835 2443 ad
1863 2388 2047 2457 pacili-

448 2487 686 2544 caudum
726 2502 851 2541 cum
894 2483 1100 2554 angelis
1147 2495 1320 2552 genus
1360 2481 1678 2544 humanum,
1709 2480 1776 2533 ad
1824 2480 2048 2533 demon-

447 2581 674 2637 stranda
695 2580 809 2636 suis
836 2579 1115 2635 servandae
1136 2576 1204 2631 ad
1226 2574 1457 2629 invicem
1479 2573 1629 2645 pacis
1659 2581 1716 2628 et
1743 2571 2046 2627 dilectionis

448 2670 697 2743 exempla
716 2661 1009 2740 pertinent.

519 2761 747 2832 Lignum
775 2761 893 2816 vitm
912 2768 988 2813 est
1014 2757 1096 2813 his
1120 2759 1210 2828 qui
1240 2754 1689 2827 appreltenderunt
1714 2769 1853 2817 eam,
1883 2760 1933 2806 et
1953 2751 2045 2821 qui

445 2852 671 2909 tenuerit
699 2868 817 2905 eam
843 2850 1045 2903 beatus.
1076 2847 1230 2902 Sicut
1266 2847 1321 2901 in
1347 2845 1525 2899 medio
1546 2843 1783 2913 paradisi
1829 2841 2036 2912 lignum

449 2942 579 2998 vita:
605 2942 844 3014 positum
887 2938 1101 3010 Moyses
1124 2952 1245 2992 esse
1274 2943 1526 3000 testatur,
1561 2935 1636 2989 ita
1687 2949 1784 3003 per
1826 2933 2040 3002 sapien-

447 3034 581 3091 tiatn
633 3033 731 3088 Dei
791 3031 1043 3087 videlicet
1085 3028 1363 3083 Christum
1410 3025 1717 3080 vivificatur
1765 3023 2046 3088 Ecclesia,

450 3126 610 3197 cujus
653 3133 710 3179 et
752 3136 899 3179 nunc
935 3118 1293 3176 sacramentis
1322 3115 1504 3171 carnis
1530 3131 1595 3169 ac
1638 3112 1938 3184 sanguinis,
1961 3111 2044 3182 pi-
2077 3142 2094 3197 Ir

2160 577 2305 629 nium
2333 577 2495 643 dices,
2525 585 2631 633 etc.
2667 579 2862 650 (Exod.
2894 581 3009 648 xx).
3042 580 3334 637 Consilium
3355 583 3636 654 sapientiae
3655 593 3740 640 est

2158 680 2278 720 cum
2327 667 2575 734 protinus
2622 670 2800 735 addit,
2849 671 2896 724 si
2939 672 3015 726 vis
3039 671 3294 741 perfectus
3343 689 3487 738 esse,
3527 674 3658 728 vade
3689 682 3740 730 et

2156 756 2314 810 vende
2342 758 2516 812 omnia
2563 775 2682 830 qua:
2709 761 2890 826 habes,
2918 771 3024 818 etc.
3069 762 3285 835 (Matth.
3310 765 3448 836 xxx).

2226 848 2294 903 Et
2320 851 2416 906 erit
2445 852 2548 906 vita
2588 854 2782 907 animm
2834 863 2956 907 tute.
2987 854 3180 908 Anima
3221 864 3312 908 tua
3357 854 3525 911 habet
3569 858 3740 912 vitam

2155 955 2276 997 cum
2324 941 2457 1008 Deo,
2511 943 2556 998 si
2585 942 2700 1013 ejus
2758 933 2974 1000 decreta
3030 947 3385 1012 custodieris,
3441 948 3742 1019 quamlibet

2155 1044 2281 1088 caro
2334 1033 2616 1104 disciplina
2660 1035 3018 1106 correptionis
3047 1045 3140 1092 aut
3173 1036 3338 1092 etiam
3383 1039 3577 1094 mortis
3611 1051 3736 1110 pre-

2155 1131 2353 1178 matur.

2224 1214 2294 1269 Et
2321 1225 2495 1287 gratia
2522 1218 2762 1287 faucibus
2785 1221 2911 1274 tuis.
2947 1218 3122 1276 Habet
3165 1236 3298 1292 ergo
3342 1235 3536 1277 sensus
3569 1220 3740 1277 animi

2152 1304 2336 1362 fauces
2359 1323 2504 1373 suas,
2527 1310 2652 1379 quia
2671 1310 2870 1376 dulcia,
2893 1312 3086 1382 inquit,
3110 1313 3350 1383 faucibus
3375 1315 3502 1368 meis
3531 1314 3740 1385 eloquia

2153 1406 2244 1450 tua
2271 1394 2444 1468 (Psal.
2463 1399 2673 1471 cxvut),
2701 1401 2899 1471 quibus
2927 1403 3094 1457 verba
3119 1419 3239 1472 qua:
3268 1404 3421 1458 audit
3455 1403 3738 1472 dijudicet,

2153 1488 2349 1558 quibus
2377 1504 2465 1544 res
2491 1499 2546 1545 et
2584 1493 3112 1571 gesta'singulorum
3154 1509 3274 1565 quae
3326 1496 3499 1549 cernit
3545 1496 3739 1550 decer-

2153 1581 2327 1634 nendo
2353 1581 2648 1647 examinet,
2676 1591 2731 1637 et
2777 1583 2893 1638 haec
2928 1583 3300 1653 amplectendo
3345 1585 3595 1653 recipiat,
3646 1582 3738 1639 illa

2154 1669 2493 1738 reprobando
2535 1678 2867 1728 contemnat.
2903 1672 3108 1740 Quibus
3155 1674 3414 1728 nimirum
3460 1673 3738 1740 faucibus,

2151 1776 2274 1815 cum
2324 1761 2497 1832 legem
2553 1773 2714 1834 atque
2765 1764 3049 1820 consilium
3089 1765 3305 1820 Domini
3363 1765 3738 1832 custodimus,

2152 1853 2327 1923 gratia
2358 1853 2764 1924 multiplicatur.
2813 1855 2946 1921 Quia
2990 1864 3196 1924 quanto
3236 1854 3485 1910 solertius
3509 1855 3739 1925 quisque

2155 1944 2352 1998 divinis
2376 1945 2713 2014 obtemperat
2737 1944 2926 2015 jussis,
2956 1951 3106 1999 tanto
3129 1943 3337 2000 dulcius
3356 1943 3471 2013 ejus
3495 1959 3739 2000 amorem

2154 2036 2405 2105 concipit.
2435 2034 2604 2101 Quam
2631 2036 2833 2091 nostris
2855 2033 3101 2091 faucibus
3130 2036 3306 2091 inesse
3333 2036 3564 2105 gratiam
3589 2035 3736 2091 desi-

2155 2125 2378 2180 derabat
2400 2125 2688 2181 Psalmista
2713 2142 2838 2181 cum
2865 2127 2959 2189 ait,
2991 2124 3206 2181 Gustate
3231 2136 3278 2181 et
3303 2128 3467 2182 videte
3487 2127 3736 2198 quoniam

2152 2217 2327 2270 suavis
2353 2225 2427 2270 est
2459 2216 2716 2270 Dominus
2740 2215 2912 2287 (Psal.
2945 2216 3161 2289 xum).

2224 2303 2369 2358 Tunc
2392 2303 2686 2359 ambulabis
2715 2303 3035 2373 fiducialiter
3061 2306 3117 2360 in
3139 2305 3218 2360 via
3239 2315 3352 2360 tua.
3387 2306 3740 2364 Fiducialiter

2152 2396 2207 2450 in
2233 2397 2321 2450 via
2343 2405 2525 2452 nostra
2557 2396 2875 2462 incedimus,
2905 2411 3028 2451 cum
3051 2397 3145 2452 Dei
3177 2398 3351 2467 gratia
3391 2399 3579 2453 confisi
3605 2414 3738 2469 pro-

2150 2488 2350 2544 fectum
2393 2489 2449 2543 in
2496 2489 2637 2544 bona
2694 2497 2878 2544 nostra
2929 2491 3341 2545 conversatione
3389 2473 3735 2559 suscipimus.

2153 2577 2210 2633 Si
2235 2595 2363 2649 ergo
2389 2579 2506 2650 ejus
2530 2579 2776 2649 imperiis
2801 2578 3079 2634 humiliter
3103 2580 3403 2644 subdimur,
3434 2591 3488 2635 et
3518 2590 3738 2650 gustum

2150 2669 2374 2739 superni
2400 2671 2600 2725 amoris
2626 2669 2846 2725 suavius
2868 2669 3115 2724 faucibus
3159 2669 3357 2724 mentis
3385 2670 3734 2741 attingemus,

2150 2767 2203 2814 et
2227 2759 2557 2828 operationis
2569 2760 2723 2814 bonae
2744 2768 3092 2830 augmentum
3114 2774 3328 2829 semper
3346 2760 3733 2826 obtinebimus,

2150 2850 2244 2904 sed
2263 2857 2320 2903 et
2366 2848 2840 2904 in-‘tentationibus
2890 2863 2958 2902 ne
3000 2848 3314 2904 deliciamus
3360 2849 3478 2918 ipso
3511 2849 3736 2920 juvante

2150 2941 2522 3005 defendamur,
2549 2943 2650 2997 hoc
2675 2949 2757 2996 est
2778 2941 2923 2996 enim
2951 2941 3094 3010 quod
3118 2941 3362 3010 sequitur
3394 2958 3407 2996 :

2222 3030 2291 3083 Et
2333 3048 2421 3100 pes
2467 3041 2588 3084 tuus
2635 3045 2738 3084 non
2777 3030 3044 3100 impinget.
3097 3029 3361 3098 Quoniam
3398 3029 3735 3100 diligentibus

2148 3121 2318 3177 Deum
2353 3123 2528 3176 omnia
2560 3129 2909 3192 cooperantur
2939 3122 2994 3175 in
3026 3120 3216 3175 bonum
3244 3121 3418 3192 (Rom.
3449 3123 3588 3192 vni).

447 3235 588 3292 gnus
616 3218 744 3272 vitae
787 3214 1009 3285 accipit,
1043 3222 1098 3269 et
1124 3212 1177 3267 in
1208 3210 1388 3265 futuro
1415 3207 1672 3280 praesenti
1699 3204 2042 3262 beatificatur
2070 3184 2115 3246 (ἶ
2219 3212 2276 3269 Si
2303 3213 2613 3278 dormieris,
2655 3184 2758 3266 'm
2787 3213 3024 3278 timebis;
3065 3184 3320 3284 quiesces,
3352 3224 3403 3268 et
3436 3184 3611 3268 maia.
3637 3215 3737 3270 erit

449 3319 695 3366 asnectu.

571 3326 695 3364 .cut.

515 3326 782 3453 [geminus
819 3395 1080 3467 sapientia
1112 3393 1350 3464 fundavit
1375 3399 1589 3455 terram,
1616 3389 1862 3444 stabilivit
1887 3388 2041 3442 caelos

447 3488 752 3560 prudentia.
804 3486 949 3542 Deus
995 3484 1162 3539 Pater
1186 3497 1282 3551 per
1323 3480 1520 3535 Filium
1550 3480 1733 3534 omnia
1777 3478 2037 3533 condidit.

450 3577 656 3649 Typice
693 3583 876 3631 autem
928 3571 1174 3627 fundavit
1219 3578 1423 3625 terram
1462 3569 1750 3640 sapientia,
1780 3583 1902 3622 cum
1944 3582 2042 3637 per

449 3670 628 3737 ipsum
657 3673 901 3721 sanctam
925 3662 1222 3717 Ecclesium
1251 3660 1305 3714 in
1353 3659 1478 3715 ﬁdei
1505 3658 1778 3714 soliditate
1819 3657 2037 3712 locavit.

452 3756 727 3813 Stabilivit
751 3753 919 3809 caelos
960 3749 1272 3822 prudentia,
1314 3763 1437 3802 eum
1469 3764 1567 3818 per
1595 3750 1844 3802 eumdem
1872 3744 2042 3800 subli-

450 3846 562 3901 mia
589 3844 1003 3916 praedicatorum
1032 3839 1198 3894 corda
1225 3838 1537 3893 illustravit.

523 3935 800 4007 Sapientia
837 3932 980 3988 illius
1027 3939 1308 4001 eruperunt
1355 3928 1549 3998 abyssi.
1601 3926 1825 3994 Quando
1849 3927 1901 3980 in
1928 3925 2042 3981 die-

445 4027 551 4082 bus
597 4025 708 4079 Noe
735 4024 874 4092 rapti
923 4031 1048 4077 sunt
1089 4036 1278 4074 omnes
1318 4019 1494 4074 fontes
1520 4018 1703 4089 abyssi
1733 4033 1940 4087 magna:
1989 4025 2041 4071 et

449 4132 575 4172 cum
598 4113 912 4183 quotidiano
934 4125 1197 4181 procursu
1224 4107 1400 4164 fontes
1422 4117 1476 4162 et
1502 4107 1722 4161 ﬂumina
1756 4107 1821 4159 dc
1844 4107 2041 4175 abysso

446 4222 550 4278 per
595 4212 755 4260 terra:
801 4216 967 4257 venas
1020 4207 1297 4254 emanant.
1349 4197 1522 4252 Aliter
1564 4196 1831 4266 sapientia
1860 4211 2061 4249 el‘lIlll-~

445 4305 585 4368 punt
628 4296 844 4365 abyssi,
889 4309 1011 4350 cum
1062 4292 1324 4362 largiente
1393 4288 1596 4346 Christi
1673 4288 1869 4358 gratia,
1915 4302 2041 4357 pro-

447 4387 615 4443 funda
669 4393 1132 4440 sacramentorum
1183 4381 1484 4435 cmlcstium
1535 4379 1783 4435 fidelibus
1825 4379 2038 4433 innote—

447 4485 627 4532 scunt.

520 4565 589 4618 Et
618 4581 776 4619 nuoes
807 4580 924 4619 rore
949 4562 1062 4633 ejus
1103 4569 1359 4615 crescunt.
1395 4559 1547 4614 Patet
1589 4558 1742 4628 juxta
1770 4558 2029 4625 litteram,

446 4654 545 4710 sed
571 4653 858 4724 allegorice
898 4653 1070 4707 nubes
1110 4659 1237 4705 sunt
1276 4649 1530 4704 Ecclesia:
1568 4650 1841 4718 magistri,
1872 4649 2036 4703 subli-

444 4764 566 4805 mes
595 4722 700 4819 p’er
722 4743 1234 4814 contemplationem
1281 4750 1337 4796 et
1377 4743 1566 4807 vitam,
1594 4742 1833 4813 rigantes
1869 4741 2034 4796 corda

447 4840 779 4903 auditorum,
808 4835 961 4906 quasi
1003 4832 1303 4902 subjectum
1337 4833 1440 4887 sibi
1468 4843 1671 4887 terram
1712 4847 1810 4902 per
1835 4832 2036 4886 doctri-

444 4946 596 4996 nam,
618 4944 738 5000 quae
763 4943 887 4983 rore
906 4934 1286 4990 concrescunt,
1310 4925 1435 4993 quia
1457 4924 1807 4979 subtilissima
1832 4924 2036 4979 discre-

443 5021 596 5077 tione
616 5020 841 5073 virtutes
870 5032 997 5071 suas
1018 5016 1211 5084 quibus
1236 5015 1544 5083 proficiant,
1575 5013 1770 5084 quibus
1798 5013 1907 5068 alta
1935 5029 2030 5083 pe-

444 5120 595 5176 tant,
621 5111 927 5180 quibusque
967 5106 1265 5160 minoribus
1308 5105 1360 5158 in
1408 5105 1712 5174 exemplum
1761 5113 2032 5159 monstra-

443 5212 638 5261 rentur
660 5202 996 5258 examinant.

523 5294 629 5348 Fili
657 5295 749 5357 mi,
774 5309 836 5345 ne
856 5291 1065 5361 eﬁluant
1090 5290 1201 5342 lucc
1227 5288 1289 5340 ab
1311 5275 1621 5341 oculis-tuis.
1651 5287 1729 5342 Ne
1750 5283 2030 5358 disciplina

448 5384 730 5454 temporali
759 5383 1012 5452 fatigatus
1032 5376 1327 5449 sapientiae,
1358 5393 1478 5447 quae
1506 5385 1655 5430 tanta
1673 5387 1777 5442 est,
1801 5378 2030 5446 gratiam

446 5481 640 5553 perdas
662 5492 922 5548 praecave.

519 5567 740 5624 Custodi
764 5565 925 5635 legem
953 5574 1106 5634 atque
1137 5561 1435 5616 consilium.
1481 5560 1593 5615 Lex
1634 5559 1896 5628 sapientia
1923 5567 2030 5628 est,

449 5673 556 5729 qua
591 5655 758 5711 dicit:
788 5653 845 5709 Si
875 5653 947 5708 vis
976 5653 1044 5706 ad
1075 5654 1232 5707 vitam
1259 5653 1484 5721 ingredi,
1518 5668 1620 5705 non
1669 5649 1890 5719 occides,
1927 5667 2029 5704 non

521 5749 733 5806 u'Decst
758 5747 878 5803 linis
911 5745 1052 5802 tertii
1084 5744 1277 5813 capitis
1303 5752 1358 5799 ct
1385 5743 1595 5799 initium
1625 5740 1820 5813 quarti.

2063 4526 2113 4584 D

2146 3325 2362 3363 somnus
2390 3318 2531 3362 tuus.
2558 3307 2634 3364 Ne
2663 3322 2861 3377 paveas
2882 3307 3165 3377 repentino
3187 3316 3420 3370 terrore,
3444 3312 3501 3359 et
3519 3304 3732 3360 irruen-

2149 3409 2230 3455 tes
2254 3400 2350 3454 tibi
2380 3400 2650 3469 potentias
2679 3399 2988 3468 impiorum.

2213 3489 2470 3544 Dominus
2510 3491 2646 3544 enint
2683 3490 2737 3543 in
2772 3489 2934 3543 latere
2982 3499 3092 3553 tuo,
3144 3497 3194 3542 et
3243 3487 3500 3542 custodiet
3552 3486 3736 3557 pedem

2145 3589 2290 3632 tuum
2315 3596 2376 3632 ne
2399 3579 2643 3649 capiaris.
2675 3577 2834 3632 Patet
2867 3577 3022 3646 juxta
3073 3575 3309 3631 litteram
3341 3577 3466 3644 quia
3507 3590 3734 3632 securus

2143 3677 2198 3724 et
2243 3668 2442 3724 dormit
2469 3676 2523 3722 et
2567 3668 2780 3738 vigilat,
2808 3676 2862 3721 et
2886 3667 3113 3736 quiescit
3146 3667 3503 3722 et-ambulat.
3529 3667 3622 3737 qui
3672 3681 3734 3722 se

2144 3760 2460 3813 innocenter
2492 3766 2616 3813 ante
2641 3758 2810 3812 Deum
2839 3765 2895 3811 et
2907 3756 3053 3824 juste
3079 3757 3260 3811 vivere
3305 3756 3570 3811 meminit.
3624 3753 3734 3809 Sed

2142 3857 2197 3904 et
2217 3849 2396 3919 justus
2426 3864 2548 3902 cum
2577 3848 2631 3901 in
2653 3855 2825 3902 morte
2870 3845 3178 3910 dormierit,
3202 3861 3308 3899 non
3342 3844 3514 3899 solum
3540 3853 3733 3914 poten-

2142 3941 2247 3995 tias
2298 3940 2656 4011 malignorum
2706 3937 2992 4006 spirituum
3040 3951 3145 3990 non
3195 3935 3420 3999 metuit,
3450 3933 3543 3988 sed
3582 3942 3638 3987 et
3676 3933 3731 3987 in

2140 4046 2273 4100 pace
2321 4031 2553 4100 quiescit
2583 4044 2646 4084 ac
2675 4042 2899 4083 securus
2927 4026 3068 4081 diem
3097 4025 3516 4082 resurrectionis
3537 4039 3734 4096 exspe-

2141 4129 2302 4182 ctat:
2362 4121 2487 4190 quia
2555 4119 2723 4173 Deum
2784 4119 2986 4186 ubique
3042 4123 3406 4186 protectorem
3458 4114 3626 4169 habet
3675 4122 3734 4170 et

2143 4211 2439 4274 custodem,
2467 4208 2623 4279 quale
2647 4215 2728 4262 est
2752 4207 2804 4260 in
2826 4206 3062 4275 psalmo:
3095 4204 3236 4258 Nam
3259 4213 3305 4258 et
3329 4205 3373 4257 si
3395 4202 3731 4257 ambulaer

2140 4303 2194 4356 in
2222 4301 2390 4354 medio
2419 4298 2614 4353 umbra:
2640 4298 2842 4360 mortis,
2874 4312 2978 4349 non
3001 4294 3189 4347 timebo
3215 4292 3378 4357 mala,
3396 4292 3648 4362 quoniam
3670 4299 3729 4345 tl

2138 4409 2339 4447 mecum
2366 4409 2418 4445 es
2445 4388 2614 4463 (Psal.
2643 4389 2801 4459 xxn).

2212 4481 2342 4545 Noli~
2363 4480 2632 4551 prohibere
2679 4477 2976 4547 benefacere
3027 4490 3144 4529 eum
3166 4473 3256 4544 qui
3274 4474 3543 4544 potest:si
3565 4472 3730 4537 uales,

2142 4583 2188 4628 et
2211 4572 2318 4642 ipse
2365 4569 2594 4638 benefac.
2627 4565 2745 4621 lam
2766 4566 2975 4621 clarere
3002 4564 3283 4627 miramur,
3309 4576 3444 4629 quos
3486 4559 3734 4629 aliquan-

2143 4664 2210 4720 do
2236 4661 2487 4734 parvulos
2515 4667 2570 4714 et
2595 4659 2838 4713 indoctos
2871 4655 3036 4709 fuisse
3067 4653 3430 4708 meminimus.
3471 4689 3485 4704 .
3525 4689 3541 4705 .
3585 4691 3601 4706 .
3642 4691 3659 4706 .
3701 4662 3720 4682 '

2759 4788 2984 4846 CAPUT
3020 4787 3108 4843 IV.

2211 5017 2279 5072 Et
2302 5015 2518 5070 docebat
2546 5029 2628 5067 me
2669 5021 2820 5080 atque
2847 5006 3090 5060 dicebat:
3121 5003 3383 5072 Suscipiat
3414 4999 3564 5054 verba
3607 5014 3730 5056 πω

2140 5125 2232 5164 cor
2250 5118 2417 5162 tuum.
2447 5102 2760 5173 llujusmodi
2783 5099 2987 5154 monita
3012 5093 3285 5150 Salomoni
3313 5108 3344 5146 a
3373 5089 3542 5145 David
3562 5098 3728 5160 patre

2144 5202 2281 5263 data,
2306 5199 2398 5268 qui
2429 5196 2600 5252 Verba
2624 5196 2830 5250 dierum
2858 5189 3046 5259 relegit
3078 5186 3311 5247 invenit;
3343 5197 3511 5253 quare
3535 5189 3726 5235 autem

2139 5305 2198 5347 se
2222 5289 2473 5344 Salomon
2503 5284 2834 5354 unigenitum
2857 5293 3038 5333 coram
3063 5287 3235 5331 matre
3261 5274 3524 5338 nominat,
3552 5286 3726 5341 quem

2138 5379 2364 5433 fratrem
2421 5373 2691 5429 uterinum
2739 5368 3084 5438 praecessisse
3136 5364 3418 5432 Scriptura
3463 5368 3726 5429 testatur,

2137 5472 2239 5527 nisi
2263 5469 2389 5541 quia
2414 5468 2500 5521 ille
2528 5481 2651 5519 mox
2680 5471 2839 5517 natus
2863 5460 2980 5514 sine
3007 5458 3222 5512 nomine
3246 5455 3400 5525 quasi
3443 5466 3724 5523 nunquam

2136 5573 2299 5628 esset,
2326 5563 2435 5616 vita
2463 5556 2750 5615 discessit?

2209 5657 2274 5711 Et
2305 5658 2358 5710 in
2382 5655 2522 5711 omni
2543 5649 2863 5723 possessione
2905 5655 2994 5701 tua
3021 5643 3231 5714 acquire
3275 5639 3626 5712 prudentiam.
3663 5635 3724 5694 In
