3918 6326
172 371 266 431 697

968 355 1332 416 EXPOSITIO
1367 355 1433 411 IN
1473 351 1863 411 PROVERBIA
1901 347 2304 407 SALOMONIS.
2345 377 2415 389 -—
2453 346 2579 402 LIB.
2616 346 2656 400 l.

3316 347 3420 404 698

174 481 417 540 omnibus
445 491 564 546 qua:
591 471 833 545 possides
866 469 1018 527 bonis
1047 469 1318 538 sapienter
1343 475 1392 521 te
1435 479 1595 537 agere
1622 479 1739 518 me-
1767 468 1818 527 Α
1843 463 2022 534 perius
2052 461 2246 517 dicitur
2277 461 2524 529 sapienti,
2553 459 2689 525 Quia
2711 474 2924 512 currens
2965 474 3067 512 non
3091 455 3300 511 habebis
3338 461 3420 530 of.

175 580 372 634 mento,
396 565 479 620 vel
511 566 563 618 in
593 563 737 617 omni
765 560 1103 632 possessione
1135 567 1223 612 tua
1259 556 1476 625 acquire
1501 554 1741 624 pruden-

176 661 320 722 tiam,
354 653 532 710 omnia
579 666 697 721 qua:
726 649 990 720 possides,
1015 657 1225 701 terrena
1251 654 1555 708 contemne,
1589 642 1746 696 dum-

177 751 331 805 modo
357 745 671 818 sapientiam
698 741 984 812 percipias,
1009 738 1152 808 quod
1177 738 1311 807 petit
1342 735 1595 790 Salomon
1631 734 1746 806 ipse

176 843 297 896 dum
350 842 472 894 data
524 836 626 890 sibi
671 834 908 903 optione,
935 844 1174 885 amorem
1215 827 1488 898 sapientiae
1537 823 1747 879 cunctis

175 929 462 1003 praeposuit
512 926 692 989 rebus,
741 932 794 977 et
845 923 898 975 in
953 920 1265 990 Evangelio,
1314 916 1405 986 qui
1451 916 1745 986 pretiosam

175 1019 523 1090 margaritam
567 1012 835 1083 quzesivit,
863 1011 1001 1065 hanc
1027 1010 1301 1064 inventam
1327 1004 1599 1070 omnibus,
1624 1017 1746 1072 quae

176 1109 360 1164 habuit
381 1149 394 1170 ,
417 1105 650 1159 venditis
677 1102 826 1156 emit.

238 1198 398 1252 Dabit
424 1196 580 1267 capiti
599 1205 688 1247 tuo
710 1200 984 1263 augmenta
1011 1189 1320 1260 gratiarum,
1337 1201 1531 1240 corona
1552 1181 1748 1252 inclyta

172 1297 396 1358 proteget
453 1297 520 1340 te.
570 1285 725 1339 Patet
752 1284 817 1338 de
846 1281 1155 1344 Salomone,
1181 1279 1313 1348 quia
1351 1277 1477 1331 dum
1521 1289 1620 1344 pro
1658 1288 1745 1327 sa-

173 1379 370 1450 pientia
422 1384 615 1432 cuncta
655 1375 977 1442 despiceret,
1012 1379 1269 1440 percepta
1319 1365 1584 1438 sapientia
1625 1377 1749 1447 .ma-

169 1467 267 1538 jori
319 1466 501 1537 gloria:
529 1463 859 1518 sublimitate
898 1458 1127 1514 refulsit.
1165 1456 1270 1511 Sed
1304 1464 1359 1509 et
1400 1451 1586 1526 [Forte
1611 1451 1748 1504 deest

172 1557 236 1630 si]
267 1565 456 1611 nostro
482 1554 668 1623 capiti,
702 1552 752 1606 id
778 1559 879 1616 est,
907 1547 1188 1620 principali
1209 1545 1404 1600 mentis
1430 1542 1749 1613 sapientiam

173 1647 577 1718 amplectimur,
618 1642 846 1714 amplior
897 1641 1071 1713 gratia
1122 1638 1359 1709 Spiritus
1412 1643 1658 1706 augetur,
1696 1642 1750 1698 et

171 1753 366 1794 corona
417 1737 636 1805 insuper
689 1735 810 1788 vita:
867 1732 922 1786 in
982 1731 1166 1785 futuro
1208 1727 1514 1783 donabitur.
1569 1725 1748 1796 Expo-

1846 551 2166 623 fendiculum
2208 549 2388 622 (Prov.
2415 550 2510 622 tv),
2540 551 2592 604 id
2630 559 2734 615 est;
2762 548 3096 604 scandalum.

1916 643 2073 697 Omni
2121 640 2357 695 custodia
2403 640 2565 694 serva
2600 657 2688 694 cor
2723 649 2891 702 tuum,
2920 640 3044 708 quia
3082 656 3145 692 ea:
3180 642 3291 710 ipso
3318 639 3422 692 vita

1845 732 2096 804 procedit.
2134 730 2272 786 Sunt
2305 732 2394 800 qui
2428 739 2575 784 recte
2604 731 2786 785 vivere
2813 730 3066 784 videntur
3089 731 3420 795 hominibus,

1848 821 1939 878 sed
1974 815 2099 892 quia
2146 829 2291 874 recta
2347 820 2643 874 intentione
2689 835 2796 874 non
2851 820 3073 882 faciunt,
3119 835 3148 873 a
3197 819 3307 874 Deo
3332 820 3422 888 qui

1848 927 1942 966 cor
1973 910 2192 981 respicit
2241 925 2466 979 pravum
2514 910 2831 979 reprobatur
2880 917 2934 963 et
2984 909 3116 974 vita,
3150 925 3269 979 qua:
3307 924 3426 963 cre-

1848 1003 2075 1057 debatur
2102 1001 2262 1055 bona.
2296 999 2452 1055 Omni
2484 1015 2614 1069 ergo
2661 999 2936 1069 diligentia
2982 1001 3162 1054 cordis
3205 999 3423 1053 mundi-

1849 1092 1980 1146 tiam
2014 1106 2191 1156 serva,
2222 1091 2344 1160 quia
2373 1090 2437 1145 ad
2460 1089 2576 1159 ejus
2604 1105 2830 1145 examen
2859 1090 3048 1146 modus
3075 1090 3428 1144 tcstimabitur

1847 1182 1993 1236 vitae.

1918 1274 2136 1330 Remove
2159 1292 2190 1329 a
2218 1283 2265 1329 te
2292 1292 2347 1329 os
2370 1290 2588 1345 pravum
2610 1282 2656 1327 et
2681 1270 3006 1328 detrahentia
3031 1273 3170 1328 labia
3191 1277 3293 1328 sint
3313 1289 3433 1344 pro.

1849 1364 1936 1421 cul
1968 1383 1999 1420 a
2028 1376 2094 1420 te.
2130 1366 2350 1420 Duobus
2393 1365 2565 1420 modis
2602 1365 2958 1428 sentiendmn,
2990 1374 3048 1418 ut
3089 1374 3144 1419 et
3187 1381 3248 1419 os
3278 1374 3428 1419 tuum

1849 1474 1916 1513 ne
1968 1473 2193 1528 pravum
2268 1457 2517 1527 loquatur
2586 1456 2824 1525 aliquid,
2886 1463 2940 1513 et
3018 1464 3106 1509 tua
3168 1455 3309 1522 labia
3360 1469 3430 1509 ne

1849 1549 2276 1605 detractionibus
2323 1559 2634 1603 assuescant
2678 1547 2975 1612 custodias,
3016 1556 3070 1601 et
3118 1547 3252 1601 alios
3292 1562 3428 1616 quo-

1850 1654 1956 1709 que
1985 1654 2120 1710 quos
2150 1639 2278 1693 huic
2317 1639 2451 1692 vitio
2487 1636 2731 1691 subditos
2771 1637 2934 1703 nosti,
2967 1652 3033 1691 ne
3083 1644 3133 1690 te
3186 1650 3433 1691 corrum-

1850 1739 1999 1800 pant,
2024 1729 2218 1798 fugias.

171 1829 283 1883 sitis
331 1842 458 1881 sane
488 1827 591 1890 his,
625 1839 743 1894 qua:
783 1839 814 1876 a
861 1822 1024 1876 Patre
1073 1820 1239 1875 verba
1271 1824 1582 1888 perceperat
1607 1815 1749 1869 redit
1778 1810 1823 1868 Β
1924 1819 2076 1872 Oculi
2099 1820 2173 1871 tui
2200 1828 2337 1872 recta
2368 1817 2596 1881 videant,
2623 1824 2670 1869 et
2700 1816 2958 1885 palpebra?
2983 1826 3086 1869 tum
3126 1816 3425 1884 prtccedant

170 1919 233 1974 ad
281 1917 582 1973 docendam
635 1913 936 1968 auditorem
986 1924 1144 1966 suum
1190 1906 1542 1978 sapientiam,
1585 1919 1749 1974 quam

173 2011 352 2080 coepit.

240 2101 406 2165 Audi,
459 2097 539 2167 ﬁli
582 2098 676 2162 mi,
720 2104 768 2150 et
823 2094 1026 2164 suscipe
1069 2091 1222 2148 verba
1251 2106 1368 2144 mea
1415 2096 1470 2141 ut
1504 2084 1755 2157 multipli-

173 2201 354 2245 centur
396 2190 487 2243 tibi
515 2189 640 2243 anni
669 2189 808 2242 vitaz.
847 2185 905 2240 Id
948 2192 1050 2250 est,
1082 2191 1142 2238 ut
1188 2183 1311 2236 vita:
1340 2188 1556 2234 aeterna:
1612 2177 1752 2231 dona

173 2279 458 2350 percipias.

241 2368 450 2423 Ducam
492 2375 540 2420 te
582 2383 680 2437 per.
697 2365 905 2419 semitas
937 2363 1220 2434 aequitatis,
1244 2378 1373 2431 quas
1393 2377 1510 2414 cum
1556 2361 1754 2428 ingres-

175 2475 262 2516 sus
289 2460 478 2529 fueris,
504 2474 608 2512 non
655 2455 996 2510 arctabuntur
1042 2469 1247 2523 gressus
1293 2452 1386 2504 tui.
1436 2448 1672 2508 Semitas.
1703 2448 1755 2502 id

177 2561 278 2618 est,
307 2552 551 2607 actiones
577 2548 846 2620 aequitatis
876 2547 1000 2602 dum
1025 2545 1350 2598 inchoantur
1381 2550 1544 2596 arctre
1566 2539 1754 2592 viden-

179 2653 265 2699 tur
289 2650 346 2699 et
375 2649 650 2712 angustat,
682 2640 806 2694 dum
841 2651 971 2691 vero
999 2633 1300 2704 profectum
1350 2632 1567 2700 capiunt
1588 2671 1601 2689 .
1641 2628 1754 2696 jam

176 2748 242 2789 ex
272 2730 666 2788 consuetudine
689 2727 942 2798 spatiosa:
962 2724 1212 2778 videntur
1233 2730 1286 2775 et
1308 2720 1457 2782 latae;
1472 2717 1754 2771 Psalmista

178 2831 430 2885 testante,
463 2821 553 2889 qui
584 2833 706 2874 cum
744 2815 1001 2885 insipiens
1046 2812 1272 2866 Domino
1318 2807 1542 2864 dixisset
1575 2825 1586 2859 :
1621 2803 1757 2857 Pro-

174 2921 285 2982 pter
310 2911 467 2965 verba
506 2909 762 2962 labiorum
800 2917 1008 2959 tuorum
1047 2919 1138 2972 ego
1185 2899 1436 2953 custodivi
1463 2898 1570 2951 vias
1598 2896 1756 2947 duras

175 3002 346 3075 (Psal.
402 3003 538 3071 xvi),
591 2997 931 3071 postmodum
975 2996 1087 3065 jam
1137 2992 1424 3062 proﬁciens
1477 2988 1753 3043 canebat:

187 3095 335 3149 Viam
367 3075 739 3148 mandatorum
769 3100 977 3141 tuorum
1006 3083 1215 3138 cucurri
1240 3082 1363 3134 dum
1393 3078 1642 3132 dilatares
1672 3091 1761 3128 cor

1855 1926 2061 1981 gressus
2085 1919 2220 1961 tuos.
2252 1908 2359 1961 Iter
2390 1906 2646 1975 justitim,
2674 1921 2779 1975 quo
2821 1907 3032 1976 ingredi
3073 1906 3267 1960 debeas
3315 1906 3436 1960 dili-

1857 2008 2045 2072 genter
2068 2000 2268 2077 edisce,
2296 2005 2349 2051 et
2385 1997 2439 2050 in
2462 1996 2672 2050 cunctis
2701 2013 2819 2066 qua:
2846 2011 3006 2065 agere
3033 1997 3291 2066 disponis,
3328 1995 3432 2051 sol-

1857 2090 2036 2145 licitus
2066 2090 2131 2142 ad
2163 2103 2322 2158 quem
2347 2087 2455 2141 sint
2486 2085 2646 2140 linem
2677 2096 2902 2140 ventura
2935 2087 3198 2156 pnevide;
3226 2087 3328 2140 hoc
3353 2094 3437 2154 est

1855 2184 1998 2238 enim
2025 2182 2308 2250 palpebras
2335 2186 2483 2232 recta
2511 2177 2810 2231 videntium
2838 2177 3135 2241 oculorum,
3164 2185 3285 2230 tuos
3301 2191 3437 2245 prae-

1856 2273 2049 2329 cedere
2079 2286 2317 2342 gressus,
2353 2271 2553 2323 bonum
2581 2283 2714 2337 opus
2743 2269 2885 2336 quod
2910 2276 3128 2321 acturus
3157 2282 3216 2321 es
3253 2266 3437 2321 sedula

1856 2363 2179 2433 cogitatione
2209 2359 2530 2431 praevenire,
2553 2365 2609 2411 et
2652 2359 2777 2427 quia
2805 2358 3098 2412 secundum
3145 2359 3312 2412 Deum
3367 2357 3439 2410 sit

1861 2453 2167 2505 meditando
2197 2451 2512 2520 prrcvidere.

1933 2541 2111 2611 Dirige
2133 2541 2368 2594 semitam
2408 2541 2622 2609 pedibus
2649 2541 2770 2593 tuis.
2799 2538 2877 2593 Nc
2904 2539 3150 2592 videlicet
3193 2551 3344 2591 erres
3381 2539 3438 2594 in

1860 2631 2070 2685 actibus
2094 2639 2187 2684 aut
2208 2630 2332 2683 fide.

1930 2722 1997 2775 Et
2031 2740 2205 2776 omnes
2237 2725 2330 2776 via:
2357 2733 2460 2776 tua:
2491 2721 2840 2775 stabilientur.
2873 2699 2951 2773 Ne
2981 2719 3198 2773 levitate
3244 2719 3442 2774 mentis

1859 2828 1888 2865 a
1919 2813 2059 2866 bono
2088 2813 2357 2867 movearis
2385 2813 2681 2882 proposito.
2719 2810 2854 2864 Hinc
2881 2819 2935 2863 et
2957 2807 3245 2878 Apostolus
3270 2826 3282 2859 :
3317 2806 3442 2862 Sta-

1862 2900 1984 2953 biles
2010 2911 2192 2965 estote,
2215 2910 2260 2953 et
2283 2900 2592 2964 immobiles,
2619 2898 2946 2952 abundantes
2968 2899 3022 2950 in
3050 2914 3200 2962 opere
3231 2897 3442 2952 Domini

1861 3008 2060 3061 semper
2091 2989 2140 3060 (I
2171 2990 2292 3044 Cor.
2324 2989 2445 3059 xv).

1937 3081 2017 3134 Ne
2071 3071 2306 3134 declines
2351 3080 2420 3132 ad
2486 3079 2752 3132 dexteram
2814 3094 2975 3145 neque
3030 3077 3100 3129 ad
3151 3077 3440 3129 sinistram.

170 3205 346 3250 meum
378 3185 552 3264 (Psal.
593 3183 801 3257 cxvm).
856 3181 920 3237 Et
962 3178 1004 3236 si
1043 3192 1170 3250 ergo
1219 3173 1439 3230 semitas
1488 3168 1756 3240 uanitatis
1787 3156 1829 3216 C
1863 3171 2091 3226 Dextera
2139 3170 2225 3224 via
2269 3169 2408 3225 bona
2461 3168 2680 3224 sinistra
2719 3168 2983 3237 accipitur
3028 3167 3274 3236 reproha.
3323 3162 3442 3218 Non

174 3299 295 3340 cum
327 3281 538 3348 ingredi
568 3278 798 3346 cmperis
819 3283 982 3329 arctae
1013 3272 1105 3325 tibi
1137 3267 1405 3331 videntur,
1429 3280 1550 3318 cum
1582 3273 1757 3316 tamen

176 3389 267 3429 eas
293 3374 573 3444 ingressus
615 3367 779 3422 fueris
803 3381 908 3420 non
939 3362 1291 3416 arctabuntur
1317 3369 1534 3427 gressus
1566 3352 1758 3404 uentis

172 3473 310 3530 tuae;
350 3442 449 3518 sed
482 3460 635 3530 juxta
681 3457 823 3527 quod
846 3453 1101 3508 Dominus
1124 3450 1216 3511 ait,
1243 3446 1426 3516 jugum
1455 3442 1571 3512 ejus
1597 3455 1760 3495 suave

172 3565 231 3615 et
259 3571 402 3616 onus
453 3555 568 3608 leve
618 3550 874 3622 reperies.
925 3545 1133 3600 Etenim
1187 3539 1399 3611 reprobi
1428 3538 1483 3590 in
1516 3538 1618 3590 hac
1651 3533 1759 3586 vita

174 3646 346 3703 latum
378 3646 587 3700 intrant
615 3641 738 3705 iter,
767 3649 823 3693 at
853 3637 906 3692 in
937 3637 1020 3690 die
1047 3631 1341 3688 novissimo
1382 3626 1564 3697 ligatis
1595 3625 1762 3677 mani-

175 3739 275 3795 bus
321 3747 378 3794 et
423 3735 651 3808 pedibus
683 3732 966 3786 mittentur
998 3728 1050 3781 in
1086 3724 1356 3778 tenebras.
1414 3718 1582 3772 Pedes
1634 3729 1762 3769 vero

173 3825 478 3882 electorum
505 3821 809 3890 diriguntur
831 3818 884 3871 in
920 3815 1061 3868 viam
1092 3812 1258 3882 pacis.

244 3916 316 3970 Et
343 3930 562 3970 currens
588 3928 690 3965 non
715 3908 923 3963 habebis
949 3901 1342 3974 o/fendiculum.
1379 3897 1497 3964 Quo
1531 3895 1764 3948 alacrius

174 4009 240 4065 ad
271 4005 546 4078 implenda
583 4002 680 4056 Dei
718 3999 968 4054 mandata
999 3991 1326 4054 cucurreris,
1361 4003 1426 4043 eo
1454 3987 1633 4040 minus
1665 3984 1762 4038 ad—

172 4073 509 4166 versm—qua!
537 4100 591 4147 te
624 4088 918 4160 impediant
948 4073 1180 4138 timebis.
1208 4080 1341 4135 Nam
1375 4077 1683 4148 quicunque
1709 4073 1763 4126 in

171 4201 343 4259 prava
369 4184 586 4239 actione
610 4178 892 4241 desudant,
917 4171 1296 4229 oﬂ'endiculum
1324 4170 1378 4222 in
1402 4167 1578 4221 medio
1604 4179 1764 4218 cursu

173 4279 480 4350 reperiunt,
515 4274 644 4345 quia
694 4268 963 4339 extemplo
991 4266 1118 4322 dum
1148 4279 1256 4319 non
1295 4260 1625 4333 praevident,
1677 4273 1764 4310 ra-

170 4373 398 4443 piuntur
420 4368 490 4423 ad
511 4378 747 4437 pmnam.

243 4459 545 4516 Comedunt
597 4468 784 4524 panem
833 4446 1113 4518 impietatis
1158 4453 1205 4497 et
1258 4443 1434 4497 vinum
1472 4437 1762 4510 iniquitatis

173 4555 375 4608 bibunt.
410 4551 491 4605 Ita
522 4548 736 4603 actione
764 4541 1026 4598 scelerum
1059 4537 1225 4606 iniqui
1259 4536 1414 4605 quasi
1461 4533 1633 4598 epulis
1673 4531 1764 4586 de-

171 4643 450 4699 lectantur
491 4635 748 4708 appositis
767 4673 781 4698 ,
813 4639 868 4685 et
897 4636 1046 4685 certe
1071 4628 1254 4681 vinum
1285 4627 1659 4680 damnatorum
1686 4621 1768 4675 bi-

171 4737 309 4792 bunt
337 4741 396 4790 et
423 4727 792 4786 esurientibus
821 4723 998 4793 spicas
1042 4720 1228 4776 tollere
1262 4717 1516 4789 gaudent,
1545 4722 1604 4768 ut
1648 4727 1767 4768 esse

175 4828 344 4884 moris
377 4824 670 4894 impiorum
689 4817 967 4885 Scriptura
991 4827 1146 4867 sacra
1169 4796 1418 4865 testatur.

242 4917 534 4971 Justorum
563 4920 733 4964 autem
760 4907 943 4961 semita
968 4903 1118 4975 quasi
1150 4900 1243 4954 lux
1269 4898 1564 4969 splendens,
1594 4911 1771 4965 proce-

173 5007 300 5061 dens
329 5014 379 5058 et
412 5015 651 5057 crescens
678 5013 839 5067 usque
882 4994 950 5047 ad
985 4991 1264 5063 perfectam
1297 4988 1452 5042 diem.
1490 4985 1767 5040 Justorum

175 5109 342 5164 opera
372 5093 430 5146 in
463 5089 584 5142 luce
621 5085 860 5140 scientia:
890 5087 1244 5155 peraguntur,
1275 5085 1330 5133 et
1372 5084 1629 5132 aeternam
1673 5074 1771 5130 du-

179 5193 311 5242 cunt
337 5183 408 5239 ad
436 5181 630 5244 vitam,
664 5192 783 5246 quae
807 5182 891 5230 est
913 5172 1153 5243 perfecta
1179 5171 1314 5226 dies.

257 5275 360 5329 Via
393 5272 682 5341 impiorum
732 5265 1000 5320 tenebrosa
1027 5304 1043 5328 ,
1074 5263 1305 5317 nesciunt
1358 5260 1445 5313 ubi
1500 5265 1769 5312 corruant.

180 5365 322 5422 Dicit
346 5365 416 5419 de
441 5363 535 5417 his
562 5367 616 5414 et
642 5357 873 5412 Joannes
894 5354 1199 5425 apostolus:
1236 5351 1338 5417 Qui
1361 5348 1530 5418 diligit
1554 5347 1772 5417 fratrem

181 5471 360 5521 suum,
389 5457 447 5509 in
475 5453 674 5506 lumine
700 5457 891 5514 manet,
919 5455 966 5502 et
1005 5443 1315 5500 scandalum
1342 5444 1396 5496 in
1418 5457 1477 5495 eo
1501 5456 1604 5494 non
1639 5450 1715 5493 est
1749 5452 1767 5492 :

184 5547 272 5618 qui
307 5555 489 5600 autem
519 5543 628 5596 odit
665 5541 884 5610 fratrem
919 5553 1104 5601 suum,
1145 5536 1202 5590 in
1246 5531 1465 5589 tenebris
1491 5537 1599 5594 est,
1643 5539 1689 5582 et
1719 5530 1775 5582 in

189 5617 411 5692 tenebris
439 5629 716 5695 ambulat,
745 5638 791 5682 et
826 5626 984 5681 nescit
1012 5642 1112 5696 quo
1141 5633 1246 5688 eat,
1267 5621 1392 5693 quia
1431 5617 1652 5672 tenebrae
1686 5618 1776 5670 ob-

191 5731 521 5782 cacarerunt
559 5719 737 5778 oculos
783 5718 895 5789 ejus
927 5715 980 5789 (I
1010 5715 1165 5771 Joan.
1191 5712 1273 5787 ιι).
1305 5709 1400 5766 Cui
1427 5710 1634 5765 contra
1682 5723 1774 5766 su-

1861 3281 1989 3333 ergo
2027 3264 2246 3316 dextera
2280 3261 2361 3314 via
2395 3259 2688 3322 ambulare,
2733 3260 2825 3314 sed
2857 3260 2922 3311 ad
2949 3258 3227 3311 dexteram
3273 3253 3441 3308 decli-

1862 3367 1990 3406 nare
2043 3351 2435 3420 prohibemur,
2475 3349 2711 3403 declinat
2744 3348 2887 3401 enim
2938 3347 3005 3399 ad
3061 3344 3305 3398 dextram
3352 3341 3444 3412 qui

1862 3441 2088 3510 injustus
2129 3446 2244 3503 est,
2292 3437 2527 3520 declinat
2573 3438 2639 3491 ad
2695 3437 2972 3490 sinistram
3025 3434 3116 3496 qui
3168 3431 3269 3485 sibi
3332 3431 3448 3486 vult

1860 3544 2135 3599 arrogarc,
2165 3528 2306 3596 quod
2331 3527 2508 3596 justus
2538 3534 2639 3590 est,
2671 3525 2904 3579 declinat
2942 3523 3008 3575 ad
3038 3522 3315 3575 dexteram
3349 3521 3441 3589 qui

1860 3623 1928 3676 de
1962 3623 2070 3676 suis
2102 3622 2307 3676 viribus
2336 3620 2642 3690 praesumit,
2671 3618 2904 3672 declinat
2933 3618 2998 3670 ad
3029 3617 3302 3670 sinistram
3352 3614 3444 3683 qui

1862 3729 1960 3783 pro
1991 3727 2085 3766 sua
2113 3709 2403 3781 fragilitate
2428 3710 2679 3778 desperat
2706 3723 2763 3761 sc
2785 3722 2941 3776 posse
2964 3706 3180 3769 salvari,
3212 3703 3446 3759 declinat

1863 3801 1929 3854 ad
1950 3801 2224 3854 dexteram
2254 3799 2345 3869 qui
2385 3798 2625 3853 stultitiae
2659 3796 2975 3864 famulatur,
3005 3796 3236 3850 declinat
3271 3793 3337 3848 ad
3369 3794 3444 3848 si-

1863 3891 2088 3942 nistram
2112 3889 2204 3958 qui
2233 3888 2346 3940 vult
2369 3887 2489 3956 plus
2528 3902 2717 3956 sapere
2762 3903 2922 3956 quam
2974 3894 3186 3956 oportet
3229 3899 3441 3956 sapere.

1863 3981 2012 4048 Quod
2038 3990 2093 4034 et
2131 3981 2196 4034 de
2222 3979 2437 4034 cretei-is
2461 3978 2751 4034 virtutibus
2794 3993 2856 4033 ac
2891 3978 3034 4032 vitiis
3063 3978 3250 4032 eodem
3285 3975 3446 4032 modo

1863 4070 2205 4140 intelligitur.

1934 4166 2117 4218 Averte
2167 4163 2350 4234 pedem
2399 4171 2546 4217 tuum
2599 4180 2630 4216 a
2677 4161 2836 4215 malo.
2872 4159 2984 4214 Hoc
3007 4166 3111 4223 est,
3136 4174 3204 4214 ne
3229 4158 3314 4213 vel
3343 4158 3449 4212 huc

1863 4255 1948 4310 vel
1977 4254 2103 4308 illuc
2126 4269 2156 4308 a
2195 4268 2324 4308 vero
2351 4253 2554 4317 devies,
2602 4253 2728 4322 quia
2788 4252 3014 4304 virtutes
3063 4248 3448 4304 discretionem

1865 4353 2135 4415 quzerunt,
2162 4351 2216 4397 et
2243 4343 2494 4397 nimietas
2515 4342 2693 4396 omnis
2724 4342 2778 4395 in
2809 4341 2943 4395 vitio
2972 4349 3076 4395 est.

1942 4434 2068 4489 Vias
2091 4435 2248 4500 enim,
2280 4451 2396 4504 qum
2422 4450 2454 4487 a
2484 4434 2711 4488 dexteris
2754 4443 2874 4487 sunt
2902 4433 3040 4486 novit
3084 4432 3360 4486 Dominus.
3392 4430 3452 4485 ιιι

1865 4536 1970 4592 cst,
2002 4527 2169 4596 eligit,
2195 4527 2408 4595 placent
2435 4525 2532 4590 illi,
2570 4525 2691 4578 ideo
2735 4522 3146 4592 displicentibus
3174 4530 3228 4576 et
3255 4535 3446 4590 repro-

1868 4616 1952 4671 bis
1999 4617 2238 4672 dicturus
2266 4614 2547 4691 estz‘Non
2607 4614 2723 4667 novi
2765 4630 2853 4667 vos
2885 4611 3103 4683 (Matth.
3152 4609 3275 4682 vn),
3307 4609 3452 4680 quod

1870 4718 1954 4764 est
1973 4709 2175 4772 dicere,
2197 4707 2313 4762 Non
2337 4723 2432 4762 vos
2461 4706 2619 4778 elegi,
2646 4721 2751 4761 non
2789 4705 2918 4759 mihi
2951 4703 3199 4774 placetis.

1942 4799 2062 4870 Ipse
2085 4807 2260 4852 autent
2289 4807 2455 4851 rectos
2477 4796 2631 4866 faciet
2660 4811 2845 4849 cursus
2875 4803 2991 4846 tuos
3011 4832 3026 4857 ,
3054 4792 3244 4844 itinera
3274 4797 3458 4843 autem

1873 4899 1963 4944 tua
2003 4890 2059 4942 in
2100 4903 2224 4958 pace
2268 4887 2538 4956 producet.
2579 4884 2637 4940 Si
2681 4876 2945 4939 averteris
2995 4897 3025 4935 a
3073 4880 3215 4935 malo
3255 4878 3455 4950 pedem

1871 4990 2043 5046 tuum,
2069 4979 2113 5034 si
2143 4980 2284 5033 bona
2312 4992 2433 5046 quae
2461 4977 2617 5031 docui
2641 4973 3104 5042 Dominojuvante
3130 4971 3312 5025 facere
3337 4976 3452 5023 stu—

1870 5071 2068 5132 dueris,
2121 5069 2294 5123 aderit
2337 5069 2450 5136 ipse
2500 5065 2765 5136 propitius
2807 5063 3090 5126 conatibus
3128 5060 3266 5124 tuis,
3307 5065 3366 5111 ut
3395 5066 3457 5113 et

1871 5175 2014 5217 nunc
2035 5168 2182 5214 recte
2206 5157 2438 5228 ingredi,
2468 5165 2523 5211 et
2550 5166 2675 5208 tunc
2699 5153 2766 5207 ad
2792 5165 2983 5221 pacem
3031 5149 3214 5203 valeas
3257 5159 3453 5214 perve-

1872 5251 1990 5306 nire
2021 5249 2422 5320 sempiternam.

2500 5333 2726 5390 CAPUT
2766 5332 2830 5386 ν.

1947 5429 2056 5485 Fili
2081 5431 2175 5494 mi,
2209 5426 2416 5482 attende
2441 5424 2509 5479 ad
2531 5425 2841 5495 sapientiam
2876 5435 3067 5483 meam,
3094 5425 3140 5471 et
3162 5413 3453 5487 prudentia:

1875 5539 2002 5578 mea:
2031 5520 2226 5574 inclina
2266 5533 2446 5572 aurem
2497 5525 2662 5568 tuam.
2697 5513 2968 5566 llactenus
3009 5505 3334 5581 generaliter
3360 5517 3452 5556 ca-

1875 5600 2182 5682 stigaverat'
2200 5606 2520 5661 auditorem.
2553 5602 2692 5658 Hinc
2717 5602 2816 5656 sub
2846 5598 3025 5670 specie
3050 5592 3352 5653 meretricis
3377 5591 3450 5648 ab

1875 5702 2248 5761 haereticorum
2279 5696 2518 5768 nequitia
2547 5696 2818 5766 prohibet.
