3918 6356
492 327 596 387 699

1128 331 1189 387 Β.
1229 330 1480 387 RABANI
1515 329 1735 386 MAURI
1768 328 2088 384 ARClilEP.
2128 329 2435 389 MOGUNT.
2477 333 2763 390 OPEBUM
2800 333 2978 391 PARS
3014 335 3101 391 Ill.

3640 336 3743 390 700

567 442 633 497 Ut
657 443 920 498 custodias
965 444 1323 513 cogitationes,
1350 442 1751 513 etdisciplinam
1796 441 1937 495 labia
1982 452 2076 496 tua
2104 445 2151 503 Α
2182 443 2505 519 et_ha:retici
2534 454 2792 515 quantum
2823 447 3059 502 laborem
3086 456 3271 504 contra
3300 444 3599 503 Ecclesium
3627 448 3747 504 subs

489 541 808 587 conservent.
866 532 1230 604 Cogitationes
1273 534 1469 602 quibus
1516 541 1662 588 recte
1692 532 2085 595 credas,labia'

495 626 690 695 quibus
734 626 905 696 ipsam
939 625 1095 681 ﬁdem
1122 641 1218 695 per
1240 625 1505 695 simplicia
1539 627 1702 679 verba
1732 634 1787 679 et
1811 632 2070 679 consueta

491 724 655 786 atque
678 714 1049 770 Ecclesiastica
1080 715 1401 783 proﬁtearis.
1431 713 1537 770 Sed
1551 723 1607 769 et
1624 714 1777 785 juxta
1812 713 2067 779 litteram,

493 805 587 873 qui
614 805 852 860 adhaeret
885 804 1175 869 meretrici,
1198 804 1362 859 etiam
1386 803 1527 859 labia
1554 804 1637 859 vel
1658 802 1956 859 osculando,
1987 804 2072 860 vel

493 895 670 964 turpia
696 894 856 949 fando
882 894 1266 949 commaculat.

560 982 740 1039 Favus
772 985 908 1038 enim
935 982 1139 1039 stillam
1164 983 1306 1037 labia
1335 984 1639 1038 meretricis.
1693 990 1826 1037 Cum
1871 983 1923 1037 in
1975 998 2071 1039 ore

490 1075 747 1131 luerelico
772 1072 997 1130 dulcedo
1020 1073 1299 1144 sapientiae
1333 1089 1439 1128 non
1473 1073 1543 1128 ad
1565 1071 1947 1129 sufﬁcientiam
1976 1088 2067 1127 so-

490 1165 783 1229 lummodo,
811 1180 996 1219 verum
1025 1163 1535 1243 atlsuperﬁuitatem
1566 1170 1810 1223 resonat,
1837 1171 1892 1216 et
1913 1162 1983 1215 ob
2017 1161 2071 1216 id

491 1256 698 1312 falsitas
726 1256 851 1327 quia
890 1263 1013 1326 apte
1038 1256 1270 1327 proferri
1302 1256 1582 1322 cernitur,
1601 1256 1809 1311 veritas
1834 1271 1863 1310 a
1890 1253 2069 1309 stultis

490 1345 789 1401 aestimatur

560 1432 627 1486 Et
658 1432 876 1487 nitidius
919 1432 1032 1489 oleo
1058 1444 1240 1505 guttur
1266 1436 1401 1505 ejus.
1435 1433 1566 1490 Oleo
1611 1431 1844 1501 Spiritus
1895 1432 2069 1487 sancti

493 1521 626 1578 ﬁdes
665 1521 930 1578 catholica
965 1534 1336 1590 consecratur,
1365 1541 1473 1595 quo
1506 1524 1727 1579 nitidius
1765 1538 1920 1577 suum
1950 1530 2071 1591 gut-

493 1621 581 1665 tur
607 1622 898 1679 ostentant,
930 1615 1020 1686 qui
1060 1631 1157 1671 sua
1205 1631 1363 1671 sensa
1413 1627 1623 1685 patrum
1674 1613 1796 1669 ﬁdei
1849 1623 2070 1684 antepo-

492 1712 644 1758 nunt.
681 1704 840 1759 Patet
870 1705 938 1761 de
967 1706 1283 1772 meretrice,
1314 1706 1438 1776 quia
1484 1712 1539 1759 et
1585 1705 1850 1760 sermonis
1890 1704 2070 1760 suavi-

2172 532 2297 589 eant
2322 535 2528 588 utinam
2559 534 2781 590 lateret!

2246 624 2314 687 Et
2341 641 2517 695 gemas
2539 626 2593 678 in
2619 628 2909 681 novissimis
2929 628 3139 697 quando
3165 632 3549 698 consumpseris
3569 644 3749 684 carnes

2169 724 2218 769 et
2248 730 2431 784 corpus
2461 723 2627 767 tuum.
2658 714 3083 784 Prteponendum
3106 731 3135 769 a
3165 718 3467 784 superiori,
3494 732 3564 771 ne
3591 716 3748 782 forte,

2169 814 2223 860 et
2250 815 2334 859 est
2357 820 2567 859 sensus.
2613 790 2735 861 Ideo
2781 813 2831 861 te
2872 814 3079 861 castum
3126 807 3468 871 custodi,.ue
3503 809 3645 864 forte
3700 809 3747 863 in

2169 897 2342 967 poenis
2358 912 2577 968 gemere
2612 899 2840 969 cogaris,
2868 900 3082 969 quando
3125 916 3234 955 non
3283 901 3459 956 solum
3496 901 3741 957 earnales

2170 986 2435 1041 illecebrae
2450 997 2750 1053 transeunt,
2773 989 2866 1043 sed
2885 998 2938 1043 et
2956 990 3069 1058 ipso
3093 1005 3320 1060 corpore
3344 991 3606 1046 derelicto
3628 989 3745 1044 ani-

2157 1094 2276 1142 ‘ma,
2316 1094 2435 1148 qme
2467 1092 2560 1148 per
2588 1095 2783 1149 corpus
2811 1081 2999 1151 gessit,
3030 1090 3224 1136 cuncta
3251 1084 3475 1139 reddere
3512 1081 3747 1153 compel-

2168 1168 2318 1233 litur,
2343 1183 2528 1223 verum
2555 1178 2611 1224 et
2648 1170 2701 1223 in
2742 1171 2846 1226 hac
2873 1172 2978 1225 vita
3009 1172 3205 1241 smpius
3233 1173 3519 1241 contingit,
3549 1184 3611 1228 ut
3656 1175 3747 1242 qui

2169 1258 2223 1314 in
2266 1259 2627 1315 adolescentia
2657 1262 2929 1316 luxuriose
2973 1263 3202 1318 vivendo
3248 1264 3429 1317 habita
3480 1264 3748 1334 disperso.

2168 1356 2311 1413 rant,
2345 1358 2586 1418 tempore
2625 1352 2919 1406 senectutis
2964 1352 3144 1420 inopia
3180 1352 3460 1418 deﬁciant,
3483 1362 3540 1408 et
3585 1352 3743 1408 refri-

2170 1447 2423 1510 gescente
2442 1441 2618 1496 calore
2640 1442 2839 1505 carnis,
2866 1459 2928 1497 ac
2950 1441 3079 1498 ﬁore
3097 1442 3329 1511 juvente
3356 1451 3744 1505 marcescente,

2170 1530 2332 1584 rebus
2360 1530 2473 1585 suis
2508 1546 2644 1600 quas
2681 1531 2913 1587 lascivia
2935 1533 3308 1597 vendiderant,
3338 1533 3474 1589 alios
3497 1534 3577 1588 uti
3622 1548 3748 1588 con-

2171 1622 2439 1692 spiciant,
2464 1632 2850 1693 gementesque
2878 1639 2999 1679 sera
3027 1626 3347 1694 pmnitentia
3388 1626 3600 1687 dicant,
3632 1639 3752 1693 qua:

2172 1722 2475 1783 sequuntur
2496 1731 2511 1768 :

493 1797 679 1854 “item:
718 1786 1185 1845 θιίοτωοείωιθῐη
1213 1789 1454 1860 corporis
1487 1788 1555 1845 ad
1582 1789 1878 1859 capiundos
1901 1790 2064 1843 mise‘
2092 1784 2139 1844 Β
2237 1803 2347 1862 Cur
2384 1805 2667 1861 detestatus
2706 1823 2821 1862 sum
2862 1806 3193 1873 disciplinam
3232 1818 3281 1862 et
3308 1807 3748 1874 increpationibus

493 1893 583 1932 ros
610 1877 821 1948 qtmrit.
1320 1936 1325 1939 _

562 1966 862 2021 Novissima
887 1976 1063 2021 autem
1088 1966 1256 2033 illius,
1286 1983 1491 2032 amara,
1523 1971 1674 2039 quasi
1722 1968 2067 2033 absinthium,

490 2063 538 2109 et
574 2064 751 2121 acuta,
782 2055 935 2128 quasi
957 2054 1165 2126 gladius
1193 2056 1381 2128 biceps.
1424 2056 1580 2112 Potio
1626 2057 1896 2128 absyntbii
1923 2059 2068 2114 intus

491 2145 780 2201 amarescit
807 2146 861 2201 in
881 2147 1198 2211 visceribus,
1230 2147 1406 2218 gladio
1430 2147 1561 2203 foris
1584 2148 1825 2202 membra
1863 2147 2070 2203 feriun-

493 2242 600 2288 tur.
631 2232 700 2288 Ut
728 2234 892 2305 igitur
930 2236 1178 2291 ostendat
1204 2236 1415 2304 iniquos
1444 2237 1497 2290 in
1529 2235 1821 2291 novissima
1863 2235 2068 2291 ultione

491 2332 546 2378 et
589 2323 813 2380 interius
853 2326 1064 2391 ardere,
1090 2333 1145 2380 et
1171 2326 1511 2381 extrinsecus
1537 2326 1711 2405 ptenis
1741 2326 2069 2383 circumdari

488 2428 587 2483 pro
616 2412 874 2481 peccatis,
901 2422 957 2469 et
989 2415 1344 2470 amaritudine
1373 2416 1491 2471 illos
1511 2416 1782 2487 absyntbii
1814 2425 2068 2487 torquen-

490 2504 587 2560 dos
613 2514 667 2559 et
690 2504 869 2576 gladio
892 2517 1168 2569 asseverat
1213 2522 1332 2563 esse
1377 2509 1725 2564 truncandos.
1754 2508 1936 2576 Quare
1974 2525 2070 2565 au-

491 2600 597 2647 tem
621 2593 761 2647 idem
790 2592 999 2669 gladius
1028 2595 1215 2665 biceps
1253 2597 1325 2651 sit
1357 2596 1555 2657 dictus.
1584 2595 2063 2669 Dominuseaperit,

488 2696 610 2735 cum
639 2681 756 2735 ait:
785 2667 890 2735 Sed
924 2698 1044 2736 eum
1095 2684 1300 2749 timete,
1329 2685 1418 2755 qui
1445 2694 1610 2755 potest
1646 2694 1695 2738 et
1735 2667 1966 2741 animam
2019 2696 2069 2742 et

488 2785 677 2840 corpus
701 2770 918 2841 perdere
941 2772 995 2825 in
1022 2773 1307 2843 gehennam
1330 2774 1548 2847 (Matth.
1576 2775 1655 2847 Χ).

573 2856 701 2929 Vagi
728 2868 847 2912 sunt
866 2875 1072 2931 gressus
1101 2872 1149 2915 et
1169 2862 1571 2934 investigabilcs.
1595 2865 1729 2937 Vagi
1779 2874 1905 2922 sunt
1944 2882 2069 2923 sen-

486 2962 580 3002 sus
603 2947 870 3003 haeretica:
897 2950 1254 3021 deeeptionis,
1274 2954 1399 3022 quia
1427 2954 1521 3009 alii
1568 2955 1843 3011 Christum
1873 2959 2067 3027 Deum,

486 3038 576 3093 alii
602 3039 873 3095 hominem
894 3055 1013 3097 esse
1044 3053 1259 3114 negant,
1285 3045 1375 3098 alii
1400 3060 1623 3101 carnem
1650 3050 1946 3118 accepisse,
1976 3049 2065 3105 alii

492 3130 730 3185 animam
760 3132 1165 3200 contradicunt,
1190 3135 1283 3189 alii
1328 3151 1452 3191 eum
1497 3135 1565 3191 de
1605 3138 1812 3210 virgine
1855 3150 2065 3207 natum,
2095 3138 2140 3201 C
2172 3162 2322 3217 δίχξικ
2352 3162 2496 3218 Deus

486 3218 575 3271 alii
601 3217 861 3288 Spiritum
883 3230 1152 3288 sanctum,
1165 3222 1253 3279 alii
1270 3233 1479 3295 patrem
1491 3225 1659 3281 Deum
1682 3243 1821 3294 esse,
1840 3229 1929 3283 alii
1950 3245 2073 3300 pec-

485 3307 736 3361 cantibus
766 3308 976 3362 veniam
1014 3309 1245 3365 dandam
1297 3328 1417 3369 esse
1467 3314 1713 3370 conﬁteri
1758 3317 2064 3386 prohibent.

492 3396 559 3450 Et
586 3397 640 3451 in
669 3404 778 3452 tam
802 3397 1084 3454 innumera
1111 3399 1225 3456 haec
1255 3404 1421 3473 pestis
1444 3418 1503 3459 se
1533 3402 1707 3460 fundit
1750 3406 1944 3461 itinera
1965 3447 1980 3472 ,
2006 3416 2065 3462 ut

480 3488 693 3554 penitus
739 3494 872 3557 quot
903 3487 1013 3542 sint
1039 3488 1353 3562 investigari
1406 3502 1676 3563 nequeant
1724 3513 1736 3547 :
1786 3503 1843 3550 at
1880 3498 2067 3552 catho-

481 3574 585 3629 lica
637 3576 841 3632 veritas
893 3590 1029 3648 vaga
1084 3586 1140 3633 et
1189 3579 1579 3653 investigabilis
1630 3598 1739 3639 non
1790 3594 1895 3652 est,
1935 3587 2064 3655 quia

481 3678 586 3719 una
619 3668 917 3737 eademque
939 3670 1150 3725 cunctis
1172 3682 1259 3727 est
1304 3674 1486 3745 agnita
1513 3682 1683 3729 totum
1734 3690 1833 3747 per
1871 3678 2063 3733 orbem

485 3756 752 3812 ﬁdelibus.

550 3843 729 3916 Longe
753 3847 841 3917 fac
863 3848 928 3903 ab
950 3866 1013 3904 ea
1034 3867 1169 3906 ctam
1214 3860 1362 3908 tuam
1385 3862 1435 3909 et
1469 3870 1533 3908 ne
1559 3857 1938 3933 appropinques
1981 3858 2061 3929 fo-

485 3936 629 3993 ribus
657 3940 844 3996 domus
869 3933 1092 4013 ejus.Et
1112 3945 1399 4016 Apostolus
1420 3947 1520 4013 ait,
1536 3946 1726 4020 Fugite
1747 3947 2058 4019 fornicatio-

481 4044 598 4082 nem
655 4030 717 4101 (I
780 4032 904 4088 Cor.
958 4035 1075 4107 vt),
1130 4038 1256 4107 quia
1309 4037 1566 4092 nimirum
1607 4040 1840 4109 primum
1897 4041 2061 4111 hujus

476 4118 601 4178 vita:
628 4126 921 4180 remedium
949 4139 1049 4195 est,
1079 4128 1236 4200 longe
1266 4129 1379 4185 ﬁeri
1418 4130 1486 4184 ab
1532 4131 1611 4186 eis
1652 4146 1883 4201 quorum
1922 4149 2060 4203 pras-

476 4215 649 4268 sentia
689 4216 771 4270 vel
794 4218 1040 4273 inclinat
1063 4219 1145 4274 vel
1170 4228 1495 4290 cooperatur
1520 4221 1589 4275 ad
1614 4221 1821 4276 vitium.
1855 4221 1963 4278 Sed
1990 4223 2058 4278 ab

476 4304 853 4361 haereticorum
877 4310 1061 4364 auditu
1100 4324 1322 4381 prorsus
1367 4312 1641 4383 segregari
1683 4311 1913 4369 inﬁrmis
1960 4328 2057 4368 au.

475 4396 740 4452 ditoribus
767 4399 1007 4467 prodest.

2170 1912 2271 1951 non
2306 1897 2561 1966 acquievit
2588 1912 2680 1951 cor
2708 1914 2899 1951 meum.
2929 1897 3275 1967 Disciplinam
3320 1898 3450 1953 dicit
3483 1897 3749 1953 Ecclesia-

2167 1986 2315 2041 stiem
2340 1986 2484 2051 ﬁdei,
2510 1986 2908 2057 increpationes
2930 1996 3113 2042 autem
3148 1988 3343 2056 quibus
3389 1988 3628 2043 haeretici
3658 2001 3752 2040 cur

2166 2077 2235 2133 ab
2264 2075 2505 2133 Ecclesia
2530 2086 2872 2133 recesserunt
2916 2077 3287 2153 objurgantur,
3341 2078 3500 2134 Patet
3528 2077 3596 2133 de
3649 2075 3751 2132 for-

2167 2166 2409 2222 nicariis.

2238 2254 2382 2311 Pene
2402 2255 2480 2325 fui
2508 2257 2563 2311 in
2593 2258 2735 2312 omni
2762 2259 2911 2312 malo,
2932 2259 2989 2312 in
3015 2258 3187 2313 medio
3222 2258 3476 2315 Ecclesia
3506 2272 3555 2316 et
3578 2261 3750 2334 Syna-

2167 2363 2332 2418 gogte.
2366 2346 2607 2403 Ecclesia
2631 2355 2687 2403 et
2704 2363 2974 2419 synagoga
3015 2347 3204 2406 Graeca
3254 2352 3470 2405 nomina
3518 2364 3668 2420 sunt,
3696 2362 3752 2411 et

2167 2459 2333 2498 unam
2376 2443 2729 2513 eamdemque
2758 2458 2891 2508 rem,
2935 2443 3099 2499 latine
3151 2445 3490 2516 signiﬁcant,
3543 2449 3596 2504 id
3638 2458 3742 2517 est,

2168 2542 2492 2590 conventum
2514 2533 2866 2604 plurimorum
2894 2534 2959 2588 ad
2994 2535 3245 2591 invicem.
3281 2534 3337 2592 Si
3360 2550 3541 2594 autem
3582 2543 3749 2596 subti-

2167 2624 2273 2681 lius
2322 2624 2718 2696 distinguantur
2738 2666 2753 2689 ,
2778 2625 3019 2681 Ecclesia
3050 2629 3370 2691 convocatio,
3396 2636 3451 2683 et
3479 2645 3745 2702 synagoga

2168 2713 2500 2783 congregatio
2529 2713 2941 2783 interpretatur.
2966 2714 3032 2767 Et
3055 2722 3207 2769 vetus
3229 2716 3446 2784 quidem
3468 2718 3561 2771 Dei
3588 2731 3751 2788 p0pu-

2169 2800 2253 2856 lus
2280 2809 2512 2872 utroque
2538 2803 2755 2857 nomine
2798 2803 3133 2869 vocabatur;
3184 2820 3329 2859 nunc
3358 2813 3541 2860 autem
3574 2806 3745 2876 gratia

2169 2892 2550 2959 distinctionis,
2581 2893 2671 2947 ille
2697 2891 3000 2964 Synagoga,
3029 2903 3215 2949 noster
3258 2894 3501 2950 Ecclesia
3530 2897 3753 2963 dicitur,

2170 2982 2365 3037 merito
2411 2982 2617 3037 scilicet
2665 2981 2791 3038 ﬁdei
2836 2992 2892 3038 et
2936 2983 3179 3039 scientia:
3234 2984 3475 3051 majoris,
3527 2986 3652 3055 quia
3696 2994 3748 3040 et

2170 3071 2557 3127 irrationabilis
2610 3082 2861 3128 creatura
2904 3080 3083 3143 potest
3130 3075 3468 3145 congregari.
3510 3074 3759 3145 Denique

2545 3180 2561 3217 :
2617 3163 2971 3235 Congregetur
3023 3181 3161 3234 aqua
3206 3168 3261 3218 in
3303 3166 3748 3237 congregationem

2170 3271 2330 3308 unam
2362 3252 2514 3327 (Gen.
2551 3254 2613 3328 ι).
2643 3255 2999 3310 Rationabilis
3017 3264 3196 3311 autem
3224 3258 3399 3312 solum
3430 3267 3488 3312 et
3525 3260 3748 3314 sensibi-

2168 3344 2235 3399 lis
2284 3351 2462 3413 potest
2483 3346 2789 3400 convocari.
2825 3346 3022 3401 Verum
3076 3346 3364 3416 aliquando
3390 3348 3505 3403 haec
3531 3350 3743 3403 nomina

2168 3434 2331 3487 etiam
2376 3434 2645 3489 malorum
2702 3446 3000 3491 conventus
3054 3436 3382 3507 signiﬁcant.
3446 3437 3601 3494 Unde
3658 3449 3743 3493 est

2168 3524 2296 3579 illud
2331 3542 2345 3577 :
2382 3523 2599 3580 Exarsit
2648 3527 2783 3596 ignis
2839 3527 2894 3581 in
2938 3543 3201 3597 synagoga
3246 3545 3427 3582 eorum
3452 3569 3468 3596 ,
3509 3540 3559 3584 et
3612 3531 3744 3585 adiri

2164 3615 2435 3671 ecclesiam
2455 3616 2857 3687 malignantium
2902 3616 3073 3689 (Psal.
3106 3618 3214 3689 cv).
3254 3618 3408 3686 Quod
3453 3636 3585 3689 ergo
3627 3635 3744 3676 sero

2163 3705 2432 3774 paenitens
2453 3704 2531 3759 ait
2551 3714 2891 3775 contemptor
2920 3707 3213 3775 sapientiae,
3240 3723 3377 3777 pene
3400 3708 3475 3763 l’ui
3508 3710 3562 3764 in
3598 3710 3742 3764 omni

2164 3794 2307 3849 malo
2332 3794 2383 3849 in
2409 3794 2588 3849 medio
2612 3795 2865 3851 Ecclesiae
2884 3804 2940 3850 et
2961 3795 3523 3868 Synagogte,.videtur
3550 3800 3737 3855 misera

2162 3884 2587 3955 magnitudinem
2628 3901 2738 3940 sua:
2781 3886 3146 3942 damnationis
3198 3889 3581 3958 perpendenti,
3621 3891 3743 3960 quia

2162 3974 2235 4029 nil
2261 3990 2406 4044 pene
2434 3974 2597 4030 fuerit
2626 3977 2881 4041 sceleris,
2911 3993 3018 4047 quo
3071 3995 3179 4034 non
3226 3980 3342 4049 ipse
3374 3982 3446 4035 sit
3476 3981 3744 4048 irretitus,

2161 4066 2285 4133 quia
2313 4074 2459 4120 tanta
2488 4068 2687 4123 meruit
2713 4076 2981 4123 tormenta
3006 4070 3208 4126 subire.
3252 4071 3318 4125 Et
3342 4072 3446 4127 hoc
3469 4073 3537 4127 ad
3566 4068 3745 4127 cumu-

2160 4154 2273 4209 lum
2319 4158 2611 4212 aceerserit
2651 4159 2930 4233 miserim,
2980 4161 3123 4230 quod
3162 4176 3267 4215 non
3307 4170 3588 4218 extremus
3625 4162 3738 4233 ipse

2158 4247 2516 4315 peccantium,
2541 4248 2634 4303 sed
2656 4250 2863 4305 medius
2880 4251 3050 4321 magis
3065 4261 3117 4306 et
3133 4254 3287 4322 quasi
3312 4263 3504 4309 auctor
3524 4254 3742 4310 exstite-

2161 4335 2256 4401 rit,
2287 4344 2343 4391 et
2369 4339 2518 4392 certe
2548 4338 2600 4392 in
2636 4341 2828 4395 mediis
2853 4349 3164 4397 sanctorum
3194 4343 3586 4400 conventiculis
3624 4359 3742 4400 eor-

2157 4438 2290 4493 pore
2318 4426 2544 4495 positus,
2567 4427 2801 4483 alienam
2823 4430 2890 4485 ab
2911 4432 2992 4486 eis
3018 4432 3179 4485 vitam
3204 4433 3403 4488 ducere
3426 4449 3533 4488 non
3552 4436 3741 4489 timue-

547 4489 630 4544 Ne
652 4492 741 4545 des
769 4491 955 4548 alienis
986 4494 1231 4549 honorem
1254 4505 1403 4549 tuum
1430 4537 1445 4563 ,
1476 4506 1527 4551 et
1559 4513 1724 4552 annos
1760 4506 1877 4552 tuos
1926 4513 2051 4552 cru-

2172 4474 2185 4493 Γ
2202 4474 2247 4478 --
2267 4474 2287 4479 -
2318 4474 2544 4495 γαπ-η
2568 4474 2801 4483 _----._...
2823 4474 2889 4485 ..υ
2913 4474 2992 4486 ν...
3205 4474 3402 4488 ww...
3426 4474 3533 4488 ην..
3552 4474 3736 4489 ...ηυν-

2172 4513 2249 4567 rit.
2303 4512 2370 4566 Et
2405 4515 2472 4569 de
2524 4515 2791 4572 haereticis
2838 4520 3146 4587 specialiter
3193 4522 3576 4588 sentiendum,
3614 4526 3736 4595 quia

472 4582 596 4636 deli.
626 4582 701 4638 Ne
721 4585 1004 4650 honorem,
1031 4601 1137 4654 quo
1164 4587 1232 4640 ad
1273 4586 1560 4657 imaginem
1587 4588 1682 4644 Dei
1721 4597 1938 4643 creatus
1966 4604 2048 4655 es,

474 4671 870 4727 immundorum
892 4675 1178 4743 spirituum
1219 4674 1584 4732 voluntatibus
1622 4677 1839 4742 subdas,
1873 4690 2051 4746 neque

471 4772 693 4832 accepta
722 4764 933 4819 vivendi
955 4767 1126 4835 spatia
1158 4767 1224 4821 ad
1249 4767 1457 4822 libitum
1486 4770 1779 4825 adversarii
1824 4768 2050 4826 immitis

469 4854 762 4921 eapendas.
791 4854 1103 4926 Cuicuuque
1122 4859 1264 4913 enim
1286 4859 1473 4914 sceleri
1497 4860 1724 4931 quisque
1741 4861 2045 4931 subjicitur,

469 4941 521 4994 in
571 4944 669 4999 hoc
706 4945 948 5013 profecto
1012 4950 1308 5005 dominatui
1353 4951 1711 5022 malignorum
1760 4952 2050 5022 spirituum

468 5033 831 5102 mancipatur.

522 5122 626 5177 .Ne
654 5124 788 5193 forte
812 5127 1126 5196 impleantur
1150 5131 1382 5184 extranei
1402 5131 1596 5186 viribus
1618 5132 1745 5205 tuis,
1773 5142 1821 5186 ct
1844 5132 2049 5187 labores

472 5211 550 5262 tui
574 5212 678 5264 sint
719 5214 769 5267 in
802 5215 957 5269 domo
999 5218 1193 5271 aliena.
1250 5217 1328 5272 Ne
1361 5220 1747 5275 dzemoniorum
1786 5220 1926 5276 facta
1954 5223 2052 5276 ad-

464 5299 634 5364 iuves,
674 5304 718 5358 si
752 5306 1135 5376 velingenimn
1162 5309 1325 5364 animi
1362 5310 1444 5365 vel
1491 5312 1732 5379 corporis
1778 5313 1853 5366 tui
1903 5314 2048 5369 vires

464 5390 530 5442 ad
554 5395 816 5459 patranda
840 5393 1075 5451 facinora
1104 5398 1414 5465 contradas,
1438 5399 1761 5470 domumque
1788 5402 2039 5469 alienam,

466 5484 515 5529 ..ι
540 5489 646 5541 est,
680 5474 959 5538 numerum
988 5488 1343 5556 perditorum,
1368 5497 1421 5544 te
1457 5490 1667 5557 adjecto
1695 5492 2038 5563 multiplices,

464 5577 518 5622 et
547 5570 769 5637 pulchre
794 5572 950 5635 dixit,
976 5576 1177 5632 labores
1201 5580 1279 5631 tui
1306 5582 1408 5633 sint
1432 5581 1485 5633 in
1508 5580 1662 5634 domo
1685 5582 1879 5647 aliena,
1911 5585 2037 5652 quia

466 5671 590 5717 sunt
608 5666 696 5734 qui
720 5664 871 5735 juxta
899 5666 1241 5741 Prophetam,
1269 5683 1325 5729 ut
1350 5674 1530 5744 inique
1555 5683 1733 5748 agant,
1763 5674 2033 5744 laborant,

2156 4616 2258 4657 nec
2295 4610 2536 4658 veterum
2566 4614 2799 4675 patrum,
2825 4624 2923 4663 nec
2950 4625 3211 4666 novorum
3258 4612 3417 4667 dictis
3448 4620 3503 4667 et
3546 4628 3736 4670 exem-

2154 4690 2258 4761 plis
2282 4701 2573 4762 potuerunt
2597 4697 2665 4751 ab
2690 4713 2875 4753 errore
2905 4704 3167 4756 revocari.

2225 4781 2353 4836 Bibe
2391 4799 2582 4854 aquam
2621 4786 2686 4840 de
2726 4790 2949 4843 cisterna
2989 4798 3100 4855 tua,
3145 4800 3192 4845 et
3220 4793 3421 4860 ﬂuenta
3449 4794 3598 4861 putei
3632 4796 3734 4848 tui.

2146 4870 2428 4927 Desiderio
2458 4881 2608 4927 utere
2627 4878 2865 4946 propriae
2909 4878 3151 4935 mulieris
3178 4888 3235 4934 ct
3255 4880 3371 4948 ejus
3412 4882 3735 4939 ministeriis

2149 4960 2331 5018 fovere
2368 4962 2599 5019 devotis.

2224 5049 2535 5106 Derioentur
2552 5053 2721 5122 fontes
2751 5059 2829 5108 tui
2859 5055 3023 5125 {oras,
3047 5067 3095 5111 et
3121 5060 3177 5112 in
3206 5059 3394 5129 plateis
3417 5080 3582 5133 aquas
3611 5074 3733 5120 tuas

2151 5141 2339 5196 divide.
2384 5141 2577 5197 Filium
2609 5153 2760 5198 tuum
2802 5160 2867 5199 ac
2894 5147 3055 5201 tiliam
3090 5148 3211 5205 aliis
3240 5160 3466 5221 nuptum
3498 5154 3655 5211 trade
3677 5161 3736 5212 et

2150 5231 2253 5285 hoc
2281 5230 2563 5287 manifeste
2592 5231 2753 5287 facito
2775 5233 3017 5302 pluribus
3044 5238 3302 5293 consciis.

2218 5316 2420 5373 Habeto
2462 5336 2549 5373 eas
2592 5320 2753 5397 solus,
2801 5338 2893 5375 nec
2939 5324 3043 5377 sint
3091 5325 3251 5380 alieni
3301 5330 3585 5401 participes
3624 5332 3733 5387 tui.

2148 5406 2305 5461 Solus
2338 5408 2391 5461 in
2421 5420 2508 5462 tua
2540 5418 2805 5478 potestate
2832 5413 3018 5475 retine,
3044 5415 3239 5483 quibus
3266 5418 3633 5476 matrimoniis
3660 5421 3729 5477 li-

2146 5497 2304 5551 beros
2336 5508 2453 5553 tuos
2480 5501 2670 5565 socios,
2706 5516 2807 5557 nec
2838 5504 2946 5557 sint
2986 5504 3294 5562 formeariaa
3331 5518 3387 5563 et
3408 5512 3729 5570 meretrices

2147 5594 2250 5641 tua:
2276 5590 2472 5645 sobolis
2499 5592 2807 5661 participes.

2218 5676 2295 5733 Sit
2336 5696 2460 5734 rcua
2482 5691 2571 5734 tua
2596 5680 2879 5749 benedicta,
2913 5694 2960 5739 ct
2986 5684 3179 5741 lactare
3201 5702 3315 5743 cum
3342 5690 3559 5748 muliere
3589 5693 3730 5749 udo-
