3918 6312
167 295 269 354 70!

982 293 1342 361 EXPOSITIO
1379 305 1447 359 IN
1484 304 1870 361 PROVERBIA
1909 305 2316 364 SALOMONIS.
2354 338 2424 350 —
2460 309 2586 364 LIB.
2625 310 2663 366 l.

3315 317 3421 374 ’ἵοἰ

169 409 433 466 (essentia:
473 418 597 465 tute.
642 410 816 466 Tanta
868 420 923 468 te
956 416 1310 484 temperantia
1356 431 1479 471 cum
1523 416 1746 471 muliere
1775 422 1818 479 Α
1848 426 2028 473 autem
2050 421 2140 489 qui
2163 420 2247 476 vel
2270 436 2541 490 nunquam
2568 422 2724 479 ﬁdem
2757 427 2975 494 recepit,
2998 426 3420 486 vel’enormitate

169 518 336 573 quam
361 502 676 558 adolescens
703 502 982 574 accepisti,
1002 512 1057 558 et
1079 521 1198 559 cum
1218 506 1457 560 senuerit
1485 520 1658 569 serva,
1689 515 1748 561 ut

170 595 369 648 merito
391 594 568 648 ﬁdelis
594 594 926 650 castimoniae
947 595 1376 651 benedictionem
1398 597 1748 666 consequaris

171 683 226 738 in
255 683 430 752 prole.

241 774 408 829 Cerva
450 775 759 830 charissima
799 785 848 830 et
876 777 1203 846 gratissimus
1243 777 1512 832 hinnulus.
1553 776 1645 832 llla
1676 779 1748 833 sit

168 865 265 920 tibi
295 879 510 936 semper
539 865 851 921 charissima
883 863 1099 933 conjux,
1123 881 1244 935 quae
1273 867 1414 921 sicut
1437 881 1596 922 cerva
1627 883 1743 923 ser-

166 963 359 1024 pentes
391 956 462 1009 ita
491 963 842 1025 persequatur
865 965 1062 1021 scorta,
1094 965 1149 1010 et
1173 957 1283 1012 suis
1307 955 1504 1028 eﬂ‘uget
1532 962 1597 1014 ab
1623 961 1746 1013 mdi-

167 1045 288 1100 bus.
345 1045 431 1100 Sit
465 1055 623 1101 natus
648 1062 714 1102 ex
744 1061 810 1100 ea
837 1044 979 1101 ﬁlius
1007 1055 1061 1102 et
1090 1045 1204 1117 ipsé
1240 1048 1509 1103 castitatis
1534 1058 1744 1103 amator

164 1135 527 1205 gratissimus.

234 1224 409 1279 Ubera
449 1227 564 1297 ejus
607 1227 858 1282 inebrient
899 1237 945 1282 te
987 1229 1128 1282 omni
1168 1237 1414 1298 tempore.
1456 1228 1524 1282 In
1563 1246 1742 1285 amore

161 1314 306 1369 illius
333 1315 591 1370 delectare
606 1317 826 1388 jugiter.
871 1317 989 1373 Non
1016 1319 1206 1373 uxorio
1232 1320 1381 1388 operi
1411 1334 1626 1390 semper
1654 1321 1707 1375 in
1725 1348 1740 1362 ο

160 1406 356 1461 sistere
388 1406 568 1471 docet,
601 1408 695 1462 sed
730 1417 909 1462 movet
947 1424 1015 1464 ne
1043 1417 1098 1464 et
1126 1410 1296 1478 prima
1335 1410 1550 1465 vivente
1580 1411 1740 1464 aliam

157 1495 352 1560 ducas,
379 1504 435 1550 et
465 1497 733 1551 meretrici
763 1513 998 1566 unquam
1030 1499 1269 1554 socieris.
1302 1499 1475 1554 Aliter
1496 1502 1742 1570 superius

156 1584 302 1652 quod
330 1585 427 1650 ait,
457 1585 583 1640 Bibe
617 1604 806 1658 aquam
831 1588 896 1641 de
917 1590 1141 1641 cisterna
1175 1599 1268 1642 tua
1298 1597 1346 1642 et
1370 1591 1570 1659 ﬂuenta
1598 1592 1740 1661 putei

153 1677 252 1743 tui,
295 1677 456 1731 docet
487 1678 556 1732 ab
586 1678 852 1736 hzereticis
883 1679 1180 1733 cavendum
1215 1689 1270 1734 et
1303 1681 1562 1735 custodite
1597 1683 1737 1736 scri-

1849 510 2109 564 scelerum
2142 511 2210 564 ah
2249 526 2310 564 ea
2355 527 2515 580 quam
2546 515 2752 583 accepit
2777 513 3074 568 Anathema
3115 514 3287 571 factus
3315 526 3418 584 est,

1846 605 1906 651 ut
1945 600 2180 654 haeretici
2221 599 2305 653 vel
2345 599 2605 654 Catholici
2645 603 2871 670 publicis
2915 603 3130 675 ﬂagitiis
3175 605 3418 672 involuti,

1846 690 1936 757 qui
1973 689 2186 744 funibus
2212 699 2556 759 peccaturum
2579 707 2794 747 suorum
2819 697 3276 765 constringuntur,
3295 713 3419 753 cum

1848 782 2148 837 incessabili
2190 793 2481 853 augmento
2506 799 2615 838 sua:
2656 787 2936 852 pravitatis
2979 787 3276 851 intereunt,
3325 790 3417 858 qui

1845 873 1984 926 enim
2001 871 2179 925 funem
2197 871 2324 926 facit
2346 872 2643 942 torquendo
2659 888 2869 943 semper
2883 885 2938 930 et
2957 877 3272 933 involvendo
3287 879 3419 934 fides

1847 959 2037 1013 fidibus
2059 969 2232 1031 auget.
2261 960 2406 1014 Talis
2433 969 2515 1016 est
2534 970 2588 1016 et
2611 964 2865 1018 tortitudo
2887 979 3106 1032 operum
3131 967 3414 1022 malorum.

1847 1049 2003 1104 Tales
2031 1052 2152 1106 libri
2184 1053 2582 1118 hmreticorum,
2627 1055 2678 1108 in
2705 1056 2901 1123 quibus
2925 1072 3089 1125 prava
3121 1060 3299 1128 pravis
3324 1072 3415 1114 ne-

1842 1149 2072 1204 ctentcs,
2116 1159 2220 1197 non
2275 1145 2417 1199 aliud
2453 1147 2736 1202 scribendo
2784 1163 2944 1217 quam
2986 1164 3094 1218 quo
3125 1165 3182 1204 se
3218 1152 3417 1207 arctius

1842 1233 2098 1303 ohligent,
2127 1244 2312 1305 agunt.

1912 1322 2032 1393 Ipse
2058 1327 2308 1378 morietur
2326 1328 2448 1395 quia
2478 1344 2579 1380 non
2602 1329 2779 1400 habuit
2808 1331 3138 1402 disciplinam
3168 1342 3215 1386 et
3240 1332 3418 1387 multi-

1843 1412 2022 1465 tudine
2042 1412 2274 1467 stultitia:
2295 1429 2402 1466 sua!
2427 1414 2730 1484 decipietur.
2756 1418 2888 1484 Quia
2921 1421 3085 1473 multa
3112 1421 3177 1474 de
3207 1421 3416 1478 adulte~

1842 1502 1925 1556 rio
1953 1501 2036 1556 vel
2067 1503 2336 1557 haereticis
2367 1503 2758 1572 disputaverat,
2789 1523 2940 1563 more
2969 1525 3065 1564 suo
3091 1511 3142 1564 in
3171 1511 3437 1566 clausula

1842 1591 2097 1645 narrandi
2128 1592 2302 1662 qualis
2333 1592 2403 1648 sit
2437 1594 2615 1647 talium
2651 1595 2770 1650 finis
2804 1598 3062 1662 ostendit,
3090 1601 3140 1654 id
3160 1610 3262 1666 est,
3289 1601 3413 1670 quia

1841 1683 1909 1736 ad
1953 1691 2180 1738 mortem
2212 1684 2437 1739 tendant
2473 1695 2751 1750 aeternam,
2780 1687 2870 1754 qui
2899 1688 3237 1757 disciplinam
3268 1691 3415 1746 dete-

153 1772 440 1834 pturarum
465 1782 526 1820 ac
566 1766 779 1821 lectioni
803 1767 1206 1822 attendendum.
1237 1763 1530 1823 Scientiam
1563 1769 1736 1838 inquit
1771 1761 1812 1818 Β
1841 1771 1967 1825 stati
2009 1781 2135 1826 sunt
2177 1773 2320 1827 vitae.
2383 1773 2772 1831 Multitudinem
2824 1779 2926 1832 hoc
2975 1779 3214 1834 stultitiae
3263 1782 3412 1844 dicit,

152 1871 316 1924 quam
363 1858 622 1927 praedicas
659 1859 777 1912 aliis
807 1859 920 1927 ipse
958 1872 1136 1922 serva,
1179 1866 1245 1926 et.
1293 1859 1368 1913 tui
1419 1859 1736 1930 irrigatioue

151 1949 424 2003 sermonis
451 1949 750 2005 infundere.

222 2037 540 2093 Deriventur
567 2041 836 2110 fontestui
868 2042 1012 2111 foras
1048 2052 1094 2096 et
1123 2043 1178 2096 in
1202 2041 1388 2112 plateis
1415 2060 1578 2113 aquas
1615 2050 1732 2096 tuas

149 2129 344 2183 dir-ide.
393 2129 528 2185 Cum
570 2133 685 2201 ipse
710 2134 965 2195 servaris,
998 2141 1124 2187 tunc
1151 2142 1207 2188 et
1243 2133 1363 2187 aliis
1391 2134 1643 2201 prmdica,
1677 2144 1732 2188 et

151 2219 202 2270 in
258 2235 458 2290 magna
512 2222 816 2276 auditorum
866 2222 1216 2291 amplitudine
1279 2223 1460 2277 divina
1518 2223 1731 2293 eloquia

142 2294 298 2378 juxta
327 2309 751 2381 uniuscujusque
777 2313 1088 2381 qualitatem
1117 2312 1389 2382 dispensa.

219 2397 429 2452 Habeto
468 2416 556 2453 eas
593 2399 754 2454 solus.
795 2401 978 2472 Aquas
1030 2411 1085 2455 et
1122 2403 1175 2456 in
1216 2401 1411 2471 plateis
1439 2402 1732 2457 dividimus

147 2497 202 2542 et
232 2497 416 2543 tamen
465 2489 564 2543 soli
608 2491 963 2560 possidemus,
1003 2494 1217 2562 quando
1254 2500 1309 2547 et
1341 2493 1582 2548 exterius
1620 2492 1730 2548 late

146 2579 587 2647 praedicationem
634 2579 929 2646 fundimus,
965 2590 1020 2636 et
1051 2590 1228 2636 tamen
1266 2596 1365 2651 per
1394 2597 1516 2637 eam
1541 2583 1729 2639 laudes

148 2666 419 2722 humanas
443 2669 699 2738 consequi
725 2671 944 2723 minime
972 2671 1257 2724 ambixuus.

222 2755 332 2809 Nec
375 2757 475 2810 sint
518 2757 677 2812 alieni
724 2759 1000 2828 participes
1043 2759 1137 2813 tui.
1187 2758 1452 2815 lmmundi
1493 2759 1727 2831 Spiritus

145 2849 443 2918 participes
473 2848 608 2903 fiunt
632 2850 858 2913 doctori,
891 2851 932 2905 si
961 2849 1078 2919 ejus
1101 2861 1334 2906 mentem
1365 2861 1419 2906 et
1445 2851 1584 2907 fastu
1610 2853 1724 2907 ela-

146 2938 307 2993 tionis
345 2941 474 2993 dum
506 2939 781 3009 praedicat,
811 2948 865 2994 et
888 2942 1077 2994 hmresi
1111 2941 1296 2996 etalio
1325 2941 1563 3010 quolibet
1594 2943 1725 2996 vitio

144 3038 519 3098 corrumpunt.
564 3028 719 3084 Solus
744 3039 920 3085 autem
946 3046 1116 3100 aquas
1135 3031 1375 3099 possidet
1402 3046 1525 3085 cum
1552 3047 1722 3086 mem-

1837 1875 1962 1916 cum
1990 1861 2231 1916 haeretici
2267 1878 2324 1918 se
2355 1863 2710 1932 sapientiores
2741 1868 2943 1921 sanctis
2972 1867 3221 1923 Patribus
3256 1881 3413 1923 autu-

1842 1960 2007 2014 mant,
2040 1952 2124 2007 vel
2163 1969 2286 2007 cum
2327 1969 2489 2023 opera
2527 1957 2870 2011 tenebrarum
2913 1957 3172 2014 facientes
3221 1961 3410 2030 iniqui,

1836 2048 1929 2094 aut
1951 2041 2235 2098 Dominum
2260 2045 2375 2099 ham
2403 2061 2508 2099 non
2533 2046 2734 2110 videre,
2757 2057 2849 2101 aut
2870 2063 2927 2103 se
2951 2047 3104 2103 facile
3128 2047 3245 2118 ejus
3274 2051 3410 2105 iram

1806 2140 1811 2146 ‘
1833 2141 2024 2202 putant
2052 2151 2211 2204 posse
2247 2136 2501 2191 tolerare.

2443 2225 2671 2281 CAPUT
2706 2228 2808 2281 «Vl.

1904 2307 2016 2366 Fili
2035 2315 2128 2378 mi,
2151 2316 2196 2367 si
2222 2315 2556 2382 spoponderis
2582 2333 2677 2386 pro
2706 2317 2874 2370 amico
2906 2327 2995 2372 tuo
3016 2319 3244 2382 deﬁxiin
3269 2319 3409 2391 apud

1831 2411 2135 2456 extraneum
2159 2419 2373 2456 manum
2397 2413 2562 2457 tuam.
2605 2404 2661 2458 ln
2678 2416 2939 2475 .promptu
2958 2417 3041 2462 est
3066 2410 3260 2465 littera:
3286 2426 3409 2466 sen-

1830 2504 1923 2544 sus
1945 2490 2070 2559 quia
2095 2494 2285 2546 suadet
2308 2492 2355 2545 ei
2379 2506 2471 2560 qm
2498 2493 2781 2564 spopondit
2806 2508 2904 2562 pro
2926 2495 3119 2561 amico,
3151 2506 3209 2550 ut
3233 2498 3406 2567 ipsum

1831 2581 2064 2635 amicum
2096 2569 2358 2636 sollicitus
2384 2584 2692 2649 admoneat,
2717 2592 2981 2652 quatenus
3003 2587 3213 2640 reddita
3244 2601 3406 2656 pecu-

1830 2668 1917 2722 nia
1964 2684 2126 2738 quam
2175 2667 2337 2724 debet
2385 2669 2641 2725 creditori
2683 2681 2736 2724 et
2779 2687 2836 2725 se
2875 2683 2928 2726 et
2971 2673 3143 2741 ipsum
3193 2674 3402 2729 liberet.

1824 2760 2128 2832 Allegorice
2162 2770 2341 2814 autem
2375 2762 2428 2814 in
2470 2762 2572 2815 hac
2606 2763 2859 2831 periocha
2887 2763 3182 2827 doctorem,
3232 2763 3285 2817 in
3322 2779 3408 2819 sc-

1827 2860 2027 2918 quente
2054 2861 2337 2905 vacantem
2392 2851 2684 2920 quemlibet
2712 2860 2770 2906 ut
2800 2867 2858 2906 se
2886 2866 3072 2922 gerere
3102 2853 3294 2907 debeat
3322 2854 3404 2907 in-

1825 2940 2005 2995 struit.
2048 2941 2258 2995 Dicitur
2285 2940 2430 2994 enim
2458 2943 2775 3011 prmceptori
2796 2982 2810 3006 ,
2844 2941 2905 2997 Si
2934 2943 3272 3013 spoponderis
3304 2958 3400 3012 pro

1827 3031 1996 3082 amico
2037 3039 2151 3095 tuo,
2194 3029 2425 3098 deﬁxisti
2467 3031 2607 3100 apud
2646 3041 2950 3085 extraneum
2992 3048 3204 3086 manum
3234 3041 3402 3086 luant.

143 3117 252 3173 bris
303 3119 564 3173 Ecclesia:
617 3117 844 3174 fideliter
901 3098 1173 3175 Con—nexus
1225 3119 1294 3174 ab
1334 3130 1718 3175 extraneorum
1748 3098 1791 3160 (ἶ
1823 3119 1975 3185 Quod
2003 3127 2086 3173 est
2105 3127 2290 3188 aperte
2316 3098 2515 3186 dicere,
2539 3121 2584 3174 si
2616 3122 2850 3174 animam
2877 3120 3057 3174 fratris
3085 3121 3137 3174 in
3163 3119 3406 3192 periculo

145 3223 260 3262 sese
291 3209 572 3262 consortio
606 3207 833 3263 liberum
862 3219 1059 3263 servat.
1120 3208 1197 3264 Sit
1237 3227 1366 3264 uena
1394 3221 1485 3264 tua
1510 3211 1722 3265 benedi-

145 3315 224 3355 cta
250 3312 296 3356 et
323 3303 528 3356 lactare
568 3319 684 3356 cum
726 3302 941 3356 muliere
981 3302 1339 3357 adolescentia:
1365 3314 1489 3357 tum.
1521 3303 1603 3358 Sit
1632 3305 1724 3358 do-

143 3398 308 3448 ctrina
344 3403 438 3448 tna
477 3381 530 3449 et
560 3395 867 3464 quicunque
913 3405 1208 3449 nascuntur
1235 3412 1299 3451 ex
1328 3411 1391 3451 ea
1422 3396 1474 3449 iu
1506 3395 1723 3450 benedi-

141 3485 318 3540 ctione
356 3485 629 3551 Ecclesiaz,
674 3496 729 3542 et
764 3485 964 3540 lactare
1006 3502 1126 3540 cum
1168 3503 1252 3548 ea,
1298 3487 1385 3542 cui
1429 3487 1496 3540 ab
1537 3486 1719 3540 adole-

143 3576 375 3642 scentia,
413 3573 596 3639 idest,
649 3590 679 3629 a
725 3576 901 3644 primo
931 3576 1180 3631 credendi
1218 3585 1461 3646 tempore
1491 3576 1718 3645 conjun-

141 3677 254 3722 etus
293 3682 381 3721 es.
427 3663 593 3720 Cerva
639 3667 947 3721 charissima
995 3676 1044 3720 et
1080 3669 1404 3736 gratissimus
1446 3666 1716 3731 ltiiinulus,

141 3759 297 3812 ubera
325 3758 444 3828 ejus
484 3757 734 3812 inebrient
767 3767 814 3812 te
843 3757 984 3811 omni
1025 3767 1281 3827 tempore,
1314 3759 1369 3811 in
1397 3775 1574 3811 amore
1604 3758 1717 3827 ejus

140 3850 395 3903 delectare
426 3848 644 3919 jugiter.
681 3847 851 3903 Cerva
886 3847 1204 3902 charissima
1249 3847 1362 3902 sive
1390 3848 1714 3917 gratissima,

141 3951 198 3994 ut
223 3941 445 4009 quidam
470 3939 683 3994 codices
706 3940 928 4004 habent,
953 3947 1137 3995 sancta
1166 3939 1405 3994 Ecclesia
1440 3956 1561 4009 qum
1603 3955 1719 3995 ser-

139 4031 416 4099 pentinam
444 4028 579 4082 solet
608 4029 732 4083 odio
754 4029 958 4083 habere
979 4036 1033 4083 et
1053 4037 1362 4084 conterrere
1390 4020 1719 4084 doctrinam.‘

139 4121 496 4176 Cratissimus
522 4120 774 4174 hinnulus
817 4128 899 4174 est
924 4119 1148 4189 populus
1190 4121 1306 4189 ejus
1342 4121 1600 4175 virtutum
1629 4137 1715 4175 va.

140 4213 326 4266 rietate
349 4209 704 4276 delectabilis,
730 4218 784 4264 et
818 4210 884 4264 ad
913 4211 1156 4265 eamdem
1171 4220 1336 4265 castae
1357 4211 1478 4266 fidei
1503 4226 1717 4281 semper

136 4303 486 4357 mmuiatione
517 4315 825 4361 succensus.
873 4298 1036 4370 Cujus
1082 4301 1337 4356 uberibus
1358 4301 1714 4368 inebriamur,

137 4410 252 4449 cum
268 4394 557 4461 utriusque
571 4383 900 4445 Testamenti
916 4391 1123 4460 paginis
1135 4399 1320 4445 contra
1334 4392 1711 4446 haereticorum

137 4485 350 4540 fraudes
406 4483 744 4547 instruimur,
804 4483 959 4552 cujus
1003 4499 1135 4553 pace
1185 4491 1240 4538 et
1287 4498 1468 4537 amore
1510 4484 1713 4554 jugiter

135 4573 428 4640 delectari,
485 4587 676 4642 magna
727 4587 812 4629 ess
868 4573 1293 4628 exercendarum
1340 4574 1554 4628 occasio
1600 4574 1711 4628 vir-

139 4673 326 4716 tutum.

203 4752 382 4817 Quare
423 4752 708 4818 seduceris,
731 4752 811 4820 fili
822 4754 926 4819 mi,
959 4753 1023 4807 ab
1050 4754 1264 4807 auena?
1299 4762 1345 4807 et
1381 4753 1568 4823 foveris
1591 4755 1709 4809 sinu

135 4841 368 4894 alterius.
399 4841 470 4894 Et
493 4842 558 4894 de
585 4843 867 4897 meretrice
891 4851 944 4896 et
973 4843 1040 4897 de
1066 4843 1256 4896 haeresi
1280 4843 1639 4897 sentiendum.

201 4929 428 4998 Respicit
474 4929 727 4985 Dominus
775 4933 884 4986 vias
921 4933 1146 4986 hominis
1188 4941 1236 4986 et
1280 4949 1456 4986 omnes
1504 4950 1710 5004 gressus

137 5021 270 5074 illius
319 5019 642 5074 considerat.
694 5020 808 5076 Non
858 5037 914 5077 se
965 5031 1154 5092 putent
1201 5021 1429 5076 adulteri
1478 5013 1711 5079 tenebris

135 5114 304 5168 noctis
330 5122 428 5168 aut
466 5113 732 5182 parietum
771 5115 948 5184 obtegi
974 5133 986 5167 :
1014 5131 1119 5170 non
1150 5115 1392 5170 haeretici
1436 5130 1530 5168 sua
1560 5115 1711 5170 volu-

137 5205 273 5258 mina
299 5219 464 5273 posse
488 5203 675 5268 celari,
702 5203 827 5271 quia
864 5205 1099 5259 tenehra:
1133 5220 1241 5259 non
1274 5204 1709 5260 obscurabuntur

137 5310 162 5346 a
187 5294 434 5359 Domino,
471 5303 526 5348 ct
555 5308 658 5347 nox
686 5294 825 5348 sicut
849 5294 963 5347 dies
995 5293 1399 5348 illuminabitur.

204 5384 514 5455 lniquitates
542 5401 654 5438 sum
679 5383 887 5453 capiunt
914 5384 1128 5451 impium
1162 5393 1208 5437 et
1231 5383 1442 5451 funibus
1471 5395 1706 5453 peccato-

137 5490 245 5526 rum
270 5489 492 5528 suorum
522 5472 913 5542 constringitur.
969 5470 1143 5526 Distat
1181 5473 1321 5526 inter
1370 5483 1702 5541 peccatorcm

136 5570 185 5613 et
213 5561 457 5630 impium,
480 5558 623 5628 quod
650 5569 899 5627 peccator
921 5558 1215 5628 appellatur
1240 5562 1415 5616 omnis
1435 5561 1524 5628 qui
1547 5560 1624 5614 vel
1652 5562 1703 5614 in

138 5651 307 5714 parvis
345 5649 430 5703 vel
502 5649 554 5701 in
617 5649 823 5716 magnis
883 5647 1172 5702 sceleribus
1217 5649 1436 5702 decidit.
1503 5647 1701 5716 Impius

1826 3219 1930 3264 tua:
1977 3211 2401 3265 conversationis
2449 3211 2738 3280 acceperis,
2783 3211 2896 3281 jam
2945 3211 3122 3281 ligasti
3164 3219 3401 3266 mentem

1825 3304 1964 3372 apud
1993 3318 2179 3357 curam
2210 3303 2582 3357 sollicitudinis
2609 3319 2729 3373 quae
2755 3311 2878 3358 ante
2912 3305 3116 3359 deerat.

1893 3390 2218 3457 lllaqueatus
2241 3409 2292 3445 es
2314 3391 2478 3444 verbis
2500 3393 2604 3446 oris
2627 3394 2724 3456 tui,
2749 3400 2794 3446 et
2825 3402 3006 3460 captus
3027 3396 3251 3463 propriis
3287 3411 3399 3449 scr-

1821 3482 2078 3534 monibus.
2107 3481 2241 3547 Quia
2266 3482 2390 3535 dum
2417 3484 2719 3537 commissis
2747 3484 2842 3537 tibi
2871 3486 3078 3555 cogeris
3103 3486 3240 3541 bona
3262 3502 3400 3556 prte-

1823 3571 2050 3624 dicando
2079 3572 2259 3625 dicere
2291 3578 2342 3626 te
2369 3571 2543 3640 ipsum
2568 3573 2719 3641 prius
2749 3587 2969 3629 necesse
2995 3584 3076 3629 est
3101 3591 3219 3644 quae
3246 3579 3392 3632 dim;

1821 3665 1897 3715 ris
1919 3662 2210 3716 custodire.

1890 3750 2004 3806 Fac
2022 3769 2142 3824 ergo
2161 3754 2300 3824 quod
2333 3753 2470 3818 dico,
2494 3753 2573 3822 ﬁli
2604 3755 2699 3821 mi,
2729 3768 2777 3809 et
2807 3765 2854 3811 te
2880 3759 3045 3827 ipsum
3068 3760 3397 3832 libera,~quia

1818 3841 2048 3895 incidisti
2073 3845 2126 3897 in
2147 3861 2307 3898 manu
2331 3847 2556 3915 proximi
2577 3849 2940 3912 tui,discurre,
2964 3850 3176 3919 festina,
3201 3853 3397 3913 suscita

1815 3931 2043 3985 amicum
2066 3943 2234 3987 tuum.
2259 3933 2374 3988 Non
2399 3943 2604 3989 tantum
2631 3937 2745 4007 ipse
2765 3938 2900 3994 bene
2919 3940 3146 3996 vivendo
3171 3944 3395 4012 vigilare

1818 4031 2112 4087 memento,
2143 4024 2236 4078 sed
2264 4034 2319 4078 et
2363 4025 2511 4080 illum
2541 4027 2626 4081 cui
2657 4042 2828 4097 prices
2866 4043 2897 4083 a
2916 4032 3129 4098 peccati
3179 4040 3397 4103 torpore

1814 4113 2158 4181 prmdicando
2187 4114 2449 4183 disjuuge.

1889 4202 1972 4256 Nc
1992 4205 2197 4258 dederis
2223 4221 2463 4258 somnum
2496 4205 2661 4259 oculis
2695 4207 2823 4272 tuis,
2854 4224 2948 4260 nec
2974 4207 3253 4263 domitent
3273 4209 3393 4280 pal-

1811 4292 1982 4361 pebra:
2003 4302 2124 4346 tuae.
2149 4293 2405 4347 Somnum
2433 4294 2524 4348 dat
2543 4294 2712 4349 oculis
2733 4296 2823 4365 qui
2849 4296 3184 4351 subditorum
3209 4313 3394 4354 curam

1815 4383 2035 4436 omnino
2085 4383 2340 4455 negligit:
2384 4385 2638 4440 dormitat
2685 4396 2863 4440 autem
2913 4390 3002 4457 qui
3046 4389 3260 4458 quidem
3310 4405 3395 4447 re-

1817 4473 2203 4542 prehensibilia
2244 4489 2434 4529 eorum
2470 4484 2618 4546 gesta
2668 4478 2964 4548 cognoscit,
2995 4478 3088 4533 sed
3123 4480 3235 4535 haec
3270 4495 3392 4548 pro-

1815 4577 1937 4638 pter
1966 4569 2158 4623 mentis
2185 4569 2401 4623 taedium
2431 4568 2589 4639 digna
2619 4571 2917 4626 invectione
2945 4587 3050 4625 non
3075 4571 3317 4640 corrigit.

1887 4658 2088 4712 Eruere
2128 4659 2280 4729 quasi
2301 4657 2516 4711 damula
2539 4660 2601 4712 de
2625 4675 2783 4712 manu
2815 4669 2861 4712 et
2887 4661 3037 4730 quasi
3068 4661 3176 4713 uvis
3210 4661 3389 4727 dezin-

1815 4749 1964 4804 sidiis
1998 4751 2233 4818 aucupis.
2287 4747 2557 4815 Quantum
2596 4749 2712 4802 avis
2739 4749 2806 4801 de
2844 4749 3033 4818 laqueo
3064 4749 3145 4802 vel
3174 4750 3390 4806 danntla

1817 4841 1883 4892 de
1920 4854 2078 4891 manu
2113 4838 2378 4907 captantis
2416 4837 2609 4905 quaerit
2651 4836 2900 4901 evadere,
2947 4845 3149 4890 tantum
3193 4838 3388 4905 nitere,

1813 4939 1875 4982 ut
1903 4929 2145 4982 auditore
2177 4937 2267 4980 tuo
2297 4926 2582 4981 salubriter
2609 4927 2856 4981 instituto
2895 4928 3008 4996 ipse
3047 4942 3076 4979 a
3104 4929 3395 4995 sponsione.

1812 5019 1937 5071 vite
1965 5017 2081 5084 ejus
2103 5017 2241 5070 liber
2284 5017 2542 5071 reddaris.
2573 5016 2639 5070 Et
2673 5027 2818 5071 certe
2839 5017 2963 5085 quia
2988 5016 3199 5070 damula
3227 5032 3385 5071 mun-

1815 5108 1940 5161 dum
1972 5115 2162 5160 natura
2198 5114 2281 5159 est
2311 5105 2528 5170 animal,
2553 5105 2708 5160 velox
2737 5120 2898 5160 cursu
2931 5106 3157 5174 visuque
3187 5107 3390 5161 acerri-

1815 5213 1984 5261 mum,
2015 5197 2155 5251 unde
2190 5206 2244 5251 et
2267 5195 2454 5251 Grazce
2482 5198 2581 5251 ἀπὸ
2617 5204 2706 5250 τοῦ
2739 5198 2956 5270 Δέρκειν,
3006 5197 3056 5249 id
3094 5203 3204 5260 cst,
3245 5211 3275 5248 a
3305 5195 3388 5248 vi-

1816 5289 1987 5342 dendo
2014 5289 2204 5343 dorcas
2235 5298 2588 5357 nuncupatur.
2638 5288 2767 5342 Avis
2809 5297 2986 5341 autem
3011 5285 3240 5340 volando
3277 5284 3384 5341 alta

1811 5386 1992 5446 petere
2011 5379 2293 5432 consuevit
2311 5394 2324 5428 :
2344 5393 2464 5432 cum
2496 5378 2548 5431 in
2572 5378 2827 5432 docendis
2841 5377 3118 5447 occuparis
3135 5376 3382 5442 subditis,

1807 5468 2040 5521 mundus
2075 5483 2103 5521 a
2138 5469 2378 5537 peccatis
2433 5469 2703 5532 omnibus,
2746 5477 2997 5522 strenuus
3040 5468 3093 5522 in
3132 5467 3385 5537 operibus

1804 5558 1982 5621 bouis,
2004 5559 2286 5627 perspicax
2315 5559 2368 5612 in
2391 5559 2849 5627 deprehendendis
2870 5559 3130 5613 malorum
3153 5558 3382 5629 insidiis,

1804 5658 1857 5706 et
1880 5650 2134 5706 virtutum
2154 5652 2344 5721 pennis
2359 5650 2518 5707 fultus
2529 5665 2648 5708 esse
2664 5662 2864 5722 satage,
2889 5659 3153 5721 quatenus
3172 5652 3382 5721 expleto
