3918 6368
494 373 600 428 705

1132 375 1192 431 Β.
1235 372 1489 430 ΒΑΒΑΝΙ
1526 371 1746 429 MAUlll
1783 369 2105 427 ARClllEP.
2147 370 2457 432 MOGUNT.
2500 378 2785 438 OPERUM
2823 381 3002 440 PARS
3035 384 3122 441 lll.

3665 394 3765 451 τω

498 488 829 560 praedicandi
889 493 1106 562 negotio
1175 491 1242 545 ad
1320 504 1552 560 superna
1628 489 1964 544 transvolare
2028 489 2258 548 etArit
2309 491 2458 560 prius
2513 505 2816 564 apostatam
2874 501 3206 567 nominavit,
3278 504 3404 575 quia
3464 507 3574 562 nisi
3624 526 3772 566 more

498 581 738 636 caelestis
762 581 884 635 vita:
907 597 1103 651 pascua
1135 581 1396 635 merearis
1427 582 1652 636 intrare.

581 668 724 724 Vade
759 669 826 729 ad
858 669 1154 740 formicam,
1197 686 1226 722 ο
1249 670 1416 739 piger,
1445 680 1491 724 et
1521 671 1798 725 considera
1821 672 1931 726 vias
1972 673 2087 743 ejus

499 770 548 816 et
572 761 712 815 disce
733 760 1066 829 sapientiam.
1111 759 1246 814 Hinc
1285 768 1572 815 vacantem
1621 762 1870 816 hortatur
1898 775 2087 830 quem-

499 868 605 922 que
635 859 693 906 ut
724 851 768 905 si
811 851 878 904 ad
920 850 1054 905 alios
1097 851 1423 908 erudiendos
1469 869 1577 908 non
1625 852 1849 919 sufﬁcit,
1891 853 2087 908 saltem

498 943 697 998 suimet
738 956 922 995 curam
964 956 1122 1011 agere
1162 957 1266 996 non
1305 943 1568 1014 negligat,
1599 957 1654 998 et
1684 945 1728 999 si
1761 944 2085 1014 sapientiam

497 1033 682 1090 doceri
729 1034 916 1102 nequit
955 1034 1022 1088 ab
1061 1033 1304 1100 homine,
1340 1033 1424 1088 vel
1459 1035 1719 1104 operandi
1760 1035 2082 1106 sapientiam

499 1124 674 1180 discat
709 1141 739 1178 a
766 1124 1011 1179 formica.

572 1213 706 1279 Qua:
736 1231 852 1268 cum
879 1231 981 1267 non
1000 1214 1188 1268 habeat
1216 1215 1424 1282 ducem,
1456 1233 1546 1270 nec
1571 1227 1962 1289 prtcceptorem,
1992 1235 2085 1274 nec

499 1309 786 1380 principem
827 1319 979 1378 parat
1025 1320 1203 1364 testate
1242 1311 1412 1364 cibum
1457 1313 1588 1380 sibi,
1631 1324 1678 1368 et
1720 1324 1995 1386 congregat
2033 1317 2086 1369 in

501 1416 666 1455 messe
693 1401 833 1472 quod
875 1403 1131 1456 comedat.
1174 1402 1233 1457 Si
1277 1404 1544 1460 tantillum
1596 1407 1794 1461 animal
1841 1407 2085 1477 principe

500 1506 696 1548 carens
725 1501 780 1546 et
809 1493 1032 1548 rationis
1056 1508 1272 1564 expers,
1306 1504 1498 1550 natura
1531 1497 1664 1552 duce
1698 1497 1799 1551 sibi
1825 1498 2088 1564 prmvidet

501 1581 558 1638 in
606 1593 918 1654 posterum,
968 1585 1136 1641 multo
1205 1589 1375 1657 magis
1431 1599 1486 1643 tu
1538 1590 1605 1644 ad
1655 1589 1944 1661 imaginem
1991 1590 2085 1646 Dei

500 1672 767 1735 conditus,
801 1673 868 1727 ad
896 1673 1180 1729 videndam
1221 1675 1336 1744 ejus
1370 1676 1595 1747 gloriam
1624 1687 1866 1745 vocatus,
1896 1680 2086 1735 docto-

501 1778 622 1818 rum
669 1765 984 1835 magisterio
1017 1766 1232 1834 adjutus
1276 1767 1453 1838 ipsum
1494 1770 1831 1826 conditorem
1875 1771 2085 1827 habens

500 1853 714 1920 ducem,
741 1856 903 1911 debes
932 1857 986 1912 in
1022 1859 1277 1927 prmsenti
1324 1860 1588 1916 bonorum
1618 1877 1844 1931 operum
1873 1861 2084 1918 fruetus

499 1958 853 2016 congregare,
897 1935 1094 2017 quibus
1130 1958 1393 2004 aeternum
1431 1952 1581 2006 vivas
1623 1952 1675 2006 in
1713 1951 1915 2007 futuro.
1956 1953 2085 2009 Hrec

499 2037 644 2090 enim
671 2038 778 2091 vita
815 2038 869 2092 in
899 2054 966 2094 eo
1001 2040 1164 2095 messi
1213 2050 1560 2110 comparatur
1602 2051 1658 2098 et
1700 2044 1894 2109 testati,
1940 2045 2086 2115 quod

501 2123 619 2180 haec
665 2126 808 2180 inter
851 2127 1074 2184 ardores
1121 2130 1508 2195 tentationum,
1553 2141 1766 2200 tempus
1808 2142 1895 2188 est
1934 2133 2085 2189 colli-

501 2212 660 2284 gendi
692 2212 998 2270 futurorum
1041 2217 1263 2286 praemia
1292 2217 1628 2274 meritorum.
1660 2219 1730 2274 At
1758 2221 1874 2277 dies
1894 2221 2085 2290 judicii

501 2301 698 2358 hiemis
758 2304 1037 2360 similatur'
1099 2307 1397 2375 rigoribus,
1450 2309 1592 2377 quod
1649 2320 1778 2366 tunc
1826 2313 2084 2368 nimirum

503 2394 650 2448 nulla
694 2394 1017 2464 relinquitur
1055 2395 1284 2451 facultas
1330 2413 1430 2466 pro
1476 2400 1586 2454 vita
1638 2400 1939 2468 laborandi,
1991 2406 2086 2461 sed

503 2490 714 2537 tantum
749 2483 961 2555 cogitur
989 2485 1220 2555 quisque
1257 2485 1324 2540 de
1363 2487 1560 2543 horreo
1598 2489 1791 2559 prisca:
1836 2494 2084 2559 actionis,

502 2572 645 2642 quod
676 2574 975 2629 recondidit
997 2574 1262 2644 proferre.
1297 2575 1451 2633 Unde
1481 2589 1535 2632 et
1561 2581 1821 2636 Dominus
1845 2585 2089 2655 praecipit

504 2661 691 2717 dicens
729 2680 741 2716 :
803 2662 965 2718 Orate
999 2657 1174 2720 autem
1206 2675 1261 2720 ut
1298 2685 1401 2723 non
1433 2669 1528 2737 ﬁat
1560 2671 1687 2742 fuga
1723 2683 1890 2728 vestra
1925 2677 2090 2732 Itieme

501 2750 582 2805 vel
603 2751 838 2807 sabbato.
883 2752 1070 2811 Hieme
1105 2757 1250 2810 enim
1293 2757 1542 2824 facultas,
1584 2764 1812 2818 sabbato
1848 2766 2086 2835 licentia,

493 2838 651 2911 juxta
699 2842 872 2914 legem
912 2846 1063 2901 deest
1099 2846 1308 2904 fructus
1334 2849 1459 2904 vitae
1498 2852 1787 2925 colligendi
1817 2870 1884 2912 ac
1924 2872 2091 2927 penu-

504 2932 642 2990 riam
674 2934 910 3004 fugiendi
937 2946 1273 3008 perpetuam.

579 3021 878 3096 Usquequo,
941 3029 1106 3098 piger,
1163 3028 1404 3086 dormis?
1469 3037 1680 3105 quando
1739 3040 2010 3109 consurgis
2058 3058 2091 3094 a

505 3129 691 3170 somno
731 3126 839 3183 tuo,
865 3118 1140 3188 paululum
1175 3121 1424 3190 dormies,
1456 3127 1732 3195 paululum
1756 3131 2086 3198 dormitabis,

501 3201 779 3272 paululum
815 3222 1051 3262 censeres
1073 3226 1257 3265 manus
1295 3221 1349 3266 ut
1375 3214 1628 3274 dormias.
1664 3217 1976 3291 Usquequo,
2004 3223 2090 3276 in-

501 3294 644 3364 quit,
670 3296 874 3353 dormis
912 3299 966 3354 in
992 3301 1174 3357 vitiis?
1233 3304 1452 3372 quando
1496 3317 1651 3377 potes
1698 3325 1982 3382 resurgere
2026 3315 2094 3370 ad

502 3383 643 3442 bene
678 3389 1011 3457 operandum
1041 3393 1131 3457 qui
1167 3395 1330 3449 noxio
1368 3403 1585 3466 torpore
1612 3400 1899 3470 depressus
1950 3415 2092 3458 sem-

502 3489 603 3546 per
630 3475 813 3533 dicis:
844 3479 1121 3547 paululum
1163 3484 1341 3541 adhuc
1391 3485 1630 3555 jaceam,
1678 3501 1733 3546 et
1778 3491 1860 3547 sic
1904 3503 2090 3562 postea

499 3564 818 3638 pmnitendo
874 3583 1177 3641 resurgam.
1227 3573 1316 3628 Fit
1364 3591 1599 3647 namque
1656 3588 1715 3634 ut
1773 3591 1825 3636 te
1877 3597 2093 3654 semper

499 3654 784 3714 dill’erente
811 3674 947 3731 opus
975 3662 1176 3718 bonum
1223 3675 1445 3736 repente
1485 3667 1651 3736 judex
1681 3672 1773 3741 qui
1818 3673 1960 3728 mala
1999 3683 2090 3730 tua

504 3742 649 3800 facta
679 3748 890 3817 puniat,
924 3752 1068 3806 adsit
1095 3771 1107 3805 :
1141 3753 1254 3810 lloc
1281 3767 1364 3812 est
1390 3759 1535 3813 enim
1563 3765 1707 3830 quod
1732 3765 2013 3833 sequitur:

577 3834 651 3890 Et
693 3841 856 3894 veniet
908 3843 1003 3896 tibi
1051 3848 1203 3915 quasi
1266 3849 1433 3902 viator
1479 3863 1678 3922 egestas
1726 3865 1774 3909 et
1814 3860 2089 3927 pauperies

497 3929 650 3997 quasi
692 3929 772 3983 vir
810 3943 1066 3988 armatus.
1142 3936 1369 4008 Egestas
1419 3956 1654 4013 namque
1703 3953 1758 3999 et
1790 3944 2097 4016 pauperies

499 4030 661 4087 penna
712 4027 797 4074 est
849 4021 1062 4088 ultima,
1113 4025 1175 4079 in
1217 4042 1322 4096 qua
1371 4029 1611 4086 damnati
1663 4034 1738 4087 nil
1777 4034 2087 4092 divitiarum

500 4117 798 4196 merentur.
841 4111 1008 4185 Quasi
1055 4116 1231 4171 viator
1283 4121 1485 4187 veniet,
1534 4125 1661 4192 quia
1706 4125 2001 4196 improvisa
2033 4138 2089 4184 et

500 4187 783 4277 subitanea
810 4221 822 4257 :
851 4206 1004 4274 quasi
1037 4208 1120 4262 vir
1156 4219 1419 4277 armatus,
1448 4215 1574 4283 quia
1598 4217 1809 4273 devinci
1828 4229 2087 4290 perpetuo

501 4306 608 4347 non
639 4301 837 4363 potest.
867 4295 1023 4352 Patet
1046 4297 1202 4366 juxta
1232 4300 1470 4357 litteram
1501 4305 1628 4375 quia
1658 4308 1875 4379 pigritia
1901 4312 2085 4367 nutrix

501 4394 586 4440 est
619 4389 876 4458 egestatis
905 4383 960 4445 εἳ
990 4394 1245 4461 penuriae.
1284 4394 1345 4450 Si
1376 4414 1497 4452 vero
1533 4401 1751 4472 impiger
1773 4403 1959 4473 fueris,
1995 4424 2083 4462 ue-

2190 581 2552 650 superbientis
2593 587 2769 657 angeli
2817 603 2847 642 a
2897 600 3188 659 conspectu
3245 597 3547 655 conditoris
3601 602 3768 670 prius,

2189 670 2333 725 intus
2374 674 2656 730 aversione
2706 681 2904 734 mentis
2938 681 3180 748 caderet,
3232 683 3377 742 foras
3428 692 3770 756 postmodum

2187 779 2355 833 usque
2387 766 2453 821 ad
2480 768 2792 825 seminanda
2818 771 2999 843 jurgia
3048 791 3154 830 non
3178 778 3410 834 veniret.
3461 781 3602 848 Quia
3632 794 3773 841 recte

2188 857 2386 912 dicitur
2412 860 2553 928 quod
2584 863 2769 915 annuit
2794 864 2978 930 oculis,
3005 867 3124 921 terit
3145 869 3292 939 pede,
3317 871 3481 941 digito
3510 874 3768 944 loquitur,

2187 947 2417 1003 interior
2461 966 2693 1020 namque
2736 963 2821 1008 est
2858 957 3101 1012 custodia
3131 975 3251 1030 quae
3285 964 3541 1020 ordinata
3591 977 3776 1026 servat

2186 1042 2426 1098 exterius
2455 1044 2717 1111 membra,
2744 1047 2834 1116 qui
2863 1063 2991 1119 ergo
3031 1058 3234 1110 statum
3279 1056 3482 1111 mentis
3512 1058 3771 1127 perdidit,

2186 1130 2332 1186 foras
2363 1133 2416 1187 in
2446 1134 2861 1192 inconstantiam
2888 1141 3140 1197 motionis
3165 1143 3301 1211 ﬂuit,
3327 1157 3488 1216 atque
3515 1151 3773 1207 exteriori

2187 1225 2486 1281 mobilitate
2528 1227 2733 1284 indicat
2785 1232 2929 1300 quod
2970 1232 3115 1288 nulla
3157 1236 3338 1292 radice
3372 1238 3606 1296 interius
3649 1243 3774 1299 sub-

2188 1316 2366 1371 sistat.

2259 1425 2366 1483 Sea‘
2402 1439 2522 1485 sunt
2557 1447 2674 1502 qua:
2717 1433 2824 1487 odit
2856 1433 3138 1502 Dominus,
3164 1438 3443 1509 septimum
3484 1442 3776 1498 detestatur

2189 1519 2368 1574 anima
2395 1522 2530 1590 ejus.
2575 1522 2835 1596 Eumdem
2865 1539 3027 1594 quem
3062 1543 3225 1598 supra
3272 1529 3505 1598 plenius,
3537 1533 3667 1602 quia
3707 1535 3774 1591 sit

2187 1607 2418 1666 Domino
2479 1612 2695 1667 odibilis
2753 1611 3081 1671 discordiam
3139 1619 3460 1676 seminando
3510 1623 3770 1689 insinuat,

2190 1701 2333 1772 quod
2382 1711 2563 1759 autem
2612 1705 2824 1760 Domini
2874 1708 3113 1763 animam
3153 1710 3310 1776 dicit,
3345 1711 3585 1768 humano
3621 1730 3772 1772 mon

2116 1831 2164 1891 Β
2191 1791 2341 1858 facit,
2388 1803 2448 1848 ut
2479 1809 2606 1849 eum
2631 1794 2790 1864 plena
2828 1795 3124 1852 intentione
3165 1809 3222 1852 et
3259 1815 3366 1853 non
3408 1800 3601 1856 leviter
3641 1803 3774 1860 tales

2189 1883 2369 1939 odisse
2401 1884 2693 1955 signiﬁcet,
2739 1885 2845 1939 tale
2868 1894 2952 1941 cst
2987 1887 3042 1940 in
3077 1886 3216 1943 lsaia
3243 1906 3256 1942 :
3282 1888 3556 1946 Kalendas
3580 1904 3774 1949 vestras

2187 1986 2234 2030 et
2256 1975 2609 2032 solemnitates
2635 1987 2832 2033 vestras
2855 1977 3018 2032 odiuit
3041 1979 3221 2034 anima
3241 1998 3357 2036 utea
3380 1982 3516 2053 (Isa.
3544 1985 3610 2056 ι).

2259 2087 2451 2142 Oculos
2473 2086 2739 2152 sublimes,
2764 2086 2998 2156 linguam
3026 2089 3355 2156 mendacem,
3383 2109 3568 2148 manus
3597 2097 3770 2165 e/I'un-

2187 2175 2364 2230 dentes
2397 2176 2672 2230 innoxium
2702 2176 3030 2246 sanguinem,
3050 2193 3142 2231 cor
3162 2180 3470 2236 machinam
3504 2185 3774 2254 cogitatio-

2188 2283 2276 2321 nes
2307 2267 2579 2336 pessimus,
2611 2265 2766 2334 pedes
2804 2265 3000 2320 veloces
3028 2266 3099 2319 ad
3126 2269 3441 2324 currendum
3470 2272 3529 2324 in
3550 2274 3769 2344 malum,

2186 2360 2530 2432 proferentem
2576 2357 2870 2422 mendacia,
2915 2367 3096 2412 testem
3139 2359 3407 2428 fallacem,
3448 2373 3496 2417 et
3520 2381 3641 2418 eum
3685 2379 3772 2439 qus

2188 2454 2408 2509 seminat
2442 2452 2579 2505 inter
2600 2450 2790 2520 fratres
2810 2451 3123 2506 discordias.
3170 2453 3465 2510 Enumerat
3501 2473 3597 2512 sex
3624 2461 3772 2530 capi-

2189 2542 2316 2595 talia
2357 2541 2584 2596 crimina
2629 2556 2749 2610 quae
2788 2549 2970 2597 tamen
3026 2545 3432 2612 comparatione
3471 2547 3771 2606 discordias

2191 2632 2540 2697 seminantis,
2589 2631 2742 2700 quasi
2800 2631 3012 2686 minora
3053 2634 3292 2703 deponit,
3341 2637 3468 2707 quia
3515 2640 3768 2696 nimirum

2191 2723 2364 2792 majus
2407 2729 2491 2776 est
2534 2721 2740 2775 facinus
2782 2721 2931 2786 illud,
2970 2738 3078 2792 quo
3121 2725 3302 2779 unitas
3357 2735 3411 2781 et
3457 2727 3768 2786 fraternitas

2191 2831 2311 2885 quae
2337 2829 2433 2885 per
2465 2814 2699 2883 Spiritus
2733 2816 2907 2871 sancti
2936 2817 3165 2886 gratiam
3202 2827 3286 2873 est
3321 2835 3569 2875 connexa
3610 2824 3768 2879 dissi-

2191 2915 2366 2976 patur,
2387 2913 2561 2977 potest
2577 2907 2718 2961 enim
2741 2906 2967 2976 quilibet
2990 2909 3176 2964 oculos
3195 2911 3470 2980 iactanter
3495 2915 3767 2981 extollere,

2193 2999 2374 3069 lingua
2426 2998 2682 3062 mentiri,
2739 2997 3032 3055 homicidio
3074 3000 3279 3070 pollui,
3340 3004 3481 3059 mala
3525 3007 3770 3076 proximo

2193 3089 2513 3154 machinari,
2549 3088 2666 3143 aliis
2694 3089 2989 3146 sceleribus
3019 3092 3261 3147 membra
3297 3093 3548 3161 subdere,
3579 3095 3769 3151 falsum

2121 3181 2165 3244 C
2199 3191 2384 3237 contra
2429 3182 2735 3250 quempiam
2779 3182 3149 3238 testimonium
3194 3184 3468 3253 proferre,
3494 3188 3635 3256 quod
3667 3206 3767 3245 non

2192 3271 2336 3326 idem
2367 3287 2488 3326 esse
2520 3273 2816 3341 putandum
2845 3281 2949 3339 est,
2977 3275 3121 3343 quod
3150 3291 3312 3346 supra
3349 3277 3588 3346 linguam
3619 3295 3767 3335 meu-

2192 3364 2378 3420 dacem
2405 3365 2648 3419 nominat
2693 3382 2704 3418 :
2752 3373 2929 3433 potest
2957 3367 3105 3420 enim
3146 3368 3508 3433 mendacium,
3542 3370 3633 3424 sed
3665 3387 3768 3425 non

2191 3465 2379 3510 contra
2423 3456 2728 3525 proximum
2774 3455 2902 3522 dici,
2942 3473 3068 3511 nam
3117 3466 3174 3512 et
3223 3460 3414 3514 beatus
3441 3460 3770 3531 Augustinus

2191 3557 2316 3603 octo
2345 3564 2464 3604 esse
2493 3563 2691 3619 genera
2731 3550 3016 3614 mendacii,
3049 3551 3102 3605 in
3141 3550 3278 3607 libro
3314 3569 3474 3622 quem
3507 3555 3573 3608 de
3615 3554 3766 3611 Men-

2190 3639 2342 3694 dacio
2365 3638 2665 3708 composuit
2691 3641 2867 3704 docet,
2903 3648 3082 3709 potest
3116 3642 3337 3711 inquam
3362 3644 3604 3712 perditus
3625 3647 3772 3714 quis-

2188 3745 2295 3799 que
2315 3728 2617 3797 huiusmodi
2651 3729 2790 3782 mala
2818 3729 2905 3785 vel
2941 3729 3282 3801 sibimetipsi,
3309 3733 3394 3788 vel
3425 3733 3543 3790 aliis
3575 3735 3773 3790 inferre

2189 3835 2323 3890 pace
2366 3827 2579 3874 servata
2609 3820 2889 3887 Ecclesiae,
2919 3830 2975 3876 at
3003 3808 3242 3879 Donatus
3271 3834 3324 3878 et
3346 3824 3508 3880 Arius
3556 3841 3771 3882 eorum-

2189 3925 2294 3980 que
2339 3925 2599 3980 sequaces
2641 3911 2857 3980 gravius
2897 3919 2980 3966 est
3023 3915 3168 3982 quod
3209 3914 3475 3979 fecerunt,
3518 3919 3610 3987 qui
3642 3934 3772 3973 con-

2189 4003 2427 4057 cordiam
2457 4003 2707 4058 fraternae
2734 4003 2959 4061 unitatis
2987 4006 3290 4063 discordias
3327 4011 3645 4066 seminando
3672 4013 3772 4067 sci-

2189 4091 2404 4146 derunt.

2257 4196 2535 4265 Conserva,
2559 4199 2638 4269 fili
2668 4202 2759 4266 mi,
2780 4215 3037 4274 praecepta
3063 4207 3228 4275 patris
3251 4209 3348 4272 tui,
3378 4219 3425 4262 et
3451 4227 3514 4264 ne
3534 4211 3769 4266 dimittas

2186 4289 2347 4360 legem
2377 4292 2557 4345 matris
2581 4301 2705 4346 tum.
2735 4292 2888 4349 Nunc
2914 4295 3013 4350 sub
3037 4295 3294 4352 adultera:
3319 4299 3565 4355 mulieris
3593 4303 3774 4372 specie

2185 4380 2436 4448 prohibet
2464 4381 2530 4434 ab
2561 4382 2834 4438 auditione
2863 4384 3154 4440 hmreseos.

502 4473 607 4530 niet
632 4485 688 4530 ut
711 4477 828 4546 fons
848 4482 1025 4533 messis
1047 4490 1158 4534 tua.
1187 4483 1418 4540 Fructus
1447 4491 1641 4544 terreni
1669 4506 1804 4559 quos
1833 4495 2084 4554 metimus

2259 4486 2390 4558 Liga
2409 4505 2471 4543 ea
2496 4490 2550 4543 in
2572 4492 2727 4545 corde
2746 4503 2837 4547 tuo
2850 4493 3067 4565 jugiter,
3085 4507 3132 4550 et
3154 4499 3422 4553 circumda
3443 4503 3647 4572 gutturi
3660 4512 3776 4567 tua,

503 4580 612 4620 non
653 4565 785 4622 fonti
814 4579 1219 4638 comparantur,
1250 4575 1344 4630 sed
1373 4577 1647 4643 cisternm,
1690 4582 1815 4652 quia
1853 4585 1919 4639 ad
1949 4594 2084 4642 tem-

503 4668 605 4725 pus
629 4665 858 4724 pascunt
883 4657 1218 4729 colligentem
1254 4669 1308 4717 et
1343 4664 1397 4718 in
1431 4674 1670 4736 tempore
1698 4669 1957 4728 deficiunt
1983 4693 1996 4730 :
2027 4687 2084 4733 at

504 4745 597 4814 qui
642 4744 870 4816 impiger
908 4745 1069 4810 fuerit
1101 4765 1198 4819 pro
1235 4753 1546 4810 cmlestibus
1577 4756 1826 4815 laborare
1851 4761 2080 4834 divitiis,

502 4832 664 4903 hujus
691 4836 883 4891 messis
913 4845 972 4891 ut
1007 4837 1126 4894 fons
1157 4841 1393 4908 advenit,
1424 4846 1551 4913 quia
1595 4851 1902 4906 mercedem
1933 4832 2082 4911 labos

505 4942 622 4980 rum
654 4927 1050 4984 indelicientem
1081 4933 1360 5001 percipiet.

574 5014 642 5069 Et
674 5027 870 5108 egestas
909 5018 1058 5089 longe
1091 5022 1250 5091 fugiet
1275 5043 1306 5078 a
1335 5035 1400 5080 te.
1427 5026 1566 5094 Quia
1604 5033 1858 5101 satiabor,
1883 5035 2080 5108 inquit,

501 5105 628 5159 dum
649 5107 1070 5176 manifestabitur
1089 5111 1258 5180 gloria
1278 5124 1369 5169 tua
1394 5114 1564 5186 (Psal.
1595 5122 1728 5193 xw).

574 5197 748 5251 Homo
780 5209 1043 5268 apostata,
1078 5203 1154 5256 vir
1183 5205 1406 5272 inutilis,
1441 5211 1682 5278 graditur
1705 5230 1795 5269 ore
1820 5233 2081 5286 perverso,

502 5290 684 5343 annuit
722 5289 911 5356 oculis,
948 5291 1066 5375 terit
1093 5294 1242 5363 pede,
1268 5296 1430 5367 digito
1465 5300 1716 5372 loquitur,
1734 5322 1899 5375 pravo
1927 5309 2082 5363 corde

500 5381 832 5435 machinatur
867 5368 1085 5449 malum,
1123 5396 1172 5440 et
1213 5388 1268 5442 in
1324 5393 1465 5446 omni
1503 5403 1731 5466 tempore
1778 5398 1962 5470 jurgia
2000 5419 2081 5456 se-

500 5469 686 5522 minat.
737 5471 959 5526 Dixerat
987 5474 1052 5528 de
1081 5474 1374 5535 hteresibus
1399 5489 1452 5536 et
1479 5482 1598 5557 aliis
1625 5469 1887 5541 vitiorum?
1909 5504 2078 5559 gene-

499 5558 652 5615 ribus
721 5560 1031 5618 instituerat
1094 5578 1516 5640 przeceptorem,
1594 5558 1930 5633 excitaverat
1999 5581 2080 5650 pi-

457 5694 468 5712 ,
504 5663 682 5720 grum,
715 5658 770 5705 at
798 5668 941 5708 nunc
979 5655 1253 5729 redarguit
1290 5667 1344 5715 et
1375 5663 1798 5722 schismaticum.
1834 5669 1935 5725 Ubi
1980 5688 2080 5726 no-

505 5739 727 5796 tandum
753 5741 878 5813 quia
907 5757 1064 5814 quem
1096 5750 1446 5809 setninantem
1484 5753 1658 5825 jurgia
1689 5757 1867 5815 dicere
1899 5759 2106 5817 *σιω-⁸

2190 4590 2238 4635 et
2273 4581 2328 4635 in
2361 4582 2671 4652 cogitatione
2703 4597 2960 4656 prwcepta
2980 4587 3076 4641 Dei
3095 4587 3207 4656 ﬁxa
3237 4593 3400 4646 retine
3429 4602 3479 4645 et
3509 4592 3770 4663 loquelam

2190 4679 2354 4725 tuam.
2402 4671 2604 4727 Horum
2637 4675 2871 4745 undique
2898 4676 3198 4743 dulcedine,
3230 4696 3300 4736 ne
3328 4680 3468 4736 forte
3501 4682 3554 4736 in
3591 4682 3767 4754 lingua

2190 4763 2389 4818 labaris
2416 4766 2766 4820 communito.
3555 4835 3566 4849 .

2260 4853 2392 4908 Cum
2427 4855 2790 4920 ambulaveris,
2822 4858 3134 4928 gradiantur
3164 4870 3356 4928 tecum,
3391 4879 3511 4916 cum
3543 4863 3774 4920 dormis-

2181 4945 2276 5009 ris,
2297 4945 2593 5000 custodiant
2625 4956 2674 4999 te
2701 4961 2718 4998 :
2743 4957 2790 5000 et
2812 4949 3059 5018 euigilans
3081 4949 3290 5020 loquere
3311 4969 3429 5006 cum
3461 4955 3557 5007 eis.
3599 4954 3768 5010 Tanta

2182 5034 2256 5088 sit
2292 5035 2388 5090 tibi
2426 5035 2704 5091 meditatio
2735 5037 2927 5091 divinae
2967 5037 3119 5106 legis,
3149 5048 3209 5092 ut
3241 5055 3368 5094 cum
3398 5041 3634 5112 vigilans
3672 5045 3767 5099 ali-

2182 5125 2312 5194 quid
2354 5127 2666 5195 operaberis
2712 5128 2850 5182 hanc
2898 5129 3081 5183 sedula
3133 5139 3314 5186 mente
3358 5133 3598 5198 recolas;
3646 5151 3767 5190 cum

2186 5213 2525 5281 dormiveris,
2575 5217 2628 5271 in
2677 5216 2835 5285 hujus
2882 5219 3146 5273 memoria
3190 5222 3462 5292 quiescas,
3495 5239 3623 5278 cum
3651 5227 3767 5281 cvi-

2183 5304 2436 5372 gilaveris
2457 5308 2596 5362 hanc
2620 5308 2794 5376 primo
2818 5310 2885 5363 ad
2921 5319 3157 5365 mentem
3182 5327 3424 5378 revoces,
3453 5314 3537 5369 sic
3562 5319 3767 5373 etenim

2185 5395 2299 5461 ﬁet,
2327 5405 2384 5450 ut
2413 5413 2513 5452 nec
2536 5398 2760 5467 vigilans
2789 5397 3048 5466 oll’endas,
3078 5417 3180 5457 nec
3212 5417 3243 5455 a
3269 5403 3468 5458 timore
3493 5416 3767 5463 nocturno

2180 5485 2410 5541 laedaris.
2459 5487 2646 5552 Aliter,
2692 5502 2815 5542 cum
2847 5489 3208 5546 ambulaveris
3243 5492 3298 5546 in
3330 5493 3578 5562 profectu
3599 5496 3766 5565 justi-

2182 5577 2298 5630 tiae:
2328 5565 2640 5647 gradiantur
2670 5587 2844 5632 tecum
2875 5580 3128 5635 mandata
3153 5581 3271 5646 Dei,
3295 5590 3356 5636 ut
3382 5590 3433 5637 te
3464 5584 3764 5645 instruant.

2180 5665 2314 5721 Cum
2354 5663 2640 5722 dormieris
2675 5667 2728 5721 in
2757 5677 2931 5725 morte
2968 5669 3279 5725 custodiant
3306 5673 3549 5728 animam
3591 5683 3763 5740 tuam,

2181 5777 2248 5816 ne
2284 5761 2452 5834 rapiat
2487 5761 2656 5817 hostis
2685 5781 2696 5815 :
2732 5778 2853 5818 cum
2882 5763 3222 5836 evigilaveris
3247 5766 3306 5823 in
3330 5769 3761 5836 resurrectione,
