3918 6328
130 385 228 443 705

922 380 1286 439 EXPOSITIO
1320 378 1390 435 ΙΝ
1427 374 1817 433 PROYERBIA
1855 375 2266 432 SALOMONIS.
2307 408 2375 418 —
2406 377 2535 433 LIB.
2577 378 2618 432 Ι.

3296 382 3401 437 706

132 504 349 573 loquere
397 513 521 557 cum
552 498 652 559 eis,
684 494 985 566 expetendo
1009 493 1231 566 praemia
1260 506 1381 565 qua:
1407 490 1528 557 tibi,
1564 489 1609 544 si
1644 502 1709 543 ea
1738 493 1787 553 Α
1815 485 1975 557 plene
2004 486 2351 542 considerare
2385 486 2603 553 sumcit,
2636 498 2739 541 nec
2774 490 2959 541 tamen
3000 485 3173 557 ipsum
3198 489 3289 557 qui
3322 489 3403 544 t‘o—

133 610 399 659 servares,
419 591 804 664 promiserant.

202 684 312 740 Nec
343 682 573 755 capiaris
607 682 816 736 nutibus
851 680 1017 734 illius.
1052 677 1206 734 Patet
1234 677 1301 733 de
1323 672 1590 739 adultera,
1615 671 1709 727 sed

132 788 185 835 et
206 777 468 843 lueretici,
497 777 543 832 si
568 776 705 833 bene
736 776 916 830 vivere
940 782 995 829 et
1020 780 1145 844 apte
1171 788 1230 828 se
1252 786 1413 842 agere
1434 769 1706 835 videntur,

129 866 247 933 vide
276 882 347 921 ne
374 866 651 921 seclucaris
677 880 864 919 eorum
895 862 1173 918 doctrinis.

196 955 435 1009 Pretium
461 957 598 1009 enim
621 954 782 1008 scorti
802 953 889 1007 vix
908 952 1065 1007 unius
1088 960 1162 1006 est
1184 951 1356 1021 panis.
1398 948 1709 1005 Recordare

128 1047 270 1117 quod
319 1045 501 1101 brevis
528 1044 774 1115 voluptas
820 1042 1195 1099 fornicationis
1235 1050 1291 1095 et
1327 1047 1583 1111 perpetua
1625 1048 1711 1096 est

125 1152 285 1207 penna
328 1136 711 1201 fornicatoris;
739 1135 881 1190 sicut
914 1133 1059 1189 enim
1096 1148 1234 1188 unus
1271 1132 1425 1203 panis
1460 1132 1708 1186 diurnam

126 1226 301 1280 solum
343 1224 541 1297 cll‘ugat
572 1224 842 1289 esuriem,
883 1233 939 1281 et
976 1224 1323 1279 nihilominus
1367 1224 1707 1293 postmodum

126 1320 321 1388 esurit,
346 1320 434 1389 qui
483 1326 724 1374 comesto
766 1332 904 1387 pane
949 1325 1165 1372 saturus
1211 1318 1588 1372 abscesserat:
1630 1315 1710 1370 sic

126 1411 222 1480 qui
255 1412 421 1466 intrat
459 1411 528 1464 ad
560 1420 820 1474 scortum,
862 1409 929 1463 ad
956 1410 1146 1464 horam
1192 1409 1409 1477 quidem
1451 1415 1709 1477 evaporat

123 1500 425 1564 libidinem,
461 1500 556 1556 sed
578 1509 699 1569 post
726 1499 1002 1569 paululum
1033 1500 1311 1555 ardentior
1336 1497 1494 1553 redit.

200 1591 475 1661 Numquid
496 1590 811 1644 abscondere
828 1600 994 1660 potest
1016 1591 1168 1644 homo
1195 1591 1365 1660 ignem
1392 1589 1449 1642 in
1473 1590 1590 1643 sinu
1613 1605 1708 1643 suo

123 1696 183 1739 ut
212 1685 518 1739 vestimenta
545 1682 687 1738 illius
707 1701 808 1738 non
835 1683 1151 1739 ardescant?
1180 1682 1291 1738 Soli
1319 1683 1369 1738 ei
1395 1683 1711 1739 conceditur

122 1775 507 1831 haereticorum
549 1773 717 1828 libros
756 1773 933 1844 legere
957 1773 1049 1844 qui
1081 1772 1215 1827 adeo
1252 1771 1514 1826 solidatus
1541 1781 1626 1826 est
1654 1771 1709 1825 in

1812 576 1890 630 ris
1915 583 1972 630 et
2000 572 2137 629 int‘ra
2164 574 2365 644 degunt
2391 576 2698 645 aspiciunt:
2734 588 2969 643 namque
3008 574 3110 630 hoc
3140 585 3225 632 est
3250 580 3398 648 quod

1809 665 2099 737 Apostolus
2127 665 2205 720 ait
2253 682 2267 719 :
2318 663 2584 735 Spiritalis
2620 667 2760 720 enim
2798 664 2977 718 omnia
3020 664 3255 735 judicat,
3289 668 3400 738 ipse

1811 766 1987 810 autem
2012 773 2045 809 a
2073 755 2275 810 nemine
2284 754 2566 826 judicatur
2589 755 2641 825 (l
2663 755 2787 810 Cor.
2818 755 2903 825 ll).

1880 848 2171 904 Considero
2200 847 2468 903 vecordem
2489 848 2755 917 juvenem,
2790 848 2880 918 qui
2914 848 3105 902 transit
3141 849 3195 901 in
3227 844 3404 917 platea

1801 939 1963 1011 juxta
1978 936 2250 1009 angulum.
2266 935 2525 992 Juvenem
2546 945 2706 991 vocat
2726 936 3028 992 adulterum
3052 953 3158 992 non
3180 947 3407 1008 propter

1808 1029 2117 1093 veritatem,
2149 1030 2243 1083 sed
2277 1036 2497 1100 propter
2524 1028 2949 1082 instabilitatem.
2992 1028 3092 1095 Qui
3122 1029 3315 1083 transit
3351 1030 3406 1083 in

1809 1120 2013 1191 platea,
2046 1119 2173 1189 quia
2210 1118 2449 1174 deseruit
2491 1124 2775 1188 angustam
2801 1115 2965 1181 viam,
2992 1132 3111 1187 qua:
3148 1117 3296 1171 ducit
3336 1116 3407 1172 ad

1810 1212 2011 1277 vitam;
2043 1211 2201 1282 juxta
2229 1210 2505 1281 angulum,
2533 1210 2659 1279 quia
2696 1207 2938 1263 deﬂectit
2965 1223 2994 1261 a
3024 1208 3365 1263 rectitudine.

1881 1303 1953 1357 Et
1992 1320 2152 1374 prope
2187 1304 2325 1358 viam
2368 1302 2556 1356 domus
2596 1300 2740 1355 illius
2772 1299 3035 1371 graditur.
3088 1300 3224 1367 Quia
3256 1317 3285 1354 a
3314 1301 3401 1355 via

1810 1393 2062 1450 veritatis
2101 1392 2414 1459 declinavit,
2468 1392 2666 1448 merito
2714 1391 2815 1446 vize
2856 1390 3162 1445 meretricis
3208 1393 3401 1446 domus

1808 1483 1897 1539 vel
1924 1482 2165 1540 bteretici
2193 1483 2497 1553 appropiat,
2526 1498 2647 1553 quae
2681 1491 2829 1537 recte
2865 1482 3022 1550 juxta
3054 1481 3199 1551 quod
3237 1497 3402 1552 expo-

1811 1576 2024 1632 suimus
2051 1583 2108 1629 et
2141 1574 2197 1629 in
2220 1572 2420 1644 platea,
2448 1581 2504 1628 et
2519 1572 2671 1643 juxta
2699 1571 2951 1644 angulum
2978 1573 3155 1641 posita
3188 1580 3291 1626 est.

1880 1665 1949 1720 In
1972 1664 2193 1719 obscuro
2222 1662 2677 1733 advesperascente
2697 1661 2807 1724 die,
2830 1662 2883 1714 in
2908 1660 3074 1715 noctis
3111 1660 3336 1715 tenebris
3360 1670 3409 1715 et

1812 1753 2057 1825 caligine.
2085 1752 2221 1821 Quia
2234 1750 2350 1821 jam
2375 1749 2500 1806 talis
2520 1764 2619 1821 per
2639 1750 2935 1805 caecitatem
2963 1750 3141 1804 cordis
3164 1750 3232 1803 ad
3255 1758 3409 1804 tene-

120 1864 233 1919 tide
262 1864 551 1930 catholica,
581 1872 644 1919 ut
670 1863 754 1917 vel
783 1840 1071 1923 verborum
1098 1860 1379 1918 dulcedine
1399 1859 1483 1914 vel
1512 1859 1710 1915 astutia
1742 1850 1787 1909 Β
1814 1846 1943 1901 bras
1973 1843 2197 1900 ίεειῖηθι
2226 1852 2281 1898 θῑ
2305 1840 2515 1913 P0003“
2551 1850 2607 1897 θι
2630 1840 3014 1896 damnationis-

118 1963 364 2025 nequeat
396 1954 466 2009 ab
492 1968 556 2009 ea
586 1954 878 2025 segregari.

198 2042 325 2097 Non
347 2044 565 2114 grandis
587 2055 659 2097 est
684 2043 859 2113 culpa,
885 2057 1002 2096 cum
1024 2043 1139 2112 quis
1162 2041 1373 2112 furatus
1396 2041 1576 2111 fuerit,
1603 2049 1707 2097 etc.

117 2132 356 2190 Furtum
394 2148 501 2188 non
542 2148 609 2189 ex
650 2149 747 2188 sua
788 2132 1156 2205 aestimatione
1195 2130 1405 2187 sedes
1432 2146 1714 2201 compara-

120 2223 277 2279 tione
301 2223 545 2293 majoris,
570 2223 622 2277 id
647 2232 731 2278 est
754 2222 1024 2289 adulterii,
1042 2238 1148 2277 non
1170 2222 1388 2294 grandis
1408 2236 1526 2276 esse
1545 2222 1714 2293 culpa:

121 2313 469 2384 perhibetur.
499 2312 651 2367 Sicut
688 2312 1021 2367 Hierusalem
1066 2312 1282 2384 gravius
1310 2312 1556 2381 peccanti
1581 2312 1713 2366 dici-

128 2413 247 2469 tur,
273 2404 576 2471 Justiﬁcata
612 2413 686 2457 est
713 2403 944 2458 Sodoma
979 2418 1043 2456 ea:
1071 2412 1138 2465 te,
1178 2417 1284 2455 non
1321 2402 1447 2471 quia
1478 2401 1713 2456 Sodoma

121 2492 277 2549 nulla
299 2492 385 2548 vel
422 2507 611 2563 pauca,
638 2492 732 2547 sed
758 2492 882 2561 quia
907 2490 1239 2546 Hierusalem
1273 2490 1427 2560 plura
1449 2492 1711 2559 peccavit.

198 2582 342 2649 Quia
372 2582 514 2637 zelus
543 2594 589 2636 et
613 2583 763 2652 furor
790 2583 885 2637 viri
920 2598 1024 2636 non
1045 2591 1221 2652 parcet
1252 2581 1303 2635 in
1339 2581 1423 2635 die
1452 2581 1711 2646 vindictw,

125 2690 226 2727 nec
262 2675 549 2744 acquiescet
577 2673 889 2743 cujusquam
925 2673 1187 2742 precibus,
1212 2688 1304 2725 nec
1337 2673 1583 2741 suscipiet
1618 2690 1712 2742 pro

129 2763 490 2832 redemptione
524 2762 661 2815 dona
692 2762 943 2831 plurima.
982 2762 1048 2815 Et
1076 2762 1141 2816 de
1160 2761 1385 2817 Domino
1413 2762 1708 2833 intelligen-

120 2850 283 2916 dum,
330 2852 455 2920 quia
499 2850 591 2919 qui
646 2867 788 2905 nunc
832 2852 1007 2921 parcit
1037 2853 1282 2921 reprobis
1314 2868 1419 2906 non
1451 2854 1623 2923 parcit
1659 2854 1713 2909 in

120 2940 212 2994 die
243 2941 458 3004 mortis,
483 2954 584 2994 nec
606 2941 905 3009 acquiescit
926 2941 1176 3010 precibus
1222 2955 1345 2995 sero
1366 2942 1713 2997 clamantium

120 3031 191 3084 ad
224 3045 310 3093 se,
340 3046 441 3085 nec
467 3031 606 3085 dona
641 3046 871 3099 quorum
911 3030 983 3085 ibi
1011 3039 1221 3100 tempus
1270 3041 1325 3085 et
1352 3030 1576 3086 facultas
1606 3048 1713 3087 non

119 3130 230 3186 est,
264 3121 505 3190 suscipit,
542 3120 746 3175 zelatur
773 3120 917 3175 enim
946 3120 991 3175 si
1031 3120 1151 3189 quis
1175 3136 1423 3191 sponsam
1455 3136 1628 3185 suam,
1662 3122 1712 3176 id

1886 1933 1957 1988 Et
1982 1950 2099 1989 ecce
2128 1933 2317 1987 mulier
2348 1932 2574 1987 occurrit
2606 1931 2687 1986 illi
2706 1941 2897 1985 ornatu
2928 1930 3240 1994 meretricio,
3272 1945 3410 2000 pra:-

1812 2034 2004 2095 parata
2032 2022 2102 2077 ad
2124 2022 2407 2093 capiendas
2430 2022 2658 2076 animas.
2685 2021 2879 2075 Patent
2902 2020 3019 2074 hmo
3044 2028 3236 2074 cuncta
3256 2018 3410 2088 juxta

1815 2117 2049 2172 litteram
2100 2115 2167 2172 de
2216 2115 2521 2171 meretricis
2568 2113 2845 2184 operibus.
2899 2111 3101 2166 Verum
3161 2110 3411 2166 doctrina

1813 2208 2071 2264 bmretica’
2122 2222 2501 2279 quemcunque
2545 2206 2820 2261 incautum
2867 2204 3089 2274 reperit,
3132 2214 3186 2260 et
3214 2220 3379 2259 vet-or

1813 2298 1957 2365 dem,
1986 2298 2133 2376 hunc
2160 2298 2409 2367 decipere
2472 2304 2665 2360 tentat,
2695 2295 2811 2365 ipsa
2840 2294 3043 2349 etenim
3070 2302 3263 2347 ornatu
3296 2308 3385 2347 me

1813 2389 2034 2443 retricio
2090 2397 2356 2458 apparet,
2423 2388 2549 2457 quia
2612 2377 2885 2439 immunda
2954 2384 3237 2455 pra-fulget
3298 2383 3383 2439 elo

1814 2477 2053 2547 quentia.
2094 2477 2403 2548 Prmparata
2456 2486 2540 2533 est
2586 2476 2650 2529 ad
2681 2475 2976 2545 capiendas
3003 2474 3234 2537 animas,
3282 2472 3408 2543 quia

1813 2583 2165 2638 quoscunque
2219 2567 2321 2622 sibi
2383 2566 2654 2636 associare
2713 2571 2890 2635 potest
2950 2562 3179 2632 spiritali
3234 2576 3411 2617 morte

1812 2658 2055 2730 perimit.

1885 2747 2116 2803 Garrula
2145 2759 2192 2803 et
2234 2765 2387 2818 vaga,
2410 2748 2595 2817 quietis
2620 2746 2915 2816 impatiens.
2954 2746 3198 2812 Quietem
3224 2742 3411 2799 Eccle-

1808 2841 1909 2895 size
1933 2841 2151 2895 turbare
2186 2840 2524 2893 desiderans.

1887 2931 1999 2986 Nec
2027 2932 2201 2985 valens
2240 2933 2292 2984 in
2322 2931 2477 2983 domo
2508 2931 2787 2983 consistere
2812 2928 3050 2997 pedibus.
3087 2927 3234 2981 ffulla
3260 2926 3405 2981 cnim

1815 3032 1897 3079 est
1926 3023 2152 3078 bmresis
2184 3036 2304 3090 qum
2338 3020 2530 3090 primis
2580 3022 2654 3074 sit
2698 3027 2952 3073 contenta
3001 3016 3299 3086 discipulis.
3343 3016 3410 3071 lli

1816 3121 1942 3167 sunt
1970 3111 2113 3165 enim
2136 3110 2327 3165 domus
2357 3108 2493 3176 ejus,
2528 3108 2622 3163 sed
2658 3122 2870 3178 semper
2899 3122 3069 3161 novos
3094 3121 3229 3176 quos
3264 3104 3409 3159 deci-

120 3212 232 3270 est,
269 3186 565 3259 Ecclesium
603 3205 717 3260 sive
746 3206 983 3259 animam
1029 3186 1301 3275 quamque
1343 3204 1554 3260 ﬁdelem
1595 3220 1716 3261 cor-
1744 3186 1787 3248 Ο
1822 3204 1928 3273 piat
1956 3201 2169 3272 quaerit.

123 3310 391 3365 rumpere
420 3297 718 3367 praesumit.

727 3385 955 3440 CAPUT
996 3386 1105 3441 νη.

203 3476 317 3531 Fili
345 3479 435 3543 nti,
461 3472 663 3531 cuitodi
695 3495 955 3532 sermones
985 3495 1145 3544 meos,
1176 3488 1276 3533 etc.
1304 3478 1371 3533 Et
1394 3479 1510 3534 hare
1536 3479 1715 3547 ρει-ἰοΔ

119 3570 231 3625 Cha
261 3571 451 3623 eadem
475 3585 593 3639 quze
620 3570 869 3639 superior
896 3572 995 3625 sub
1019 3572 1321 3626 meretricis
1345 3586 1573 3640 persona
1605 3571 1715 3639 ple-

120 3662 255 3714 nius
280 3660 530 3729 explicat.

196 3750 275 3803 Et
298 3750 459 3818 legem
482 3764 673 3814 meam,
695 3750 846 3818 quasi
866 3748 1119 3819 pupillam
1142 3749 1279 3803 oculi
1298 3750 1542 3803 tui.Tam
1570 3749 1715 3804 solli-

119 3842 239 3897 cite
268 3856 448 3905 serva,
486 3855 605 3909 qua:
632 3841 816 3905 doceo,
847 3842 1001 3910 quasi
1041 3840 1116 3895 nil
1145 3851 1293 3896 recte
1320 3842 1437 3896 sine
1461 3842 1544 3897 bis
1567 3841 1715 3910 aspi-

121 3947 256 3987 cere
286 3930 488 3985 valeas.

198 4022 336 4093 Liga
384 4039 499 4076 eam
538 4022 591 4076 in
631 4021 810 4092 digitis
852 4021 974 4076 tuis.
1020 4020 1200 4077 Scribe
1237 4022 1383 4076 illam
1431 4024 1485 4076 in
1524 4022 1716 4077 tabulis

120 4113 309 4169 cordis
369 4114 464 4165 tui.
512 4113 567 4166 ln
613 4113 818 4182 digitis,
867 4113 918 4167 in
965 4113 1173 4167 actibus
1220 4114 1371 4167 dicit.
1424 4113 1482 4167 In
1525 4114 1718 4169 tabulis

118 4205 338 4266 cordis,
382 4203 433 4255 in
486 4202 764 4255 latitudine
820 4204 1182 4272 cogitationis,
1233 4204 1463 4273 denique
1512 4212 1566 4258 et
1613 4206 1717 4261 alia

121 4293 421 4347 translatio
456 4292 535 4346 sic
566 4292 731 4347 dicit:
767 4291 1013 4346 Describe
1046 4307 1160 4345 eam
1200 4293 1254 4345 in
1290 4292 1566 4347 latitudine
1603 4310 1719 4347 cor-

116 4384 212 4437 dis
249 4384 349 4435 tui.

203 4473 308 4527 Dic
332 4472 624 4544 sapientia',
642 4488 791 4526 soror
807 4490 920 4527 mea
941 4489 1017 4538 es,
1032 4483 1078 4527 et
1100 4472 1431 4543 prudentiam
1445 4473 1717 4544 voca_ami-

118 4578 251 4618 eam
287 4571 465 4625 tuam,
500 4571 558 4613 ut
596 4561 858 4614 custodiat
897 4572 945 4615 te
976 4580 1007 4615 a
1036 4563 1252 4616 muliere
1272 4572 1540 4629 extranea,
1576 4574 1624 4617 ct
1654 4564 1716 4617 ab

116 4655 312 4709 aliena
341 4670 457 4724 qua:
488 4652 638 4707 verba
666 4669 762 4707 sua
789 4653 965 4707 dulcia
987 4654 1134 4723 facit.
1175 4653 1504 4723 Sapientiam
1530 4655 1717 4712 Eccle-

116 4747 374 4803 siasticze
411 4745 669 4799 doctrina:
706 4746 914 4800 sororia
954 4746 1047 4801 tibi
1103 4746 1388 4801 dilectione
1429 4746 1715 4818 conjunge,

113 4845 195 4894 ut
220 4838 341 4892 hac
370 4844 422 4890 te
451 4850 483 4889 a
509 4835 806 4905 pollutione
834 4845 1013 4891 servet
1040 4837 1316 4902 haeretica,
1347 4852 1469 4907 qua:
1496 4854 1525 4892 a
1554 4839 1719 4893 casti-

116 4935 249 4983 tate
275 4925 535 4981 Ecclesiae
560 4927 817 4995 probatur
844 4933 1123 4980 extranea.

208 5017 291 5072 De
331 5018 561 5085 fenestra
599 5018 738 5070 enim
776 5016 963 5069 domus
1006 5032 1133 5068 metr
1173 5032 1265 5083 per
1298 5014 1555 5071 cancellos
1595 5034 1719 5088 pro-

117 5109 311 5182 spexi,
343 5117 391 5162 et
424 5106 569 5161 video
608 5105 871 5175 parvulos.
920 5105 1074 5159 Patet
1110 5103 1264 5172 juxta
1305 5106 1565 5173 litteram,
1594 5109 1721 5178 quia

116 5200 474 5273 sapientiora
532 5204 783 5267 aspectus
835 5199 1214 5269 magistrorum
1279 5206 1334 5253 et
1382 5199 1721 5256 inﬁrmorum

118 5300 297 5349 actus
332 5288 518 5350 sedulo
554 5287 865 5357 speculatur
903 5298 958 5343 et
998 5288 1239 5343 fortium.
1283 5289 1352 5343 At
1396 5298 1598 5344 aeterna
1629 5290 1723 5346 Dei

119 5383 409 5453 sapientia
450 5381 516 5435 de
544 5378 685 5435 coelo
727 5379 1027 5449 prosriicit,
1076 5391 1132 5434 et
1164 5379 1311 5434 videt
1353 5396 1542 5436 omnes
1586 5382 1724 5437 ﬁlios

123 5475 442 5532 hominum.
475 5473 612 5544 Apte
648 5480 827 5528 autem
852 5471 1104 5526 Salomon
1146 5472 1211 5528 de
1252 5470 1489 5528 fenestra
1535 5474 1726 5530 domus

124 5582 254 5623 sua:
275 5580 336 5620 se
357 5580 454 5634 per
475 5563 746 5619 cancellos
765 5563 1108 5633 prospexisse
1127 5563 1275 5631 dicit,
1303 5573 1363 5619 ut
1377 5566 1724 5635 parvulorum

126 5664 297 5729 gesta
342 5653 682 5724 dijudicaret.
726 5653 830 5723 Qui
873 5654 1016 5709 enim
1070 5654 1137 5710 de
1171 5654 1407 5711 fenestra
1452 5671 1549 5727 per
1598 5672 1717 5712 can-

129 5746 314 5802 cellos
340 5745 622 5816 prospicit,
663 5745 775 5817 ipse
805 5744 1018 5817 quidem
1051 5760 1112 5801 ea
1146 5760 1264 5816 qna’:
1304 5744 1435 5803 foris
1472 5756 1721 5820 aguntur,

1893 3294 2051 3348 Nunc
2103 3293 2256 3362 foris,
2308 3306 2443 3345 nunc
2490 3289 2545 3342 in
2573 3288 2780 3359 plateis,
2822 3289 3155 3358 nuncjuxta
3190 3286 3410 3357 angulos

1818 3384 2101 3440 insidians.
2136 3380 2317 3446 Foris,
2352 3396 2471 3435 cum
2496 3394 2733 3450 paganos
2760 3379 2930 3449 rapit;
2960 3380 3013 3431 in
3048 3379 3251 3453 plateis,
3286 3395 3411 3435 cum

1825 3475 2179 3546 voluptuosos
2201 3489 2215 3537 ;
2238 3472 2395 3541 juxta
2420 3471 2662 3541 angulos,
2687 3485 2807 3524 cum
2836 3470 2970 3525 alios
2998 3470 3300 3525 haereticos.

1888 3568 2380 3636 Appreliensumque
2426 3561 2761 3617 deosculatur
2808 3562 3075 3631 juvenem.
3104 3563 3405 3618 Verborum

1820 3654 2119 3710 fallentium
2148 3650 2528 3707 blandimentis
2551 3658 2729 3705 teutat
2757 3650 3083 3705 instabilem.

1889 3745 1957 3798 Et
1999 3744 2206 3814 procaci
2242 3742 2385 3795 vultu
2416 3740 2686 3794 blanditur
2728 3740 2903 3794 dicens
2952 3754 2969 3791 :
3026 3738 3274 3795 Victimas
3309 3757 3404 3810 pro

1819 3834 1989 3890 salute
2019 3834 2197 3898 debui,
2230 3831 2383 3885 hodie
2418 3830 2623 3885 reddidi
2663 3839 2778 3884 vota
2806 3846 2941 3884 mea.
2969 3827 3132 3884 Juxta
3172 3828 3406 3885 litteram

1820 3935 1970 3999 patet
2001 3926 2322 3985 intellectus,
2371 3925 2491 3993 quia
2550 3923 2808 3977 meretrix
2838 3922 3144 3978 convivium
3195 3936 3409 3993 semper

1820 4014 2165 4088 magniﬁcum
2198 4015 2279 4088 [se
2319 4012 2783 4085 permagnilicum]
2813 4028 3147 4082 prmparasse
3185 4012 3406 4067 tutetur.

1818 4110 1889 4163 At
1925 4109 2165 4163 bmretici
2196 4107 2248 4161 in
2278 4107 2487 4161 cunctis
2511 4120 2630 4174 quae
2666 4112 2852 4175 agunt,
2883 4103 3157 4157 victimam
3207 4118 3264 4157 se
3294 4118 3405 4156 sua:

1820 4199 2013 4255 salutis
2066 4200 2173 4253 Deo
2208 4196 2487 4251 immolare
2541 4194 2622 4248 vel
2662 4203 2943 4248 autumant
2996 4193 3074 4247 vel
3134 4192 3408 4246 autumari

1821 4291 2062 4361 gestiunt
2092 4308 2103 4342 :
2142 4304 2265 4343 nam
2293 4296 2347 4341 et
2380 4288 2636 4341 Dominus
2667 4286 2731 4339 ad
2756 4283 3043 4353 discipulos
3069 4298 3083 4335 :
3123 4281 3227 4337 Sed
3255 4284 3409 4347 venit,

1823 4381 2019 4449 inquit,
2045 4380 2194 4442 hora,
2230 4386 2284 4431 ut
2315 4378 2481 4429 omnis
2512 4376 2600 4446 qui
2631 4373 2951 4439 interfecerit
2992 4390 3101 4438 vos,
3128 4372 3414 4426 arbitretur

1824 4494 1880 4532 se
1913 4476 2211 4546 obsequium
2234 4482 2486 4545 pra'stare
2509 4470 2618 4524 Deo
2642 4469 2821 4541 (Joan.
2849 4470 2981 4539 3m).

1895 4569 2107 4623 Intexui
2126 4567 2335 4635 funibus
2359 4568 2548 4620 lectum
2576 4581 2767 4627 meum,
2790 4563 2948 4617 stravi
2976 4561 3233 4632 tapetibus
3261 4558 3412 4631 pictis

1822 4678 1887 4717 ex
1932 4660 2187 4730 nggpm.
2249 4657 2435 4713 Solent
2487 4656 2608 4709 lecti
2656 4656 2746 4724 qui
2802 4669 2865 4707 ex
2910 4652 3124 4707 funibus
3154 4652 3235 4705 vel
3258 4651 3414 4719 juxta

1823 4752 1985 4808 aliam
2039 4749 2463 4806 'translationem
2517 4746 2717 4801 institis
2781 4746 3097 4799 intexuntur
3161 4742 3413 4796 meliores

1822 4846 1963 4910 ﬁeri,
1996 4858 2158 4913 quam
2188 4842 2276 4911 qui
2322 4856 2386 4893 ex
2434 4839 2576 4908 ligno
2605 4837 2689 4892 vel
2724 4834 2873 4891 corio
2922 4834 3007 4889 vel
3040 4833 3278 4903 qualibet
3306 4831 3412 4885 alia

1824 4937 2051 4992 materia
2098 4935 2457 4988 instruuntur.
2495 4920 2556 4983 lu
2589 4928 2728 4983 lecto
2776 4942 2902 4997 ergo
2942 4924 3159 4979 funibus
3205 4923 3415 4976 intexto

1829 5025 2087 5082 meretrix
2111 5022 2389 5078 mollitiem
2426 5019 2741 5091 quiescendi
2772 5017 3031 5087 designat.
3056 5014 3111 5068 ln
3143 5013 3414 5083 tapetibus

1825 5131 1958 5169 vero
1979 5114 2137 5184 pictis
2157 5126 2224 5167 ex
2255 5110 2510 5181 Egypto,
2536 5110 2700 5163 etiam
2731 5106 3006 5161 oculorum
3031 5112 3201 5157 tcntat
3226 5102 3410 5156 illece-

1826 5209 1974 5269 bras,
2027 5205 2223 5274 quibus
2279 5202 2508 5257 nefando
2558 5208 2774 5269 aspectu
2830 5197 3055 5251 irrctitis
3110 5195 3318 5249 facilius
3343 5193 3413 5247 ad

1826 5298 2129 5353 seducemla
2156 5295 2352 5350 mentis
2376 5309 2573 5347 arcana
2602 5291 3009 5361 penetret,quia
3040 5302 3168 5341 vero
3196 5286 3414 5341 nomine

1829 5388 2040 5442 funium
2088 5386 2379 5455 aliquando
2427 5383 2600 5438 solent
2638 5383 2819 5437 divina
2871 5385 3136 5449 pl'u‘t‘t'plﬂ
3168 5378 3410 5441 ﬁgurari,

1829 5493 1949 5548 quae
1977 5493 2005 5531 a
2045 5475 2247 5531 nostris
2274 5490 2371 5531 nos
2421 5474 2782 5543 voluptatibus
2818 5469 3116 5525 coercendo
3160 5468 3409 5535 religant,

1828 5567 2152 5638 promittunt
2175 5580 2235 5620 se
2264 5565 2501 5620 hmretici
2527 5574 2778 5619 contextu
2800 5562 3088 5615 verborum
3108 5560 3411 5613 cmlcstium

1829 5656 2047 5712 salubre
2093 5657 2205 5710 suis
2256 5654 2592 5709 auditoribus
2639 5652 2793 5723 quasi
2840 5661 3070 5706 stratum
3110 5664 3325 5721 parare,
3361 5650 3410 5703 in

1830 5766 1937 5821 quo
1980 5766 2008 5806 a
2051 5750 2305 5807 vitiorum
2339 5746 2655 5803 tumultibus
2686 5745 2856 5803 libero
2902 5747 3063 5803 corde
3111 5745 3411 5814 quiescant,
