3918 6348
542 415 649 472 7οτ

1160 411 1223 467 Β.
1263 409 1517 467 ΒΑΒΑΝῙ
1551 406 1769 464 MAURI
1805 406 2121 463 ARCHIEP.
2164 360 2472 467 MGEUNT.
2514 406 2796 465 OPERL'M
2832 408 3011 465 PARS
3045 410 3129 466 lli.

3685 413 3780 469 708

536 528 635 585 sed
675 525 943 583 veraciter
977 526 1083 582 illis
1126 522 1343 577 funibus
1393 531 1741 593 peccatorum
1791 525 2111 575 construunt
2139 521 2187 578 Α
2214 520 2505 591 discipulos
2552 522 2711 576 simul
2754 529 2809 576 et
2857 523 3041 576 turbas
3083 523 3285 587 docuit,
3316 522 3410 578 sed
3453 531 3505 579 et
3544 538 3644 594 per
3674 526 3783 580 vias

534 615 712 671 locum
761 613 1098 685 perditionis,
1151 612 1241 666 ubi
1298 620 1558 682 perpetuo
1602 610 1766 681 pedes
1818 622 2115 677 manusque

534 702 732 772 alligati
776 702 1115 756 damnentur.
1139 700 1215 755 De
1241 716 1349 770 quo
1387 700 1643 754 Dominus
1670 699 1724 753 in
1754 698 2069 769 Apocalypsi
2096 716 2109 751 :

535 792 607 847 Et
629 792 768 857 dedi,
804 792 999 862 inquit,
1030 791 1107 844 illi
1128 802 1327 861 tempus
1352 800 1406 844 ut
1446 790 1797 860 panitentiam
1844 798 2038 858 ageret,
2064 798 2112 841 et

533 900 638 939 non
658 883 767 937 uult
796 882 1040 953 paenitere
1076 899 1107 935 a
1136 881 1481 950 fornicatione
1506 898 1604 935 sua
1631 896 1651 935 :
1678 897 1793 934 ecce
1829 880 1977 933 mitto
1997 896 2111 932 eam

530 973 587 1028 in
614 973 801 1028 lectum
823 981 877 1026 et
908 972 995 1042 qui
1018 973 1340 1026 mmehantur
1384 987 1502 1024 cum
1534 986 1599 1023 ea
1634 969 1692 1023 in
1721 968 2113 1023 tribulationem

532 1066 819 1120 maximam
864 1062 1051 1135 (Apoc.
1103 1062 1184 1132 ιι).
1240 1063 1295 1116 In
1349 1062 1615 1131 tapetibus
1669 1074 1800 1115 vero
1844 1059 2006 1130 pictis
2042 1072 2112 1114 ex

532 1154 785 1225 Egypto,
822 1162 1046 1208 ornatus
1072 1151 1390 1221 eloquentia:
1414 1158 1469 1205 et
1494 1149 1789 1205 dialectica:
1823 1147 1956 1201 artis
1986 1160 2106 1201 ver-

532 1244 695 1307 sutia,
718 1244 836 1311 qua:
852 1241 930 1312 ab
958 1240 1187 1294 ethnicis
1206 1240 1467 1309 originem
1498 1238 1747 1307 sumpsit,
1769 1235 2105 1306 intelligitur,

529 1347 628 1402 per
652 1344 996 1400 quam-mens
1018 1330 1272 1384 bmrctica
1303 1343 1521 1383 sensum
1564 1327 1823 1383 doctrina:
1858 1325 2112 1394 pestilen-

531 1423 622 1485 tis,
646 1420 803 1492 quasi
835 1421 1096 1476 meretrix
1139 1422 1355 1475 thorum
1384 1419 1641 1475 facinoris
1675 1433 1735 1473 se
1772 1417 1975 1471 texisse
1996 1415 2111 1486 διο-

536 1510 677 1567 riatu
685 1527 727 1565 r.

606 1603 812 1673 Δερενεὶ
838 1600 1005 1656 cubile
1028 1617 1198 1655 meum
1227 1600 1439 1671 myrrha
1473 1607 1521 1653 et
1552 1597 1665 1653 aloe
1687 1606 1734 1652 et
1756 1598 2105 1651 cinnamomo.

536 1693 865 1749 Promittunt
892 1708 949 1748 se
970 1692 1104 1747 tales
1129 1692 1346 1745 odorem
1371 1689 1671 1745 caelestium
1705 1689 1904 1741 habere
1934 1687 2105 1738 virtu-

532 1792 667 1849 tum,
695 1783 889 1853 quibus
928 1798 1025 1838 sua
1064 1796 1390 1851 suorumque
1421 1780 1582 1834 corda
1614 1778 1761 1832 velut
1790 1775 1986 1831 cubilia
2020 1790 2106 1828 ve-

2218 625 2359 679 szepe
2399 611 2486 666 bis
2512 611 2605 681 qui
2634 611 3026 666 conveniebant
3078 612 3426 681 praedicabat,
3469 623 3525 668 ct
3575 630 3671 669 eos
3699 615 3782 683 qui

2216 716 2345 755 cura
2377 701 2685 769 indigebant
2710 701 2955 756 sanabat.
2980 701 3037 756 ln
3061 703 3173 772 ipsa
3188 702 3350 756 etiam
3373 716 3527 772 porta
3555 705 3784 759 civitatis

2218 790 2372 844 Naim
2401 799 2673 845 mortuum
2711 793 3045 847 resuscitans
3074 792 3321 863 exemplo
3353 795 3600 850 miraculi
3630 795 3783 850 verba

2216 894 2335 948 quae
2362 878 2619 932 docuerat
2656 879 3089 945 commendabat,
3128 888 3185 934 et
3225 880 3353 950 quid
3380 882 3674 950 sequimini
3697 898 3784 938 eos

2217 970 2309 1041 qui
2337 970 2387 1022 in
2412 970 2609 1023 abditis
2636 978 2827 1024 contra
2853 984 2976 1024 eum
3004 984 3131 1025 suas
3151 978 3381 1024 exerunt
3402 969 3649 1040 linguas?

2287 1058 2357 1113 In
2387 1058 2510 1128 ipsis
2544 1059 2744 1127 foribus
2769 1058 3000 1129 loquitur
3024 1060 3235 1114 dicens:
3265 1058 3309 1114 Ο
3339 1060 3436 1113 viri
3470 1061 3541 1113 ad
3564 1076 3653 1114 eos
3680 1060 3781 1113 cla—

2213 1149 2341 1204 mito
2368 1157 2415 1202 ct
2450 1166 2549 1202 vox
2576 1165 2687 1202 mea
2715 1148 2784 1201 ad
2810 1149 2948 1217 ﬁlios
2988 1148 3276 1202 hominum.
3297 1150 3376 1203 Ad
3398 1150 3548 1204 viros
3571 1149 3782 1213 clamat,

2212 1239 2268 1293 id
2294 1248 2396 1303 est,
2428 1239 2496 1292 ad
2526 1246 2774 1292 strenuos
2794 1237 2946 1291 verbi
2993 1237 3265 1292 auditores
3290 1239 3342 1291 in
3372 1246 3604 1307 utroque
3634 1252 3780 1293 sexu.

2214 1332 2349 1387 Nam
2378 1332 2468 1400 qui
2499 1330 2733 1395 feminae,
2766 1332 2819 1385 id
2838 1337 2939 1395 est,
2972 1328 3110 1384 fluxa
3134 1338 3313 1384 mente
3338 1340 3482 1396 sunt,
3511 1329 3785 1401 sapientia:

2212 1422 2372 1477 verba
2396 1422 2676 1491 percipere
2703 1427 2991 1490 nequeunt.

2282 1513 2587 1583 Intelligite,
2616 1511 2841 1582 parvuli.
2866 1510 3133 1576 astutiam,
3156 1520 3204 1564 et
3223 1511 3521 1580 insipientes
3545 1511 3785 1565 animad-

2210 1605 2404 1659 vertite.
2431 1601 2771 1658 Manifestum
2796 1604 2860 1656 de
2885 1601 3131 1665 Domino,
3149 1603 3272 1671 quia
3294 1612 3490 1658 etcum
3516 1612 3667 1658 esset
3681 1604 3783 1673 ipse

2212 1694 2265 1749 in
2293 1694 2491 1750 mundo
2521 1694 2665 1748 omni
2693 1693 2859 1759 aztati,
2890 1694 3040 1747 sexui
3078 1704 3133 1748 et
3161 1694 3451 1748 conditioni
3476 1694 3689 1748 locutus
3709 1694 3783 1749 est

2210 1783 2458 1849 verbum,
2508 1785 2616 1838 imo
2650 1783 2813 1837 etiam
2855 1783 3125 1836 clamabat
3167 1791 3319 1836 stans
3362 1783 3413 1836 in
3456 1783 3658 1852 templo
3687 1801 3699 1835 :
3726 1782 3781 1837 Si

531 1882 694 1928 nusta
747 1879 1055 1936 censerent,
1107 1886 1171 1925 ac
1217 1870 1397 1923 dicere
1443 1882 1600 1937 posse
1653 1880 1778 1920 cum
1829 1862 2106 1933 apostolis,

2224 1876 2331 1943 quis
2374 1875 2500 1936 sitit,
2537 1873 2707 1927 veniat
2746 1873 2815 1925 ad
2848 1889 2928 1926 me
2953 1882 2999 1925 et
3029 1872 3165 1925 bibat
3199 1871 3381 1941 (Joan.
3413 1873 3543 1943 vn);
3568 1882 3622 1926 et
3649 1886 3783 1926 nunc

530 1962 656 2033 quia
695 1960 890 2015 Christi
917 1961 1080 2014 bonus
1109 1959 1240 2013 odor
1255 1975 1434 2012 sumus
1459 1957 1567 2012 Deo
1593 1956 1679 2028 (II
1715 1955 1838 2009 Cor.
1878 1958 1961 2025 ιι).

615 2049 762 2116 Veni,
813 2042 1131 2104 inebrie'mur
1173 2049 1416 2102 uberibus
1466 2048 1630 2101 donec
1670 2046 1933 2100 illucescat
1973 2044 2106 2099 dies.

536 2140 806 2195 Doctrina:
822 2147 1025 2195 sanctis
1055 2138 1259 2209 poculis
1274 2152 1331 2193 se
1358 2138 1585 2193 invicem
1610 2137 1886 2193 satiandos
1900 2134 2113 2204 jactant

532 2230 797 2294 haeretici,
845 2236 899 2282 et
935 2229 1193 2281 virtutum
1238 2227 1411 2296 gratia
1466 2226 1890 2297 conjungendos,
1940 2226 2111 2280 donec

527 2332 717 2374 eorum
747 2324 898 2387 gesta
924 2315 1014 2370 lux
1044 2323 1303 2384 sequatur
1326 2324 1547 2370 :eterna.

604 2406 730 2461 Non
757 2414 833 2460 est
859 2406 995 2459 enim
1022 2405 1099 2459 vir
1120 2405 1173 2458 in
1195 2404 1347 2458 domo
1367 2420 1482 2469 sua,
1508 2404 1634 2457 abiit
1669 2402 1973 2473 longissima
2005 2403 2107 2457 via.

529 2498 647 2555 Non
674 2508 776 2563 est,
808 2497 1076 2567 inquiunt,
1107 2496 1355 2551 Christus
1389 2496 1742 2565 corporaliter
1768 2496 1821 2549 in
1849 2495 2107 2558 Ecclesia,

529 2605 759 2659 surgens
784 2590 929 2642 enim
957 2602 988 2641 a
1011 2586 1239 2641 mortuis
1267 2585 1510 2640 ascendit
1530 2586 1583 2639 in
1624 2584 1820 2641 cmlum
1846 2583 2111 2652 nobisque

531 2678 891 2736 ministerium
938 2674 1296 2747 gubernanda:
1345 2675 1601 2730 Ecclesiae
1655 2688 1792 2740 sitae,
1838 2672 2107 2737 videlicet,

531 2769 744 2832 domus,
772 2766 1008 2836 reliquit.

600 2854 886 2912 Saeculum
933 2855 1166 2925 pecuniae
1218 2870 1391 2908 secum
1445 2848 1583 2907 tulit.
1630 2851 1868 2907 Gloriam
1922 2866 2108 2906 resur-

531 2948 791 3004 rectionis
812 2955 867 3001 et
885 2944 1307 3000 immortalitatis
1349 2945 1511 2998 decus
1540 2957 1721 2997 secum
1758 2940 1971 3005 detulit,
2002 2954 2108 3008 quo

533 3036 677 3092 illius
701 3036 894 3107 patria:
914 3035 1060 3089 cives
1085 3034 1382 3089 lcetificarct
1398 3049 1461 3088 ac
1485 3034 1702 3087 ditaret.

605 3130 673 3185 In
697 3131 783 3185 die
811 3128 977 3199 plena:
1006 3128 1145 3181 luna:
1168 3141 1461 3181 reversurus
1491 3132 1565 3178 est
1600 3124 1810 3177 domum
1844 3139 2015 3176 suam.
2048 3120 2107 3175 In

2212 1978 2311 2032 per
2337 1964 2588 2017 doctores
2625 1961 2900 2026 Ecclesiae,
2932 1961 3034 2031 ipsi
3054 1960 3195 2015 enim
3227 1971 3351 2015 sunt
3382 1961 3526 2016 fores
3554 1962 3783 2017 civitatis

2213 2055 2368 2125 ejus;
2400 2052 2533 2109 viris
2568 2051 2729 2107 simul
2756 2066 2817 2106 ac
2841 2050 3055 2108 feminis
3080 2052 3431 2121 sapientibus,
3455 2062 3513 2107 et
3536 2053 3783 2123 insipien-

2214 2146 2357 2200 tibus
2402 2145 2703 2216 graudmvis
2750 2143 3026 2213 prazdicat,
3076 2152 3131 2196 et
3180 2144 3438 2211 parvulis,
3486 2152 3543 2195 at
3600 2151 3781 2196 contra

2214 2236 2460 2291 doctrina
2491 2234 2652 2288 fallax
2680 2234 2818 2289 clam
2834 2242 2887 2289 ct
2909 2234 3158 2304 privatim
3181 2248 3315 2303 quos
3337 2234 3593 2288 seducere
3612 2232 3784 2286 valeat

2212 2326 2421 2396 quturit.

2285 2417 2499 2481 Audite,
2526 2432 2774 2486 quoniam
2823 2414 2887 2470 de
2937 2414 3084 2468 rebus
3121 2415 3327 2483 magnis
3372 2414 3612 2466 locutura
3653 2428 3779 2466 sum.

2212 2506 2417 2577 Magnis
2467 2521 2661 2576 nempe
2692 2504 2816 2574 quia
2850 2519 3074 2575 regnum
3130 2504 3389 2557 coriorum
3439 2510 3494 2557 et
3542 2503 3783 2571 promisit

2212 2605 2267 2651 et
2304 2596 2449 2650 dedit
2502 2596 2772 2664 fidemque
2811 2603 3013 2648 sancta:
3060 2592 3344 2647 Trinitatis
3374 2593 3576 2656 docuit,
3631 2602 3782 2659 atque

2212 2685 2314 2739 alia
2345 2685 2627 2739 innumera
2671 2698 2790 2755 qua:
2842 2683 3118 2752 propheta:
3144 2682 3195 2737 ei
3231 2681 3500 2752 loquenda
3529 2681 3785 2750 relinque-

2210 2775 2361 2829 bant.

2284 2865 2353 2919 Et
2376 2864 2675 2934 aperientur
2702 2862 2841 2917 labia
2863 2878 3005 2927 mea,
3039 2871 3094 2913 ut
3125 2870 3263 2914 recta
3291 2860 3596 2930 pra'dicent.
3620 2858 3780 2912 Labia

2211 2955 2329 3026 ejus
2355 2963 2482 3009 sunt
2505 2956 2611 3008 duo
2639 2952 2984 3041 Testpmenta
3024 2952 3278 3007 concordi
3307 2953 3373 3006 ad
3407 2952 3634 3006 invicem
3658 2952 3780 3005 veri-

2214 3046 2341 3100 tatis
2365 3045 2707 3099 attestatione
2724 3042 3028 3111 conjuncta,
3049 3058 3186 3110 quzc,
3213 3041 3325 3111 ipsa
3352 3042 3406 3095 in
3436 3057 3599 3095 carne
3620 3057 3779 3111 appa-

2217 3148 2369 3203 rente
2400 3152 2496 3207 per
2523 3137 2693 3191 sancti
2729 3134 2962 3206 Spiritus
2988 3135 3207 3199 donum,
3241 3142 3367 3188 sunt
3396 3135 3459 3188 ad
3490 3134 3781 3203 praedican-

530 3228 771 3290 tempore
800 3232 907 3289 quo
940 3216 1236 3272 electorum
1288 3229 1506 3269 suortnn
1544 3213 1784 3269 Ecclesia
1827 3229 2109 3268 numerum
2139 3208 2184 3269 C
2215 3228 2338 3283 dam
2364 3232 2591 3283 salutem
2615 3229 2923 3282 universum
2956 3236 3139 3297 aperta
3171 3241 3268 3297 per
3298 3228 3507 3281 urbem.

533 3306 887 3376 compleverit
911 3312 1213 3359 revertetur
1237 3297 1308 3355 ad
1315 3299 1600 3369 judicium.

602 3396 791 3452 Statim
821 3412 934 3449 eam
961 3394 1193 3463 sequitur
1214 3394 1365 3463 quasi
1411 3393 1499 3447 bos
1520 3392 1708 3446 ductus
1734 3391 1804 3445 ad
1826 3392 2106 3446 uictimam.

530 3487 592 3543 ld
624 3495 725 3550 est,
764 3485 918 3554 quasi
947 3483 1144 3539 stultus
1175 3482 1419 3537 nesciens
1456 3482 1569 3550 ipse
1596 3482 1787 3537 ductus
1814 3481 1883 3535 ad
1923 3480 2111 3535 interi-

530 3587 665 3634 tum.

599 3669 669 3723 Et
718 3666 987 3737 fortissimi
1024 3666 1213 3735 quique
1258 3663 1512 3732 interfecti
1541 3672 1659 3717 sunt
1686 3662 1749 3716 ab
1791 3678 1870 3715 ea.
1899 3660 1971 3715 lIt
1995 3662 2110 3731 ipse

527 3758 781 3813 Salomon
807 3755 1238 3824 sapientissimus
1264 3753 1524 3816 virorum,
1550 3759 1607 3805 ut
1648 3750 1875 3804 Samson
1923 3741 2109 3803 fortis—

530 3851 722 3914 simus,
748 3858 808 3903 ut
839 3847 1007 3901 David
1056 3844 1544 3907 mansuetissimus,
1592 3859 1623 3896 a
1672 3841 1919 3895 muliebri
1964 3840 2108 3894 deci-

526 3942 673 4014 pula.
710 3939 777 3995 Ut
805 3938 1065 4008 Origenes
1092 3936 1160 3990 ab
1192 3935 1464 3995 haeretica,
1496 3948 1654 4002 quem
1684 3939 1807 4002 post
1833 3930 2105 4001 apostolos

525 4033 780 4089 Ecclesia:
809 4031 1125 4101 magistrum
1177 4026 1376 4092 fuisse,
1419 4025 1655 4096 quandiu
1708 4033 1853 4079 recte
1903 4023 2101 4092 sapuit,

524 4124 618 4197 qui
648 4122 942 4192 negaverit,
969 4129 1135 4174 errat.

611 4212 717 4266 Vite
734 4211 888 4279 inferi
914 4209 1099 4263 domus
1123 4208 1257 4278 ejus,
1286 4216 1608 4277 penetrantes
1631 4205 1880 4258 interiora
1901 4206 2101 4257 mortis.

530 4302 639 4359 Sed
660 4301 725 4355 de
747 4299 985 4355 Ecclesia
1033 4297 1293 4354 Dominus
1319 4296 1393 4350 ait
1419 4313 1431 4347 :
1467 4295 1603 4359 Quia
1629 4305 1793 4364 porta:
1817 4293 1972 4361 inferi
2003 4309 2105 4345 non

526 4390 877 4463 prtevalebunt
934 4387 1180 4441 adversus
1233 4383 1599 4454 eamtilfatth.
1658 4380 1790 4447 xvr).
1844 4379 2103 4433 Interiora

526 4488 707 4534 autem
750 4475 941 4529 mortis
998 4474 1261 4528 acerrima
1309 4472 1566 4543 gelienua:
1627 4476 1917 4531 tormenta,
1947 4467 2102 4535 quasi

530 4567 765 4622 arctiora
788 4573 843 4619 et
862 4564 1176 4617 obscuriora
1208 4539 1357 4624 dicit,
1386 4548 1896 4629 quibusbmreticos
1921 4566 1977 4611 et
1998 4555 2104 4610 for—
2130 4539 2181 4598 D

529 4658 765 4714 nicarios
793 4663 1007 4711 constat
1044 4668 1163 4708 esse
1216 4651 1558 4721 mergendos,
1607 4648 1746 4702 sicut
1798 4649 1862 4701 de
1907 4647 2107 4700 sanctis

530 4764 630 4819 pro
677 4747 906 4801 Domino
944 4745 999 4799 in
1046 4745 1151 4799 hac
1193 4742 1302 4796 vita
1347 4741 1675 4810 patientibus
1701 4738 1899 4792 dicitur
1928 4754 1941 4789 :
1970 4737 2109 4801 Quia

527 4839 668 4895 misit
714 4843 800 4891 εδδ
854 4842 1027 4889 custos
1074 4833 1129 4886 in
1183 4832 1481 4885 interiorem
1519 4845 1775 4883 carcerem
1804 4827 1941 4898 (Act.
1973 4826 2106 4898 xvi),

526 4929 853 4983 atrociorem
887 4926 1154 4987 videlicet,
1184 4922 1461 4978 fmdiorem
1493 4931 1549 4975 et
1573 4921 1965 4976 obscuriorem.

1112 5012 1336 5068 CAPUT
1379 5011 1505 5065 \‘lll.

601 5108 855 5177 Nunquid
901 5124 1003 5159 non
1059 5105 1315 5174 sapientia
1357 5102 1589 5157 clamitat
1622 5110 1670 5155 et
1714 5099 1990 5171 prudentia
2014 5099 2105 5152 dat

526 5217 697 5256 rorem
742 5197 933 5251 suam?
981 5195 1230 5263 Nunquid
1275 5208 1380 5246 non
1428 5193 1684 5245 Dominus
1729 5190 1907 5260 palam
1959 5189 2104 5241 locu-

526 5300 615 5343 tus
652 5297 737 5343 est
782 5287 1004 5349 mundo,
1055 5294 1108 5339 et
1158 5284 1211 5337 in
1279 5282 1487 5336 occulto
1549 5282 1759 5335 locutus
1801 5288 1884 5333 est
1932 5279 2103 5332 nihil?

528 5383 711 5451 (Joan.
739 5384 919 5453 mn.)
948 5380 1083 5447 Quid
1111 5392 1260 5449 ergo,
1286 5378 1530 5447 neglecto
1555 5377 1673 5446 ejus
1696 5374 2009 5444 Evangelio,
2032 5374 2102 5428 ad

527 5474 760 5528 lneresiu
786 5472 964 5543 potius
989 5470 1073 5525 vel
1086 5469 1321 5523 lascivia:
1342 5468 1665 5530 suasionem,
1685 5483 1804 5535 qua:
1830 5467 1883 5520 in
1904 5466 2100 5538 angulo

526 5563 835 5625 susurrant,
864 5564 1181 5617 audiendam
1211 5560 1393 5614 miseri
1421 5559 1727 5613 confluunt?

587 5652 667 5704 ’ln
690 5652 905 5707 summis
932 5651 1245 5720 excelsisque
1273 5648 1544 5703 verticibus
1579 5665 1735 5718 super
1760 5650 1891 5701 viam
1921 5650 1973 5702 in
1996 5666 2103 5703 me-

525 5742 629 5796 diis
677 5740 874 5796 semitis
921 5751 1066 5795 stans
1112 5740 1267 5809 juxta
1323 5749 1497 5807 portas
1548 5739 1786 5794 civitatis.
1826 5738 1881 5793 In
1921 5749 2100 5795 monte

2286 3320 2515 3388 Accipite
2557 3318 2888 3388 disciplinam
2934 3333 3124 3379 meam,
3150 3325 3199 3369 et
3232 3332 3336 3369 non
3364 3316 3668 3385 pecuniam;
3697 3316 3784 3369 do-

2211 3409 2431 3463 ctrinam
2460 3407 2625 3477 magis
2653 3423 2809 3477 quam
2837 3422 3025 3459 aurum
3067 3404 3254 3474 eligite.
3293 3404 3417 3459 Non
3444 3406 3653 3473 potestis
3678 3404 3781 3460 Deo

2210 3501 2401 3555 serrire
2426 3510 2469 3553 ct
2492 3514 2802 3552 mammonte
2826 3496 3039 3565 (Matth.
3064 3496 3157 3567 vi).

2284 3589 2395 3660 Ego
2442 3589 2701 3658 sapientia
2743 3588 2918 3640 habito
2963 3588 3016 3639 in
3038 3587 3273 3648 consilio,
3315 3596 3363 3639 et
3382 3587 3599 3640 eruditis
3622 3587 3781 3640 inter-

2209 3696 2324 3735 sum
2366 3678 2782 3750 cogitationibus.
2834 3675 2933 3730 Ubi
2985 3678 3089 3730 duo
3131 3688 3178 3731 et
3220 3687 3323 3731 tres
3357 3679 3651 3749 congregati
3677 3680 3782 3747 fue-

2211 3772 2312 3823 rint
2346 3770 2399 3822 in
2438 3768 2644 3821 nomine
2692 3784 2821 3831 meo,
2870 3767 2939 3822 ibi
2988 3784 3103 3822 sum
3150 3784 3240 3834 ego
3293 3769 3347 3822 in
3387 3769 3557 3823 medio
3605 3785 3780 3824 eorum

2210 3857 2424 3929 (Matth.
2443 3856 2619 3925 xvut).

2280 3946 2672 4015 Arrogantiam,
2706 3956 2753 4000 et
2788 3946 3102 4015 superbiam,
3137 3956 3184 3999 et
3216 3947 3349 4001 riam
3384 3964 3620 4016 prauam,
3652 3956 3703 4001 et
3728 3963 3780 3999 os

2209 4038 2437 4107 bilingue
2464 4036 2711 4089 detestor.
2759 4036 3139 4106 Arrogantiam
3195 4046 3249 4090 et
3297 4038 3603 4105 superbiam
3632 4038 3684 4090 in
3707 4038 3779 4091 eis

2207 4128 2300 4196 qui
2337 4142 2395 4179 se
2426 4126 2635 4179 czeteris
2674 4125 2923 4179 meliores
2960 4125 3249 4189 a-stimant,
3293 4126 3437 4179 viam
3483 4141 3703 4195 pravam
3730 4128 3778 4180 in

2207 4218 2286 4269 eis
2308 4216 2398 4284 qui
2427 4225 2611 4284 aperte
2641 4215 2778 4269 mala
2806 4216 3029 4281 faciunt,
3078 4231 3139 4270 os
3192 4215 3427 4286 bilingue
3458 4218 3511 4271 in
3538 4217 3664 4281 illis,
3693 4216 3779 4287 qui

2209 4307 2261 4360 in
2305 4306 2460 4359 bouis
2500 4320 2619 4374 qua:
2668 4305 2961 4373 loquuntur
3006 4305 3198 4359 stabile
3244 4307 3516 4375 quippiam
3547 4321 3655 4360 non
3696 4307 3781 4360 ba-

2206 4396 2352 4457 bcnt,
2382 4395 2475 4449 sed
2521 4394 2673 4462 juxta
2716 4393 3019 4447 auditorum
3050 4393 3259 4447 libitum
3305 4410 3401 4447 sua
3428 4394 3592 4448 verba
3642 4410 3781 4449 com-

2206 4492 2434 4538 mutant.

2284 4574 2459 4627 Meum
2507 4583 2581 4628 est
2625 4573 2901 4627 consilium
2948 4582 2995 4628 et
3042 4574 3280 4643 (aquilas,
3331 4590 3448 4627 mea
3485 4576 3776 4644 prudentia,

2210 4679 2323 4718 mea
2346 4673 2417 4715 est
2439 4662 2712 4730 fortitudo.
2730 4660 2844 4716 Non
2861 4677 2919 4717 se
2932 4661 3153 4719 extollat
3168 4661 3398 4716 humana
3415 4664 3773 4733 praesumptio,

2213 4752 2601 4821 plenitudinem
2633 4751 2891 4805 virtutum
2940 4750 3051 4804 sola
3104 4751 3147 4804 D
3184 4750 3197 4803 i
3234 4750 3498 4821 sapientia
3526 4753 3776 4820 possidet,

2213 4852 2267 4896 et
2290 4844 2357 4897 ab
2382 4843 2483 4897 hac
2512 4842 2745 4897 humana
2772 4838 3058 4893 infirmitas
3077 4840 3336 4909 quidquid
3365 4841 3581 4895 virtutis
3600 4840 3777 4904 habet,

2216 4930 2440 4997 accepit.

2282 5019 2387 5072 Per
2432 5034 2512 5073 me
2541 5035 2681 5089 reges
2703 5027 2917 5087 regnant
2938 5028 2986 5071 et
3008 5022 3298 5070 conditores
3325 5016 3494 5085 legum
3510 5017 3664 5086 justo
3692 5030 3777 5071 de-

2209 5119 2442 5171 cernunt,
2471 5123 2563 5176 per
2589 5124 2669 5161 me
2686 5108 2941 5177 principes
2978 5108 3253 5176 imperant,
3276 5115 3323 5158 et
3353 5116 3582 5174 potentes
3606 5108 3778 5161 decer-

2211 5207 2337 5249 nunt
2353 5196 2637 5265 justitiam.
2683 5195 2858 5266 Reges
2885 5195 3015 5248 dicit
3039 5194 3322 5264 Apostolos
3348 5196 3463 5249 sive
3491 5194 3627 5249 alios
3653 5210 3775 5250 san-

2208 5298 2343 5350 ctos,
2376 5285 2467 5354 qui
2497 5295 2552 5339 et
2599 5286 2807 5355 seipsos
2852 5284 3109 5354 primum,
3140 5293 3194 5340 et
3234 5285 3427 5340 deinde
3482 5285 3776 5340 Eeclesiam

2206 5378 2305 5432 sibi
2327 5375 2594 5430 subditam
2625 5375 2759 5429 bene
2782 5388 2969 5444 regere
2987 5375 3183 5429 sciunt.
3215 5374 3415 5445 Legum
3446 5375 3776 5437 conditores,

2204 5469 2478 5522 auditores
2494 5467 2773 5534 utriusque
2792 5463 3143 5529 Testamenti,
3157 5474 3212 5519 et
3226 5474 3513 5533 sequentes
3524 5464 3777 5519 Ecclesia:

2202 5559 2512 5626 scriptores,
2552 5556 2823 5625 principes
2868 5565 2923 5609 et
2967 5563 3213 5624 potentes
3261 5564 3486 5608 caeteros
3539 5554 3776 5609 fidelium

2202 5654 2560 5717 praeceptores
2586 5658 2649 5697 ac
2682 5651 2920 5696 rectores
2948 5640 3197 5711 appellat,
3228 5641 3320 5709 qui
3360 5646 3547 5711 utique
3588 5657 3779 5695 omnes

2202 5755 2309 5797 non
2341 5740 2443 5797 nisi
2491 5754 2587 5804 per
2635 5736 2955 5809 sapientiam
2984 5744 3044 5793 ut
3071 5745 3251 5795 essent
3279 5736 3478 5807 aliquid
3530 5738 3774 5792 habent:
