3918 6338
162 405 254 464 709

923 400 1284 457 EXPOSITIO
1324 401 1390 456 ΙΝ
1428 401 1821 458 PROVERBIA
1864 403 2266 470 SALOMONIS.
2307 437 2378 449 -—
2415 405 2542 461 LIB.
2581 404 2624 459 Ι.

3288 403 3391 459 ἨΟ

165 517 417 582 Aitenim,
437 518 561 586 quia
580 519 692 572 sine
711 529 790 572 me
819 519 948 572 nihil
972 521 1183 589 potestis
1206 519 1375 587 facere
1398 519 1578 582 (Joan.
1603 518 1716 590 xv).
1747 526 1793 583 Α
1824 522 1956 587 dies,
1983 525 2129 593 quia,
2153 526 2478 596 utprophcta
2504 522 2602 586 ait,
2629 538 2662 574 a
2685 518 2940 590 principio
2960 534 3022 572 ex
3044 517 3221 582 diebus
3243 528 3393 596 (cter-

228 606 328 675 Ego
353 605 623 674 diligentes
657 620 744 658 ‘me
769 606 953 677 diligo,
999 621 1046 660 et
1071 607 1160 676 qui
1203 623 1356 663 mane
1404 607 1619 677 vigilant
1649 608 1717 660 ad

171 715 238 754 me
259 696 513 750 invenient
546 712 645 750 me.
693 697 821 752 Tale
848 706 930 752 est
973 705 1026 751 et
1063 698 1114 751 in
1145 697 1463 767 Evangelio:
1498 695 1601 762 Qui
1626 715 1719 750 au-

167 800 254 844 tem
292 786 464 856 diligit
495 803 594 852 me,
645 787 892 857 diligetur
914 805 946 840 a
974 778 1136 841 Patre
1173 805 1283 841 meo
1310 798 1356 842 et
1384 805 1475 858 ego
1504 789 1719 857 diligam

166 891 268 937 eum
307 884 354 928 et
399 876 742 944 manifestabo
771 876 817 926 ei
859 892 940 929 me
982 877 1150 945 ipsum
1182 874 1363 945 (Joan.
1397 875 1527 944 xiv).
1568 876 1721 930 Mane

169 966 344 1037 quippe
385 964 606 1034 vigilant
629 964 698 1018 ad
732 965 1072 1034 sapientiam,
1110 965 1201 1034 qui
1230 979 1441 1033 semper
1469 965 1721 1019 innovalo

167 1057 342 1113 mentis
372 1056 549 1111 studio
578 1056 643 1110 ad
681 1054 881 1113 Christi
922 1055 1184 1112 visionem
1221 1055 1532 1126 pertingere
1579 1064 1723 1108 sata-

167 1155 300 1217 gunt.

229 1234 422 1288 Mecum
446 1242 566 1287 sunt
587 1234 778 1288 divitia:
797 1243 843 1288 et
866 1233 1053 1303 gloria,
1079 1249 1196 1304 apes
1218 1235 1450 1302 superba:
1479 1241 1526 1286 et
1561 1233 1723 1302 justi-

165 1329 246 1380 tia.
280 1325 419 1394 Opes
459 1327 716 1394 superbas
745 1341 875 1395 opes
920 1325 1160 1381 excelsas
1193 1327 1338 1389 dicit,
1389 1334 1447 1378 ut
1482 1326 1720 1380 cmlestia

165 1415 285 1470 dona
307 1414 586 1484 signiﬁcet,
603 1413 787 1468 Crzcce
808 1415 1004 1474 etenim
1024 1415 1284 1483 superbus
1317 1414 1715 1483 Yperephanos,

166 1505 212 1560 id
232 1513 323 1566 est,
348 1518 512 1572 super
538 1518 800 1572 apparens
829 1503 1042 1566 dicitur,
1067 1512 1117 1556 et
1139 1504 1257 1557 ideo
1285 1513 1430 1557 recte
1457 1503 1720 1572 sapientia

163 1611 278 1666 opes
306 1595 686 1665 Yperephanas
732 1611 912 1649 secum
949 1610 1067 1650 esse
1113 1595 1264 1660 dicit,
1298 1597 1421 1666 quia
1463 1596 1721 1665 quidquid

164 1685 409 1739 donorum
463 1683 675 1737 ctelitus
735 1684 979 1738 ﬁdelibus
1035 1685 1214 1747 datur,
1271 1686 1478 1739 cunctis
1534 1685 1720 1738 mundi

165 1776 340 1845 opibus
353 1774 705 1829 excellentius
723 1790 841 1830 esse
865 1776 1144 1843 probatur,
1163 1775 1304 1843 quod
1335 1776 1496 1829 etiam
1521 1762 1718 1830 adden-

1820 613 1998 667 nitaris
2023 615 2280 683 gaudebat
2301 630 2462 683 unum
2493 627 2602 666 esse
2623 626 2737 663 cum
2767 606 2926 676 Patre
2949 607 3132 677 (Mica.
3166 610 3236 675 v).
3264 607 3394 662 Erat

1818 703 1964 757 omni
1994 713 2238 774 tempore
2268 705 2454 759 ludens
2487 704 2538 757 in
2569 703 2696 757 orbe
2729 709 3015 762 terrarum,
3042 699 3167 768 quia
3197 706 3391 752 etcum

1819 800 2059 862 tempora
2089 796 2236 850 orbis
2264 810 2328 848 ac
2347 803 2610 848 creatura:
2627 807 2745 846 esse
2774 791 3085 860 coepissent,
3108 791 3223 858 ipse
3252 790 3394 859 quod

1821 891 1936 935 erat
1965 897 2085 936 cum
2119 893 2270 952 patre
2292 883 2433 936 ﬁlius
2461 882 2728 945 manebat,
2753 881 2866 934 hinc
2892 880 3009 934 ideo
3040 894 3107 933 ne
3129 879 3250 948 quis
3272 894 3394 932 eum

1821 983 1942 1036 cum
1971 971 2236 1024 creaturis
2263 977 2317 1025 et
2347 969 2678 1037 temporibus
2705 968 2935 1036 ccepisse
2969 967 3298 1036 perhiberet.
3330 965 3394 1019 Et

1820 1052 2018 1112 delicia:
2040 1061 2153 1129 ejus
2175 1070 2297 1114 sunt
2330 1076 2439 1114 esse
2475 1076 2590 1112 cum
2626 1057 2752 1126 ﬁliis
2786 1058 3073 1119 hominum,
3097 1058 3222 1126 quia
3251 1056 3394 1112 desi-

1820 1150 1976 1203 derat
2006 1151 2058 1203 in
2091 1166 2277 1204 eorum
2309 1165 2492 1204 amore
2521 1148 2819 1217 quiescere,
2859 1161 2959 1201 nos
2985 1148 3246 1200 bonorum
3269 1160 3392 1215 gra-

1823 1239 1895 1291 tia
1922 1239 2235 1292 meritorum
2267 1239 2336 1292 ad
2361 1254 2419 1293 se
2447 1237 2732 1291 videndum
2758 1235 3069 1304 perducere.

1891 1326 2086 1380 Beatus
2107 1328 2257 1380 homo
2279 1327 2368 1397 qui
2393 1327 2540 1380 audit
2561 1342 2664 1388 me,
2692 1325 2781 1394 qui
2803 1322 2979 1392 vigilat
3008 1321 3076 1374 ad
3092 1322 3230 1388 fores
3251 1337 3392 1375 meas

1819 1416 2070 1486 quotidie,
2116 1425 2161 1469 et
2218 1417 2446 1469 obseruat
2477 1415 2544 1468 ad
2573 1425 2740 1483 postes
2765 1413 2884 1466 ostii
2924 1413 3046 1464 mei.
3076 1411 3243 1464 Feres
3271 1425 3396 1464 suas

1823 1516 1878 1560 et
1924 1513 2106 1574 postes
2160 1504 2281 1558 ostii
2338 1504 2418 1557 sui
2452 1504 2776 1572 .Scripturas
2826 1508 3059 1563 sanctas,
3106 1507 3162 1552 et
3210 1513 3394 1552 eorum

1822 1595 2070 1649 doctores
2091 1601 2388 1662 nuncupat,
2411 1592 2525 1646 sine
2567 1590 2760 1660 quibus
2796 1589 2863 1643 ad
2885 1589 3076 1642 vitam»
3101 1603 3260 1656 quam
3287 1586 3399 1656 pol-

1825 1684 2020 1740 licetur
2044 1700 2164 1739 non-
2181 1684 2426 1737 valemus
2461 1682 2686 1752 ingredi.

2421 1770 2648 1827 CAPUT
2670 1769 2797 1846 _1x.

165 1867 497 1935 dojustitiam
527 1866 863 1921 manifestius
894 1865 1142 1920 inculzat.
1169 1864 1301 1918 Nam
1327 1875 1567 1920 terrenas
1591 1881 1721 1934 opes
1754 1859 1797 1917 Β
1889 1864 2160 1934 Sapientia
2190 1863 2463 1932 a'diﬁcavit
2498 1861 2596 1915 sibi
2641 1861 2871 1914 domum.
2900 1858 3036 1926 Quia
3076 1858 3142 1914 de
3185 1856 3401 1912 aeterni-

165 1967 213 2011 et
239 1957 459 2026 gloriam
494 1957 687 2025 sapius
723 1956 919 2010 habent
970 1956 1173 2026 injusti,
1226 1972 1317 2008 nos
1352 1965 1521 2008 autem
1559 1955 1613 2007 in
1645 1971 1725 2006 re-

168 2044 498 2106 surrectione,
528 2043 667 2096 sicut
697 2042 886 2097 Petrus
937 2043 1034 2106 ait,
1088 2059 1239 2097 noras
1277 2042 1426 2096 cmlos
1457 2053 1502 2094 et
1548 2058 1728 2095 novam

165 2144 344 2186 terram
375 2143 426 2185 et
471 2133 722 2201 promissa
753 2133 913 2200 ipsius
940 2143 1294 2202 exspectamus
1325 2131 1410 2203 (II
1441 2130 1590 2186 Petr.
1623 2130 1728 2200 ιιι),

170 2220 216 2273 in
246 2221 439 2287 quibus
460 2219 669 2288 justitia
695 2220 919 2274 habitat.

225 2304 479 2360 Dominus
509 2308 733 2376 possedit
761 2325 841 2360 me
867 2310 1073 2361 initium
1114 2325 1313 2362 viarum
1349 2326 1590 2363 suarum.
1617 2308 1728 2363 Via‘:

164 2393 364 2447 Domini
412 2403 536 2448 sunt
583 2410 744 2464 Opera
775 2394 908 2462 ejus,
954 2411 1178 2464 quorum
1209 2397 1637 2452 consideratione
1663 2398 1729 2452 ad

166 2483 314 2537 ﬁdem
347 2484 432 2537 vel
479 2485 802 2554 agnitionem
839 2486 1083 2553 pervenit
1121 2486 1416 2550 hominum,
1449 2486 1728 2540 invisibilia

164 2576 289 2626 enim
334 2574 501 2642 ipsius
531 2591 562 2626 a
587 2585 825 2627 creatura
857 2575 1039 2628 mundi
1067 2591 1156 2644 per
1183 2592 1242 2628 ea
1286 2592 1399 2645 qua:
1433 2576 1574 2643 facta
1609 2583 1728 2628 sunt

164 2662 410 2715 intellecta
432 2665 823 2732 conspiciuntur
855 2663 1029 2734 (Rom.
1065 2665 1125 2734 ι).
1169 2664 1280 2718 Vim
1308 2665 1423 2734 ejus
1449 2676 1576 2720 sunt
1603 2667 1728 2736 ipsaz

164 2749 590 2814 illuminationes,
642 2767 738 2820 per
778 2767 912 2821 quas
960 2767 1019 2804 se
1049 2762 1104 2806 et
1155 2753 1412 2822 angelicis
1454 2755 1730 2823 spiritibus

166 2848 214 2891 et
233 2841 503 2893 mentibus
530 2841 763 2894 ostendit
790 2842 1057 2905 humanis,
1089 2842 1139 2894 in
1182 2857 1408 2909 quarum
1439 2843 1590 2897 initio
1618 2845 1728 2896 via-

165 2945 272 2982 rum
298 2932 618 2999 sapientiam
645 2933 903 3000 possedit,
923 2934 1044 3000 quia
1074 2935 1125 2987 in
1151 2935 1444 3003 primordio
1469 2945 1729 2991 creatura:

168 3024 431 3076 nascentis
462 3023 646 3085 ﬁlium,
680 3025 914 3092 quicum
943 3041 1008 3078 eo
1043 3034 1234 3079 cuncta
1276 3027 1584 3095 disponeret
1629 3028 1728 3081 ha-

167 3112 290 3165 buit.
315 3111 426 3166 Sed
475 3129 543 3166 ne
576 3121 787 3182 putaret
823 3113 1014 3182 aliquis
1046 3116 1234 3170 harum
1262 3114 1314 3167 in
1345 3115 1498 3168 initio
1524 3117 1730 3170 viarum

1833 1963 1944 2008 tate
1968 1955 2265 2008 divinitatis
2315 1952 2515 2007 Christi
2562 1949 2886 2004 sufﬁcienter
2910 1951 3141 2015 dixerat,
3169 1949 3318 2002 addit
3349 1955 3404 2001 et

1833 2044 1897 2098 de
1945 2050 2218 2111 assumpta
2267 2033 2600 2095 humanitate
2657 2038 2855 2093 dicere.
2919 2037 3195 2109 Sapientia
3241 2037 3404 2107 igitur

1830 2131 2115 2186 mdiﬁcavit
2162 2130 2262 2184 sibi
2298 2129 2536 2192 domum,
2571 2127 2696 2198 quia
2749 2121 3022 2180 hominem
3069 2124 3236 2181 Filius
3279 2125 3397 2190 Dei,

1830 2235 1989 2290 quem
2055 2219 2110 2272 in
2174 2217 2380 2272 unitate
2443 2231 2552 2272 suae
2615 2229 2861 2286 personae
2934 2215 3232 2284 susciperet
3291 2215 3404 2284 ipse

1830 2310 2050 2366 creavit.

1903 2399 2112 2453 Excidit
2158 2398 2425 2452 columnas
2486 2407 2695 2467 septem.
2759 2396 3028 2451 Ecclesias
3073 2411 3169 2466 per
3217 2395 3402 2449 orbem

1830 2491 2132 2561 septiformi
2162 2491 2334 2560 gratia
2365 2488 2602 2558 Spiritus
2645 2488 2837 2542 erexit.
2864 2486 2993 2553 Quae
3021 2488 3236 2542 domum
3261 2486 3399 2554 ejus,

1831 2585 1882 2638 id
1912 2593 2014 2647 est,
2059 2583 2373 2652 mysterium
2411 2579 2794 2635 incarnationis
2820 2577 2955 2644 ejus,
2989 2593 3055 2632 ne
3078 2576 3404 2647 perﬁdorum

1833 2671 2177 2741 inprobitate
2207 2669 2464 2724 memoria
2511 2667 2810 2731 tolleretur,
2865 2666 3154 2728 credendo,
3183 2663 3407 2719 colendo

1830 2775 1884 2817 et
1923 2763 2284 2834 praedicando,
2337 2762 2493 2830 quasi
2545 2759 2896 2813 sustentando
2920 2760 3276 2824 continerent,
3324 2757 3408 2812 vel

1828 2861 1976 2908 certe
2004 2851 2281 2920 sapientia:
2324 2849 2517 2903 domus
2565 2847 2803 2902 Ecclesia
2835 2845 3034 2900 Christi
3067 2855 3169 2910 est,
3200 2845 3406 2899 colum-

1831 2957 1915 2996 nae
1963 2950 2143 2994 autem
2176 2941 2425 2994 doctores
2456 2946 2657 2991 sanctae
2682 2936 2936 2990 Ecclesiae
2967 2935 3260 3004 septiformi
3289 2933 3410 3003 Spi-

1830 3033 1934 3086 ritu
1964 3030 2128 3100 pleni,
2170 3029 2355 3099 quales
2385 3026 2535 3082 fuere
2578 3025 2762 3088 Jacob,
2797 3026 3008 3095 Cephas
3052 3033 3105 3078 et
3149 3023 3404 3090 Joannes,

1833 3136 1968 3188 quas
2009 3120 2264 3173 nimirum
2300 3117 2576 3170 columnas
2627 3116 2891 3185 sapientia
2944 3115 3160 3177 excidit,
3189 3115 3312 3182 quia
3341 3115 3409 3168 ab

167 3202 245 3256 vel
266 3203 552 3272 aliquando
584 3212 705 3257 ante
735 3212 971 3274 tempora
995 3205 1161 3258 lilium
1187 3219 1306 3260 esse
1335 3207 1564 3276 caepisse
1585 3207 1720 3277 vigi-
1752 3194 1795 3254 (ἶ
1831 3223 2016 3263 amore
2072 3207 2356 3276 przesentis
2405 3205 2586 3258 saeculi
2633 3203 2929 3271 disjunctas
2977 3204 3042 3256 ad
3088 3203 3405 3270 portandam

161 3291 327 3347 lanter
348 3294 594 3363 adjunxit
618 3309 631 3346 :

227 3383 518 3452 Antequam
539 3382 820 3453 quidquam
848 3383 1039 3451 faceret
1074 3401 1104 3435 a
1132 3384 1406 3452 principio,
1432 3385 1496 3436 ab
1538 3394 1730 3438 wlerno

160 3475 398 3527 ordinata
421 3491 561 3537 sum,
590 3485 635 3528 et
660 3491 722 3528 ex
753 3476 979 3544 antiquis
1007 3483 1280 3544 antequam
1321 3485 1459 3527 terra
1489 3476 1652 3542 ﬁeret,
1678 3485 1734 3530 et

165 3575 373 3631 cmtera,
403 3582 576 3635 usque
626 3567 750 3621 dum
791 3568 887 3631 ait,
929 3569 1136 3636 quando
1178 3569 1494 3637 oppendebat
1540 3572 1732 3640 funda-

162 3665 327 3706 menta
357 3665 534 3719 terra',
586 3672 701 3708 cum
748 3672 807 3708 eo
855 3673 995 3709 eram
1040 3667 1223 3709 cuncta
1259 3674 1580 3728 componens.
1634 3661 1730 3716 Cui

163 3744 329 3798 simile
356 3754 440 3798 est
465 3746 517 3798 in
550 3746 855 3814 Evangelio.
901 3744 966 3797 In
987 3745 1238 3814 principio
1275 3756 1383 3798 erat
1418 3747 1661 3814 Verbum,
1685 3759 1733 3802 et

177 3830 388 3886 Verbum
444 3845 556 3887 erat
607 3836 746 3904 apud
801 3833 987 3897 Deum,
1026 3843 1072 3887 et
1119 3833 1259 3886 Deus
1314 3844 1425 3887 erat
1483 3834 1730 3902 Verbum,

162 3924 333 3976 omnia
365 3941 460 3992 per
486 3925 656 3993 ipsum
683 3924 826 3992 facta
868 3933 986 3976 sunt
1029 3922 1208 3992 (Joan.
1250 3926 1308 3992 ι).
1340 3922 1565 3978 Pereaut
1607 3938 1732 3992 ergo

162 4011 247 4077 qui
278 4021 484 4081 negant
514 4012 607 4064 Dei
630 4012 901 4073 virtutem,
922 4019 975 4062 ct
1009 4009 1098 4062 Dei
1125 4009 1462 4076 sapientiam,
1487 4010 1732 4062 videlicet

161 4099 430 4153 Christum
483 4100 552 4152 ab
596 4099 768 4161 initio,
802 4100 907 4151 imo
931 4105 983 4151 ct
1021 4106 1146 4150 ante
1169 4111 1325 4149 omne
1354 4099 1494 4165 quod
1523 4099 1624 4151 dici
1650 4098 1732 4151 vcl

161 4191 375 4259 cogitari
405 4198 607 4257 potest,
636 4189 844 4242 initium
871 4188 938 4242 ab
967 4189 1262 4256 ipsopatrc
1291 4186 1455 4242 fuisse
1484 4191 1732 4259 progeni-

163 4291 298 4334 tum:
340 4280 445 4332 alia
485 4279 780 4342 translatio,
807 4279 947 4331 hunc
987 4277 1160 4331 locum
1199 4277 1274 4330 ita
1302 4278 1524 4345 incipit:
1556 4279 1733 4330 Domi-

165 4387 256 4422 nus
288 4371 484 4422 creat-it
511 4384 592 4420 me
620 4367 934 4436 principium
977 4368 1178 4419 ciarum
1219 4381 1433 4417 suarum
1476 4367 1528 4418 in
1577 4382 1731 4434 opera

159 4478 270 4513 sua.
297 4460 453 4525 Quod
483 4461 551 4512 de
581 4458 951 4512 incarnatione
1000 4458 1272 4511 Dominica
1317 4459 1514 4512 dictum
1546 4458 1730 4512 Patres

161 4553 489 4622 intelligunt,
523 4551 766 4605 dicentes
794 4550 920 4619 quia
945 4549 1076 4604 certi
1110 4549 1280 4619 gratia
1320 4550 1559 4619 mysterii
1585 4549 1732 4603 dixe-

159 4645 227 4696 rit
253 4662 264 4695 :
294 4644 559 4696 Dominus
590 4643 781 4695 crearit
828 4659 926 4704 me,
959 4649 1012 4694 et
1042 4656 1168 4704 non,
1198 4640 1358 4694 Pater
1388 4641 1586 4694 ereavit
1627 4656 1730 4693 me.

159 4735 312 4800 Caro,
363 4734 967 4806 inquiunt,lDominum
1016 4736 1274 4803 agnoscit,
1311 4735 1476 4804 gloria
1521 4733 1733 4789 Patrem

162 4826 354 4894 signat,
373 4835 625 4880 creatura
644 4825 925 4878 Dominum
945 4825 1249 4888 conﬁtetur,
1267 4825 1500 4879 Charitas
1518 4825 1731 4879 Patrem

161 4916 325 4967 novit.
359 4915 718 4984 Principium,
755 4913 839 4967 vel
891 4914 942 4966 in
971 4913 1234 4992 principio
1265 4909 1466 4966 viarum
1493 4929 1730 4965 suarum.

161 5006 224 5060 Et
252 5008 366 5076 ipse
414 5009 494 5060 ait
539 5024 552 5059 :
591 5004 706 5075 Ego
734 5023 848 5059 sum
875 5006 977 5071 via,
1005 5006 1128 5074 quia
1175 5019 1409 5074 surgens
1430 5019 1458 5056 a
1503 5005 1729 5058 mortuis

162 5096 262 5149 iter
289 5095 418 5150 fecit
437 5095 696 5150 Ecclesia:
723 5111 832 5150 sua:
853 5097 920 5150 ad
952 5110 1168 5165 regnum
1194 5094 1286 5148 Dei
1307 5095 1372 5147 ad
1394 5095 1557 5148 vitam
1577 5104 1730 5157 aiter—

164 5203 304 5242 nam.
334 5186 402 5240 In
423 5202 584 5255 apera
613 5204 732 5249 sua,
768 5189 888 5255 quia
922 5188 987 5241 ad
1035 5187 1340 5240 redimenda
1375 5201 1535 5253 opera
1566 5186 1734 5254 patris

166 5292 194 5330 a
223 5277 546 5347 corruptelzn
580 5278 799 5329 servitio
841 5277 1093 5332 liberaret
1123 5296 1134 5331 :
1166 5293 1292 5331 caro
1337 5277 1479 5330 enim
1534 5276 1733 5330 Christi

163 5378 376 5438 prepter
406 5383 603 5438 opera,
631 5367 881 5420 divinitas
913 5377 1035 5421 ante
1060 5383 1244 5437 opera.

233 5457 298 5509 Et
344 5455 651 5510 delectabar
693 5472 782 5524 per
832 5457 1064 5524 singulos
1114 5458 1223 5511 dies
1253 5456 1434 5510 ludens
1464 5466 1643 5507 coram
1676 5473 1736 5510 eo

168 5547 299 5599 omni
326 5560 580 5617 tempore.
625 5544 824 5598 Ludens
872 5546 929 5600 in
975 5545 1094 5599 orbe
1141 5556 1420 5609 terrarum,
1462 5553 1508 5598 et
1539 5543 1738 5597 delicia:

169 5653 306 5700 mem,
329 5653 440 5690 esse
466 5652 589 5689 cum
609 5636 733 5703 ﬁliis
757 5636 1044 5688 hominum.
1093 5634 1387 5689 Ludentetn
1433 5632 1558 5686 dicit
1603 5647 1736 5701 gau-

171 5721 393 5780 dentem.
448 5727 583 5779 Erat
612 5741 739 5796 ergo
770 5725 957 5781 ludens
995 5740 1175 5779 coram
1206 5735 1357 5794 patre
1385 5739 1482 5792 per
1506 5724 1739 5796 singulos

1832 3297 2071 3366 ejusdem
2121 3295 2382 3351 Ecclesia:
2430 3294 2691 3349 fabricam
2738 3300 2949 3347 mentes
2999 3293 3407 3363 prtedicantium

1835 3389 2028 3444 erexit.

1904 3476 2200 3532 Immolavit
2230 3476 2464 3529 victimas
2516 3491 2660 3528 suas.
2706 3473 2830 3528 Suis
2860 3472 3199 3543 passiouibus
3221 3470 3410 3526 Eccle-

1832 3569 1971 3622 siam
1998 3567 2361 3630 conservavit,
2397 3565 2480 3620 vel
2530 3566 2694 3619 vitam
2743 3563 3143 3634 praedicantium
3182 3563 3408 3616 mactari

1833 3659 1886 3712 in
1914 3657 2285 3727 persecutione
2325 3655 2592 3724 permisit,
2642 3654 2834 3722 quibus
2890 3652 3136 3706 videlicet
3175 3652 3409 3706 victimis

1833 3746 2121 3801 contraria:
2162 3755 2287 3800 sunt
2332 3744 2566 3798 victima:
2606 3741 2929 3805 meretricis,
2961 3741 3026 3793 ad
3056 3755 3189 3806 quas
3215 3740 3408 3794 stultos

1836 3839 2049 3902 invitat,
2082 3846 2141 3890 ut
2172 3835 2567 3905 superiectum
2617 3842 2721 3898 est,
2753 3833 2934 3886 dicens
2964 3850 2977 3884 :
3022 3829 3268 3883 Victimas
3312 3846 3406 3900 pro

1833 3930 2003 3983 salute
2040 3929 2214 3991 debui,
2241 3927 2395 3980 hodie
2418 3925 2622 3978 reddidi
2647 3933 2762 3975 vota
2785 3938 2920 3975 mea.

1905 4017 2116 4070 Miscuit
2158 4018 2328 4070 uinum
2371 4024 2420 4067 et
2445 4014 2708 4082 proposuit
2755 4027 2985 4064 mensam
3013 4027 3180 4064 suam.
3205 4009 3407 4064 Divini-

1837 4107 1961 4161 tatis
2009 4121 2118 4160 sure
2161 4119 2356 4158 arcana
2398 4117 2593 4171 capere
2627 4117 2732 4155 non
2763 4101 3080 4163 valentibus,
3115 4110 3403 4168 assumpta:

1834 4196 2186 4251 humanitatis
2234 4202 2570 4248 sacramenta
2631 4190 2924 4260 patefecit,
2990 4198 3044 4244 et
3110 4190 3407 4260 Scripturze

1834 4300 2003 4340 sacra:
2025 4285 2215 4354 pabula
2239 4283 2394 4338 nobis
2429 4281 2716 4351 aperiendo
2745 4280 3086 4349 prteparavit.

1906 4379 2047 4432 Misit
2081 4377 2299 4431 ancillas
2334 4393 2458 4430 suas
2499 4385 2551 4428 ut
2581 4385 2822 4429 vocarent
2876 4376 2945 4428 ad
3002 4392 3190 4440 arcem,
3233 4386 3280 4430 et
3334 4377 3403 4430 ad

1836 4469 2021 4520 mania
2057 4467 2299 4520 civitatis.
2337 4466 2724 4520 Prmdicatores
2771 4465 3011 4520 inﬁrmos
3058 4481 3121 4520 ac
3163 4466 3406 4535 deSpica-

1838 4561 1973 4614 biles
2017 4558 2198 4626 clegit,
2231 4557 2321 4625 qui
2371 4555 2554 4609 ﬁdeles
2580 4555 2804 4624 populos
2853 4555 2919 4608 ad
2962 4569 3189 4624 superna
3216 4556 3405 4624 ρειιτὶω

1839 4650 2077 4705 cmlestis
2101 4647 2325 4701 azdiﬁcia
2357 4646 2683 4715 colligerent.

1909 4736 1966 4791 Si
1995 4738 2108 4806 quis
2136 4745 2210 4788 est
2233 4733 2479 4803 parvulus
2515 4732 2697 4784 veniat.
2717 4739 2782 4783 ad
2814 4744 2914 4785 me.
2951 4730 3018 4783 Et
3046 4730 3401 4800 insipientibus

1839 4826 2013 4879 locuta
2045 4835 2138 4877 est.
2171 4822 2432 4876 Parvulos
2463 4821 2600 4899 dicit
2644 4821 2894 4884 humiles,
2942 4820 3253 4888 insipientes
3275 4835 3404 4874 vero

1840 4931 1968 4980 eos,
1998 4915 2087 4984 qui
2119 4916 2182 4969 de
2213 4913 2495 4967 mundana:
2539 4909 2812 4978 sapientia:
2858 4908 2996 4961 fastu
3046 4907 3119 4961 nil
3166 4909 3397 4973 habent;

1840 5007 1971 5062 tales
1998 5013 2176 5058 autem
2204 5012 2358 5056 vocat
2377 5010 2434 5054 ut
2460 5014 2553 5053 eos
2578 5013 2674 5053 sua
2701 4997 2952 5051 doctrina
2979 4996 3246 5067 sapientes
3277 4994 3404 5049 red-

1839 5095 1930 5148 dat
1953 5092 2005 5148 ct
2028 5092 2186 5144 altos.

1921 5181 2118 5243 Venite,
2159 5179 2409 5232 comedite
2449 5193 2634 5247 panem
2687 5191 2876 5239 meum,
2929 5183 2976 5228 et
3022 5173 3174 5226 bibite
3226 5189 3399 5225 vinum

1845 5272 1980 5344 quod
2023 5271 2205 5324 miscui
2248 5271 2408 5324 vobis.
2460 5269 2514 5322 In
2562 5282 2699 5336 pane
2738 5253 2916 5319 divina
2942 5263 3172 5332 eloquia,
3203 5261 3400 5315 iri-vino

1847 5364 2016 5416 mixto
2043 5362 2326 5428 conjuncta
2375 5361 2427 5413 in
2455 5374 2615 5412 unam
2640 5357 2835 5412 Christi
2875 5369 3159 5424 personam
3185 5351 3402 5406 deitatis

1835 5460 1890 5506 et
1922 5451 2280 5509 humanitatis
2329 5448 2445 5516 ejus
2490 5458 2680 5502 natura
2739 5443 3079 5512 exprimitur,
3129 5450 3190 5496 ut
3237 5457 3398 5510 supra

1838 5539 2041 5593 dictum
2069 5546 2172 5601 est,
2201 5537 2285 5589 vel
2315 5545 2464 5590 certe
2486 5536 2539 5589 in
2560 5549 2696 5604 pane
2715 5532 3167 5602 corporisipsius,
3197 5530 3250 5583 in
3273 5530 3400 5583 vino

1841 5632 2008 5687 mixto
2023 5628 2292 5697 sanguinis
2309 5625 2637 5682 sacrosanc‘i
2664 5623 2997 5694 mysterium,
3011 5636 3117 5689 quo
3144 5621 3195 5674 in
3219 5620 3398 5688 altari,

1840 5705 2023 5775 mensa
2052 5718 2298 5772 videlicet
2319 5717 2435 5786 ejus
2467 5716 2744 5780 satiantur,
2768 5712 3083 5768 ostenditur.
