3918 6354
477 383 583 446 7H

1124 393 1188 448 Β.
1230 392 1489 449 ιιεωΑΝι
1526 392 1746 450 MAURI
1781 384 2103 447 ARCHIEP.
2144 370 2456 449 uocum.
2495 390 2781 449 opsnun
2813 393 2996 475 psus
3031 394 3119 452 Ill.

3647 396 3749 454 712

548 504 848 579 Relinquite
884 506 1169 577 infantiam
1197 515 1244 561 et
1265 504 1432 573 vivite,
1455 514 1504 561 et
1542 505 1810 560 ambulate
1834 519 1927 576 per
1956 518 2066 557 utas
2092 502 2143 562 A
2171 505 2476 575 convivium
2520 521 2659 576 pene
2684 507 2876 565 iisdem
2903 510 3084 566 verbis
3110 509 3343 568 invitare
3373 514 3607 567 videtur.
3644 494 3751 570 Sed

475 596 790 671 prudentia.
808 597 951 675 Post
977 598 1190 655 oblatas
1211 591 1398 668 epulas
1436 596 1584 653 addit
1612 603 1668 651 et
1692 595 1814 650 vita:
1840 593 2065 657 monita,

476 694 542 742 ut
572 702 711 758 quos
738 688 1011 759 perceptis
1040 702 1153 743 suae
1182 685 1576 742 incarnationis
1623 684 1897 756 mysteriis
1923 681 2065 738 refe-

476 777 577 845 cit,
603 778 866 835 doctrinae
902 780 1109 850 pariter
1131 776 1598 833 instituat'verbis.

552 866 658 935 Qui
699 868 874 923 erudit
927 868 1213 923 derisorem
1266 855 1377 938 ipse
1403 866 1501 920 sibi
1526 864 1656 936 facit
1698 864 1979 936 iniuriam,
2018 872 2068 918 et

476 960 569 1031 qui
610 959 786 1030 arguit
826 959 1066 1029 impium,
1095 967 1312 1029 generat
1350 953 1616 1014 maculant
1655 959 1773 1014 sibi.
1796 957 1959 1025 Quasi
1990 958 2072 1012 in-

478 1058 809 1120 terrogares.
843 1048 953 1104 Cur
993 1049 1258 1118 sapientia
1302 1048 1557 1119 parvulos
1606 1062 1719 1118 prae
1759 1046 1971 1103 caeteris
2014 1054 2072 1102 et

477 1136 799 1207 insipientes
828 1137 897 1192 ad
922 1152 1049 1192 suas
1078 1137 1337 1192 invitaret
1381 1138 1569 1209 epulas
1610 1156 1624 1192 :
1673 1137 1821 1203 Ideo,
1871 1136 2068 1207 inquit,

478 1225 603 1291 feci,
656 1226 788 1295 ,qnia
839 1224 1041 1281 frustra
1088 1226 1334 1294 laborat,
1383 1229 1477 1299 qui
1514 1229 1739 1284 verbum
1796 1228 2072 1299 sapientiae

477 1316 753 1372 inculcare
795 1310 1003 1373 nititur'
1030 1319 1105 1384 ei,
1159 1319 1251 1388 qui
1298 1318 1488 1375 audire
1516 1321 1830 1387 contemnit,
1858 1321 2071 1391 sapien-

478 1408 672 1461 tiorem
702 1422 762 1462 se
781 1408 1004 1481 doctore
1027 1421 1083 1463 et
1111 1406 1373 1477 majorem
1411 1412 1647 1482 existere
1677 1412 1923 1467 credens.

551 1498 681 1567 Noli
708 1515 930 1570 arguere
959 1500 1247 1556 derisorem
1268 1517 1335 1556 ne
1356 1502 1523 1556 oderit
1546 1513 1615 1557 te.
1631 1502 1749 1557 Non
1772 1509 1856 1557 est
1874 1502 2069 1558 timen-

486 1587 616 1642 dum
657 1603 725 1643 ne
752 1588 850 1644 tibi
879 1588 1093 1645 derisor
1121 1605 1244 1645 cum
1287 1591 1535 1662 arguitur
1561 1582 1913 1647 contumelias
1934 1588 2072 1646 inle-

481 1685 586 1742 rat,
642 1677 736 1732 scd
788 1677 893 1734 hoc
938 1679 1120 1748 potius
1168 1679 1585 1748 providendum,
1644 1695 1714 1734 ne
1748 1688 1955 1735 tractus
2003 1679 2073 1735 ad

478 1766 660 1820 odium
686 1764 836 1836 pejor
859 1766 973 1821 ﬁat.
1003 1766 1238 1837 Ideoque
1269 1768 1365 1822 tibi
1400 1768 1687 1837 aliquOties
1708 1767 1777 1823 ab
1804 1766 1920 1837 ejus
1944 1782 2070 1823 eor-

479 1856 726 1927 reptione
775 1873 884 1913 non
922 1866 1027 1914 tua:
1082 1859 1432 1925 timiditatis,-
1459 1860 1555 1917 sed
1607 1861 1911 1919 dilectionis
1955 1859 2072 1930 ejus
2100 1849 2147 1910 Β

478 1948 654 2016 gratia
685 1948 1030 2003 cessandum.

550 2039 725 2109 Argue
745 2040 1033 2110 sapientem
1055 2049 1107 2094 et
1128 2040 1309 2113 diliget
1332 2051 1401 2098 te.
1420 2041 1730 2114 Sapientem
1757 2043 1809 2098 in
1828 2042 2071 2114 profectu

480 2127 738 2195 positum,
792 2128 847 2183 id
879 2135 991 2193 est,
1038 2139 1340 2185 amatorem
1387 2133 1665 2202 sapientia:
1713 2132 1861 2197 dicit,
1912 2148 2072 2203 quem

478 2231 643 2287 supra
696 2231 808 2287 pne
853 2218 1159 2273 humilitate
1198 2221 1485 2289 parvulum
1540 2222 1891 2292 nuncupavit,
1945 2238 2071 2278 nam

479 2296 754 2378 perlectus
787 2308 1003 2379 sapiens
1022 2324 1132 2365 non
1164 2310 1326 2366 habet
1353 2326 1489 2381 opus
1514 2313 1690 2383 argui.

554 2398 753 2453 Mulier
803 2400 966 2453 stulta
1018 2411 1067 2455 et
1121 2401 1352 2457 clamosa
1398 2401 1652 2473 plenaque
1704 2402 1981 2469 illecebris,
2022 2418 2071 2457 et

476 2487 609 2543 nihil
633 2489 848 2543 omnino
881 2490 1053 2545 sciens
1078 2492 1211 2546 sedit
1240 2494 1294 2546 in
1318 2493 1521 2563 foribus
1541 2493 1727 2549 domus
1756 2511 1886 2559 sum,
1915 2512 2072 2566 super

476 2578 685 2633 sellam.
741 2578 931 2633 Mulier
981 2590 1164 2637 autem
1217 2583 1331 2638 haec
1372 2583 1594 2639 haeresis
1641 2595 1745 2648 est,
1799 2586 2072 2639 contraria

477 2652 737 2723 nimirum
788 2670 1090 2737 sapientiae,
1140 2686 1262 2741 quae
1294 2687 1393 2727 sua
1448 2674 1697 2742 superius
1736 2682 2073 2729 sacramenta

482 2759 703 2815 cecinit.
733 2759 887 2816 Sedit
913 2771 1093 2819 autem
1121 2772 1177 2818 et
1212 2765 1328 2834 ipsa
1365 2766 1419 2819 in
1473 2765 1681 2821 foribus
1703 2767 1894 2823 domus
1939 2782 2070 2835 suae,

483 2850 538 2906 id
584 2860 689 2917 est,
740 2852 795 2906 in
834 2854 1147 2917 doctoribus
1181 2854 1454 2922 falsitatis,
1507 2859 1632 2925 quia
1684 2858 1738 2912 in
1778 2860 2074 2927 penetralia

480 2941 722 3011 perﬁdia:
752 2942 980 2998 miseros
1018 2943 1253 2999 fallendo
1283 2946 1649 3001 introducunt.
1683 2946 1858 3018 Super
1884 2948 2099 3013 sellam,

481 3040 688 3107 autem,
734 3033 859 3102 quia
906 3034 1221 3089 cathedram
1263 3037 1365 3091 sibi
1398 3037 1805 3106 praedicationis
1829 3047 2070 3109 usurpat.

479 3123 609 3181 Haec
651 3134 737 3181 est
782 3127 1042 3182 cathedra
1094 3129 1441 3199 pestilentia,
1484 3130 1537 3184 in
1588 3146 1695 3200 qua
1753 3131 1940 3186 beatus
1990 3132 2074 3186 vir

478 3213 669 3269 sedere
694 3214 981 3271 detrectat.
1019 3215 1088 3270 In
1116 3217 1320 3272 excelso
1371 3220 1517 3273 urbis
1555 3220 1688 3274 loco.
1720 3221 1861 3275 Dicit
1906 3230 1961 3276 et
2004 3222 2071 3277 de

476 3304 768 3373 sapientia,
802 3306 927 3373 quia
960 3306 1015 3360 in
1044 3307 1271 3361 summis
1296 3308 1631 3377 excelsisque
1658 3310 1949 3365 verticibus
1979 3311 2072 3365 dat

482 3406 672 3448 vocem
699 3409 872 3460 suam,
903 3396 1001 3450 sed
1034 3395 1123 3450 illa
1158 3397 1213 3451 in
1254 3398 1585 3455 sublimitate
1626 3403 1909 3468 virtutum,
1954 3402 2071 3457 llth

479 3480 536 3536 in
562 3483 855 3551 supercilio
876 3483 1129 3540 elationis
1155 3487 1441 3543 attollitur.

553 3570 622 3627 Ut
653 3584 859 3628 vocaret
886 3585 1218 3631 transeuntes
1237 3594 1329 3648 per
1350 3580 1509 3645 viam,
1524 3591 1571 3634 et
1598 3592 1865 3652 pergentes
1887 3585 2071 3636 ttinere

478 3671 611 3716 suo.
648 3663 821 3719 Vocat
867 3665 1092 3720 bmresis
1152 3667 1221 3721 ad
1266 3667 1548 3737 perﬁdiam
1575 3684 1717 3740 stupe
1742 3671 2067 3736 Catholicos,

478 3767 617 3821 quos
638 3752 970 3808 iterrectum
998 3770 1182 3825 agere,
1210 3766 1266 3811 et
1294 3758 1439 3811 viam
1462 3759 1645 3813 szeculi
1661 3759 1818 3829 hujus
1843 3763 2072 3817 transire

478 3842 644 3897 citius
690 3842 853 3909 velle,
887 3852 1051 3913 atque
1099 3845 1168 3899 ad
1216 3855 1479 3904 teternam
1532 3853 1761 3919 patriam
1813 3850 2072 3908 festinare

480 3932 769 4001 conspicit.

552 4019 656 4085 Qui
690 4030 762 4075 est
784 4023 1067 4099 parvulus,
1086 4024 1309 4081 declinet
1359 4027 1428 4081 ad
1454 4045 1553 4094 me,
1579 4039 1626 4084 et
1653 4031 1859 4086 vecordi
1895 4032 2068 4088 locuta

477 4120 573 4166 est.
601 4111 668 4165 Et
691 4114 953 4182 sapientia
987 4118 1240 4184 parvulos
1270 4128 1435 4190 atque
1463 4121 1776 4191 insipientes
1817 4125 1883 4179 ad
1908 4141 2063 4180 suum

2171 596 2355 664 distat,
2385 598 2529 668 quod
2551 596 2641 653 illa
2670 599 2988 670 simpliciter
3014 600 3082 656 ad
3107 614 3167 656 se
3191 594 3396 674 venire,
3433 600 3550 657 haec
3572 594 3751 658 autem

2171 702 2310 757 quos
2336 695 2496 753 vocat
2514 687 2583 743 ad
2609 702 2669 744 se
2690 688 2965 745 declinare
2985 690 3195 756 suadet,
3225 690 3350 760 quia
3376 690 3468 745 illa
3495 690 3749 746 nimirum

2173 775 2241 832 ad
2269 782 2479 832 rectum
2528 777 2758 832 actionis
2795 777 2900 833 iter
2926 794 3063 849 quos
3088 785 3336 834 errantes
3362 780 3537 835 cernit
3564 794 3751 837 accer-

2171 867 2274 933 sit;
2305 865 2421 923 δερ
2440 874 2590 922 recte
2610 866 2919 937 gradientes
2941 867 3011 923 ab
3050 866 3246 923 itinere
3278 882 3377 924 suo
3410 868 3652 934 deviare,
3700 877 3755 924 et

2170 958 2240 1013 ad
2267 971 2327 1013 se
2355 956 2622 1013 divertere
2645 958 2820 1014 docet.

2241 1046 2408 1117 Aquae
2435 1046 2643 1117 furtiva:
2668 1046 2927 1103 dulciores
2970 1057 3111 1115 sunt,
3144 1058 3194 1104 et
3224 1049 3377 1121 panis
3418 1047 3754 1107 absconditus

2170 1140 2404 1195 suavior.
2462 1128 2740 1211 Sapientia
2802 1140 2980 1211 palam
3039 1156 3281 1218 mensam
3339 1142 3657 1218 proposuit,
3704 1149 3760 1198 et

2171 1229 2390 1285 miscuit
2412 1229 2595 1283 vinum
2626 1245 2805 1296 suum,
2846 1237 2903 1284 at
2933 1228 3097 1284 stulta
3140 1229 3336 1285 mulier
3359 1229 3435 1285 nil
3458 1217 3759 1302 meracum

2172 1318 2379 1374 habens
2425 1320 2491 1374 ad
2523 1334 2692 1389 aquas
2732 1318 2982 1385 furtivas,
3028 1327 3083 1375 et
3130 1320 3508 1376 absconditum
3556 1336 3758 1393 panem

2172 1427 2524 1484 quoscunque
2556 1412 2699 1467 valet
2727 1416 3005 1484 aggregat,
3052 1413 3179 1493 quia
3204 1410 3481 1469 Catholica
3512 1412 3758 1469 Ecclesia

2170 1505 2359 1581 palam,
2379 1504 2579 1559 mundo
2605 1505 2920 1560 diurnorum
2966 1504 3301 1576 eloquiorum
3352 1504 3600 1560 convivia
3628 1519 3761 1576 pan-

2173 1595 2274 1663 dit,
2304 1590 2603 1651 divinitatis
2630 1604 2685 1651 et
2700 1594 3058 1651 humanitatis
3086 1594 3288 1651 Christi
3337 1594 3597 1667 mysteria
3618 1594 3761 1650 cele-

2174 1684 2382 1741 branda
2403 1687 2669 1758 prmeipit,
2692 1685 2776 1740 vel
2805 1675 2953 1742 certe
2986 1686 3040 1740 in
3079 1685 3205 1740 vino
3232 1683 3404 1740 mixto
3440 1685 3759 1741 historicam

2174 1775 2354 1844 simul,
2382 1788 2438 1834 et
2459 1779 2803 1851 allegoricam
2824 1780 3162 1836 auditoribus
3183 1779 3297 1836 suis
3324 1778 3609 1835 scientiam
3635 1794 3762 1850 pro-

2173 1870 2345 1939 pinat,
2370 1878 2431 1923 ut
2473 1885 2576 1939 pro
2607 1884 2705 1925 suo
2732 1860 3001 1940 quemque
3042 1878 3202 1939 captu
3226 1869 3353 1925 vitae
3393 1869 3604 1939 poeulis
3637 1868 3762 1925 reﬁ-

2172 1959 2303 2014 ciat.
2332 1958 2404 2013 At
2430 1950 2811 2015 haereticorum
2844 1958 3088 2014 doctrina
3114 1957 3343 2028 publica
3382 1956 3529 2015 ﬁdei.
3549 1967 3607 2014 et
3636 1974 3761 2031 pro-

2173 2046 2395 2102 fessioni
2436 2061 2534 2101 sua
2580 2048 2831 2102 secretim
2879 2047 3095 2103 decreta
3121 2046 3404 2117 praeponit,
3443 2054 3503 2103 et
3532 2062 3660 2103 eum
3684 2048 3760 2103 nil

2173 2136 2416 2206 spiritale
2467 2135 2667 2192 habeat
2715 2136 3019 2192 suaviorem
3050 2151 3109 2193 se
3142 2135 3424 2193 catholicis
3448 2138 3760 2206 pastoribus

2173 2226 2455 2280 scientiam
2491 2225 2665 2294 jactat
2682 2226 2898 2292 docere,
2926 2233 2986 2280 ut
3015 2226 3222 2282 scilicet
3248 2226 3506 2282 libentius
3532 2223 3761 2283 audian-

2174 2321 2261 2367 tur
2284 2324 2338 2368 et
2362 2322 2614 2385 agantur,
2643 2329 2763 2384 qua:
2790 2314 2966 2384 palam
2994 2314 3048 2368 in
3092 2314 3335 2370 Ecclesia
3364 2316 3470 2372 dici
3497 2316 3761 2388 credique

2170 2405 2547 2474 prohibentur.
2594 2405 2661 2459 Et
2701 2405 2910 2461 dulcius
2954 2406 3239 2463 bauriatur
3294 2407 3600 2478 insipientia
3638 2424 3761 2479 qua

2172 2506 2396 2567 putatur
2422 2498 2669 2563 scientia,
2700 2496 2856 2567 cujus
2885 2498 3154 2568 prohibita
3198 2498 3411 2554 furatur
3460 2500 3757 2556 audientia.

2172 2589 2361 2644 Potest
2388 2589 2442 2643 in
2492 2588 2645 2658 aquis
2693 2586 2911 2643 furtivis
2951 2586 3215 2658 baptisma
3265 2589 3667 2652 haereticorum,
3702 2590 3757 2644 in

2172 2694 2313 2749 pane
2365 2679 2682 2735 abscondito
2732 2680 3045 2735 eorumdem
3087 2679 3415 2734 sacrificium
3459 2680 3755 2751 designari.

2174 2772 2243 2826 At
2272 2772 2428 2841 juua
2458 2769 2693 2824 litteram
2726 2770 2935 2851 mulier.
2951 2763 3193 2824 adultera
3224 2769 3279 2823 in
3336 2769 3490 2839 aquis
3542 2768 3758 2825 furtivis

2175 2873 2230 2916 et
2253 2878 2392 2933 pane
2414 2862 2732 2917 abscondito
2758 2862 3033 2931 prohibita
3061 2870 3116 2916 et
3144 2859 3334 2916 illicita
3358 2859 3621 2916 concubia
3642 2861 3761 2917 dul-

2176 2955 2322 3009 ciora
2348 2970 2471 3009 esse
2502 2962 2798 3009 asseverat.

2246 3044 2312 3098 Et
2340 3045 2594 3114 ignoravit
2628 3045 2749 3115 quia
2774 3046 3008 3114 gigantes
3039 3044 3110 3098 ibi
3138 3044 3262 3098 sint.
3301 3042 3371 3099 Et
3400 3046 3459 3098 in
3479 3044 3758 3115 profundis

2175 3135 2369 3204 inferni
2400 3136 2495 3190 vim
2541 3137 2675 3204 ejus.
2733 3133 2914 3188 Nescit
2947 3133 3207 3200 adultera,
3250 3134 3424 3190 nescit
3452 3134 3754 3197 haereticus,

2176 3227 2302 3298 quia
2353 3227 2610 3280 immundi
2659 3225 2894 3296 Spiritus
2956 3240 3082 3281 suas
3130 3226 3321 3280 domus
3371 3226 3636 3280 habitant.
3694 3225 3759 3281 Et

2176 3320 2269 3390 qui
2318 3319 2371 3373 in
2402 3317 2683 3387 profundis
2712 3316 2907 3371 inferni
2960 3331 3146 3386 poenas
3180 3317 3332 3371 luunt
3376 3325 3628 3382 aeternas,
3654 3318 3755 3387 ipsi

2178 3412 2231 3464 in
2270 3410 2482 3464 actibus
2505 3407 2929 3470 luxuriosorum,
2962 3405 3062 3474 ipsi
3092 3406 3464 3460 breretieorum
3493 3407 3756 3477 dogmati-

2175 3502 2296 3564 bus,
2324 3500 2478 3570 quasi
2498 3499 2760 3553 conviviis
2790 3498 3123 3551 delectantur
3143 3497 3357 3566 opimis.
3388 3495 3460 3550 At
3497 3512 3618 3553 eum
3656 3498 3757 3552 rite

2177 3593 2231 3647 in
2260 3591 2498 3645 Ecclesia
2536 3588 2735 3643 Christi
2783 3596 3121 3642 sacramenta
3157 3587 3501 3643 celebrantur
3524 3627 3541 3652 ,
3594 3587 3753 3643 Chri-

2176 3684 2247 3737 sti
2276 3682 2499 3736 verbum
2528 3680 2762 3743 auditur,
2801 3687 2855 3732 et
2879 3686 3252 3740 conservatur,
3291 3678 3382 3746 qui
3425 3686 3509 3732 est
3548 3678 3755 3747 sapien-

2177 3775 2247 3828 tia
2282 3774 2396 3835 Dei,
2429 3779 2641 3827 constat
2666 3769 2808 3839 quod
2848 3768 3099 3839 angelicae
3126 3769 3357 3823 virtutes
3379 3768 3450 3823 ibi
3474 3769 3599 3834 sint,
3621 3769 3753 3823 etin

2176 3862 2407 3917 excelsis
2452 3859 2711 3915 caelorum
2766 3859 3004 3912 conviva:
3056 3857 3312 3911 ﬁdelium.
3368 3856 3569 3911 Panem
3614 3857 3754 3910 enim

2174 3952 2289 4006 caeli
2316 3952 2457 4005 dedit
2483 3951 2557 4005 eis
2582 3987 2597 4015 ,
2667 3965 2855 4018 panem
2892 3946 3193 4018 angelorum
3237 3946 3571 4001 manducavit
3596 3946 3753 4000 homo

2176 4043 2357 4117 (Joau.
2393 4042 2487 4112 vi).

501 4235 3709 4265 ._.._____.______________________________________________

1641 4384 1940 4462 LIBER

2034 4375 2595 4466 SECUNDUS.

1632 4560 2080 4625 PARABOLIE
2126 4562 2606 4626 SALOMONIS.

1975 4734 2220 4752 ψ

1100 4827 1329 4887 CAPUT
1372 4828 1438 4885 X.

556 4916 829 4974 Parabolas
859 4917 1177 4976 Salomonis.
1207 4921 1416 4978 Novum
1448 4923 1601 4994 ponit
1627 4923 1839 4980 titulum
1867 4966 1882 4992 ,
1935 4927 2062 4997 quia

476 5026 674 5066 novum
705 5027 873 5082 genus
908 5011 1196 5067 locutionis
1242 5013 1454 5084 incipit,
1494 5022 1555 5070 ut
1594 5030 1699 5070 non
1748 5016 1889 5071 sicut
1912 5018 2063 5087 prius

476 5104 545 5159 de
593 5102 817 5172 singulis
876 5102 1140 5157 bonorum
1200 5105 1532 5161 malorumve
1585 5093 1830 5175 partibus
1859 5107 2063 5163 diutius

478 5195 753 5263 disputet,
801 5194 896 5248 sed
954 5194 1179 5249 alternis
1224 5197 1470 5252 versibus
1519 5206 1673 5253 actus
1716 5206 2065 5266 utrorumque

478 5285 771 5340 describat.

553 5373 723 5429 Filias
754 5377 962 5445 sapiens
984 5375 1214 5443 lwtificat
1248 5386 1471 5446 patrem,
1496 5378 1639 5447 ﬁlius
1666 5390 1839 5434 autem
1869 5381 2059 5435 stultus

480 5470 721 5522 maestitia
744 5481 816 5523 est
850 5472 1032 5525 matris
1065 5488 1192 5525 sum.
1226 5470 1324 5538 Qui
1358 5482 1577 5543 accepta
1633 5474 1751 5529 ﬁdei
1804 5477 2060 5546 mysteria

483 5554 619 5609 bene
645 5568 842 5621 servat,
878 5558 1113 5615 lwliﬁcat
1143 5562 1309 5615 Deum
1350 5561 1566 5617 Patrem
1591 5603 1605 5627 ,
1654 5566 1742 5632 qui
1788 5581 1915 5621 vero
1950 5567 2064 5620 haec

484 5645 697 5701 actione
731 5648 867 5700 mala
918 5652 997 5702 vel
1030 5652 1219 5706 haeresi
1247 5653 1630 5719 commaculat,
1657 5665 1880 5709 tuatrcm
1928 5671 2062 5711 con-

486 5734 662 5789 tristat
690 5736 1002 5795 Ecclesium.

2089 4838 2146 4899 D
2244 4838 2369 4893 Non
2398 4839 2686 4909 proderunt
2717 4838 2951 4893 thesauri
2977 4838 3277 4909 impietatis,
3298 4840 3515 4910 justitia
3536 4841 3656 4898 vero
3682 4844 3749 4900 li-

2170 4930 2366 4983 berabit
2413 4946 2444 4982 a
2474 4938 2659 4983 morte.
2710 4928 2777 4983 Et
2819 4943 2849 4983 a
2890 4928 3199 4984 transitoria
3240 4937 3417 4985 morte
3465 4932 3663 5001 sapius
3696 4941 3753 4987 ut

2170 5020 2466 5083 Danielem,
2496 5028 2549 5075 et
2575 5030 2683 5086 tres
2715 5034 2931 5090 pueros,
2961 5028 3017 5074 et
3050 5035 3081 5074 a
3112 5032 3370 5090 perpetua
3414 5036 3632 5093 semper
3666 5024 3751 5095 ju-

2169 5111 2314 5164 stitia
2360 5110 2570 5164 liberat.
2602 5109 2673 5163 At
2697 5124 2824 5165 vero
2864 5109 3101 5164 thesauri
3126 5123 3223 5179 per
3248 5110 3579 5180 impietatem
3616 5128 3749 5169 eon-

2170 5191 2395 5270 gregati,
2421 5210 2474 5253 et
2503 5201 2547 5254 si
2574 5200 2861 5270 aliquando
2895 5215 2925 5253 a
2973 5209 3145 5255 m'orte
3188 5202 3456 5272 corporali
3500 5204 3751 5259 videntur

2169 5290 2399 5358 eripere,
2429 5289 2546 5358 plus
2590 5299 2766 5343 tamen
2808 5289 2936 5343 mali
2994 5289 3297 5360 impietate,
3347 5306 3453 5360 qua
3497 5293 3749 5362 acquisiti

2166 5390 2313 5445 sunt,
2345 5397 2506 5451 quam
2537 5381 2803 5437 commodi
2836 5382 2887 5436 in
2915 5396 2980 5437 eo
3006 5383 3149 5452 quod
3189 5398 3287 5454 pro
3315 5382 3425 5436 vita
3460 5393 3589 5439 sunt
3616 5384 3746 5449 dati,

2167 5471 2473 5526 conferunt.

2241 5563 2363 5617 Non
2385 5564 2572 5634 afﬂiget
2618 5562 2876 5618 Dominus
2907 5566 3046 5634 fame
3074 5579 3305 5618 animum
3342 5564 3497 5633 justi,
3534 5574 3585 5619 et
3614 5562 3747 5618 insi-

2169 5653 2285 5706 dias
2318 5653 2600 5723 impiorum
2628 5652 2903 5708 subvertet.
2947 5653 3016 5708 Et
3064 5653 3109 5709 si
3158 5654 3373 5725 quando
3394 5654 3601 5725 justum
3649 5656 3748 5709 im-

2169 5743 2243 5815 pii
2285 5742 2424 5800 lame
2470 5740 2709 5814 aﬁligunt
2744 5743 2828 5802 vel
2874 5743 3037 5802 etiam
3090 5754 3323 5814 necant,
3371 5760 3479 5803 non
3524 5744 3748 5802 tardetur
