3918 6324
133 353 240 412 715

919 348 1284 409 EXPOSITIO
1318 350 1387 408 ΙΝ
1421 348 1813 409 PROVEBBlA
1853 347 2262 407 SALOMONIS.
2301 377 2375 393 --
2409 347 2539 404 LIB.
2575 346 2640 403 ll.

3294 342 3405 404 7M

131 468 314 524 anima
336 478 467 534 ejus,
501 477 659 533 quam
689 463 945 520 Dominus
976 464 1028 516 in
1059 463 1238 518 futura
1264 465 1373 520 vita
1402 467 1516 520 sive
1543 464 1710 535 gloria
1739 468 1790 526 Α
1816 463 1898 517 vel
1917 479 2012 518 sua
2032 461 2118 518 vel
2138 463 2517 531 proximorum
2544 470 2747 528 errata,
2772 477 2840 515 ne
2869 461 2936 514 ad
2970 462 3252 517 sanitatem
3281 478 3404 533 per-

129 560 358 618 visionis
384 557 710 620 consolatur,
731 555 824 626 qui
853 564 906 611 et
929 555 1146 610 easdem
1177 554 1464 627 impiorum
1491 556 1716 612 insidias

132 652 192 707 in
213 653 359 722 ipsos
372 649 515 721 juste
546 648 837 718 iudicando
863 656 1156 717 retorquet.

208 741 504 813 Egestatem
530 747 778 810 operatur
806 753 994 792 manus
1027 736 1244 791 remissa
1271 749 1289 788 :
1320 752 1508 791 manus
1535 745 1713 791 autem

133 829 353 902 fortium
380 831 589 885 divitias
629 835 802 899 parat.
837 826 940 895 Qui
986 827 1320 897 negligenter
1352 827 1482 882 vivit
1518 827 1570 882 in
1615 828 1718 882 hoc

132 921 353 988 saeculo,
384 921 563 992 egebit
588 917 745 974 bonis
773 918 828 973 in
867 916 1087 982 futuro;
1138 925 1194 971 at
1234 917 1326 986 qui
1374 915 1585 971 fortiter
1616 918 1718 972 Do-

132 1011 289 1067 mino
317 1010 534 1074 militat,
561 996 764 1064 divitiis
800 1015 1016 1063 aeternae
1064 1005 1413 1063 beatitudinis
1464 1022 1716 1063 remune-

132 1114 311 1160 ratur.

212 1197 317 1264 Qui
355 1204 628 1269 congregat
649 1196 705 1250 in
723 1211 886 1250 messe
913 1194 1056 1264 filius
1100 1210 1304 1264 sapiens
1338 1202 1414 1249 est
1442 1211 1460 1250 :
1491 1195 1580 1264 qui
1624 1210 1720 1248 au-

134 1297 241 1343 tem
267 1289 434 1342 stertit
465 1297 663 1351 testate,
691 1285 832 1355 ﬁlius
879 1285 1225 1354 confusionis.
1280 1283 1381 1350 Qui
1431 1291 1722 1354 congregat

133 1380 356 1434 Christo
388 1379 596 1433 animas
617 1375 876 1441 fidelium,
905 1375 1044 1430 filius
1098 1377 1313 1446 sapiens
1342 1385 1454 1443 est;
1503 1385 1559 1432 et
1604 1377 1723 1447 qui-

133 1471 263 1526 dem
302 1471 416 1525 haec
457 1469 650 1524 messis
697 1467 863 1522 multa
897 1474 1001 1532 est,
1025 1467 1258 1536 operarii
1311 1477 1492 1522 autem
1539 1469 1717 1538 pauci.

131 1559 242 1627 Qui
290 1574 418 1616 vero
451 1559 553 1614 hoc
590 1567 828 1627 tempore
880 1557 1191 1627 acceptabili
1231 1558 1395 1612 etiam
1443 1574 1474 1612 a
1503 1573 1598 1613 sua
1638 1573 1724 1613 sa-

129 1649 249 1704 lute
299 1647 534 1705 curanda
563 1647 843 1718 torpescit,
876 1646 1237 1703 confundetur
1271 1647 1325 1701 in
1354 1645 1442 1702 die
1490 1647 1723 1704 retribu-

131 1743 320 1799 tionis.

1814 556 2050 619 veniant,
2080 553 2416 609 defendendo
2442 561 2754 626 contegunt,
2783 553 2927 623 quod
2959 569 3246 611 exsecrans
3270 556 3402 614 Pro-

1815 645 1997 713 pheta,
2030 643 2317 698 Dominum
2350 651 2489 708 orat,
2528 651 2587 698 ut
2613 658 2719 698 non
2749 643 2984 699 declinet
3011 660 3106 700 cor
3145 661 3303 702 suum
3345 648 3400 703 in

1815 735 2041 791 verbum
2098 734 2327 801 malum,
2374 735 2442 790 ad
2506 734 2842 792 excusandas
2906 737 3282 795 excusationes
3345 740 3401 795 in

1816 826 2070 897 peccatis.

1890 917 1956 971 In
1983 916 2137 972 labiis
2167 917 2415 988 sapientis
2452 917 2741 972 invenietur
2765 919 3041 988 sapientia,
3072 929 3121 974 et
3155 921 3298 991 virga
3345 922 3403 977 in

1818 1010 1976 1063 dorso
2003 1008 2115 1079 ejus
2140 1010 2227 1080 qui
2259 1009 2452 1078 indiget
2483 1009 2656 1062 corde.
2690 1009 2852 1080 Virga
2884 1011 2936 1064 in
2968 1011 3128 1067 dorso
3156 1022 3258 1074 est,
3284 1014 3404 1068 vin-

1819 1098 1961 1153 dicta
1989 1098 2041 1152 in
2071 1098 2480 1168 posterioribus,
2514 1098 2566 1152 id
2593 1107 2696 1164 est,
2729 1099 2779 1154 in
2817 1102 3065 1170 sequenti
3097 1103 3224 1167 vita,
3244 1119 3402 1172 quam

1819 1191 1957 1246 bene
1981 1189 2135 1260 plaga
2162 1190 2248 1245 illa
2281 1190 2490 1244 famosa
2539 1205 2645 1258 qua
2673 1190 2930 1246 Philistzci
2963 1192 3016 1245 in
3063 1194 3280 1264 natibus
3325 1194 3401 1249 fe-

1823 1282 2122 1345 riebantur,
2159 1281 2431 1351 exprimit.
2477 1279 2578 1347 Qui
2604 1295 2734 1350 ergo
2774 1297 2877 1335 non
2910 1282 3022 1336 vult
3042 1284 3248 1354 virgam
3278 1301 3394 1354 por-

1822 1379 1941 1425 tare
1970 1372 2024 1425 in
2053 1371 2214 1425 dorso
2262 1379 2441 1438 portet
2489 1371 2541 1425 in
2582 1370 2739 1427 labiis
2784 1373 3127 1441 sapientiam,
3158 1374 3376 1443 loquatu

1824 1463 2008 1519 laudes
2030 1463 2266 1530 Christi,
2311 1472 2367 1518 et
2411 1472 2678 1535 praecepta
2735 1466 3011 1535 przedicet.
3052 1467 3248 1520 Verum
3282 1468 3403 1538 quin

1823 1569 2037 1625 semper
2063 1554 2351 1609 Dominum
2399 1553 2648 1620 laudare,
2696 1571 2802 1610 non
2831 1565 3011 1612 autem
3065 1571 3280 1627 semper
3317 1556 3411 1610 do-

1823 1661 1967 1712 cere,
1989 1662 2094 1701 non
2129 1646 2310 1701 omnia
2339 1661 2460 1715 quae
2507 1642 2659 1701 novit
2704 1661 2894 1702 omnes
2945 1647 3139 1704 docere
3179 1649 3410 1718 sapienti

1824 1738 2095 1803 convenit,
2118 1746 2262 1793 recte
2290 1736 2554 1792 subditur.

203 1833 507 1888 Benedictio
536 1847 690 1899 super
722 1838 877 1900 caput
901 1829 1075 1900 justi,
1122 1847 1179 1884 os
1221 1839 1395 1884 autem
1439 1830 1719 1898 impiorum
1749 1817 1795 1877 Β
1897 1829 2165 1902 Sapientes
2199 1829 2523 1884 abscondunt
2551 1829 2843 1884 scientiam.
2871 1828 3115 1886 Scientes
3141 1831 3408 1895 videlicet,

129 1925 302 1995 operit
346 1923 612 1993 iniquitas.
650 1920 817 1976 Justis
870 1921 1078 1976 dicetur
1115 1921 1168 1974 in
1199 1920 1402 1990 judicio
1433 1936 1445 1973 :
1506 1916 1719 1986 Venite,

131 2015 414 2081 benedicti,
452 2014 697 2086 percipite
728 2030 941 2084 regnum
986 2013 1181 2084 (Matth
1232 2013 1378 2084 xxv).
1416 2011 1490 2068 Os
1538 2021 1719 2069 autem

131 2107 427 2178 impiorum
454 2108 594 2176 quod
629 2105 1030 2169 comessationi,
1065 2105 1312 2160 ebrietati
1341 2114 1395 2160 et
1441 2105 1721 2174 colloquiis

130 2196 294 2252 malis
315 2197 602 2260 serviebat,
645 2195 931 2264 iniquitate
951 2211 1113 2265 quam
1142 2196 1306 2265 gessit
1333 2195 1721 2251 condemnabi-

133 2296 247 2342 tur.
275 2287 516 2356 Denique
567 2301 629 2341 es
667 2286 809 2340 illius
834 2287 1043 2356 operuit
1073 2285 1326 2356 iniquitas
1349 2326 1364 2351 ,
1412 2287 1503 2356 qui
1531 2287 1585 2341 in
1610 2295 1724 2341 tor-

132 2378 340 2434 mentis
371 2378 576 2448 positus
605 2376 844 2446 linguam
875 2375 976 2430 sibi
1014 2375 1066 2429 in
1094 2391 1200 2445 qua
1243 2376 1312 2430 ob
1337 2375 1490 2445 plura
1517 2377 1722 2432 scelera

129 2468 258 2541 plus
282 2469 502 2539 punitus
525 2476 627 2531 est,
650 2465 958 2538 refrigerari
990 2465 1232 2536 quaesivit

207 2556 468 2612 Memoria
495 2557 630 2626 justi
669 2573 787 2609 cum
835 2555 1080 2610 laudibus
1132 2565 1180 2609 et
1210 2573 1396 2611 nomen
1443 2557 1723 2628 impiorum

128 2657 422 2720 putrescat.
449 2647 513 2701 Et
541 2649 595 2701 in
625 2647 729 2702 hac
755 2647 862 2701 vita
884 2645 1056 2702 bonos
1081 2647 1193 2702 sive
1215 2648 1459 2703 viventes
1485 2647 1599 2703 sive
1629 2647 1723 2704 de-

135 2740 359 2796 functos
385 2740 629 2796 laudibus
647 2739 876 2795 efferunt
903 2759 914 2793 :
959 2739 1248 2809 lmpiorum
1276 2749 1456 2797 autem
1486 2751 1540 2798 et
1570 2752 1724 2798 actus

135 2831 484 2887 detestantur
504 2841 818 2900 cpnomen;
857 2838 910 2884 et
936 2830 989 2883 iu
1017 2830 1125 2884 vita
1165 2830 1344 2885 futura
1388 2830 1520 2900 justi
1546 2832 1600 2886 in
1631 2832 1724 2889 Dei

135 2924 392 2980 laudibus
438 2925 645 2991 vivunt,
679 2925 1030 2993 reproborum
1055 2934 1232 2979 autem
1274 2926 1466 2991 honor,
1496 2942 1724 2982 nomen-

135 3032 247 3090 que
271 3017 562 3088 laudesque
589 3016 837 3088 putribus
887 3018 1146 3087 gebenna:
1191 3017 1465 3087 suppliciis
1511 3028 1726 3073 mutan-

137 3117 268 3165 tur:
301 3107 404 3163 Ubi
435 3109 620 3162 vermis
676 3124 856 3162 eorum
897 3123 1001 3163 non
1041 3109 1266 3162 moritur
1293 3120 1342 3163 et
1370 3109 1502 3179 ignis
1544 3127 1725 3165 eorum

135 3215 246 3253 non
267 3199 626 3269 exstinguetur
656 3197 790 3270 (Isa.
829 3197 996 3268 LXVI).

211 3286 322 3353 Qui
369 3287 601 3341 ambulat
623 3287 956 3358 simpliciter,
993 3287 1227 3342 ambulat
1255 3289 1575 3358 conﬁdenter
1602 3291 1730 3360 :qui

135 3390 316 3432 autem
346 3379 591 3449 depravat
615 3379 729 3434 vias
757 3396 881 3433 suas
904 3419 918 3446 ,
960 3381 1267 3449 manifestus
1318 3383 1436 3434 erit.
1469 3381 1569 3446 Qui
1601 3381 1731 3435 sim-

135 3471 362 3542 pliciter
397 3486 456 3526 se
490 3471 672 3526 vivere
717 3472 867 3527 novit
914 3471 1139 3528 fallacia:
1170 3481 1360 3528 cuncta
1393 3473 1600 3543 spernit
1635 3473 1730 3533 ad-

137 3575 332 3627 versa,
381 3561 506 3630 quia
541 3577 599 3617 se
651 3577 748 3632 per
776 3562 880 3617 hoc
930 3562 997 3618 ad
1049 3562 1240 3633 gaudia
1282 3572 1571 3617 venturum
1612 3578 1730 3619 esse

137 3652 385 3708 conlidit.
417 3651 611 3708 Dicens
657 3668 780 3708 cum
826 3652 1138 3722 Propheta:
1180 3652 1438 3706 Dominus
1488 3653 1733 3722 defensor

137 3745 263 3799 vite
287 3761 417 3798 mea:
451 3762 484 3797 a
533 3760 633 3814 quo
669 3744 959 3813 trepidabo,
988 3753 1090 3799 etc.
1127 3741 1298 3814 (Psal.
1328 3742 1501 3812 xxvr).
1543 3742 1612 3796 At
1640 3743 1732 3813 qui

137 3833 327 3904 pravis
365 3833 564 3889 incedit
587 3833 690 3888 viis
707 3833 897 3888 nolens
923 3833 1072 3898 licet,
1103 3832 1332 3904 patescit
1369 3848 1434 3886 ac
1453 3833 1611 3904 digna
1653 3831 1732 3886 fa-

138 3923 249 3979 ctis
269 3923 462 3992 recipit
489 3941 503 3977 :
534 3922 674 3978 uibil’
703 3922 846 3977 enim
868 3923 1138 3978 occultum
1196 3923 1339 3990 quod
1384 3938 1492 3978 non
1531 3921 1733 3977 revela-

138 4013 309 4068 bitur.

216 4101 325 4168 Qui
354 4112 538 4156 annuit
569 4100 720 4156 oculo
763 4099 908 4156 dabit
942 4099 1195 4154 dolorem.
1237 4099 1339 4167 Qui
1368 4100 1589 4155 nutibus
1610 4116 1734 4155 ocu-

139 4193 325 4252 lorum
384 4193 574 4249 irridet
621 4193 858 4264 aliquem
889 4207 998 4248 non
1028 4191 1207 4246 evadit
1261 4176 1379 4246 sine
1405 4191 1587 4246 dolore
1618 4200 1732 4246 tor-

141 4285 319 4342 menti
362 4293 454 4338 aut
486 4282 852 4354 paenitudinis.
882 4282 958 4337 De
980 4281 1227 4352 qualibus
1253 4281 1382 4337 dicit
1407 4279 1727 4336 Psalmista:

144 4377 257 4444 Qui
304 4377 524 4430 oderunt
572 4392 654 4440 me
692 4375 853 4446 gratis
899 4383 948 4428 et
995 4371 1296 4428 annuebant
1349 4372 1514 4426 oculis
1556 4370 1729 4443 (Psal.

140 4469 360 4538 xxxiv).
390 4467 484 4524 Vel
525 4475 672 4523 certe
711 4465 801 4536 qui
832 4465 1022 4519 annuit
1055 4463 1231 4528 oculo,
1270 4463 1418 4518 dabit
1467 4462 1730 4530 dolorem,

139 4558 278 4630 quia
311 4557 454 4626 ﬁlius
488 4555 677 4611 stultus
705 4556 947 4609 maestitia
974 4564 1045 4610 est
1075 4555 1232 4608 matri
1257 4571 1384 4609 suae.

215 4649 427 4706 Stultus
461 4649 612 4703 labiis
666 4649 1036 4704 uerberabitur.
1081 4648 1148 4702 Et
1200 4648 1312 4704 suis
1340 4647 1584 4702 videlicet
1607 4647 1726 4716 qui-

138 4743 250 4799 bus
288 4741 534 4796 damnari
585 4742 800 4807 meruit,
828 4741 953 4810 quia
981 4755 1128 4795 mors
1157 4748 1211 4794 et
1240 4741 1348 4794 vita
1397 4740 1450 4794 in
1485 4739 1731 4794 manibus

140 4834 370 4905 linguar,
394 4832 475 4887 vel
504 4847 692 4887 eorum
722 4849 751 4885 a
778 4831 993 4900 quibus,
1021 4831 1146 4899 quia
1178 4829 1376 4899 corrigi
1402 4844 1506 4883 non
1535 4829 1729 4898 potuit,

139 4923 476 4980 sententiam
513 4921 874 4978 damnationis
926 4922 1152 4991 accepit.
1196 4920 1471 4987 Quomodo
1513 4920 1734 4975 Psalmi-

139 5025 230 5070 sta
264 5029 390 5068 cum
415 5013 518 5066 ait:
557 5011 798 5077 Domine,
832 5011 996 5066 libera
1043 5013 1272 5066 animam
1299 5029 1467 5066 meam
1513 5032 1544 5067 a
1582 5013 1734 5067 labiis

139 5104 346 5175 iniquis
372 5111 419 5155 et
451 5119 481 5155 a
517 5101 697 5172 lingua
743 5101 927 5156 dolosa
960 5099 1131 5174 (Psal.
1180 5102 1348 5173 ωαχ),
1374 5111 1663 5173 utrumque
1705 5120 1735 5157 a

139 5193 386 5250 Domino
419 5191 629 5262 qumrit,
664 5199 721 5245 ut
749 5197 803 5246 et
822 5191 937 5261 ipse
982 5191 1124 5247 labia
1170 5192 1350 5261 iniqua
1403 5207 1468 5246 ac
1496 5193 1732 5264 linguam

140 5283 397 5339 dolosam
431 5297 536 5338 non
575 5281 791 5349 habeat,
815 5290 868 5337 et
913 5281 1139 5338 aliorum
1176 5282 1457 5353 iniquitate
1493 5297 1557 5337 ac
1599 5285 1736 5340 dolis

140 5375 378 5430 minimc
402 5374 572 5444 possit
592 5373 787 5444 decipi.

229 5464 376 5520 Vena
411 5466 527 5521 vitae
569 5483 624 5520 os
661 5466 818 5536 justi.
849 5465 917 5521 Et
965 5466 1224 5522 Dominus
1276 5467 1340 5523 de
1377 5467 1728 5523 doctoribus:

145 5558 260 5626 Qui
288 5558 474 5622 credit,
504 5557 698 5626 inquit,
721 5557 774 5611 in
811 5573 914 5622 me,
947 5558 1080 5611 sicut
1118 5558 1244 5612 dicit
1268 5556 1538 5629 Scriptura
1562 5599 1576 5624 ,
1629 5560 1732 5627 ﬂu-

143 5651 295 5703 mina
323 5649 390 5701 de
420 5657 591 5702 centre
614 5649 727 5718 ejus
757 5650 916 5718 ﬂuent
940 5665 1090 5719 aqua:
1114 5651 1256 5704 vium.

225 5743 294 5796 Et
342 5758 402 5795 os
440 5741 716 5810 impiorum
749 5740 912 5810 operit
956 5740 1224 5812 iniquitas.
1260 5741 1411 5813 lmpii
1467 5750 1587 5798 sunt
1638 5743 1728 5812 qui

483 5831 753 5896 Panos.
809 5832 972 5896 CXI.

1756 4516 1809 4577 D

1825 1922 1950 1990 quia
1977 1929 2187 1990 tempus
2219 1920 2430 1975 tacendi
2454 1929 2508 1974 et
2534 1929 2744 1990 tempus
2771 1919 3021 1990 loquendi
3048 1939 3061 1975 :
3105 1920 3256 1976 Unde
3281 1921 3414 1976 Pro-

1825 2014 2024 2084 pheta:
2069 2012 2208 2066 Dum
2245 2012 2568 2078 consisteret,
2597 2013 2793 2082 inquit,
2839 2024 3079 2084 peccator
3137 2013 3413 2068 adversum

1824 2122 1925 2171 me,
1951 2105 2187 2159 obmutui
2209 2115 2255 2159 et
2292 2104 2602 2159 humiliatus
2625 2123 2763 2171 sum,
2785 2117 2831 2161 et
2863 2108 2986 2161 silui
3007 2125 3038 2161 a
3059 2108 3205 2161 bonis
3235 2105 3412 2178 (Psal.

1827 2196 2090 2268 xxxvm);
2133 2207 2185 2252 et
2210 2196 2536 2266 Apostolus:
2570 2196 2720 2251 Nihil
2740 2197 2980 2264 judicavi
3004 2214 3083 2251 me
3129 2198 3261 2252 scire
3281 2198 3419 2253 inter

1825 2305 1954 2355 vos,
2021 2290 2120 2344 nisi
2199 2286 2469 2343 Christum
2530 2287 2713 2344 Jesum
2789 2299 2838 2344 et
2903 2291 3040 2344 hunc
3103 2291 3418 2359 cruciﬁxum

1827 2381 1883 2452 (ι
1910 2381 2030 2436 Cor.
2070 2383 2150 2452 ιι).

1901 2468 1974 2525 Os
2014 2481 2188 2525 autem
2243 2471 2394 2525 stulti
2444 2472 2741 2539 confusioni
2788 2471 3084 2541 proximum
3128 2483 3224 2526 est.
3280 2473 3415 2540 Quia

1828 2563 1913 2620 vel
1939 2564 2245 2619 inordinate
2287 2565 2449 2630 bona,
2478 2563 2564 2618 vel
2605 2571 2790 2633 aperte
2818 2561 3055 2632 loquitur
3082 2564 3242 2618 mala.

1901 2654 2209 2710 Substantia
2236 2656 2412 2710 divitis
2439 2655 2559 2708 urbs
2586 2654 2910 2723 fortitudinis
2933 2654 3066 2723 ejus,
3093 2672 3255 2722 pavor
3283 2673 3420 2724 puu-

1827 2762 2006 2815 perum
2024 2755 2221 2816 egestas
2238 2760 2436 2799 eorum.
2449 2743 2647 2799 Divites
2665 2743 3006 2798 conliduntin
3026 2744 3244 2807 divitiis,
3265 2743 3417 2812 quasi

1829 2836 1887 2889 in
1913 2836 2045 2891 urbe
2068 2836 2307 2900 munita;
2333 2850 2598 2905 pauperes
2625 2835 2746 2890 ideo
2771 2844 2986 2904 pavent,
3039 2850 3105 2888 ne
3143 2834 3420 2896 deliciam,

1829 2925 1956 2993 quia
1981 2940 2040 2992 se
2066 2933 2265 2979 norunt
2294 2939 2511 2994 egenos.
2539 2922 2868 2993 Spiritaliter
2889 2923 2980 2993 qui
3007 2923 3058 2977 in
3079 2923 3248 2979 Deum
3272 2923 3422 2978 dives

1830 3025 1916 3073 est
1962 3032 2061 3086 per
2103 3016 2244 3070 bona
2293 3029 2478 3085 opera,
2510 3014 2731 3070 confidit
2781 3014 2835 3067 in
2867 3013 2980 3078 illo,
3006 3015 3157 3082 quasi
3203 3014 3256 3067 in
3289 3014 3422 3068 urbe

1829 3105 2249 3177 inexpugnabili,
2287 3106 2415 3175 quia
2473 3121 2501 3159 a
2546 3103 2691 3161 nullo
2729 3112 2907 3173 potest
2941 3105 3092 3158 hoste
3139 3103 3417 3173 superari;

1753 3168 1798 3230 Ο
1831 3206 1888 3252 at
1914 3168 2007 3268 qui
2030 3168 2508 3266 virtutum-inopia
2534 3168 2960 3266 coangustantur
2978 3235 2993 3262 ,
3039 3194 3158 3249 ideo
3187 3168 3423 3249 caelesti;-

1828 3287 1932 3343 bus
1969 3295 2131 3357 egent
2173 3286 2396 3352 divitiis,
2421 3287 2544 3356 quia
2575 3285 2738 3340 noxio
2766 3299 2967 3354 pavore
3018 3283 3212 3338 timent
3259 3284 3424 3339 duros

1829 3391 1928 3444 pro
1957 3375 2186 3429 Domino
2224 3373 2460 3428 tolerare
2480 3373 2710 3428 labores.

1898 3465 2238 3522 Abscondunt
2264 3463 2443 3518 odium
2472 3462 2613 3542 labi‘a
2638 3463 2941 3525 mendacia,
2965 3463 3055 3533 qui
3078 3462 3276 3532 profert
3297 3478 3421 3519 con-

1831 3555 2102 3615 tumeliam
2127 3555 2376 3626 insipiens
2404 3564 2500 3608 est.
2529 3551 2584 3608 Si
2615 3568 2745 3623 ergo
2781 3567 2946 3607 verax
2981 3559 3034 3606 et
3058 3553 3272 3621 sapiens
3297 3567 3422 3609 esse

1833 3646 2131 3710 desideras,
2153 3645 2339 3700 odium
2377 3659 2553 3715 neque
2599 3645 2650 3698 in
2693 3644 3007 3700 abscondito
3035 3644 3213 3698 cordis
3243 3654 3424 3700 conte-

1833 3753 1919 3808 ge,
1951 3751 2052 3791 nec
2077 3750 2174 3806 per
2212 3736 2323 3790 oris
2347 3734 2726 3791 contumeliam
2762 3733 2944 3804 profer
2966 3773 2980 3800 ,
3036 3733 3131 3788 sed
3164 3741 3311 3788 tuum
3369 3743 3424 3790 et

1832 3841 1928 3880 cor
1950 3825 2235 3880 dilectione
2254 3833 2308 3878 et
2330 3838 2392 3879 os
2415 3824 2642 3879 veritate
2668 3822 2957 3893 repleatur.

1905 3915 2073 3981 Quasi
2107 3931 2198 3984 per
2225 3915 2390 3968 risum
2422 3918 2612 3968 stultus
2639 3924 2887 3982 operatur
2907 3912 3073 3968 scelus
3100 3955 3114 3980 ,
3165 3917 3422 3985 sapientia

1833 4018 2004 4062 autem
2051 4017 2124 4062 est
2163 4008 2276 4060 viro
2319 4006 2620 4076 prudentia.
2665 4004 2958 4060 Prudentia
3008 4023 3038 4061 a
3089 4007 3422 4076 providendo

1833 4116 2030 4157 nomen
2047 4099 2274 4170 accipit,
2307 4098 2502 4154 stultus
2541 4105 2625 4153 est
2664 4097 2827 4168 igitur
2850 4098 2942 4166 qui
2988 4098 3183 4168 gaudet
3211 4099 3264 4153 in
3313 4116 3424 4156 sce-

1834 4192 1964 4248 lere.
1997 4189 2268 4261 Sapientis
2309 4197 2488 4244 autem
2533 4195 2617 4242 est
2657 4195 2713 4243 et
2758 4187 2897 4258 ejus,
2926 4187 3018 4257 qui
3059 4187 3160 4241 viri
3208 4190 3425 4244 nomine

1834 4283 2027 4353 dignus
2053 4282 2123 4336 sit
2154 4281 2472 4352 praevidere,
2503 4282 2627 4349 quia
2676 4278 2816 4334 risus
2846 4277 3030 4334 dolore
3077 4279 3419 4346 miscebitur,

1833 4385 1888 4430 et
1907 4375 2102 4445 gaudia
2134 4373 2391 4444 peccandi
2421 4386 2581 4444 paena
2604 4380 2861 4442 sequetur
2883 4372 3120 4427 ultionis.

1910 4465 2063 4532 Quod
2103 4468 2248 4520 timet
2279 4465 2469 4536 impius
2518 4465 2680 4520 veniet
2720 4480 2877 4534 super
2909 4479 3044 4518 eum.
3092 4463 3422 4518 Desid'erium

1836 4575 1991 4613 suum
2025 4558 2186 4627 justis
2223 4557 2454 4610 dabitur.
2487 4556 2564 4610 De
2595 4554 2684 4609 illo
2713 4555 2877 4625 impio
2904 4553 3067 4619 dicit,
3113 4555 3202 4624 qui
3246 4555 3425 4609 sciens

1837 4658 2043 4720 peccat,
2074 4651 2228 4704 timet
2249 4664 2377 4720 ergo
2402 4649 2599 4719 impius
2618 4647 2803 4703 videre
2825 4647 3127 4702 districtum
3150 4645 3419 4714 judicent:

1839 4742 2158 4797 Desiderant
2174 4741 2306 4811 justi
2343 4739 2561 4794 dissolvi
2589 4748 2644 4793 et
2670 4754 2788 4793 esse
2811 4753 2933 4792 cum
2969 4735 3202 4791 Christo.
3233 4736 3322 4790 llle
3355 4753 3422 4792 ne

1841 4832 2069 4887 terrenis
2097 4830 2308 4901 gaudiis
2337 4830 2596 4900 privetur,
2626 4838 2682 4883 et
2716 4827 3040 4898 sempiterna
3086 4824 3288 4882 ultione
3317 4829 3422 4897 ple-

1840 4933 2062 4978 ctatur:
2105 4922 2192 4976 isti
2246 4937 2313 4976 ne
2352 4919 2617 4974 incolatus
2667 4933 2852 4974 eorum
2894 4917 3276 4988 prolongetur,
3326 4919 3419 4971 sed

1836 5014 2056 5083 praemia
2110 5028 2207 5082 pro
2247 5012 2442 5082 quibus
2495 5019 2769 5066 certavere
2812 5008 3130 5078 percipiant.
3167 5007 3419 5076 Utrisque

1837 5113 2013 5158 autem
2039 5103 2179 5173 quod
2211 5104 2372 5158 corde
2408 5109 2592 5156 tenent
2617 5101 2885 5156 adveniet.

1941 5196 2110 5261 Quasi
2141 5204 2415 5264 tempestas
2453 5193 2711 5247 transiens
2741 5209 2843 5246 non
2871 5192 2969 5245 erit
2999 5193 3206 5260 impius.
3230 5189 3417 5245 Justus

1836 5296 2008 5340 autem
2030 5287 2180 5357 quasi
2209 5285 2606 5355 fundamentum
2637 5283 3024 5352 sempiternum.
3057 5280 3130 5336 De
3162 5297 3416 5350 persecu~

1839 5377 2074 5432 tionibus
2095 5375 2348 5431 Ecclesia:
2375 5375 2526 5436 dicit,
2548 5373 2641 5443 qui
2685 5373 2903 5428 domum
2941 5371 3063 5426 fidei
3107 5373 3419 5427 subvertere

1837 5477 2101 5540 quaerunt,
2129 5468 2220 5523 sed
2278 5467 2367 5520 illa
2412 5466 2465 5519 in
2495 5479 2626 5519 vero
2659 5463 3026 5527 fundamento,
3059 5464 3159 5516 hoc
3200 5471 3313 5523 est,
3365 5464 3418 5516 in

1835 5558 2054 5614 Christo
2081 5558 2340 5613 collocata
2369 5570 2381 5608 :
2416 5555 2515 5624 ipsi
2542 5553 2814 5624 extemplo
2842 5553 3171 5622 dispereunt.

1906 5648 2050 5704 Sicut
2081 5659 2284 5704 acetum
2309 5647 2571 5712 dentibus,
2595 5658 2642 5699 et
2684 5651 2858 5714 fumus
2892 5646 3057 5696 oculis
3083 5681 3097 5705 ,
3152 5645 3226 5694 sic
3274 5647 3408 5711 piget

1833 5742 1912 5797 his
1965 5743 2053 5813 qui
2089 5742 2340 5798 miserunt
2389 5755 2525 5796 cum.
2574 5737 2724 5794 Sicut
2769 5736 3143 5792 haereticorum
3192 5734 3414 5804 pe'rtldia

2906 5825 2982 5886 23
