3918 6338
508 371 608 425 715

1149 361 1208 418 Β.
1246 359 1497 416 RABANI
1535 355 1754 442 MAUlll
1787 351 2108 409 ARCHIEP.
2149 348 2455 409 MOGUNT.
2485 347 2769 405 OPERUM
2807 345 2985 403 PARS
3021 346 3110 402 Ill.

3659 337 3764 396 7l0

503 487 661 543 bonis
681 480 992 540 doctoribus
1021 477 1319 534 molestiam
1361 482 1586 546 generat
1609 483 1664 528 et
1688 472 1976 540 lacrymas,
2000 466 2080 521 sic
2106 467 2159 528 Α
2182 463 2293 516 sive
2317 460 2675 532 ignorantiam
2700 456 3019 527 disciplinae,
3046 453 3132 531 vel
3167 452 3432 524 proximis
3477 458 3768 506 contume-

505 581 645 636 male
676 579 855 632 vivens
898 572 1205 630 Catholicus
1249 571 1328 625 eis
1368 568 1460 640 qui
1507 582 1565 623 se
1619 565 1776 620 ﬁdem
1814 575 1975 634 suam
2017 573 2083 611 ex

506 675 756 747 operibus
807 669 1092 726 ostendere
1135 664 1414 735 jusserunt
1457 676 1556 732 per
1601 658 1848 717 inertiam
1903 651 2085 724 gravis

508 777 606 822 est.
637 761 788 819 Oculi
813 761 1009 830 quippe
1031 765 1085 811 et
1135 756 1323 810 dentes
1357 749 1772 824 praedicationes
1809 750 1933 799 sunt
1961 756 2085 830 san-

508 865 603 912 cue
642 829 917 914 Ecclesiae,
938 848 1032 918 qui
1060 854 1112 902 et
1145 853 1295 901 recta
1325 844 1520 898 itinera
1574 835 1868 908 pmvidem
1895 842 1952 886 et
1984 829 2086 883 ali-

509 955 687 1002 menta
706 941 964 1014 spiritalia
987 951 1272 1010 suggerere
1291 934 1463 990 solent
1487 945 1503 984 :
1529 943 1690 999 porro
1710 932 1920 981 acetum
1943 920 2088 992 quod

507 1056 538 1092 a
564 1039 690 1092 vino
715 1036 1006 1105 degenerat
1027 1072 1043 1097 ,
1073 1038 1130 1085 et
1172 1028 1349 1083 fumus
1378 1023 1469 1094 qui
1508 1021 1577 1076 ab
1617 1021 1740 1091 igne
1786 1014 2088 1072 ascendens

509 1104 803 1192 evanescit,
844 1138 939 1179 eos
965 1121 1056 1193 qui
1083 1121 1148 1174 ab
1177 1114 1555 1172 Ecelesiastica
1586 1109 1850 1165 suavitate
1875 1113 1931 1159 et
1955 1104 2085 1158 cha-

513 1224 671 1278 ritate
697 1234 792 1290 per
817 1215 1121 1286 superbiam
1161 1219 1216 1266 et
1257 1204 1556 1264 socordiam
1592 1201 1907 1257 recedentes
1949 1196 2090 1290 hanc

511 1311 671 1366 etiam
693 1283 1208 1374 verbis—impugnant
1230 1299 1459 1369 ﬁgurate
1483 1291 1821 1349 denuntiant.
1857 1287 1934 1340 De
1963 1283 2085 1354 qui-

511 1404 612 1458 bus
634 1399 765 1456 dicit
808 1396 1043 1453 Joannes
1072 1411 1087 1447 :
1118 1391 1204 1445 Ea:
1233 1389 1379 1444 nobis
1406 1388 1664 1449 exierunt,
1683 1380 1773 1436 sed
1804 1395 1909 1433 non
1939 1380 2087 1431 erant

513 1510 577 1547 ea:
601 1492 768 1554 nobis,
801 1496 904 1544 etc.

587 1583 766 1637 Timor
791 1577 1003 1634 Domini
1030 1581 1251 1645 apportet
1280 1571 1408 1636 dies,
1436 1575 1483 1622 et
1519 1565 1646 1638 anni
1667 1561 1948 1632 impiorum
1977 1555 2090 1608 bre-

513 1675 805 1730 viabuntur.
837 1670 939 1739 Qui
983 1667 1092 1722 Deo
1130 1664 1356 1719 ﬁdeliter
1405 1659 1672 1720 serviunt,
1731 1661 1932 1708 (eterna
1972 1647 2092 1701 luce

518 1737 900 1821 don‘abunturi:
931 1766 986 1812 at
1017 1756 1108 1826 qui
1130 1753 1390 1823 impietati
1412 1748 1811 1816 mancipantur,
1839 1754 1962 1796 cum
1988 1737 2092 1790 hac

516 1858 624 1912 vita
647 1854 875 1926 perdunt
893 1851 1033 1905 bona
1062 1863 1181 1918 qua:
1219 1843 1489 1900 amabant.

593 1921 919 2016 Easpectatio
935 1941 1225 2010 justorum,
1243 1934 1447 1997 lwtitia,
1473 1947 1586 2000 spes
1612 1937 1784 1982 autem
1810 1921 2088 1992 impiorum

514 2009 715 2109 peribit:
740 2033 893 2088 Patet
938 2009 1070 2099 quia
1108 2025 1238 2095 justi
1281 2025 1549 2077 laetantur
1594 2020 1647 2071 in
1691 2009 2092 2083 exspectatione

515 2098 637 2181 vitae
688 2098 999 2193 sequentis,
1062 2114 1305 2187 quamvis
1367 2110 1755 2167 contristentur
1805 2098 2091 2155 alllictione

517 2189 783 2288 pressurae
805 2209 1115 2284 praesentis;
1160 2205 1302 2260 unde
1341 2210 1423 2256 est
1464 2197 1594 2253 illud
1623 2214 1635 2250 :
1665 2193 1743 2247 Tu
1777 2208 1829 2246 es
1856 2189 1984 2243 mihi
2011 2203 2093 2240 re-

517 2277 720 2378 lugium
765 2277 1077 2375 a‘pressura
1119 2312 1235 2366 qute
1285 2287 1624 2346 circumdedit
1677 2299 1778 2346 me,
1810 2277 2089 2378 exsultatio

517 2365 630 2452 §..£a
656 2365 844 2466 (Eccli:
881 2389 975 2463 ω).
1016 2389 1086 2442 At
1112 2365 1240 2441 vero
1287 2381 1435 2451 impii
1460 2378 1550 2447 qui
1597 2389 1653 2430 se
1680 2379 1891 2445 putant,
1921 2370 1973 2422 in
2004 2365 2090 2466 fu-

518 2499 641 2543 turo
662 2455 1022 2556 reqttieturos,
1059 2487 1153 2532 aut
1179 2482 1326 2531 certe
1350 2470 1525 2526 nullos
1562 2475 1684 2537 post
1730 2471 1963 2516 mortem
2005 2455 2090 2509 fu-

520 2591 703 2645 turos,
745 2553 1033 2631 falluntur.
1069 2569 1256 2640 Neque
1308 2566 1435 2620 huic
1486 2567 1750 2631 repugnat
1789 2553 2090 2616 sententiae,

519 2672 662 2743 quod
686 2684 848 2739 supra
893 2667 1094 2721 dictum
1119 2671 1220 2725 est,
1245 2658 1382 2730 quod
1407 2656 1547 2710 timet
1577 2652 1784 2722 impius,
1817 2647 1977 2701 veniet
1999 2659 2089 2697 su-

517 2739 608 2835 per
630 2778 765 2824 eum,
805 2766 929 2814 sunt
958 2754 1100 2808 enim
1139 2751 1231 2822 qui
1260 2749 1492 2804 scientes
1544 2744 1782 2798 futurum
1827 2739 2090 2792 bonorum

521 2825 886 2921 malorumque
934 2846 1194 2920 judicium
1235 2840 1584 2896 nihilominus
1631 2833 1956 2904 negligentia
2006 2825 2092 2881 vel

520 2917 891 3013 desperatione
927 2917 1012 2991 vel
1039 2934 1200 2987 etiam
1239 2931 1305 2985 de
1336 2926 1596 2982 industria
1652 2929 1917 2993 peccant:
1949 2917 2093 2971 Tali-

520 3007 766 3104 bus—ergo
791 3029 1038 3084 interitus
1076 3038 1236 3094 quem
1268 3021 1462 3075 timent
1488 3015 1766 3079 adveniet;
1821 3018 1965 3073 sunt,
1998 3007 2090 3077 qui

519 3125 657 3181 mala
692 3101 811 3192 qua:
842 3117 1045 3174 iaciunt
1069 3121 1161 3169 aut
1185 3124 1458 3180 nunquam
1498 3104 1764 3178 punienda
1799 3101 2087 3163 mstimant,

520 3226 614 3273 aut
650 3218 785 3271 bene
823 3219 992 3284 gesta,
1022 3208 1246 3275 ideoque
1278 3203 1420 3258 bona
1459 3195 1705 3262 mercede
1740 3206 2093 3248 remuneran-

520 3311 587 3365 da
615 3305 882 3378 iudicant,
907 3303 974 3356 de
998 3298 1195 3369 quibus
1216 3303 1364 3350 recte
1391 3291 1590 3347 dicitur
1621 3306 1634 3340 :
1679 3286 1814 3378 Quia
1843 3301 1960 3378 spes
1984 3284 2086 3337 im-
2168 3288 2169 3291 ‘

518 3375 722 3468 piorum
743 3392 949 3464 peribit,
981 3403 1106 3443 nam
1126 3394 1182 3441 et
1206 3385 1272 3466 de
1297 3382 1382 3438 his
1411 3382 1503 3451 qui
1523 3378 1756 3434 scientes
1771 3375 2092 3444 delinquunt

515 3488 912 3554 subsequenter
933 3477 1192 3549 adjungit.

591 3553 870 3629 Forlitudo
912 3566 1160 3638 simplicis
1185 3565 1269 3618 via
1307 3562 1516 3616 Domini
1548 3601 1563 3626 ,
1616 3570 1663 3613 et
1693 3573 1852 3630 pavor
1887 3556 1969 3609 his
1999 3553 2091 3626 qui

524 3665 805 3737 operantur
823 3659 1039 3714 malum.
1093 3655 1173 3720 Si,
1206 3652 1418 3722 inquit,
1461 3650 1641 3705 abdita
1684 3639 2090 3717 Scripturarum

521 3752 974 3825 comprehendere
1001 3763 1104 3803 non
1135 3746 1299 3809 vales,
1330 3759 1436 3798 non
1461 3750 1640 3796 tamen
1668 3740 1734 3794 de
1758 3739 1931 3794 salute
1972 3737 2090 3791 des-

521 3861 694 3918 peres,
720 3843 814 3900 sed
841 3840 1066 3912 gradere
1102 3836 1244 3891 viam
1284 3832 1516 3895 Domini,
1542 3845 1640 3901 age
1678 3829 1817 3883 bona
1847 3842 1965 3896 quae
1995 3842 2091 3881 no-

521 3940 620 4003 sti,
666 3946 721 3991 et
749 3936 889 3989 inter
916 3930 1080 3986 fortes
1105 3921 1618 3982 eonnumeraheris:
1653 3921 1747 3975 sed
1785 3919 1976 3973 merito
2000 3933 2088 3986 pa-

526 4041 684 4091 veant
704 4032 803 4097 illi,
829 4031 921 4100 qui
952 4036 1097 4083 recta
1121 4041 1238 4096 quae
1262 4031 1460 4077 norunt
1500 4021 1678 4076 facere
1713 4021 2086 4077 contemnunt,

521 4128 643 4198 quia
666 4133 812 4180 certa
839 4128 1041 4177 restant
1069 4132 1187 4186 qua
1211 4117 1485 4186 patiantur
1518 4111 1676 4165 mala.

1130 4206 1354 4262 CAPUT
1402 4204 1491 4259 XI.

595 4308 806 4363 Statera
833 4300 1016 4357 dolosa
1049 4295 1366 4352 abominatio
1393 4293 1531 4363 apud
1554 4291 1856 4354 Dominum,
1882 4297 1929 4341 et
1961 4303 2091 4357 pon-

521 4403 619 4454 dus
649 4411 852 4467 wquum
881 4392 1115 4446 voluntas
1169 4388 1301 4457 ejus.
1346 4387 1559 4462 Statera
1605 4383 1787 4438 dolosa
1837 4397 1942 4435 non
1971 4390 2090 4434 tan-

521 4497 634 4543 tum
659 4487 712 4540 in
751 4479 1146 4539 mensuratione
1190 4475 1446 4545 pecuniae,
1485 4472 1577 4526 sed
1623 4479 1678 4525 et
1706 4471 1758 4524 in
1804 4469 2088 4540 judiciaria

2181 552 2282 606 lias
2309 552 2582 622 ingerunt,
2603 549 2687 604 vel
2713 556 2861 604 certe
2903 546 3028 618 quia
3063 545 3228 601 omnis
3255 544 3348 612 qui
3377 560 3432 598 se
3454 542 3651 596 exultat
3674 539 3772 597 hu-

2183 643 2470 699 miliabitur
2493 639 2708 713 (Matth.
2739 638 2920 712 mu).
3339 700 3345 707 _

2257 731 2354 788 Ubi
2375 743 2547 788 autem
2574 732 2862 795 humilitas,
2889 731 2964 784 ibi
3001 728 3275 799 sapientia.
3297 726 3653 790 Abscondistt,
3679 723 3770 777 in-

2183 829 2317 901 quit,
2343 828 2455 880 hazc
2485 844 2516 880 a
2547 825 2866 895 sapientibus
2904 834 2952 879 et
2981 821 3345 895 prudentibus,
3369 829 3418 874 et
3442 816 3678 874 revelasti
3703 833 3770 871 ea

2182 918 2413 990 parvulis
2443 916 2659 989 (Matth.
2695 915 2796 987 χι),
2825 916 2879 971 id
2900 922 3006 979 est,
3030 913 3340 968 humilibus.

2258 1008 2468 1063 Mortuo
2494 1009 2702 1063 homine
2750 1007 2931 1075 impio,
2961 1003 3108 1059 nulla
3161 1005 3258 1058 erit
3306 1000 3445 1056 ultra
3469 1016 3602 1072 spes.
3651 998 3772 1053 Heu

2185 1106 2379 1161 misere
2410 1105 2550 1160 hanc
2576 1102 2899 1159 sententiam
2928 1099 3224 1169 pertransit
3244 1095 3778 1169 0rigenes,quipost

2187 1196 2491 1251 universale
2552 1203 2965 1260 extremumque
3018 1185 3280 1260 judicium
3317 1189 3484 1241 vitam
3542 1183 3776 1240 credidit

2187 1287 2434 1342 omnibus
2474 1285 2652 1355 impiis
2688 1292 2744 1339 et
2786 1281 3161 1352 peccatoribus
3188 1279 3437 1334 dandam.
3469 1276 3774 1332 Nomadum

2188 1384 2391 1439 autem,
2421 1374 2547 1444 quia
2571 1373 2672 1427 etsi
2700 1371 2879 1442 impiis
2907 1379 3030 1440 post
3060 1378 3284 1422 mortem
3307 1381 3430 1436 spes
3457 1366 3626 1419 venia:
3667 1379 3777 1418 non

2188 1451 2293 1529 est,
2326 1473 2450 1518 sunt
2496 1472 2675 1518 tamen
2703 1462 2795 1531 qui
2829 1463 2896 1516 de
2937 1458 3232 1515 levioribus
3261 1455 3502 1527 peccatis
3523 1494 3538 1516 ,
3581 1454 3780 1523 quibus

2189 1553 2408 1623 obligati
2432 1551 2672 1606 defuncti
2698 1561 2842 1612 sunt,
2875 1559 2999 1620 post
3041 1557 3270 1604 mortem
3296 1555 3520 1618 possunt
3543 1543 3773 1609 absolvi,

2191 1645 2274 1700 vel
2320 1643 2497 1712 poenis
2525 1641 2773 1697 videlicet
2817 1639 3063 1710 castigati
3101 1638 3184 1693 vel
3231 1654 3451 1693 suorum
3502 1635 3775 1706 precibus,

2191 1735 2567 1805 eleemosynis,
2601 1733 2884 1786 missarum
2915 1728 3370 1784 celebrationihus
3398 1726 3659 1789 absoluti;
3684 1724 3778 1779 sed

2120 1817 2167 1875 B
2195 1825 2312 1880 haec
2338 1825 2745 1894 quibuscunque
2785 1821 2938 1886 ﬁunt,
2966 1830 3021 1875 et
3053 1827 3178 1874 ante
3207 1817 3490 1886 judicium,
3519 1825 3577 1870 et
3603 1815 3670 1869 de
3701 1814 3773 1869 le-

2191 1916 2431 1971 vioribus
2471 1914 2606 1969 ﬁunt
2630 1913 2920 1968 erratibus.
2948 1910 3051 1978 Qui
3071 1925 3201 1980 vero
3222 1924 3280 1964 se
3303 1902 3461 1978 longo
3491 1915 3618 1978 post
3638 1905 3778 1974 judi-

2192 2006 2334 2061 cium
2377 2015 2638 2075 tempore,
2669 2003 2980 2057 liberandos
3027 2008 3242 2072 putant.
3270 1997 3533 2053 falluntur
3581 2004 3639 2052 et
3667 1995 3776 2051 for-

2194 2107 2339 2154 tasse
2371 2098 2436 2152 ad
2459 2113 2551 2153 eos
2579 2097 2815 2168 pertinet
2845 2096 2990 2165 quod
3020 2095 3282 2162 sequitur.

2262 2189 2330 2242 Et
2374 2188 2686 2258 exspectatio
2733 2185 3079 2241 sollicitarum
3136 2182 3343 2253 peribit.
3395 2180 3534 2235 Item
3561 2180 3668 2234 alia
3701 2191 3781 2234 est

2193 2289 2533 2353 sollicitudo,
2581 2301 2742 2357 quam
2782 2285 2906 2340 boni
2959 2298 3172 2352 semper
3232 2281 3301 2334 ad
3357 2278 3634 2348 implenda
3688 2276 3779 2331 Dei

2193 2387 2459 2448 pra‘cepta
2488 2387 2607 2431 sunt
2635 2375 2863 2430 accincti
2890 2389 2905 2426 :
2931 2373 3034 2426 alia
3067 2387 3171 2440 qua
3202 2371 3438 2441 reprobi,
3463 2385 3590 2423 cum
3606 2369 3780 2422 scien-

2197 2478 2277 2523 tes
2305 2477 2549 2537 peccant,
2587 2465 2799 2520 solliciti
2845 2472 3090 2519 metuunt
3140 2461 3355 2532 quando
3382 2469 3646 2515 attentam
3688 2474 3778 2514 ra-

2193 2560 2408 2630 piantur
2441 2558 2507 2610 ad
2541 2571 2756 2627 poenam
2780 2596 2794 2618 ,
2847 2556 3076 2624 ideoque
3127 2561 3273 2607 recte
3301 2550 3649 2621 "exspectatio
3693 2562 3777 2603 eo-

2195 2667 2313 2705 rum
2360 2650 2451 2719 qui
2475 2649 2585 2705 Deo
2614 2647 2842 2702 sollicita
2871 2654 3055 2700 mente
3095 2644 3340 2698 serviunt
3385 2641 3772 2697 coronabitur:

2194 2758 2382 2798 eorum
2409 2757 2537 2795 vero
2567 2740 2657 2809 qui
2690 2739 2855 2793 Deum
2904 2746 3309 2792 contemnentes
3354 2744 3409 2788 et
3453 2743 3582 2788 ante
3634 2731 3776 2801 judi-

2195 2836 2337 2890 cium
2389 2832 2503 2901 ejus
2546 2832 2760 2902 propria
2809 2829 3140 2887 conscientia
3189 2844 3248 2884 se
3307 2837 3603 2882 accusante
3656 2842 3777 2881 eon-

2201 2926 2537 2980 demnantur.
2557 2923 2891 2994 Exspectatio
2905 2922 3248 2977 sollicitarum
3259 2918 3463 2974 peribit.
3483 2918 3644 2973 Hunc
3664 2933 3777 2974 ver-

2194 3034 2313 3073 sum
2339 3018 2496 3090 longe
2520 3018 2676 3071 aliter
2703 3017 2866 3072 habet
2889 3016 3106 3084 antiqua
3143 3011 3423 3068 translatio
3447 3053 3461 3077 ,
3505 3026 3628 3082 quae
3665 3011 3772 3066 ait:

2193 3108 2441 3178 Defuncti
2469 3108 2693 3162 hominis
2724 3107 2859 3178 justi
2891 3121 2996 3161 non
3017 3104 3201 3176 peribit
3227 3117 3363 3176 spes,
3392 3104 3561 3174 gloria
3601 3112 3775 3157 autem

2117 3193 2164 3257 C
2195 3203 2473 3272 impiorum
2500 3199 2701 3270 peribit.

2260 3290 2444 3345 Justus
2473 3291 2537 3343 de
2556 3289 2802 3360 angustia
2841 3288 3091 3344 liberatus
3125 3297 3220 3354 est,
3244 3296 3291 3341 et
3323 3286 3561 3360 tradetur
3583 3285 3775 3355 impius

2188 3397 2282 3448 pro
2308 3395 2387 3433 eo.
2415 3378 2615 3449 Martyr
2632 3358 2871 3448 quisque
2896 3377 2969 3433 de
2991 3377 3238 3449 angustia
3281 3358 3552 3446 passionis
3581 3375 3777 3428 libera-

2191 3481 2277 3529 tus
2311 3477 2416 3538 est,
2437 3478 2559 3541 post
2580 3480 2829 3533 mortem,
2862 3479 2918 3524 et
2947 3470 3189 3523 tradetur
3212 3469 3266 3522 in
3289 3482 3505 3536 poenam
3531 3482 3630 3535 pro
3659 3466 3776 3536 ejus

2190 3574 2352 3619 causa
2383 3568 2717 3630 persecutor,
2739 3558 2828 3628 qni
2863 3557 3011 3611 illum
3061 3558 3388 3627 angustavit.
3419 3556 3582 3612 Jaeob
3625 3573 3774 3610 mar-

2193 3653 2334 3722 tyrio
2361 3661 2652 3707 coronatus
2705 3659 2806 3716 est,
2833 3649 3029 3705 Petrus
3057 3650 3124 3704 de
3157 3665 3378 3705 carcere
3407 3650 3690 3714 liberatus,
3721 3658 3775 3702 et

2193 3742 2436 3797 Herodes
2465 3742 2556 3812 qui
2583 3755 2675 3796 eos
2713 3747 3030 3812 persecutus
3055 3748 3158 3806 est,
3190 3755 3220 3793 a
3249 3741 3524 3795 vermibus
3549 3739 3778 3794 visibili-

2194 3841 2274 3887 ter
2307 3839 2676 3901 consumptus,
2705 3840 2760 3885 et
2797 3830 3140 3886 invisibiliter
3179 3840 3366 3900 raptus
3411 3839 3515 3892 est,
3538 3831 3626 3883 ubi
3660 3846 3774 3882 ver-

2191 3925 2290 3979 mis
2312 3925 2423 3993 ejus
2457 3940 2562 3978 non
2592 3923 2843 3978 morietur
2879 3931 2930 3975 et
2956 3921 3091 3991 ignis
3116 3920 3231 3990 ejus
3275 3937 3381 3974 non
3415 3921 3780 3990 exstinguetur

2194 4012 2326 4085 (Isa.
2353 4013 2522 4084 LXVI).

2266 4102 2558 4159 Simulator
2589 4118 2676 4156 ore
2705 4101 2893 4173 decipit
2939 4102 3165 4169 amicum
3194 4118 3349 4156 suum
3375 4142 3391 4168 ,
3429 4102 3562 4172 justi
3598 4113 3776 4157 autem

2192 4193 2548 4247 liberabuntur
2581 4191 2817 4246 scientia.
2843 4190 3140 4247 Hieretieus
3178 4191 3439 4246 simulans
3469 4192 3776 4246 doctrinam

2192 4283 2511 4339 catholicam
2537 4283 2736 4352 decipit
2764 4282 3062 4337 auditorem
3093 4297 3271 4348 suum,
3299 4285 3391 4352 qui
3424 4295 3600 4338 autem
3625 4282 3774 4351 juste

2192 4377 2476 4431 veritatem
2504 4382 2802 4444 sequuntur
2823 4372 3116 4444 Evangelii,
3145 4373 3517 4429 liberabuntur
3547 4377 3775 4430 scientia

2192 4465 2457 4521 catholica
2486 4480 2553 4519 ne
2573 4463 2815 4533 decipula
2849 4463 3125 4532 rapiantur
3148 4463 3417 4518 lueretiea.

520 4573 844 4633 discretione
875 4575 1038 4624 tenet.
1075 4565 1174 4632 Qui
1202 4565 1343 4617 enim
1385 4562 1539 4616 aliter
1566 4574 1784 4614 causam
1812 4559 2085 4632 pauperis,
2110 4541 2166 4603 D
2263 4556 2368 4623 Qui
2387 4557 2602 4626 despicit
2629 4557 2855 4610 anticum
2878 4571 3056 4620 suum,
3092 4555 3326 4625 indigens
3353 4557 3507 4609 corde
3532 4566 3603 4609 est
3630 4597 3645 4620 ,
3699 4557 3775 4609 i-ir

518 4669 672 4722 aliter
691 4661 948 4734 potentis,
976 4657 1132 4711 aliter
1150 4652 1368 4716 sodalis,
1400 4652 1555 4705 aliter
1583 4647 1730 4703 audit
1757 4647 1940 4718 ignoti,
1974 4656 2086 4701 sta-

519 4769 633 4812 tera
661 4756 842 4823 utiqne
879 4751 1038 4802 librat
1085 4746 1299 4814 iniqua;
1353 4742 1445 4796 sed
1474 4749 1527 4795 et
1557 4741 1601 4795 is
1649 4740 1735 4808 qui
1793 4755 1890 4792 sua
1953 4740 2088 4791 bene

519 4865 667 4928 gesta
691 4854 910 4909 meliora
930 4864 1089 4920 quam
1115 4845 1482 4917 proximorum
1510 4850 1712 4906 suaque
1741 4839 1920 4887 errata
1940 4829 2088 4899 judi-

519 4923 604 5007 cat
631 4949 828 5003 leviora
855 4945 1054 5000 trutina
1100 4940 1358 5009 ponderat
1398 4935 1602 4995 delusa,
1634 4944 1732 4984 nec
1780 4942 1884 4981 non
1912 4933 1967 4979 et
2000 4923 2089 4977 ille

519 5043 609 5114 qui
632 5055 795 5096 onera
812 5032 1166 5107 importabilia
1193 5028 1417 5098 imponit
1437 5027 1490 5080 in
1513 5026 1765 5078 humeros
1788 5018 2082 5081 hominum,

520 5112 634 5204 ipse
655 5141 833 5188 autem
877 5145 985 5184 uno
1017 5127 1183 5197 digito
1209 5139 1305 5178 suo
1336 5137 1440 5176 non
1472 5118 1585 5172 vult
1610 5133 1674 5172 ea
1707 5124 1924 5184 tangere
1950 5132 1962 5166 :
1999 5112 2088 5165 ille

519 5202 681 5281 etiam
727 5225 818 5294 qui
846 5221 987 5277 bona
1033 5218 1088 5272 in
1144 5214 1353 5286 publico
1382 5220 1435 5266 et
1462 5209 1603 5264 mala
1635 5208 1744 5277 agit
1773 5207 1823 5260 in
1853 5202 2084 5269 occulto,

520 5331 619 5388 pro
647 5313 929 5384 iniquitate
969 5308 1118 5363 libra:
1160 5305 1356 5360 dolosa:
1392 5300 1730 5356 abominatur
1755 5312 1786 5350 a
1823 5295 2083 5358 Domino;

521 5418 579 5463 at
597 5407 689 5477 qui
714 5403 995 5459 sinceriter
1014 5398 1125 5468 agit
1144 5397 1196 5450 in
1223 5393 1490 5454 omnibus,
1514 5389 1606 5458 qui
1633 5401 1851 5442 causam
1881 5393 1935 5438 et
1960 5399 2087 5437 cau-

521 5476 636 5556 sam
669 5510 823 5566 aaqua
850 5493 1005 5547 lance
1034 5487 1306 5549 discernit,
1332 5485 1380 5540 is
1429 5481 1682 5536 nimirum
1724 5478 1856 5549 justi
1889 5476 2090 5546 judicis

518 5588 776 5650 voluntati
799 5595 856 5643 et
874 5582 1071 5639 actioni
1089 5578 1354 5650 congruit.

596 5680 693 5736 Ubi
722 5679 877 5749 fuerit
904 5672 1164 5745 superbia,
1192 5671 1265 5724 ibi
1285 5671 1380 5723 erit
1403 5677 1450 5722 et
1477 5665 1808 5721 contumelia.
1844 5663 1980 5730 Quia
2000 5679 2087 5718 su-

520 5771 673 5842 perbi
704 5779 788 5839 vel
812 5765 1197 5825 contumeliose
1219 5777 1279 5817 se
1307 5769 1500 5830 gerunt
1528 5798 1542 5824 ,
1583 5773 1678 5827 per
1719 5765 2082 5826 contemptum

2190 4660 2364 4703 autem
2399 4648 2626 4717 prudens
2652 4649 2858 4700 tacebit.
2887 4645 3002 4700 Non
3029 4655 3113 4700 est
3147 4646 3522 4715 despiciendus
3547 4647 3626 4701 vel
3676 4649 3772 4702 de-

2192 4741 2446 4796 ridendus
2471 4755 2501 4793 a
2532 4740 2705 4805 nobis,
2737 4739 2828 4809 qui
2870 4753 2968 4793 nos
3008 4736 3324 4806 simpliciter
3360 4753 3544 4792 amare
3567 4740 3772 4806 proba-

2192 4841 2296 4899 tur,
2319 4832 2530 4888 etiamsi
2578 4832 2756 4900 inepte
2802 4828 2932 4898 quid
2975 4843 3072 4898 per
3117 4829 3439 4898 imperitiam
3489 4828 3640 4884 facit.
3671 4831 3773 4897 Qui

2190 4926 2336 4981 enim
2366 4926 2468 4980 hoc
2497 4923 2648 4989 facit,
2674 4923 2922 4993 indignus
2950 4929 3034 4976 est
3059 4922 3360 4991 sapientiae,
3383 4930 3439 4976 at
3470 4936 3603 4978 vero
3645 4940 3772 4993 pru-

2191 5015 2323 5069 dens
2348 5015 2576 5084 quisque
2601 5015 2668 5069 de
2703 5013 2888 5067 talium
2914 5011 3218 5066 commissis
3247 5013 3462 5082 publice
3485 5022 3651 5077 tacet,
3679 5015 3772 5068 sed

2191 5109 2308 5162 haec
2338 5105 2547 5161 occulte
2572 5106 2822 5176 castigat,
2849 5103 2992 5173 quod
3023 5103 3161 5159 idem
3211 5105 3562 5173 sequentibus
3607 5105 3774 5159 versi-

2191 5200 2326 5256 culis
2361 5199 2560 5254 arctius
2588 5198 2889 5253 inculcatur
2917 5197 3040 5252 dum
3071 5197 3287 5252 dicitur.

2263 5290 2364 5358 Qui
2385 5292 2616 5345 ambulat
2659 5288 3041 5359 fraudulenter,
3064 5287 3254 5342 revelat
3293 5304 3524 5354 arcana;
3546 5290 3636 5358 qui
3666 5307 3768 5342 au-

2194 5395 2291 5438 tem
2333 5381 2502 5452 ﬁdelis
2540 5389 2634 5444 est,
2657 5380 2810 5432 amici
2841 5377 2971 5432 celat
2997 5379 3348 5431 commissum.
3399 5377 3463 5431 Et
3510 5378 3566 5431 in
3593 5377 3774 5432 Evan-

2192 5476 2330 5547 gelio
2354 5475 2649 5530 Dominus:
2692 5469 2748 5525 Si
2791 5469 3078 5540 peccaverit
3108 5469 3163 5520 in
3187 5477 3236 5521 te
3282 5467 3449 5536 frater
3469 5479 3611 5532 tuus,
3634 5471 3769 5522 vade

2188 5580 2235 5624 et
2263 5571 2464 5638 corripe
2501 5581 2616 5619 eum
2648 5565 2780 5616 inter
2806 5571 2854 5615 te
2878 5577 2924 5615 et
2947 5561 3114 5629 ipsum
3138 5557 3340 5623 solum;
3369 5559 3414 5612 si
3442 5567 3492 5612 te
3517 5559 3768 5620 audierit,

2187 5663 2420 5716 lucratus
2481 5659 2585 5712 eris
2640 5656 2854 5725 fratrem
2905 5664 3084 5717 tuum,
3145 5660 3249 5707 etc.
3299 5649 3524 5722 (Matth.
3577 5652 3771 5721 πω).

2189 5755 2337 5812 Unde
2366 5763 2420 5807 et
2444 5753 2531 5807 hic
2562 5759 2704 5805 recte
2727 5743 3057 5803 subinfertur
3082 5761 3095 5775 ο
