3918 6348
189 403 290 458 717

959 385 1319 450 EXPOSITIO
1355 393 1421 448 IN
1460 391 1853 449 PROVERBIA
1891 347 2295 451 SALOMONIS.
2331 425 2399 436 —
2435 395 2562 449 LIB.
2604 389 2671 448 II.

3320 398 3426 452 718

260 505 359 560 Ubi
396 518 499 558 non
535 515 608 556 est
651 506 964 572 gubernator
989 541 1004 566 ,
1043 501 1264 572 populus
1316 511 1562 566 corruet;
1611 499 1755 554 satus
1784 504 1837 562 Α
1861 500 2113 566 tendunt,
2154 509 2213 556 ut
2244 502 2347 555 hoc
2381 511 2491 567 est,
2524 503 2667 573 quod
2697 518 2859 572 supra
2888 504 3102 558 dicitur.
3139 504 3329 562 Manus
3366 509 3420 560 in

189 606 360 649 autem
405 592 493 645 ubi
515 585 680 645 multa
710 590 949 644 consilia.
978 589 1056 644 Ne
1086 591 1228 644 enim
1265 600 1320 644 te
1350 597 1571 660 putares
1597 588 1761 642 amici

189 682 475 739 commissa
499 681 543 734 si
569 680 840 751 corrigere
861 693 968 733 non
995 689 1148 749 potes
1176 678 1315 733 ultra
1337 680 1514 734 celare
1541 679 1757 742 debere,

188 781 336 830 recte
359 772 488 828 dicit
515 771 770 843 populum
813 769 931 825 sine
961 769 1321 840 gubernatore
1341 785 1618 835 corruere,
1645 768 1760 824 sal-

188 868 300 922 vari
347 874 528 922 autem
557 863 650 918 ubi
696 860 864 917 multa
915 871 1041 917 sunt
1085 863 1342 929 consilia,
1383 871 1444 916 ut
1491 862 1761 927 ostendat,

187 959 327 1028 quod
355 957 502 1014 solus
529 953 816 1010 emendare
838 968 948 1010 non
969 954 1136 1020 vales,
1160 955 1403 1026 pluribus
1442 970 1561 1010 esse
1611 969 1765 1010 reve-

187 1050 426 1115 landum,
463 1056 521 1103 ut
540 1047 782 1103 unanimi
813 1047 1053 1103 omnium
1079 1047 1381 1119 corrigatur
1405 1046 1688 1102 industria.

228 1126 526 1210 'Aﬂligetur
566 1137 706 1191 malo
745 1137 833 1208 qui
863 1135 1022 1206 ﬁdem
1073 1135 1201 1206 facit
1247 1153 1347 1212 pro
1387 1145 1652 1190 extraneo.
1702 1134 1763 1189 In

186 1238 438 1298 promptu
467 1236 552 1283 est
576 1227 770 1282 litterae
793 1241 1004 1293 sensus,
1034 1228 1129 1282 sed
1170 1235 1256 1283 est
1292 1242 1324 1282 a
1355 1236 1504 1283 sorte
1550 1236 1766 1283 sancto-

187 1335 308 1374 rum
339 1327 631 1388 extraneos
654 1319 743 1388 qui
780 1327 1000 1388 peccata
1032 1333 1126 1372 sua
1158 1317 1468 1388 paenitendo
1493 1319 1767 1387 corrigere

189 1410 496 1464 dissimulat
536 1409 645 1464 :Et
669 1408 977 1478 quicunque
1025 1395 1220 1463 talibus
1248 1407 1334 1463 vel
1372 1407 1766 1463 communionis

187 1505 421 1575 gratiam
445 1503 709 1570 concedit,
738 1501 818 1556 vel
845 1484 1012 1555 iritam
1040 1501 1305 1571 promittit
1339 1509 1620 1566 aaternam,
1643 1499 1770 1569 quia

187 1609 292 1664 pro
309 1602 567 1649 extraneo
613 1592 774 1648 fidem
804 1589 952 1657 fecit,
990 1592 1226 1661 seipsum
1269 1589 1513 1662 profecto
1540 1599 1665 1644 ante
1689 1589 1770 1645 di-

190 1686 370 1741 stricti
398 1685 600 1757 judicis
621 1683 804 1739 oculos
835 1683 1040 1738 ultione
1064 1683 1282 1753 dignum
1313 1681 1564 1737 reddidit.

268 1774 374 1841 Qui
396 1787 566 1830 autem
595 1785 737 1830 cavet
760 1774 970 1844 laqueos
990 1791 1200 1830 securus
1225 1775 1342 1828 erit.
1394 1772 1628 1829 Securus
1665 1774 1770 1829 erit

1864 583 2023 645 manu
2071 609 2175 646 non
2217 592 2313 645 erit
2357 593 2603 646 innocens
2650 611 2869 657 manus,
2921 595 3082 659 item,
3114 596 3430 664 prwstolatio

1862 682 2143 750 impiorum
2177 681 2347 750 furor,
2385 683 2509 750 quia
2554 683 2868 753 plerumque
2916 685 2995 739 ira
3031 700 3128 753 per
3155 685 3429 758 silentium

1865 770 2044 826 clausa
2077 773 2214 826 intra
2248 776 2481 828 mentem
2511 776 2880 831 vehementius
2908 786 3118 832 mstuat.

1934 862 2040 917 Alii
2078 863 2314 917 dividunt
2341 866 2551 936 propria
2582 875 2627 919 et
2660 866 2869 921 ditiores
2899 868 3051 935 ﬁunt.
3082 869 3216 936 Quia
3249 881 3434 925 centu-

1864 957 2012 1026 plum
2053 957 2324 1027 accipiunt
2360 958 2414 1011 in
2446 958 2553 1014 hoc
2591 965 2865 1029 tempore,
2903 969 2958 1015 et
2986 962 3041 1016 in
3077 962 3271 1018 saeculo
3300 979 3432 1019 ven-

1869 1054 1990 1101 turo
2019 1046 2185 1101 vitam
2217 1056 2494 1102 aeternam.

1938 1139 2044 1194 Alii
2085 1141 2294 1210 rapiunt
2331 1158 2435 1196 non
2471 1140 2568 1196 sua
2602 1152 2652 1197 et
2687 1160 2888 1209 semper
2931 1144 2987 1198 in
3033 1155 3253 1215 egestate
3291 1157 3430 1202 sunt.

1869 1226 2098 1299 Semper
2129 1228 2305 1299 inquit
2335 1230 2388 1284 in
2420 1239 2658 1302 egestate
2683 1248 2790 1287 non
2819 1234 2992 1289 solum
3028 1235 3083 1290 in
3120 1238 3436 1304 tormentis,

1870 1320 1960 1374 ubi
1995 1335 2097 1376 nec
2134 1321 2330 1377 stillam
2366 1337 2551 1392 aquae,
2603 1323 2743 1377 unde
2789 1325 2854 1378 ad
2901 1326 3168 1381 modicum
3218 1326 3440 1399 refrige-

1871 1420 2080 1478 rentur,
2119 1413 2410 1483 accipiunt,
2452 1414 2547 1469 sed
2583 1422 2637 1470 et
2671 1416 2724 1469 in
2763 1418 3016 1484 praesenti
3052 1417 3164 1484 ubi,
3195 1420 3442 1488 quamvis

1872 1503 2157 1558 innumera
2190 1504 2384 1573 rapiat,
2421 1518 2633 1574 semper
2663 1520 2857 1561 avarus
2885 1515 3024 1577 eget.

1943 1593 2134 1647 Anima
2179 1609 2297 1664 qua:
2343 1593 2595 1647 benedicit
2642 1594 3066 1664 impinguabitur,
3109 1607 3158 1651 et
3199 1599 3289 1668 qui
3328 1600 3442 1654 ine-

1876 1684 2011 1738 briat
2033 1724 2047 1750 ,
2087 1683 2196 1754 ipse
2227 1699 2430 1754 quoque
2456 1683 2818 1762 inebriabitur.
2851 1685 2953 1752 Qui
2982 1689 3219 1743 exterius
3245 1690 3442 1759 praedi-

1874 1776 2048 1831 cando
2099 1775 2410 1847 benedicit,
2465 1777 2692 1832 interius
2746 1779 3015 1850 augmenti
3069 1780 3447 1852 pinguedinem

190 1869 245 1924 in
272 1867 454 1924 futuro
491 1867 582 1939 qui
618 1883 761 1922 nunc
807 1868 944 1921 bene
976 1865 1354 1922 formidulosas
1391 1872 1446 1920 et
1475 1881 1569 1920 sua
1609 1865 1772 1920 sedu-
1800 1858 1849 1916 Β
1876 1869 2089 1938 recipit.
2133 1869 2201 1922 Et
2235 1869 2360 1923 dum
2391 1883 2547 1924 sacro
2575 1868 2696 1924 oleo
2724 1879 2958 1925 mentem
2992 1873 3294 1927 auditorum
3327 1874 3446 1930 ine-

187 1957 278 2014 lus
304 1968 481 2014 errata
507 1973 608 2028 per
625 1956 997 2028 pmnitentiam
1044 1964 1220 2023 curat,
1241 1962 1297 2009 et
1335 1955 1402 2010 ab
1429 1954 1772 2026 impaeniten-

192 2050 331 2104 tium
361 2064 418 2104 se
439 2049 898 2104 societateservat
918 2048 1230 2103 immunem.

265 2140 462 2196 Manus
485 2143 538 2196 in
552 2159 710 2202 manu
729 2157 832 2195 non
847 2143 942 2196 erit
959 2142 1204 2195 innocens
1227 2137 1417 2193 malus.
1435 2137 1534 2206 Qui
1555 2152 1774 2192 manum

183 2231 370 2302 jungit
400 2231 454 2286 in
482 2248 646 2287 manu
673 2232 745 2287 uil
763 2234 946 2302 utique
965 2239 1244 2302 Operatur,
1264 2229 1357 2285 sed
1381 2230 1639 2283 manusin
1660 2243 1774 2282 ma-

191 2338 266 2377 nu
293 2338 401 2377 non
419 2323 796 2379 eritinnocens
816 2323 1010 2387 malus,
1028 2322 1153 2391 quia
1167 2321 1268 2375 etsi
1284 2321 1350 2374 ab
1368 2319 1548 2389 iniqua
1564 2318 1778 2373 actione

190 2429 390 2470 manus
433 2415 500 2470 ad
528 2415 722 2471 horam
763 2415 1050 2478 subtrahit,
1076 2412 1258 2468 cordis
1295 2420 1473 2464 tamen
1523 2410 1778 2464 innocen-

195 2504 332 2559 tiam
362 2503 535 2559 malus
560 2504 762 2560 habere
801 2519 909 2558 non
940 2502 1117 2558 valet:
1154 2503 1294 2557 unde
1321 2509 1377 2556 et
1409 2501 1774 2569 praemittitur.

265 2595 631 2650 Abominabile
668 2595 890 2649 Domino
944 2611 1034 2648 cor
1083 2609 1320 2665 pravum.
1370 2589 1555 2645 Semen
1606 2599 1781 2643 autem

185 2685 463 2755 justorum
509 2685 813 2741 saloabitur.
843 2684 961 2740 Hoc
1009 2693 1111 2749 est,
1139 2683 1283 2753 quod
1330 2697 1492 2751 supra
1540 2675 1776 2735 dicitur:

195 2774 497 2832 Seminanti
539 2789 716 2834 autem
750 2779 1016 2848 justitiam
1061 2794 1275 2832 merces
1299 2776 1492 2846 ﬁdelis,
1520 2774 1604 2828 vel
1636 2783 1782 2830 certe

195 2882 392 2923 semen
425 2868 692 2937 justomm
723 2870 1034 2935 salvabitur,
1068 2869 1191 2939 quia
1231 2869 1321 2938 qui
1369 2867 1783 2937 praecedentium

189 2959 467 3030 iustorum
497 2963 739 3032 exempla
774 2971 1082 3025 sectantur,
1133 2961 1328 3017 horum
1367 2975 1580 3031 quoque
1621 2960 1786 3016 vesti-

197 3053 287 3123 gia
317 3053 386 3107 ad
415 3052 640 3107 videnda
672 3054 860 3109 salutis
888 3062 1102 3120 aeternae
1137 3052 1331 3125 gaudia
1362 3058 1680 3121 sequuntur,
1723 3051 1788 3106 de

195 3142 404 3212 quibus
422 3141 588 3198 Isaias
613 3161 626 3197 :
651 3141 842 3199 Omnes
859 3146 949 3216 qui
973 3144 1189 3198 viderint
1210 3161 1316 3209 eos,
1346 3152 1652 3225 cognoscent
1675 3159 1783 3208 eos,

1875 1958 2059 2014 briare
2105 1973 2213 2013 non
2266 1957 2493 2024 desinit,
2544 1967 2673 2028 potu
2720 1959 2999 2030 multiplici
3042 1962 3283 2018 muneris
3317 1963 3448 2038 ine-

1877 2049 2084 2104 briatus
2111 2049 2394 2103 excrescit.

1950 2139 2055 2206 Qui
2107 2141 2376 2195 abscondit
2427 2141 2690 2210 frumenta
2743 2140 3073 2196 maledicitur
3114 2143 3170 2196 in
3212 2143 3456 2212 populis,

1880 2233 2168 2286 benedictio
2203 2242 2378 2286 autem
2413 2249 2570 2302 super
2601 2242 2758 2303 caput
2793 2233 3140 2289 vendentium.
3181 2231 3282 2300 Qui
3321 2249 3448 2290 san-

1881 2332 1982 2376 eta:
2019 2322 2421 2392 praedicationis
2456 2322 2596 2392 apud
2631 2337 2689 2378 se
2717 2321 2885 2376 verba
2921 2323 3147 2388 retinet,
3183 2324 3306 2379 talis
3337 2341 3449 2380 ma-

1881 2411 2131 2468 ledicitur
2175 2413 2228 2468 in
2277 2413 2520 2484 populis,
2575 2414 2698 2484 quia
2745 2413 2800 2468 in
2847 2414 3012 2470 solius
3054 2413 3209 2486 culpa
3248 2416 3452 2472 silentii

1882 2518 1982 2574 pro
2014 2504 2306 2569 multorum
2342 2520 2487 2574 quos
2509 2505 2782 2576 corrigere
2815 2505 2989 2576 potuit
3024 2521 3180 2576 paena
3233 2507 3454 2564 damna-

1885 2604 1992 2660 tur,
2030 2595 2144 2664 ipse
2177 2603 2262 2651 est
2291 2611 2479 2651 servus
2511 2595 2664 2667 piger
2701 2603 2755 2650 et
2787 2597 2989 2661 malus,
3023 2597 3115 2679 qui
3144 2611 3244 2667 pro
3278 2582 3456 2655 reten-

1887 2686 2031 2741 tione
2067 2687 2287 2753 talenti,
2327 2688 2468 2757 quod
2507 2687 2746 2757 accepit,
2779 2688 2834 2742 in
2870 2688 3167 2744 exteriores
3207 2691 3457 2756 tenebras

1886 2775 2083 2832 missus
2116 2787 2220 2832 est.
2255 2777 2504 2834 Vendunt
2540 2787 2722 2834 autem
2755 2776 3084 2834 frumentum
3115 2781 3205 2852 qui
3236 2782 3458 2837 verbum

1886 2867 2013 2922 vitae
2054 2868 2395 2924 audientibus
2427 2869 2742 2936 conferunt,
2776 2883 2807 2923 a
2842 2870 3037 2939 quibus
3063 2869 3296 2940 pretium
3332 2870 3458 2926 ﬁdei

1888 2965 1945 3012 et
1981 2956 2341 3014 confessionis
2375 2960 2679 3030 accipiant,
2719 2960 2930 3017 dicente
2963 2959 3190 3016 Domino
3226 2979 3239 3016 :
3283 2961 3462 3032 Nego-

1890 3047 2097 3102 tiamini
2131 3050 2255 3103 dum
2287 3052 2433 3106 venio
2483 3050 2656 3122 (Luc.
2688 3050 2861 3123 nx),
2911 3068 3140 3122 quorum
3174 3045 3337 3124 capiti
3371 3055 3464 3110 be-

1892 3136 2127 3193 nedictio
2162 3141 2504 3210 supervenit,
2550 3142 2674 3198 dum
2724 3142 2949 3215 singulis
3001 3142 3066 3199 de
3111 3144 3205 3199 tali
3249 3145 3462 3217 negotio

195 3208 328 3302 quia
363 3232 449 3286 isti
471 3243 590 3287 sunt
613 3249 785 3287 semen
811 3208 896 3287 cui
923 3233 1176 3288 benedixit
1208 3208 1460 3287 Dominus
1482 3215 1615 3305 (Isa'.
1647 3233 1781 3304 LXI).
1815 3208 1860 3271 α
1894 3208 2243 3284 redeuntium
2269 3231 2528 3284 Dominus
2561 3231 2694 3287 dicit
2720 3239 2734 3285 ἑ
2769 3208 2940 3303 Euge,
2966 3251 3110 3289 serve
3146 3235 3275 3291 bane
3307 3208 3356 3290 et
3391 3237 3461 3307 ﬁ-

273 3321 522 3377 Circulus
549 3338 740 3378 aureus
774 3324 829 3377 in
857 3324 1070 3377 naribus
1097 3326 1207 3378 suis
1248 3324 1440 3378 mulier
1480 3323 1701 3394 pulchra
1741 3333 1791 3377 et

199 3413 383 3484 fatua.
402 3409 679 3469 Circulum
703 3429 930 3472 aureum
951 3415 995 3470 si
1017 3415 1076 3469 in
1105 3416 1326 3470 naribus
1352 3415 1464 3470 suis
1485 3413 1691 3481 ii'xeris,
1709 3413 1793 3468 ni-

202 3507 502 3563 hilominus
529 3506 620 3562 ille
655 3515 857 3562 terram
884 3515 1097 3563 vertere
1124 3522 1256 3563 naso
1300 3515 1354 3562 et
1380 3506 1665 3561 volutabro
1695 3505 1793 3559 luti

197 3608 467 3667 properat
483 3596 755 3669 immergi,
781 3597 855 3651 ita
879 3595 1072 3652 mulier
1098 3597 1245 3651 fatua
1267 3596 1312 3652 si
1341 3596 1794 3666 pulchritudinem

201 3687 395 3742 vultus
424 3687 504 3740 vel
527 3687 750 3743 habitus
777 3688 1064 3757 acceperit,
1097 3704 1248 3743 suam
1275 3696 1453 3742 tamen
1499 3685 1689 3742 faciem
1728 3687 1794 3741 ad

201 3778 400 3832 infima
423 3778 716 3844 declinare,
740 3795 892 3834 suam
935 3780 1329 3851 speciositatem
1370 3778 1434 3832 ad
1477 3778 1795 3835 evertendas

200 3868 416 3938 ubique
445 3870 714 3925 castitatis
744 3868 1012 3935 ﬂosculos,
1039 3868 1409 3932 circumferre,
1434 3883 1492 3921 se
1526 3881 1683 3922 emno
1702 3883 1796 3923 vo-

198 3961 436 4033 luptatis
474 3963 754 4032 inquinare
803 3963 991 4034 diligit.
1033 3963 1222 4016 Aliter.
1261 3961 1364 4028 Qui
1417 3967 1795 4016 ornamentum

198 4053 518 4109 divinorum
557 4049 894 4123 eloqulorum
927 4053 1235 4108 meditando
1289 4052 1657 4122 consequitur,
1703 4051 1798 4106 sed

197 4144 331 4199 haec
363 4143 500 4198 male
527 4143 754 4200 vivendo
782 4145 1106 4214 insequitur,
1131 4143 1390 4199 circulum
1431 4157 1656 4198 aureum
1695 4142 1794 4196 ha-

197 4235 304 4290 bet
339 4235 395 4288 in
429 4235 669 4297 naribus,
697 4235 792 4290 sed
823 4250 973 4290 more
1002 4235 1114 4290 suis
1157 4243 1355 4289 terram
1395 4234 1642 4304 subigere
1687 4247 1796 4286 non

200 4325 457 4391 desistit,
490 4325 614 4393 quia
638 4325 778 4394 quod
806 4327 972 4380 odore
997 4325 1203 4380 notitiae
1230 4325 1487 4395 percepit,
1522 4323 1796 4377 immunda

196 4417 428 4471 actione
458 4416 768 4470 sordidavit.
802 4417 1028 4484 Ideoque
1067 4417 1186 4471 talis
1229 4417 1404 4470 anima
1442 4415 1635 4470 mulier
1681 4414 1798 4484 pul-

194 4511 345 4565 chra
390 4517 444 4562 et
491 4507 630 4562 fatua
669 4523 786 4563 esse
812 4519 1078 4570 censetur,
1111 4509 1234 4577 quia
1279 4508 1586 4563 carnalibus
1614 4508 1796 4563 dedita

196 4599 514 4664 illecebris,
538 4599 759 4668 pulchra
787 4607 870 4652 est
894 4612 994 4667 per
1030 4597 1307 4652 scientiam
1328 4638 1342 4660 ,
1372 4599 1464 4652 sed
1493 4613 1591 4668 per
1629 4598 1796 4652 actio-

196 4706 340 4746 nem
374 4688 541 4742 fatua.
581 4687 769 4752 Aliter,
811 4687 934 4756 quia
964 4687 1261 4743 doctrinam
1289 4688 1597 4742 haereticam
1624 4688 1797 4742 nitore

196 4781 354 4834 vidit
385 4778 586 4848 eloquii
613 4777 971 4848 resplendere,
1002 4793 1101 4832 nec
1133 4784 1309 4831 tamen
1348 4778 1626 4845 sapientia:
1671 4786 1795 4846 apto

197 4867 500 4924 intellectu
537 4881 852 4939 congruere.
887 4865 1147 4929 Circulus,
1175 4865 1364 4932 inquit,
1390 4881 1580 4918 aureus
1610 4866 1663 4918 in
1697 4881 1795 4918 na-

196 4959 364 5013 ribus
398 4957 528 5022 suis,
555 4957 608 5010 id
636 4964 740 5021 est,
765 4955 987 5027 pulchra
1015 4962 1068 5009 et
1110 4952 1451 5019 circumﬂexo
1503 4953 1700 5008 locutio
1741 4955 1795 5008 in

193 5050 474 5108 sensibus
513 5047 708 5102 mentis
741 5048 934 5112 stultae,
966 5047 1052 5101 cui
1091 5063 1152 5101 ex
1196 5045 1375 5114 loquio
1417 5053 1606 5100 aurum
1657 5063 1792 5116 pen-

197 5122 320 5204 det,
361 5140 461 5194 sed
495 5147 673 5192 tamen
702 5151 765 5191 ex
793 5145 1021 5193 terrena:
1047 5138 1356 5193 intentionis
1385 5139 1619 5207 pondere
1646 5155 1796 5193 more

195 5233 327 5288 suis
353 5230 426 5284 ad
445 5227 724 5299 superiora
747 5241 851 5280 non
883 5227 1118 5296 respicit,
1139 5228 1280 5296 quod
1313 5237 1528 5282 secutus
1551 5227 1799 5298 exposuit

197 5325 432 5384 dicens,
457 5318 651 5374 Mulier
675 5316 890 5386 pulchra
917 5327 963 5370 et
1004 5317 1153 5384 fatua
1178 5335 1269 5388 per
1284 5316 1616 5371 intellectum.
1694 5303 1697 5305 ﬁ

283 5410 632 5466 Desiderium
662 5408 925 5478 justorum
961 5423 1110 5461 omne
1147 5409 1338 5462 bonum
1364 5416 1470 5472 est,
1502 5418 1548 5460 et
1577 5417 1794 5476 prmsto-

197 5501 347 5555 latio
390 5500 673 5570 impiorum
701 5498 872 5570 furor.
902 5495 1128 5566 Semper
1147 5496 1278 5565 justi
1301 5497 1563 5568 justitiam
1601 5497 1796 5565 ubique

197 5605 458 5664 regnare
492 5592 839 5656 desiderant,
880 5597 936 5643 at
972 5589 1123 5659 impii
1157 5590 1324 5643 etiam
1356 5605 1480 5643 cum
1517 5589 1797 5658 quiescere

201 5685 282 5739 ab
334 5682 646 5752 impietatis
682 5680 996 5736 executione
1032 5679 1254 5744 vident,
1293 5679 1566 5749 preposito
1619 5690 1796 5733 tamen

203 5775 354 5832 dira:
386 5773 591 5828 mentis
621 5773 684 5825 :t-l
719 5769 1052 5826 inferendam
1087 5768 1307 5825 cuilibet
1337 5769 1444 5823 vim
1485 5769 1688 5824 furoris
1717 5768 1799 5822 iu-

1892 3320 2022 3375 delis
2042 3361 2056 3385 ,
2087 3323 2212 3391 quia
2248 3339 2402 3391 super
2427 3339 2597 3392 pauca
2627 3323 2774 3392 fuisti
2803 3323 3002 3394 ﬁdelis,
3035 3343 3189 3396 super
3215 3327 3381 3382 multa
3413 3338 3462 3383 te

1891 3409 2243 3474 constituam;
2274 3410 2412 3463 intra
2439 3411 2493 3463 in
2515 3402 2771 3480 gaudium
2799 3411 2995 3466 domini
3025 3414 3102 3466 tui
3141 3411 3351 3486 (Ibid.).

1961 3498 2102 3554 Bene
2128 3501 2392 3571 consurgit
2421 3500 2653 3555 diluculo
2676 3543 2691 3568 ,
2717 3503 2807 3574 qui
2831 3505 3018 3575 quarrit
3049 3494 3182 3559 bona
3199 3546 3215 3571 ,
3243 3506 3333 3577 qui
3369 3525 3465 3560 au-

1893 3599 1995 3644 tem
2018 3591 2349 3661 investigator
2375 3593 2635 3648 malorum
2664 3602 2738 3647 est
2763 3595 3078 3665 opprimetur
3104 3595 3168 3648 ab
3196 3597 3289 3649 eis.
3319 3595 3465 3651 Bona

1896 3693 2137 3746 quaerere
2187 3694 2307 3748 quae
2355 3678 2536 3736 facere
2580 3681 2822 3749 debeas;
2870 3684 3063 3753 quibus
3110 3685 3177 3740 ad
3223 3685 3464 3741 caelestia

1896 3768 2036 3823 bona
2067 3760 2352 3840 pervenias
2372 3812 2386 3836 ,
2417 3772 2520 3828 hoc
2547 3781 2657 3847 est,
2688 3772 2824 3827 bene
2850 3772 3080 3828 diluculo
3106 3789 3428 3848 consurgere
3447 3818 3461 3842 ,

1899 3861 1952 3913 id
1985 3870 2069 3914 est
2104 3872 2378 3917 crescente
2414 3863 2534 3918 luce
2571 3864 2812 3920 scientiae
2848 3865 2914 3919 ad
2950 3865 3150 3920 bonum
3189 3881 3322 3935 opus
3370 3883 3462 3922 ac-

1899 3948 2070 4019 cingi,
2110 3949 2195 4004 vel
2232 3959 2380 4006 certe
2419 3952 2588 4019 bene,
2622 3953 2675 4007 id
2710 3961 2825 4020 est,
2855 3956 2921 4010 ad
2958 3955 3120 4008 vitam
3155 3958 3464 4028 consurgit,

1898 4041 1953 4093 in
1984 4049 2223 4112 tempore
2253 4047 2697 4113 resurrectionis,
2728 4049 2820 4117 qui
2851 4035 2991 4104 nunc
3021 4049 3157 4105 bona
3185 4049 3378 4120 quaerit
3411 4049 3468 4102 in

1901 4138 2143 4201 tempore
2191 4135 2556 4204 operationis,
2607 4139 2698 4208 qui
2747 4147 2924 4194 autem
2971 4141 3110 4195 mala
3154 4155 3274 4210 quae
3324 4142 3468 4196 dicat

1900 4222 2012 4277 sive
2051 4233 2206 4294 agat,
2247 4227 2403 4280 modo
2437 4227 2606 4282 solers
2639 4229 2891 4297 inquirit,
2930 4239 3055 4286 tunc
3103 4247 3289 4287 eorum
3333 4247 3467 4302 pon-

1900 4311 2027 4366 dere
2055 4314 2121 4368 ad
2152 4314 2346 4369 altiora
2378 4317 2528 4386 regni
2559 4319 2842 4387 perveniat
2873 4321 3196 4376 retardatur.

1972 4401 2074 4468 Qui
2112 4406 2336 4476 conﬁdet
2378 4406 2434 4461 in
2473 4406 2668 4461 divitiis
2709 4408 2816 4462 suis
2856 4420 3089 4476 corruet,
3123 4410 3260 4480 justi
3293 4423 3465 4468 autem

1898 4495 2049 4565 quasi
2092 4498 2257 4552 virens
2301 4499 2485 4569 folium
2530 4501 2913 4569 germinabunt.
2965 4502 3064 4569 Qui
3113 4504 3466 4573 praesentibus

1902 4584 2058 4640 bonis
2089 4585 2332 4652 inhians,
2373 4586 2548 4642 futura
2588 4603 2694 4643 non
2730 4591 2961 4661 cogitat,
2997 4592 3238 4662 utrisque
3270 4593 3325 4647 iu
3365 4609 3464 4648 no-

1900 4675 2122 4730 vissimo
2152 4674 2358 4733 carebit
2387 4697 2400 4733 :
2435 4679 2527 4748 qui
2557 4689 2734 4734 autem
2766 4697 2860 4750 spe
2890 4681 3186 4737 futurorum
3219 4685 3467 4752 praemioa

1903 4780 2020 4818 rum
2062 4767 2197 4819 bona
2235 4765 2440 4822 faciunt
2474 4769 2526 4822 in
2568 4771 2849 4837 prmsenti,
2885 4772 3029 4841 juste
3078 4789 3196 4841 qua:
3245 4782 3465 4842 sperant

1904 4855 2188 4923 accipiunt.
2245 4855 2438 4911 Virens
2491 4861 2686 4928 quippe
2736 4860 2788 4912 in
2825 4861 3018 4915 arbore
3051 4861 3234 4916 folium
3262 4861 3466 4917 fructus

1901 4959 2034 5013 quos
2070 4945 2302 4999 nondum
2346 4949 2628 5003 ostendere
2669 4950 2865 5016 habet,
2899 4953 3075 5021 signat
3115 4953 3181 5006 ad
3223 4951 3465 5018 luturos,

1902 5042 1949 5086 et
1971 5034 2106 5102 justi
2134 5037 2286 5106 quasi
2317 5036 2483 5091 virens
2513 5038 2695 5108 folium
2726 5044 3018 5110 germinant
3043 5043 3170 5111 quia
3198 5058 3293 5112 spe
3332 5043 3466 5097 salvi

1904 5125 2028 5179 facti
2049 5167 2062 5191 ,
2099 5128 2149 5181 in
2182 5128 2304 5182 ﬁdei
2337 5145 2398 5184 ac
2430 5131 2686 5183 virtutum
2718 5132 2888 5201 gratia
2917 5132 3179 5200 prolicere
3207 5148 3314 5187 non
3345 5148 3464 5188 ees-

1900 5229 2056 5284 sant,
2111 5219 2284 5275 donec
2333 5221 2399 5275 ad
2450 5219 2684 5276 fructum
2731 5222 3048 5278 desiderata:
3096 5223 3465 5280 retributionis

1900 5309 2182 5380 attingant.

1971 5399 2074 5465 Qui
2118 5403 2387 5455 conturbat
2423 5403 2634 5456 domum
2671 5420 2820 5456 suam
2859 5404 3136 5475 possidebit
3176 5417 3379 5472 ventos,
3417 5418 3467 5462 et

1898 5494 1986 5563 qui
2029 5494 2218 5547 stultus
2257 5503 2361 5559 est,
2401 5496 2582 5548 serviet
2620 5495 2858 5564 sapienti.
2901 5495 3000 5562 Qui
3041 5506 3273 5550 mentem
3313 5511 3466 5551 suam

1905 5578 2220 5639 tumultibus
2273 5583 2604 5655 cogitatuum
2661 5587 2942 5642 noxiorum
2993 5587 3304 5643 conturbari
3359 5603 3460 5653 nor

1905 5676 2124 5742 metuit,
2160 5677 2300 5744 hanc
2327 5677 2512 5745 utique
2543 5677 2898 5749 malignorum
2934 5679 3216 5749 spirituum
3255 5677 3459 5735 ﬂatibus

1903 5764 2114 5839 quibus,
2143 5769 2405 5825 obruatur
2454 5769 2657 5837 aperit,
2697 5779 2752 5823 et
2794 5770 2882 5838 qui
2913 5761 3123 5826 'stultus
3172 5771 3457 5840 sapientem
