3918 6338
426 419 530 473 ’119

1070 415 1128 468 Β.
1170 411 1425 469 RABANI
1463 407 1682 466 MAUBI
1720 402 2039 464 ARCIIIEP.
2080 400 2385 459 MOGUNT.
2429 398 2716 460 OPEIIUM
2751 397 2934 454 PARS
2972 396 3057 451 Ill.

3581 392 3687 438 no

424 533 769 609 persequitur
816 544 914 598 per
962 528 1063 582 hoc
1110 527 1160 580 ei
1211 523 1376 578 etiam
1426 521 1754 577 dominando
1806 517 2001 582 servit,
2033 518 2087 578 Α
2111 530 2307 587 magno
2338 513 2620 570 sacerdote
2651 513 2766 581 ipse
2790 516 2942 564 stans
2968 505 3124 575 juxta
3163 517 3317 557 aram
3358 509 3414 556 et
3453 499 3597 553 circa
3627 496 3696 552 il-

425 607 552 699 quia
585 624 899 697 patientiam
927 618 1042 688 ejus
1069 615 1366 687 premendo
1397 613 1767 683 probatiorem
1797 607 2006 673 reddit,

425 726 484 773 ut
514 732 574 773 se
612 713 864 769 videlicet
891 710 1144 764 damnato
1166 746 1181 774 ,
1214 705 1303 760 i-lle
1332 703 1582 759 bravium
1610 717 1712 772 pro
1746 714 1853 770 quo
1891 712 2010 753 cer-

426 811 575 865 tabat
603 803 852 874 accipiat.

495 897 727 951 Fructus
747 892 918 966 justi,
953 889 1155 961 lignum
1184 887 1322 943 vitta.
1361 884 1572 940 Merces
1595 882 1729 953 justi
1759 879 1895 936 visio
1928 886 2012 934 est

423 990 656 1054 Christi,
687 990 800 1058 ipse
829 998 1062 1054 namque
1089 989 1173 1038 est
1203 978 1471 1050 sapientia
1492 1018 1507 1044 ,
1557 977 1625 1032 de
1662 989 1768 1044 qua
1807 972 2013 1028 dictum

424 1096 541 1150 est,
589 1083 797 1154 lignum
844 1079 968 1133 vitae
1014 1085 1099 1132 est
1141 1070 1596 1144 amplectentibus
1643 1081 1764 1123 eam
1792 1106 1807 1131 ,
1857 1073 1913 1119 et
1956 1063 2012 1117 in

419 1171 781 1248 Apocalypsi,
829 1170 918 1242 qui
965 1168 1174 1232 vicerit,
1219 1164 1427 1234 inquit,
1473 1162 1608 1217 dabo
1655 1157 1703 1212 ei
1749 1157 1902 1212 edere
1949 1154 2014 1209 de

421 1245 562 1342 ligno
586 1269 734 1333 vim,
764 1262 904 1335 quod
929 1269 1004 1316 est
1036 1262 1092 1315 in
1146 1257 1395 1329 paradiso
1424 1255 1523 1309 Dei
1548 1253 1648 1307 mei
1674 1250 1876 1322 (Apoc.
1907 1245 2010 1318 ιι).

424 1338 491 1416 Et
535 1361 679 1414 hunc
719 1357 955 1409 fructum
985 1349 1145 1405 modo
1184 1348 1317 1420 justi
1348 1349 1700 1414 exspectant,
1738 1338 2010 1410 quandiu,

423 1454 563 1508 sicut
587 1448 906 1522 praadictum
933 1451 1017 1497 est
1034 1482 1048 1506 ,
1079 1439 1234 1510 quasi
1258 1439 1444 1500 virens
1467 1435 1652 1491 folium
1679 1431 2008 1504 germinant.

493 1544 564 1599 Et
603 1542 694 1614 qui
721 1538 939 1608 suscipit
968 1534 1173 1589 animas
1204 1530 1410 1602 sapiens
1442 1537 1535 1582 est.
1570 1526 1674 1594 Qui
1707 1525 2014 1580 animarum

422 1613 618 1693 curam
649 1649 748 1706 pro
792 1629 1023 1686 Domino
1069 1625 1314 1694 suscipit.
1350 1621 1421 1678 Ut
1447 1636 1541 1675 eas
1569 1618 1780 1674 scilicet
1810 1613 1894 1669 vel
1926 1627 2013 1668 er-

423 1735 608 1784 rantes
636 1726 859 1789 doceat,
890 1720 978 1777 vel
1007 1726 1234 1774 moestas
1264 1714 1486 1776 soletur,
1518 1710 1604 1764 vel
1631 1716 1851 1779 agentes
1875 1715 2014 1760 tem-

2110 607 2223 661 lum
2249 620 2449 660 corona
2479 602 2742 667 fratrum,
2768 608 2862 654 aut
2884 612 3009 654 ossa
3029 637 3043 661 ,
3075 595 3128 649 id
3153 601 3238 648 est
3255 633 3270 659 ,
3297 593 3530 646 virtutes
3555 601 3694 658 quas

2110 696 2488 752 hereticorum
2533 691 2698 747 factio
2749 689 2990 747 cernitur
3028 686 3231 742 habere
3268 684 3506 756 putredo
3537 678 3694 753 pravi

2110 785 2380 857 dogmatis
2409 783 2728 853 corrumpit.

2182 872 2534 945 Cogitationes
2565 873 2868 942 justorum,
2899 871 3149 941 judicia;
3178 876 3225 922 et
3265 867 3484 921 consilia
3510 865 3698 936 impio-

2113 982 2230 1021 rum
2260 964 2619 1035 fraudulenta.
2649 963 2787 1019 Justi
2817 979 2914 1018 sua
2946 963 3089 1018 facta
3116 962 3162 1017 si
3187 961 3417 1018 Domino
3444 960 3699 1030 placeant

2114 1056 2300 1114 sedula
2327 1055 2684 1112 meditatione
2715 1052 3049 1123 dijudicant,
3079 1067 3148 1108 ne
3176 1050 3318 1114 forte
3346 1051 3478 1120 ipsis
3516 1050 3701 1103 minus

2114 1147 2360 1204 sollicitis
2385 1161 2651 1216 supernus
2675 1144 2880 1200 arbiter
2903 1152 3095 1200 contra
3121 1159 3215 1198 eos
3237 1141 3582 1197 invisibiliter
3607 1140 3703 1195 ad-

2114 1253 2272 1294 versa
2297 1238 2579 1307 disponat,
2604 1235 2760 1304 juxta
2792 1235 2923 1291 illud
2951 1233 3196 1305 Apostoli
3223 1252 3236 1286 :
3271 1232 3329 1288 Si
3357 1233 3700 1301 nosmetipsos

2115 1329 2533 1399 dijudicaremus
2553 1370 2567 1394 ,
2597 1344 2701 1383 non
2727 1329 2903 1398 utique
2920 1324 3292 1397 judicaremur
3321 1323 3340 1395 (
3365 1323 3394 1376 Ῑ
3421 1321 3546 1377 Cor.
3576 1337 3629 1377 χι
3657 1322 3703 1390 ).

2113 1420 2184 1474 At
2222 1420 2437 1491 reprobi
2477 1420 2642 1475 divini
2676 1419 2887 1474 timoris
2916 1417 3069 1473 obliti
3103 1417 3170 1473 de
3201 1414 3392 1470 fraude
3421 1429 3588 1478 quam
3616 1412 3704 1467 fa-

2115 1516 2298 1582 ciant,
2329 1531 2425 1570 sua
2451 1514 2678 1569 consilia
2712 1521 2929 1585 cogunt.

2196 1609 2350 1664 Verte
2377 1609 2564 1679 impios
2593 1616 2641 1662 et
2673 1623 2778 1660 non
2805 1615 2990 1670 erunt,
3020 1605 3208 1660 domus
3237 1613 3412 1658 autem
3430 1607 3705 1674 justorum

2113 1701 2451 1774 permanebit.
2483 1699 2641 1755 Versi
2673 1698 2740 1753 de
2767 1697 2872 1752 hac
2896 1696 3010 1750 vita
3039 1695 3191 1765 impii
3221 1711 3328 1750 non
3357 1702 3544 1758 erunt,
3563 1690 3710 1762 quod

418 1817 697 1889 poralibus
719 1785 878 1871 bonis
905 1815 1205 1872 sustentet,
1234 1805 1318 1859 vel
1345 1802 1643 1858 renitentes
1673 1799 1739 1854 ad
1772 1795 2014 1852 remedia
2041 1872 2089 1889 ﬁ
2115 1791 2368 1857 fuerant,
2412 1791 2537 1862 quia
2581 1795 2705 1860 post
2750 1795 2977 1842 mortem
3029 1800 3137 1840 non
3183 1785 3365 1855 qualia
3411 1785 3712 1840 credebant

423 1872 613 1964 salutis
643 1904 959 1976 protrahat,
990 1899 1076 1954 vel
1120 1903 1341 1968 pastore
1381 1890 1669 1947 destitutas
1708 1887 2009 1956 gubernet,
2041 1872 2091 1934 Β
2117 1883 2432 1947 inveniunt,
2472 1880 2566 1936 sed
2606 1894 2698 1950 spe
2738 1893 2834 1933 sua
2878 1876 3125 1932 frustrati
3167 1892 3264 1947 pro
3303 1876 3546 1945 praemiis
3600 1883 3712 1927 tor-

421 2013 530 2069 quo
558 1974 668 2051 una
698 2007 880 2050 secum
909 1990 1093 2061 plures
1125 1986 1192 2041 ad
1223 1983 1514 2039 Dominum
1543 1979 1844 2050 perducat,
1876 1974 1970 2044 qui
1997 2013 2013 2040 ,

421 2089 646 2157 inquam
666 2124 681 2150 ,
713 2084 788 2137 ita
817 2081 1029 2134 animas
1057 2076 1323 2144 suscipit,
1356 2072 1572 2142 sapiens
1600 2075 1720 2133 est,
1763 2065 1891 2137 quia
1933 2063 2015 2118 ni-

422 2156 624 2235 mirum
649 2189 761 2232 suae
787 2172 984 2228 animae
1009 2186 1106 2240 per
1128 2169 1247 2222 haec
1268 2165 1414 2222 unde
1443 2160 1728 2220 sublimius
1753 2173 1878 2214 cum
1904 2156 2014 2212 Do-

423 2273 574 2326 mino
604 2273 798 2340 regnet
823 2271 1100 2335 procurat.

495 2362 556 2419 Si
594 2362 773 2430 justus
814 2357 870 2409 in
913 2364 1055 2408 terra
1099 2349 1322 2420 recipit,
1362 2354 1559 2417 quanto
1606 2346 1775 2413 magis
1822 2343 2015 2409 impius

419 2463 469 2509 et
513 2444 888 2522 peccator?Si
934 2443 1107 2498 sancti
1148 2447 1420 2511 martyres
1467 2443 1618 2490 tanta
1665 2432 1813 2504 passi
1858 2438 2013 2496 sunt,

417 2517 582 2615 justi,
615 2544 822 2611 quanta
849 2543 1010 2606 putas
1039 2547 1134 2587 eos
1165 2543 1386 2585 manere
1429 2531 1697 2582 tormenta
1719 2521 1859 2603 ,iqui
1897 2517 2016 2573 illos

422 2608 731 2704 aﬂligebant
772 2626 994 2698 injusti,
1026 2625 1072 2679 si
1116 2621 1218 2677 Job
1248 2628 1302 2675 et
1330 2618 1532 2674 Tobias
1581 2613 1873 2681 caeterique
1920 2608 2015 2664 Dei

420 2701 613 2787 electi,
646 2728 798 2774 tanta
837 2718 894 2772 in
935 2715 1038 2770 bac
1077 2715 1190 2768 vita
1236 2717 1561 2781 receperunt
1590 2708 1850 2769 adversa,
1888 2701 2018 2772 quid

426 2811 802 2876 contristaris,
846 2809 893 2871 si
938 2815 989 2862 te
1029 2806 1121 2875 qui
1161 2812 1272 2858 tam
1313 2802 1471 2872 longe
1502 2798 1644 2853 infra
1678 2796 1892 2852 illorum
1927 2808 2020 2846 ve—

426 2906 580 2977 stigia
605 2901 782 2972 jaces,
818 2906 1035 2954 tentans
1060 2897 1129 2950 ad
1158 2894 1428 2949 modicum
1461 2888 1678 2944 afﬂictio
1709 2883 1924 2956 tangit?
1953 2882 2022 2937 Et

427 2972 648 3072 quidem
683 3003 737 3047 te
764 2989 869 3045 etsi
898 2987 1125 3058 impium
1155 2985 1337 3040 dicere
1378 2988 1472 3035 aut
1512 2977 1738 3034 credere
1774 2989 1882 3030 non
1930 2972 2022 3026 de-

429 3065 551 3154 bes,
588 3093 932 3158 peccatorem
963 3089 1146 3135 tamen
1178 3087 1230 3132 te
1259 3091 1413 3141 esse,
1453 3073 1508 3128 id
1547 3081 1665 3137 est,
1708 3069 1888 3138 aliqua
1918 3065 2018 3120 ba-

427 3181 560 3236 bere
598 3183 854 3248 peccata,
897 3185 1064 3244 parva
1101 3169 1215 3223 sive
1259 3179 1491 3237 magna,
1539 3169 1728 3232 aperta
1769 3159 1885 3213 sive
1923 3171 2019 3210 oc-

2121 1982 2316 2028 menta-
2342 1973 2630 2042 recipiunt.
2674 1971 2875 2025 Domus
2916 1977 3099 2022 autem
3132 1967 3407 2038 justorum
3435 2007 3450 2030 ,
3496 1964 3550 2020 id
3593 1968 3709 2030 est,

2121 2055 2363 2122 Ecclesia
2401 2080 2522 2135 quae
2558 2063 2757 2134 partim
2789 2061 3168 2133 peregrinatur
3208 2059 3473 2124 interius,
3508 2058 3709 2128 partim

2121 2165 2316 2229 regnat
2363 2158 2418 2211 in
2449 2156 2606 2221 coelo,
2643 2169 2920 2224 nunquam
2959 2151 3176 2217 deficit;
3225 2151 3320 2206 sed
3374 2162 3716 2220 quaecunque

2120 2250 2366 2306 membra
2394 2248 2510 2318 ejus
2538 2249 2666 2303 hinc
2692 2247 2782 2302 illo
2810 2246 3166 2317 perveniunt,
3195 2242 3396 2298 ibidem
3429 2242 3484 2296 in
3518 2240 3714 2312 gaudia

2120 2359 2242 2415 qua:
2271 2341 2563 2413 sperabant
2594 2339 2894 2396 inveniunt.
2925 2336 3120 2402 Aliter,
3152 2344 3288 2390 verte
3313 2334 3503 2404 impios
3531 2343 3580 2387 et
3611 2348 3716 2385 non

2121 2443 2293 2489 erunt.
2335 2432 2472 2499 Quia
2508 2430 2677 2485 multa
2714 2429 2967 2498 impietas
3003 2427 3059 2481 in
3090 2425 3193 2482 diis
3235 2424 3480 2497 gentium
3502 2464 3516 2488 ,
3546 2422 3716 2477 multa

2121 2523 2182 2578 in
2221 2522 2386 2578 sectis
2428 2520 2847 2584 haereticorum,
2889 2517 3058 2572 multa
3099 2516 3154 2570 in
3196 2514 3488 2586 praestigiis
3531 2529 3719 2584 mago-

2121 2631 2274 2681 rum,
2322 2613 2488 2668 multa
2535 2613 2588 2667 in
2615 2610 3084 2681 persecutionibus
3114 2607 3325 2663 exstitit
3350 2620 3712 2677 paganorum.

2123 2707 2232 2764 Sed
2267 2708 2384 2773 bis,
2415 2706 2644 2761 Domino
2674 2705 2931 2768 donante,
2960 2700 3266 2764 subversis,
3299 2699 3479 2753 ablata
3510 2709 3594 2752 est
3627 2713 3719 2768 pa-

2123 2803 2266 2858 riter
2284 2801 2449 2856 etiam
2482 2796 2745 2853 memoria
2776 2793 3071 2864 impietatis
3099 2806 3288 2847 eorum
3312 2830 3328 2856 ,
3369 2798 3426 2845 et
3452 2787 3569 2858 jam
3616 2787 3716 2857 ipsi

2125 2893 2308 2964 apices
2333 2891 2513 2956 stulti,
2541 2891 2656 2961 ipsa
2685 2888 2938 2958 dogmata
2963 2886 3088 2957 igne
3114 2894 3268 2954 rapta
3287 2925 3300 2949 ,
3331 2893 3392 2938 ut
3413 2883 3476 2937 'in
3503 2882 3718 2953 Epheso

2125 2993 2306 3042 actum
2337 2991 2581 3053 tempore
2612 2979 2980 3052 apostolorum
3010 2977 3260 3048 legimus.
3298 2975 3500 3029 Domus
3541 2983 3718 3027 autem

2116 3080 2388 3154 justorum
2411 3074 2764 3147 permanebit,
2791 3073 2921 3143 quia
2945 3079 3137 3127 sancta
3163 3069 3409 3126 Ecclesia
3438 3081 3717 3136 nunquam

2126 3172 2212 3229 vel
2242 3169 2504 3227 abscondi
2535 3167 2621 3224 vel
2649 3165 2823 3238 potuit
2856 3163 3090 3229 auferri,
3119 3162 3195 3217 nil
3221 3177 3289 3217 ex
3320 3162 3438 3232 ejus
3470 3173 3720 3215 corrum-

424 3272 605 3336 culta,
653 3267 886 3324 inliciari
944 3280 1053 3320 non
1112 3261 1310 3324 debes,
1355 3259 1466 3312 imo
1516 3252 1765 3310 confiteri
1823 3247 2017 3315 debes,
2050 3244 2096 3308 C
2127 3280 2256 3336 pere
2296 3260 2628 3330 scripturis,
2660 3259 2714 3313 in
2743 3256 2886 3312 nunc
2927 3256 3047 3326 eius
3081 3254 3242 3310 ﬁdem
3283 3252 3526 3316 violare,
3571 3258 3716 3303 tam,

424 3383 494 3423 ne
524 3374 578 3421 te
619 3365 734 3434 ipse
779 3361 1008 3417 seducas
1037 3364 1094 3411 ct
1121 3354 1329 3409 veritas
1358 3351 1414 3405 in
1443 3358 1496 3404 te
1536 3362 1656 3402 esse
1683 3359 1790 3399 non
1822 3341 2015 3413 possit.

426 3459 488 3515 Si
519 3472 651 3527 ergo
676 3453 813 3523 justi
846 3453 900 3505 in
931 3459 1078 3504 terra
1109 3449 1434 3527 receperunt
1470 3438 1604 3493 Abel
1647 3434 1892 3505 martyrii
1922 3473 1936 3497 ,
1966 3440 2022 3487 et

427 3547 532 3606 Job
563 3523 842 3615 exemplar
872 3523 1180 3612 patientiae,
1213 3543 1417 3606 quanto
1447 3532 1623 3602 magis
1654 3529 1803 3599 impii
1833 3526 2024 3580 Antio-

423 3640 564 3697 chus
591 3644 754 3705 atque
785 3632 1026 3688 Herodes
1056 3639 1109 3684 ct
1137 3635 1451 3698 peccatores
1481 3624 1535 3678 in
1567 3620 1860 3692 Evangelio
1881 3659 1894 3684 ,
1925 3633 2022 3687 pa-

427 3731 643 3804 ralytici
663 3770 678 3794 ,
708 3729 798 3798 qui
830 3743 937 3782 non
966 3724 1068 3778 nisi
1101 3721 1337 3777 dimissis
1367 3719 1543 3789 primo
1574 3714 1813 3784 peccatis
1843 3711 2025 3766 curari

429 3823 720 3880 a-Domino
750 3823 1059 3889 potuerunt.
1093 3811 1398 3866 Notandum
1441 3807 1586 3878 quod
1628 3807 1770 3860 hanc
1809 3811 2026 3859 senten-

431 3916 566 3970 tiam
602 3913 798 3968 Petrus
827 3910 883 3964 in
910 3905 1182 3977 Epistola,
1208 3902 1364 3971 juxta
1396 3897 1675 3967 antiquam
1705 3892 2023 3948 translatio-

431 4024 583 4075 nem,
608 4005 789 4079 posuit
818 4004 1005 4059 dicens
1036 4014 1050 4052 :
1077 3998 1145 4052 Et
1177 3998 1223 4051 si
1245 3995 1424 4065 justus
1465 3993 1552 4046 vix
1589 3988 1900 4053 salvabitur,
1933 3985 2020 4038 im-

434 4099 554 4169 pius
584 4076 632 4151 et
662 4101 902 4165 peccator
927 4087 1019 4141 ubi
1045 4086 1297 4156 parebunt
1325 4083 1348 4134 ?
1377 4080 1427 4152 (Ι
1458 4077 1576 4134 Pet.
1609 4076 1708 4148 IV.)

1033 4173 1262 4231 CAPUT
1301 4171 1414 4225 XII.

510 4281 617 4348 Qui
664 4277 830 4332 bonus
879 4282 988 4338 est,
1042 4268 1246 4323 hauriet
1276 4263 1560 4319 aDomino
1614 4260 1891 4332 gratiam:
1938 4273 2027 4328 qui

437 4381 611 4428 autem
651 4365 866 4436 conﬁdit
906 4357 1308 4432 cogitationibus
1347 4355 1459 4410 suis
1485 4393 1500 4419 ,
1537 4353 1697 4422 impie
1727 4351 1858 4421 agit.
1911 4347 2022 4403 Ho-

438 4478 560 4518 rum
587 4456 981 4514 versiculorum
1018 4448 1284 4505 connexio
1317 4446 1440 4500 talis
1467 4454 1583 4511 est,
1614 4443 1708 4513 qui
1738 4443 1916 4498 bonus
1944 4446 2030 4496 est

438 4570 548 4611 non
591 4548 815 4606 conlidit
862 4543 1280 4617 cogitationibus
1319 4539 1461 4603 suis,
1516 4538 1612 4592 sed
1646 4536 1862 4591 Domini
1905 4550 2031 4606 gra-

442 4648 571 4702 tiam
617 4640 839 4712 quaerit,
889 4653 953 4692 ac
999 4650 1097 4705 per
1146 4633 1290 4686 illam
1339 4630 1566 4699 accipit,
1617 4636 1679 4681 ut
1721 4627 1808 4697 pie
1848 4626 2030 4680 vivere

436 4738 641 4809 possit,
671 4734 764 4805 qui
796 4740 977 4787 autem
1009 4724 1434 4797 cogitationibus
1462 4722 1575 4777 suis
1601 4720 1826 4776 conlidit
1854 4720 2029 4775 bonus

439 4843 562 4884 esse
595 4824 802 4894 nequit.
837 4821 974 4875 Nam
1005 4819 1097 4888 qui
1127 4817 1359 4888 gratiam
1389 4811 1611 4884 superni
1641 4809 1904 4879 adjutoris
1933 4824 2030 4880 pe-

441 4929 556 4975 tere
587 4933 695 4972 uon
726 4922 911 4976 curat,
946 4911 1139 4965 merito
1169 4907 1332 4976 impia
1364 4904 1576 4958 actione
1606 4902 1883 4973 perdurat.

519 4993 716 5060 Mulier
757 5005 1012 5072 diligens,
1049 5014 1245 5052 corona
1285 5005 1357 5050 est
1400 4996 1510 5048 viro
1547 5010 1641 5047 suo
1671 5008 1690 5045 :
1729 5003 1776 5046 et
1812 4991 2032 5063 putredo

443 5100 500 5153 in
549 5095 751 5150 ossibus
802 5094 915 5160 eius
944 5131 958 5155 ,
1006 5106 1122 5160 quae
1166 5087 1472 5156 confusione
1521 5103 1600 5140 res
1644 5087 1832 5156 dignas
1880 5085 2032 5156 gerit.

446 5192 610 5247 Pater
638 5190 833 5244 litterae
862 5200 1053 5240 sensus
1074 5225 1087 5249 ,
1119 5184 1246 5252 quia
1275 5183 1468 5237 mulier
1494 5183 1633 5236 bona
1664 5190 1719 5235 et
1746 5190 1896 5235 casta
1938 5179 2035 5233 ho-

448 5300 636 5341 norem
678 5282 796 5335 viro
824 5294 924 5333 suo
953 5276 1176 5346 praebet.
1210 5275 1265 5328 In
1293 5275 1575 5338 oumibus,
1608 5273 1829 5343 ejusque
1859 5275 2034 5328 virtu-

449 5375 595 5428 tibus
629 5371 744 5440 ipsa
771 5370 990 5424 domum
1020 5368 1159 5421 bene
1190 5381 1415 5436 regens,
1445 5365 1598 5435 quasi
1628 5365 1856 5435 gratiam
1889 5365 2040 5420 addit

451 5476 708 5518 coronae:
745 5468 801 5514 at
841 5475 970 5514 vero
1012 5458 1286 5523 adultera,
1328 5465 1382 5512 et
1413 5457 1458 5512 si
1506 5456 1639 5511 foris
1669 5459 1913 5526 Speciosa
1944 5472 2037 5528 pa-

453 5563 568 5619 rct,
609 5553 755 5606 intus
791 5551 961 5606 fetore
1003 5552 1228 5605 luxuriae
1278 5567 1373 5605 sua
1412 5551 1654 5605 membra
1687 5553 2036 5622 coinquinat,

454 5661 646 5700 verum
694 5643 1012 5712 spiritaliter
1068 5643 1311 5698 Ecclesia
1363 5659 1620 5699 coronam
1674 5644 1873 5699 Christi
1930 5659 2036 5698 non

457 5738 614 5791 aliam
646 5752 809 5805 quam
840 5737 1070 5806 seipsam
1102 5736 1278 5794 oil'ert.
1309 5738 1510 5792 Omnes
1539 5737 1683 5792 enim
1714 5738 1806 5807 qui
1840 5738 1891 5792 in
1936 5741 2041 5792 cir—

457 5828 604 5882 cuitu
636 5826 750 5898 ejus
782 5837 903 5884 sunt
935 5826 1162 5884 offerent
1193 5846 1448 5896 munera,
1483 5839 1532 5885 ct
1565 5830 1702 5888 ﬁlius
1731 5829 1922 5886 Sirach
1974 5832 2038 5888 de

2132 3367 2435 3428 temporum
2465 3351 2742 3424 longitudo
2766 3348 3082 3419 praevaluit,
3120 3353 3300 3417 potest
3340 3353 3398 3399 et
3436 3344 3514 3398 ita
3557 3341 3720 3398 intel-

2125 3453 2248 3522 ligi,
2282 3459 2418 3506 verte
2443 3449 2632 3518 impios
2671 3455 2717 3507 et
2756 3461 2864 3499 non
2890 3441 3043 3497 erunl
3062 3483 3077 3508 ,
3109 3449 3367 3496 converte
3396 3453 3491 3492 eos
3522 3437 3592 3491 ab
3624 3437 3721 3489 im-

2124 3548 2328 3618 pietate
2361 3553 2417 3599 et
2449 3558 2554 3597 non
2594 3545 2756 3594 erunt
2789 3537 2904 3606 jam
2944 3535 3126 3604 impii,
3162 3531 3256 3587 sed
3281 3530 3450 3600 justi,
3484 3543 3586 3598 pro
3617 3543 3721 3597 qua

2126 3639 2232 3693 alia
2265 3634 2550 3691 translatio
2580 3631 2742 3694 dicit,
2775 3641 3080 3699 quocunque
3108 3641 3158 3678 se
3184 3623 3433 3676 convertit
3471 3618 3721 3674 scelestus

2128 3724 2580 3782 exterminabitur.
2617 3719 2713 3774 Cui
2744 3726 2930 3774 contra
2975 3715 3041 3770 de
3083 3713 3288 3768 sanctis
3327 3711 3546 3776 dicitur,
3592 3725 3722 3780 quo-

2130 3821 2272 3875 niam
2300 3814 2632 3887 diligentibus
2664 3812 2829 3866 Deum
2857 3809 3031 3864 omnia
3065 3816 3411 3878 cooperantur
3439 3807 3492 3858 in
3527 3804 3720 3856 bonum

2129 3913 2326 3987 (Rom.
2359 3925 2454 3963 vm
2479 3907 2516 3979 ).

2207 4003 2460 4057 Doctrina
2491 4014 2587 4052 sua
2616 4004 2858 4050 nascetur
2887 3995 2986 4047 vir.
3017 3993 3175 4046 Viros
3202 4005 3398 4045 vocare
3431 3989 3717 4058 Scriptura

2131 4096 2269 4152 solet
2300 4108 2394 4148 eos
2429 4091 2520 4162 qui
2556 4087 2849 4143 virtutibus
2885 4093 3012 4140 sunt
3045 4081 3256 4153 praediti
3292 4080 3512 4134 divinis.
3566 4077 3717 4133 Unde

2136 4183 2459 4256 Apostolus:
2506 4178 2760 4250 Vigilate,
2807 4183 2939 4229 state
2969 4174 3021 4227 in
3049 4171 3183 4240 ﬁde,
3217 4169 3438 4224 viriliter
3480 4169 3615 4239 agite
3647 4164 3716 4236 (ι

2133 4279 2257 4334 Cor.
2287 4273 2440 4349 xvr).
2487 4271 2741 4327 Doctrina
2781 4282 2909 4337 ergo
2949 4281 3046 4320 sua
3093 4263 3323 4333 quisque
3350 4262 3434 4315 vir
3463 4274 3581 4314 esse
3624 4272 3722 4312 no-

2134 4377 2338 4425 scetur.
2385 4364 2520 4432 Quia
2560 4362 2607 4417 si
2646 4369 2700 4414 et
2733 4367 2883 4414 recta
2913 4357 3071 4412 docet
3099 4361 3156 4408 et
3184 4353 3298 4406 ιιωο
3326 4351 3581 4420 operibus
3614 4349 3718 4404 im-

2133 4459 2280 4530 plet,
2313 4464 2532 4511 sanctus
2561 4467 2682 4506 esse
2711 4448 3001 4519 colligitur.

2212 4547 2316 4613 Qui
2363 4556 2535 4600 autem
2578 4557 2743 4596 uanus
2794 4551 2840 4593 et
2891 4554 3072 4592 excors
3125 4543 3201 4589 est
3252 4533 3446 4604 patebit
3496 4540 3724 4584 content-

2061 4611 2113 4669 Ῑ)
2139 4611 2272 4714 ptui.
2323 4639 2458 4705 Quia
2501 4635 2707 4691 scilicet
2748 4634 2864 4704 ipse
2910 4629 3084 4686 virilis
3130 4627 3297 4682 animi
3345 4623 3722 4682 fortitudinem

2135 4734 2337 4788 habere
2367 4728 2710 4798 contempsit.

2211 4822 2401 4878 Melior
2439 4831 2512 4875 est
2552 4836 2748 4890 pauper
2778 4827 2822 4871 et
2855 4817 3110 4887 sufﬁciens
3142 4813 3241 4868 sibi
3268 4827 3428 4881 quant
3455 4809 3722 4881 gloriosus

2137 4926 2184 4971 et
2222 4914 2459 4984 indigens
2501 4927 2656 4981 pane.
2703 4909 2888 4964 Melior
2926 4915 3012 4961 est
3055 4905 3222 4959 idiota
3252 4910 3307 4957 et
3335 4900 3563 4971 simplex
3605 4897 3726 4951 fra-

2143 5017 2245 5071 ter,
2281 5005 2371 5075 qui
2405 5004 2545 5059 bona
2581 4996 2701 5072 qua:
2733 4999 2884 5054 novit
2917 5011 3152 5067 Operans
3187 4994 3354 5048 vitam
3391 4999 3629 5046 meretur
3668 4989 3726 5044 in

2142 5101 2329 5163 ccelis,
2377 5112 2538 5166 quam
2585 5096 2674 5166 qui
2719 5094 2896 5148 clarus
2939 5089 3276 5154 eruditione,
3311 5086 3724 5155 Scripturarum

2140 5192 2226 5247 vel
2262 5191 2426 5245 etiam
2467 5188 2702 5244 doctoris
2745 5184 2960 5238 functus
2987 5179 3160 5236 ollicio
3191 5179 3392 5249 indiget
3424 5190 3562 5247 pane
3590 5173 3726 5229 dile-

2143 5283 2340 5340 ctionis
2359 5322 2372 5346 ,
2418 5281 2483 5334 dc
2525 5278 2679 5348 cujus
2712 5273 3015 5328 dilectionis
3046 5287 3109 5326 ea
3137 5282 3289 5342 parte
3310 5310 3324 5334 ,
3353 5283 3472 5337 quae
3501 5266 3565 5319 ad
3597 5279 3727 5335 pro-

2143 5378 2347 5432 ximum
2377 5374 2610 5446 pertinet
2641 5371 3031 5438 subsequenter
3060 5365 3324 5436 adjuugit.

2217 5467 2376 5522 Novit
2406 5466 2584 5536 justus
2627 5462 2828 5514 animas
2858 5459 3216 5528 jumentornnt
3242 5472 3475 5511 suorum.
3519 5455 3576 5509 Id
3606 5463 3727 5520 est,

2144 5561 2368 5614 miseret
2408 5569 2464 5610 et
2503 5553 2828 5622 compatitur
2856 5549 3166 5606 hebetudini
3196 5565 3260 5604 ac
3286 5547 3568 5619 fragilitati
3593 5566 3724 5619 pro-

2146 5652 2413 5706 ximorum
2447 5649 2546 5705 sibi
2577 5647 3008 5703 commissorum.

2223 5731 2442 5796 Viscera.
2475 5750 2645 5794 (ηιιρηι
2679 5739 2955 5809 impiorum
2987 5735 3238 5789 crudelia.
3276 5736 3377 5802 Qui
3409 5752 3515 5791 non
3547 5735 3726 5790 solum

2147 5853 2253 5890 non
2277 5834 2673 5903 couqialiuntur
2695 5831 2942 5893 subditis.
2971 5828 3063 5887 sed
3089 5830 3248 5886 etiam
3268 5828 3426 5900 juxta
3451 5829 3552 5885 hoc
3582 5829 3729 5899 quod
