3918 6362
410 295 516 352 725

1040 288 1103 344 B.
1135 286 1392 343 RABANl
1432 282 1657 342 MAURI
1696 272 2021 340 ARCHIEP.
2064 279 2372 342 HOGUNT.
2414 285 2699 345 OPERUM
2730 285 2912 344 PARS
2947 289 3032 346 111.

3583 291 3695 348 γει

410 417 650 464 mortem.
699 403 907 462 Semita
940 403 1085 457 enim
1107 400 1331 472 iustitiae
1359 396 1718 458 substantiam
1759 397 1993 468 acquirit
2019 397 2072 459 A
2098 410 2327 467 cessant,
2373 412 2634 474 reguntur
2672 403 3043 460 moderatione
3089 406 3387 477 sapientiae,
3429 424 3552 480 qua:
3594 424 3693 466 eos

409 503 703 568 virtutum,
735 499 931 571 quibus
961 504 1162 552 reterns
1193 495 1318 551 vita:
1359 495 1578 551 claritas
1620 509 1754 549 auro
1795 494 1998 565 pretio-

410 593 524 649 sior
565 593 782 656 emitur,
830 591 934 644 iter
974 596 1151 643 autem
1191 602 1418 658 pravum
1468 602 1576 657 quo
1623 583 1999 640 fraudulentus

411 686 611 740 incedit
653 684 864 754 perdito
910 683 1060 738 lucro
1110 679 1430 749 temporali,
1476 677 1620 748 quod
1665 676 1888 747 appetiit
1932 676 2001 730 ad

409 785 640 832 mortem
670 791 833 847 quam
863 774 1148 846 providere
1179 772 1350 826 noluit
1382 771 1556 826 tendit
1585 769 1994 838 sempiternam.

999 863 1228 921 CAPUT
1266 862 1404 917 Xlll.

480 965 654 1020 Filius
694 966 900 1036 sapiens
947 965 1187 1018 doctrina
1217 966 1422 1035 patris;
1461 964 1550 1044 qui
1588 971 1763 1016 autem
1809 957 1999 1012 illusor

406 1069 521 1124 est,
566 1076 669 1113 non
714 1058 863 1112 audit
893 1074 1010 1111 cum
1042 1055 1300 1126 arquitur.
1336 1056 1572 1110 Tantum
1602 1056 1744 1110 inter
1771 1051 1990 1122 sapien—

407 1160 517 1206 tem
548 1150 712 1204 distat
737 1157 793 1203 et
820 1148 1138 1212 stultum,ut
1168 1148 1256 1202 hic
1276 1147 1564 1218 aliquando
1592 1143 1841 1216 profectu
1873 1159 1999 1198 eru-

408 1241 630 1297 ditionis
659 1243 724 1295 ad
754 1255 876 1295 eum
897 1281 911 1304 ,
945 1240 1036 1309 qui
1068 1255 1128 1294 se
1158 1241 1418 1294 docuerat
1454 1240 1756 1295 docendum
1793 1251 1992 1307 prove-

406 1331 555 1396 niat,
585 1332 673 1387 ille
699 1347 800 1387 nec
825 1346 948 1387 cum
976 1332 1225 1400 arguitur
1256 1332 1469 1387 noverit
1497 1331 1706 1386 audire.
1807 1401 1809 1403 ι

485 1423 607 1477 Vult
641 1434 691 1478 et
730 1442 832 1479 non
873 1423 980 1477 vult
1018 1424 1186 1494 piger,
1228 1425 1407 1477 anima
1449 1434 1623 1477 autem
1665 1420 1992 1490 operantium

403 1515 836 1583 impinguabitur.
878 1513 1045 1568 Recte
1083 1514 1221 1584 pigri
1264 1513 1528 1568 vocabulo
1555 1513 1866 1576 denotatur,
1899 1511 1991 1583 qui

401 1602 519 1657 vult
564 1619 792 1673 regnare
835 1618 958 1658 cum
1000 1605 1146 1670 Deo,
1192 1613 1246 1659 et
1290 1620 1397 1659 non
1446 1604 1556 1658 vult
1600 1604 1847 1659 laborare
1893 1620 1993 1673 pro

403 1699 550 1763 Deo,
582 1698 852 1754 delectant
894 1699 1116 1768 praemia
1158 1715 1280 1753 eum
1327 1699 1668 1769 pollicentur,
1716 1699 1993 1753 deterrent

2095 495 2304 566 jurgari
2335 511 2440 550 non
2475 495 2622 551 sinit.

2173 586 2478 642 Substantia
2507 589 2765 658 pestinata
2791 591 3078 656 minuetur,
3107 592 3197 661 qui
3225 603 3397 647 autem
3428 593 3690 664 paulatim

2101 676 2294 746 colligit
2320 694 2502 744 manu,
2533 678 2980 748 multiplicabitur.
3036 680 3141 746 Qui
3163 682 3339 737 volunt
3363 685 3546 739 divites
3571 684 3694 753 ﬁeri

2100 768 2336 825 incidunt
2363 768 2418 821 in
2458 768 2791 823 tentationem
2831 769 2883 840 (Ι
2916 769 3050 837 Tim.
3083 770 3180 841 vi),
3227 788 3402 841 neque
3435 775 3579 845 ipsas
3607 775 3693 828 di—

2111 856 2259 910 vitias
2283 871 2418 925 quas
2447 857 2530 912 vel
2560 860 2862 936 acquirunt,
2898 861 2983 914 vel
3022 862 3246 931 cupiunt
3279 875 3539 934 perpetuo
3558 881 3692 936 .pos-

2101 947 2298 1013 sident,
2325 950 2414 1019 qui
2445 933 2621 1004 autem
2650 965 2746 1019 pro
2773 952 3081 1021 accipienda
3103 933 3402 1010 substantia
3434 933 3690 1027 prtemio-

2101 1054 2218 1092 rum
2245 1039 2545 1094 caelestium
2578 1041 2740 1111 justis
2774 1041 2975 1096 insistit
3021 1043 3318 1110 laboribus,
3366 1046 3692 1118 multiplicia

2099 1149 2345 1203 superna":
2374 1134 2720 1190 beatitudinis
2747 1150 2968 1190 munera
3007 1137 3286 1207 percipiet,
3325 1140 3391 1194 de
3426 1157 3532 1210 quo
3564 1150 3693 1210 apte

2100 1224 2252 1279 subdi
2263 1234 2366 1279 tur.

2173 1313 2301 1384 Spes
2338 1324 2508 1370 autem
2550 1332 2668 1387 qutc
2708 1317 2950 1386 di/fertur
2984 1319 3159 1390 afﬂigit
3202 1322 3456 1387 animam,
3488 1322 3691 1393 lignum

2099 1406 2215 1460 vita:
2234 1406 2549 1460 desiderium
2571 1409 2794 1462 veniens.
2844 1408 2978 1475 Quia
3001 1411 3254 1465 nimirum
3279 1415 3516 1483 quandiu
3537 1414 3694 1483 dill'ej

2098 1505 2250 1551 retur
2289 1512 2412 1566 spes
2457 1505 2783 1552 aeternorum
2824 1498 3008 1569 allligit
3033 1501 3272 1555 animam
3300 1482 3559 1567 ﬁdelium,
3603 1482 3695 1559 vel

2097 1603 2196 1657 pro
2231 1587 2488 1643 dilatione
2523 1589 2770 1643 videlicet
2797 1590 3058 1645 bonorum
3099 1608 3217 1663 quze
3257 1605 3424 1658 amat,
3466 1596 3550 1650 vel
3586 1611 3686 1666 pro

2085 1678 2338 1732 illatione
2370 1679 2633 1734 malorum
2661 1694 2780 1748 qua:
2827 1680 3040 1735 tolerat.
3087 1682 3154 1736 At
3183 1682 3271 1736 ubi
3307 1685 3517 1738 venerit
3546 1686 3691 1754 quod

404 1792 703 1846 certamina
759 1807 880 1847 cum
925 1790 1202 1860 iubentur.
1258 1793 1333 1846 De
1383 1807 1490 1860 quo
1535 1791 1704 1846 Jacob
1751 1792 1863 1845 ait:
1903 1788 1996 1844 νίν
2023 1771 2073 1832 Β
2101 1769 2393 1860 desiderat,
2423 1770 2577 1824 facile
2606 1771 2942 1826 obliviscitur
2970 1773 3112 1841 quod
3160 1775 3516 1840 sustinuerat,
3564 1777 3689 1844 quia

403 1883 603 1953 duplici
650 1885 827 1937 animo
870 1885 1174 1937 inconstans
1222 1892 1297 1937 est
1346 1885 1403 1937 in
1453 1883 1691 1937 omnibus
1739 1883 1834 1936 viis
1886 1882 1996 1936 suis

404 1973 568 2048 (Jac.
605 1974 700 2044 i);
753 1984 808 2030 et
858 1975 999 2030 ﬁlius
1046 1975 1286 2029 Sirach:
1344 1973 1430 2028 Va:
1481 1975 1744 2044 peccatori
1799 1984 1993 2027 terram

401 2063 719 2134 ingredienti
747 2065 951 2118 duabus
981 2065 1077 2117 viis
1111 2065 1128 2135 (
1155 2063 1322 2118 Eccli.
1359 2081 1397 2119 ιι
1497 2064 1598 2132 Qui
1634 2072 1812 2141 autem
1840 2064 1992 2134 jussa

401 2167 662 2227 operatur
705 2157 1016 2222 Dominica,
1066 2158 1187 2214 ideo
1231 2159 1439 2214 faciunt
1483 2159 1610 2230 quia
1660 2160 1842 2213 anima
1875 2158 1995 2212 illo-

403 2267 524 2305 rum
555 2251 795 2322 perfecta
834 2268 1190 2322 supernorum
1231 2253 1516 2309 dulcedine
1559 2253 1804 2308 reﬁcitur
1836 2253 1992 2321 juxta

405 2359 530 2398 eum
583 2343 676 2413 qui
724 2345 1012 2399 Dominum
1068 2345 1321 2400 obsecrat
1375 2347 1598 2411 dicens,
1655 2348 1788 2400 sicut
1841 2347 1994 2417 adipe

403 2436 736 2507 pinguedinis
782 2435 1043 2505 repleatur
1086 2439 1265 2491 anima
1305 2453 1420 2491 mea
1453 2436 1637 2508 (Psal.
1672 2438 1856 2507 LXII),
1907 2436 1991 2490 vel

402 2534 553 2579 certe
598 2525 778 2579 anima
830 2527 1170 2594 operantium
1223 2528 1666 2598 impinguabitur,
1721 2527 1848 2596 quia
1899 2528 1990 2596 qui

399 2617 504 2686 piis
530 2633 629 2686 pro
659 2617 888 2672 Domino
917 2618 1193 2674 laboribus
1231 2621 1486 2675 insudant
1513 2661 1526 2684 ,
1563 2620 1774 2674 cmlcsti
1804 2628 1858 2674 et
1892 2620 1994 2674 im-

401 2709 762 2764 marccscibili
795 2719 918 2780 post
949 2711 1160 2766 labores
1192 2714 1442 2768 mercede
1473 2698 1839 2768 donabuntur.

474 2800 570 2854 Est
601 2803 753 2869 quasi
781 2803 920 2856 dives
947 2820 1065 2856 cum
1097 2804 1227 2856 nihil
1254 2805 1441 2859 habeat
1461 2846 1474 2870 ,
1504 2816 1549 2859 et
1579 2816 1653 2859 est
1682 2806 1834 2876 quasi
1857 2823 1992 2876 pau-

399 2908 509 2962 per,
544 2908 660 2944 cum
691 2893 744 2946 in
776 2893 952 2946 multis
993 2894 1190 2948 divitiis
1228 2896 1314 2948 sit.
1361 2895 1519 2950 Dives
1563 2896 1664 2950 sibi
1709 2898 1992 2952 videbatur

399 2983 490 3039 ille
537 2985 628 3054 qui
661 2986 985 3040 induebatur
1035 3002 1273 3056 purpura
1328 2996 1382 3040 et
1431 2986 1629 3057 bysso,
1664 2987 1989 3058 epulabatur

397 3075 640 3144 quotidie
689 3075 999 3146 splendide,
1053 3076 1148 3130 sed
1198 3077 1323 3145 quia
1372 3077 1540 3132 Deum
1599 3094 1703 3133 non
1757 3079 1983 3144 habuit,

2101 1859 2155 1914 in
2203 1869 2462 1916 mternum
2509 1863 2690 1916 vivere
2741 1862 2927 1932 incipit
2969 1878 3091 1928 cum
3146 1880 3242 1920 suo
3287 1865 3687 1938 Redemptore,

2097 1971 2258 2025 quem
2289 1965 2396 2010 tota
2426 1957 2724 2011 intentione
2743 1945 3048 2027 qumrebat,
3076 1957 3190 2028 ipse
3209 1967 3293 2014 est
3315 1959 3462 2013 enim
3487 1959 3687 2031 lignum

2095 2045 2221 2101 vitae
2246 2045 2695 2115 amplectentibus
2715 2063 2793 2104 se.

2168 2134 2274 2202 Qui
2303 2137 2527 2191 detrahit
2559 2138 2721 2192 alicui
2755 2140 2850 2205 rei,
2889 2140 2998 2210 ipse
3036 2157 3090 2194 se
3126 2141 3181 2194 in
3206 2141 3447 2210 futurum
3474 2142 3685 2213 obligat.

2096 2225 2202 2308 Qui
2235 2227 2391 2282 bonae
2435 2228 2514 2284 rei
2559 2231 2793 2284 detrahit
2827 2246 2886 2286 se
2922 2231 2975 2285 in
3008 2230 3249 2285 futurum
3295 2232 3516 2304 obligat,
3564 2235 3688 2304 quia

2095 2318 2236 2389 quod
2267 2335 2372 2373 non
2403 2320 2587 2376 debuit
2613 2321 2860 2376 faciendo
2886 2336 3102 2392 postiam
3134 2324 3257 2388 sibi,
3287 2340 3393 2394 qua
3414 2326 3687 2379 constrin-

2094 2425 2250 2484 gatur
2273 2423 2562 2482 praeparat,
2597 2414 2688 2468 sed
2719 2423 2775 2467 et
2799 2415 2845 2468 ls
2871 2415 2963 2482 qui
2994 2413 3145 2468 malae
3172 2418 3249 2468 rei
3284 2415 3537 2478 detrahit,
3573 2416 3687 2485 ipse

2096 2521 2152 2560 se
2196 2506 2250 2559 in
2291 2503 2528 2559 futurum
2568 2506 2791 2577 obligat,
2835 2522 2941 2561 non
2979 2515 3036 2560 ut
3079 2522 3177 2576 pro
3223 2507 3314 2561 tali
3356 2509 3688 2564 detractione

2089 2612 2283 2668 poenas
2314 2599 2445 2662 luat,
2482 2598 2576 2653 sed
2612 2607 2671 2652 ut
2719 2607 2840 2667 post
2885 2599 3270 2658 detractionem
3317 2616 3436 2656 sese
3479 2604 3688 2657 cautius

2093 2704 2235 2766 agat,
2270 2695 2394 2764 quia
2441 2695 2697 2749 nimirum
2728 2710 2847 2764 qum
2888 2696 2942 2749 in
2982 2695 3102 2749 aliis
3138 2696 3282 2766 juste
3315 2697 3682 2768 reprehendit,

2093 2785 2210 2856 ipse
2252 2786 2476 2856 impunc’
2508 2802 2616 2841 non
2658 2786 2894 2841 admittit
2929 2787 3198 2841 clamante
3244 2773 3546 2858 Apostolo;
3584 2786 3684 2853 Qui

2092 2879 2350 2949 pra'dicas
2381 2896 2480 2933 non
2513 2877 2816 2946 furandum,
2853 2878 3092 2948 furoris;
3127 2877 3216 2948 qui
3254 2878 3386 2933 dicis
3423 2897 3526 2933 non
3563 2895 3688 2932 mae-

2093 2971 2379 3035 chandum,
2426 2969 2730 3034 maecharis;
2772 2968 2861 3039 qui
2902 2969 3218 3023 abominaris
3261 2969 3446 3036 idola,-
3475 2970 3688 3024 sacrile~

2095 3063 2236 3133 gium
2269 3060 2400 3124 facis
2435 3059 2612 3132 (Rom.
2644 3059 2728 3133 ιι).

399 3143 666 3235 comperit
707 3143 760 3219 in
803 3165 908 3220 line
949 3166 1023 3220 nil
1064 3143 1231 3225 fuisse
1272 3170 1414 3237 quod
1457 3171 1674 3235 habuit,
1717 3171 1859 3224 unde
1904 3143 1989 3224 di?

2171 3147 2270 3214 Qui
2297 3159 2471 3203 autem
2495 3151 2638 3203 timet
2659 3159 2994 3220 pra’ceptum,
3017 3151 3071 3204 in
3091 3167 3219 3222 pace
3239 3153 3548 3206 versabitur.
3580 3152 3685 3206 Me-

402 3265 547 3312 ctum
587 3265 672 3310 est
713 3256 780 3310 de
824 3255 1023 3311 talibus
1053 3276 1064 3310 :
1098 3257 1434 3312 Dormierunt
1460 3277 1698 3313 somnum
1727 3277 1912 3326 suum,
1942 3268 1990 3313 et

399 3348 532 3402 nihil
559 3349 859 3401 invenerunt
885 3347 982 3401 viri
1007 3364 1182 3402 omnes
1207 3349 1511 3403 divitiarum
1536 3352 1588 3403 in
1613 3351 1854 3405 manibus
1882 3351 1991 3406 suis

402 3437 591 3511 (Psal.
637 3436 828 3508 Lxxv).
877 3437 1089 3508 Pauper
1115 3454 1145 3493 e
1174 3447 1363 3493 contra
1403 3439 1690 3494 videbatur
1727 3440 1987 3508 Lazarus,

404 3532 498 3601 qui
542 3532 759 3600 jacebat
783 3531 849 3584 ad
893 3529 1118 3598 januam
1154 3533 1270 3603 ejus
1316 3533 1587 3589 ulceribus
1624 3534 1852 3604 plenus,
1894 3537 1986 3591 sed

402 3625 460 3680 in
498 3624 682 3678 multis
723 3632 842 3678 erat
876 3623 1112 3688 divitiis,
1142 3624 1233 3693 qui
1268 3625 1525 3680 virtutem
1562 3627 1751 3681 habuit
1779 3627 1994 3681 humili-

406 3721 571 3786 tatis,
601 3720 691 3790 qui
728 3718 1061 3773 conditorem
1101 3720 1342 3774 omnium
1385 3721 1695 3776 divitiarum
1738 3722 1992 3778 videlicet

404 3815 576 3871 Deum
619 3816 781 3870 corde
821 3815 1100 3884 gestabat,
1129 3814 1255 3882 quid
1282 3821 1460 3868 autem
1492 3829 1634 3870 vera:
1663 3815 1867 3871 divitiae
1898 3831 1992 3870 va-

403 3903 583 3970 leant,
633 3905 762 3976 quid
809 3919 938 3959 vera
984 3912 1273 3974 paupertas
1321 3912 1446 3976 agat
1489 3907 1768 3962 subdeudo
1811 3907 1990 3963 mani-

405 3995 592 4050 festat.

479 4085 783 4154 Redemptio
810 4085 1000 4138 anima:
1024 4084 1120 4138 viri
1149 4084 1347 4139 divitia:
1368 4095 1510 4152 sunt,
1542 4088 1632 4157 qui
1668 4096 1841 4141 autem
1863 4105 1996 4158 pau-

402 4193 495 4248 per
523 4185 597 4228 est
622 4176 1026 4246 increpationem
1056 4193 1160 4231 non
1185 4177 1422 4231 sustinet.
1469 4177 1567 4244 Qui
1600 4194 1728 4249 ergo
1760 4180 1995 4234 animam

405 4281 560 4320 suam
608 4264 722 4317 vult
763 4265 953 4320 redimi
981 4281 1033 4330 ,a
1078 4265 1256 4319 futura
1298 4265 1400 4331 ira,
1445 4278 1734 4338 congreget
1782 4269 1996 4323 divitias

407 4370 631 4424 operum
667 4356 952 4418 bonorum,
981 4355 1073 4424 qui
1107 4356 1250 4409 enim
1287 4367 1409 4426 eget
1436 4356 1742 4426 hujusmodi
1773 4360 1993 4425 divitiis,

405 4447 830 4515 increpationem
877 4446 1112 4500 districti
1144 4445 1342 4515 judicis
1383 4449 1650 4503 sustinere
1686 4465 1790 4502 non
1832 4451 1992 4504 valet.

2096 3242 2199 3297 lius
2221 3251 2314 3299 est
2343 3257 2471 3312 ergo
2498 3241 2562 3295 de
2594 3256 2690 3296 sua
2720 3256 2987 3310 quemque
3011 3242 3304 3313 fragilitate
3327 3255 3584 3308 metuere,
3619 3260 3685 3299 ne

2094 3333 2235 3388 forte
2262 3332 2440 3387 divina
2468 3331 2852 3401 praevaricetur
2883 3332 3126 3402 imperia,
3155 3348 3317 3402 quam
3346 3333 3576 3387 aliorum
3607 3351 3690 3388 er-

2096 3438 2214 3483 rata
2247 3427 2411 3486 stulto
2458 3442 2552 3482 ore
2600 3427 2862 3492 lacerare,
2895 3427 3107 3481 dicente
3148 3442 3338 3481 rursus
3387 3427 3682 3496 Apostolo:

2097 3519 2211 3573 Etsi
2249 3528 2641 3590 praeoccupatus
2672 3518 2828 3587 fuerit
2859 3519 3011 3572 homo
3046 3520 3101 3572 in
3133 3517 3311 3587 aliquo
3345 3519 3558 3583 delicto,
3604 3536 3686 3572 eos

2095 3614 2184 3682 qui
2236 3611 2469 3684 piritales
2495 3611 2615 3664 estis
2646 3610 2885 3663 iusti-uite
2911 3609 3212 3678 hujusmodi
3239 3612 3294 3663 in
3320 3610 3508 3680 spiritu
3539 3626 3688 3662 nian-

2095 3686 2386 3762 suetudinis
2417 3743 2432 3768 ,
2493 3701 2829 3756 considerans
2883 3701 3103 3772 teipsum
3154 3718 3216 3755 ne
3268 3711 3316 3756 et
3365 3713 3422 3755 tu
3475 3703 3688 3756 tenteris

2097 3797 2240 3868 (ea.
2278 3797 2372 3866 Vl).

2167 3894 2384 3946 Astutus
2411 3891 2587 3944 omnia
2615 3890 2721 3960 agit
2752 3887 3136 3955 cum-consilio,
3168 3889 3258 3962 qui
3292 3897 3463 3953 autem
3506 3888 3687 3958 fatuus

2097 3999 2192 4054 est,
2225 3987 2418 4058 aperiet
2452 3985 2748 4039 stultitiam.
2799 3983 2898 4040 Ubi
2924 3983 3103 4038 omnia
3133 3985 3255 4037 cuin
3282 3983 3507 4039 consilio
3531 3984 3688 4039 docet

2099 4079 2324 4151 agenda,
2354 4077 2590 4133 divinum
2625 4077 2804 4147 potius
2832 4076 2974 4145 quod
3004 4073 3174 4130 sacris
3201 4074 3432 4144 eloquiis
3456 4074 3684 4131 inditum

2098 4185 2197 4238 est,
2237 4187 2397 4242 quam
2436 4171 2732 4224 humanum
2776 4167 3073 4238 intelligere
3115 4168 3420 4224 consilium.
3481 4165 3688 4226 Fatuus

2099 4275 2181 4320 est
2209 4264 2352 4319 enim
2383 4262 2474 4338 qui
2497 4269 2650 4315 extra
2681 4260 2784 4314 hoc
2809 4259 3092 4317 consilium
3129 4259 3278 4323 vivit,
3321 4259 3567 4329 quamvis
3595 4274 3690 4315 na-

2101 4355 2347 4410 turaliter
2368 4361 2578 4412 astutus
2601 4366 2722 4408 essc
2742 4349 2988 4406 videatur
3008 4358 3064 4406 et
3089 4350 3342 4421 prudens,
3367 4350 3435 4405 de
3461 4365 3570 4421 quo
3595 4366 3678 4404 re—

2101 4457 2185 4505 cte
2213 4447 2479 4502 subditur.

405 4497 608 4608 Deqiia
635 4538 918 4594 Psalmista
941 4497 1174 4606 postulai
1212 4539 1431 4593 dicens:
1467 4539 1701 4602 Domine,
1723 4557 1786 4594 ne
1814 4540 1869 4594 in
1904 4541 1994 4610 fu-
2021 4497 2075 4559 Β
2175 4539 2407 4594 Nuntius
2443 4539 2588 4608 impii
2609 4537 2765 4591 cadit
2796 4538 2851 4590 in
2893 4536 3110 4592 malum.
3149 4535 3335 4598 Arium
3381 4546 3560 4598 autem
3609 4537 3688 4594 ait

407 4649 527 4706 rore
555 4640 644 4684 tuo
679 4647 872 4700 arguas
906 4645 1004 4690 me,
1049 4644 1210 4697 neque
1249 4629 1302 4680 in
1347 4629 1425 4681 ira
1479 4639 1570 4682 tua
1619 4630 1872 4699 corripias
1919 4648 1998 4684 me

411 4723 583 4794 (Psal.
609 4724 761 4794 xxx).
812 4722 1061 4791 Alioquin
1091 4737 1354 4792 pauperes
1383 4723 1572 4790 spiritu
1599 4738 1703 4778 non
1729 4725 1800 4779 ibi
1826 4725 1998 4780 incre-

408 4825 608 4887 pantnr
648 4832 678 4867 a
715 4813 959 4878 Domino,
991 4816 1084 4869 sed
1115 4813 1542 4895 benedictionem
1567 4823 1782 4870 aeterna:
1821 4816 1995 4871 haere-

412 4908 596 4962 ditatis
616 4906 936 4975 percipiunt.

484 4998 601 5052 Lua:
633 4999 901 5067 justorum
945 4995 1194 5064 lartiﬁcat,
1237 4997 1451 5051 lucerna
1497 5008 1670 5051 autem
1718 4996 1997 5068 impiorum

410 5093 790 5159 ea‘stinguetur.
841 5089 955 5142 Lux
983 5087 1251 5155 jusmrum
1292 5105 1410 5157 qua:
1450 5101 1708 5162 perpetuo
1738 5092 1996 5160 lmtiﬁcat,

413 5198 537 5252 spes
565 5190 646 5235 est
673 5179 994 5235 futurorum.
1043 5178 1288 5232 Lucerna
1321 5180 1605 5249 impiorum
1631 5198 1750 5252 qua:
1778 5193 1999 5254 repente

414 5272 778 5344 exstinguitur
798 5270 1026 5326 felicitas
1054 5270 1232 5324 saeculi
1259 5269 1505 5324 labentis.

487 5361 634 5415 Inter
661 5362 903 5431 superbos
927 5377 1126 5430 semper
1141 5361 1324 5430 jurgia
1346 5369 1488 5425 sunt,
1519 5378 1607 5432 qui
1638 5372 1810 5416 autem
1833 5376 1992 5435 agunt

416 5465 601 5511 cuncta
639 5453 877 5517 consilio,
920 5463 1170 5522 reguntur
1199 5453 1473 5522 sapientia.
1529 5453 1822 5526 Jurgantur
1852 5457 1996 5511 inter

416 5562 475 5601 se
507 5559 722 5614 semper
752 5543 1008 5606 hairetici,
1031 5543 1318 5613 jurgantnr
1346 5554 1400 5598 et
1425 5547 1602 5600 caeteri
1636 5527 1870 5616 reprobi,
1907 5549 1996 5615 qui

417 5638 666 5693 videlicet
704 5650 809 5690 non
851 5643 1048 5689 norunt
1071 5637 1327 5691 unitatem
1357 5636 1478 5691 fidei
1502 5645 1556 5691 et
1577 5638 1838 5702 veritatis,
1871 5638 1998 5692 lide-

418 5729 498 5786 lcs
521 5736 700 5785 autem
721 5729 812 5788 qui
831 5722 1065 5785 consilio
1077 5729 1376 5785 divinorum
1405 5731 1739 5801 cloquiorum
1762 5733 1866 5789 l'rui
1892 5751 1998 5792 non

2100 4639 2154 4686 et
2185 4631 2474 4686 Sabellium
2505 4641 2833 4699 creterosque
2867 4629 3104 4699 angelos,
3136 4629 3189 4683 id
3217 4636 3318 4693 est,
3351 4627 3564 4688 nuntios
3589 4628 3687 4682 Sa-

2099 4733 2238 4778 tanae
2261 4765 2273 4788 ,
2317 4724 2404 4793 qui
2446 4723 2700 4793 quoniam
2735 4723 3018 4778 consilium
3052 4721 3335 4792 neglexere
3373 4722 3680 4776 divinarum

2102 4815 2504 4885 Scripturarum
2532 4815 2847 4870 deciderunt
2868 4814 2922 4868 in
2944 4813 3143 4868 malum
3166 4811 3542 4883 gehennalium
3575 4821 3685 4866 tor-

2099 4915 2424 4960 mentorum.

2174 4997 2399 5068 Legatus
2440 5004 2614 5050 autem
2650 4993 2823 5064 ﬁdelis
2860 4995 3080 5048 sanitas.
3131 4993 3188 5048 Id
3237 5003 3337 5059 est,
3387 4993 3686 5049 catholicus

2104 5088 2331 5160 quisque
2358 5087 2684 5157 praedicator
2711 5085 2998 5140 sanitatem
3024 5083 3147 5150 sibi,
3177 5083 3396 5154 suisque
3420 5084 3683 5145 auditori-

2101 5183 2203 5238 bus
2223 5179 2453 5248 acquirit
2476 5187 2756 5234 mtcrnam.

2175 5273 2505 5326 Desiderium
2540 5275 2584 5326 si
2616 5269 2958 5340 compleatur,
2996 5270 3214 5329 delectat
3244 5272 3478 5327 animum
3503 5285 3521 5324 :
3544 5270 3686 5324 dete~

2102 5377 2311 5423 stantur
2330 5367 2478 5421 stulti
2499 5383 2585 5420 eos
2606 5366 2694 5436 qui
2716 5366 2921 5433 fugiunt
2949 5365 3111 5418 mala.
3146 5363 3315 5419 Omne
3337 5364 3681 5430 desiderium,

2105 5461 2218 5514 sive
2245 5459 2441 5512 bonum
2473 5459 2584 5512 sive
2612 5456 2809 5510 malum
2836 5457 2926 5520 sit,
2955 5457 3042 5511 ubi
3071 5457 3135 5510 ad
3160 5456 3406 5513 ell‘ectum
3428 5472 3684 5526 pervene-

2104 5551 2176 5606 rit
2196 5529 2425 5603 delectat
2445 5549 2702 5611 animam,
2729 5548 2820 5600 sed
2845 5547 2991 5600 stulti
3021 5547 3110 5617 qui
3140 5546 3442 5609 carnalibus
3470 5547 3682 5603 deside-

2106 5643 2202 5698 riis
2247 5643 2499 5711 gaudent,
2550 5642 2886 5695 detestantur
2928 5655 3021 5696 eos
3063 5644 3152 5710 qui
3189 5656 3288 5710 pro
3341 5655 3523 5695 amore
3564 5654 3683 5698 cm-

2105 5735 2340 5799 lestium,
2381 5734 2560 5788 intima
2605 5731 2994 5788 oblectamenta
3038 5740 3406 5788 contemnunt.
