3918 6324
170 278 274 338 728

938 276 1312 335 EXPOSITIO
1346 274 1416 331 IN
1451 272 1839 332 PROVERBIA
1878 272 2288 333 SALOMONIS.
2324 304 2396 316 -
2431 271 2560 329 LIB.
2602 271 2667 330 11.

3316 271 3429 331 720

236 401 342 469 Qui
375 414 494 454 eum
530 396 847 468 sapientibus
876 393 1119 466 graditur
1152 391 1507 463 sapiens_erit,
1544 389 1744 445 amicus
1771 392 1823 451 Α
1846 392 2171 448 versiculum
2220 392 2423 464 antiqui
2456 392 2791 479 interpretes
2838 395 3228 449 transtulerunt
3256 412 3271 450 :
3309 388 3428 453 Viri

164 497 448 554 stultorum
483 493 703 565 eme-itur
733 489 939 545 similis.
996 489 1129 544 Cum
1172 486 1500 557 sapientibus
1541 486 1622 540 ire
1662 491 1747 539 est
1834 482 1972 555 justi
1995 484 2189 539 divitiis
2215 484 2367 539 annis
2389 484 2566 539 multis
2593 484 2853 554 fruentur,
2889 485 3055 556 iniqui
3081 494 3257 541 autem
3276 489 3422 556 peri-

165 587 494 660 sapientium
538 593 692 640 actus
728 580 969 646 imitari,
1011 576 1310 649 quamlibet
1348 567 1478 647 ergo
1518 574 1747 644 simplex
1843 572 1970 628 bunt
2002 574 2238 628 breviter.

163 680 396 750 quisque
420 670 493 733 sit
513 684 569 731 et
594 675 848 738 rusticus,
872 672 963 741 qui
983 686 1179 726 arcana
1198 668 1478 739 sapientia:
1501 682 1747 737 compre-

163 770 403 826 hendere
439 776 691 839 nequeat,
730 765 776 819 si
812 773 991 819 tamen
1034 754 1339 832 sapientum
1383 759 1626 830 exempla
1673 758 1750 812 vi-

161 866 339 917 vendo
364 868 625 922 sectatur,
642 857 765 926 jure
791 856 933 911 inter
970 854 1243 923 sapientes
1280 849 1742 915 annumerabitur,

162 954 254 1025 qui
302 968 433 1007 vero
475 951 668 1005 stultos
695 965 797 1003 non
824 961 1043 1019 pr0pter
1073 953 1318 999 naturam
1348 944 1475 1014 quia
1503 943 1748 998 homines

162 1056 307 1106 sunt.
339 1045 431 1099 sed
458 1052 679 1114 propter
703 1042 1007 1106 stultitiam,
1036 1040 1163 1110 quia
1189 1038 1337 1093 mimi
1383 1046 1508 1091 sunt
1551 1037 1634 1090 vel
1660 1036 1745 1091 hi—

161 1116 421 1198 striones,
439 1136 521 1190 vel
560 1134 722 1204 aliqui
765 1132 918 1199 tales,
946 1147 1052 1187 non
1083 1139 1143 1185 ut
1175 1127 1487 1184 instruendo
1514 1128 1749 1199 corrigat

160 1233 330 1289 amat,
371 1224 465 1278 sed
498 1231 557 1277 ut
588 1221 813 1277 favendo
854 1222 1151 1276 deteriores
1187 1217 1399 1281 elﬁciat,
1432 1217 1553 1272 talis
1590 1218 1747 1272 nitui-

160 1329 283 1368 rum
305 1314 406 1368 etsi
435 1328 533 1384 per
560 1313 830 1383 ingenium
856 1312 936 1365 vel
958 1312 1258 1366 doctrinam
1280 1311 1498 1380 sapiens
1517 1324 1637 1364 esse
1665 1310 1744 1363 vi-

160 1404 341 1467 detur,
381 1403 668 1458 stultorum
716 1413 842 1456 nota
884 1403 1078 1475 dignus
1119 1401 1279 1457 simul
1320 1411 1375 1456 et
1401 1400 1746 1455 damnatione

160 1495 455 1551 tenebitur.

232 1585 412 1639 Bonus
437 1586 677 1656 relinquit
705 1586 933 1639 Ita'redes
954 1584 1091 1655 ﬁlios
1119 1594 1167 1639 et
1194 1594 1420 1655 nepotes,
1452 1594 1499 1639 et
1523 1585 1747 1639 custodi-

158 1686 248 1729 tur
268 1677 417 1745 justo
452 1677 746 1730 substantia
784 1676 1087 1745 peccatoris.
1132 1676 1287 1745 Saepe
1310 1666 1554 1731 vitlem-us
1576 1676 1747 1730 bonos

158 1768 279 1821 sine
312 1767 435 1821 ﬁliis
461 1768 613 1821 obire
652 1767 759 1821 imo
808 1766 1011 1835 majora
1048 1783 1077 1821 a
1130 1767 1355 1822 Domino
1388 1765 1747 1837 prinmiapol-
1776 1758 1821 1818 Β

157 1858 336 1925 liceri,
369 1860 454 1913 bis
487 1861 580 1929 qui
632 1859 860 1913 ﬁliortnn
894 1861 1252 1929 procreationi
1290 1860 1614 1931 virginitatis
1654 1874 1747 1915 ca-

156 1948 474 2003 stimoniam
502 1959 909 2019 praiposuerunt
935 1991 949 2013 ,
981 1948 1074 2005 sed
1101 1958 1155 2005 et
1192 1951 1551 2031 substantiam
1577 1952 1750 2024 justo-

156 2058 283 2097 rnm
316 2058 347 2095 a
372 2044 749 2113 peccatoribus
781 2043 908 2097 tolli.
957 2042 1090 2097 Nam
1130 2052 1183 2097 et
1214 2044 1501 2114 Apostolus
1542 2045 1746 2116 gloriﬁ-

155 2140 251 2188 ω
278 2148 376 2189 eos
406 2134 497 2203 qui
528 2136 768 2204 rapinam
810 2135 1073 2189 bonorum
1114 2150 1335 2198 suorum
1378 2150 1501 2190 cum
1550 2136 1747 2207 gaudio

155 2233 536 2296 susceperunt,
579 2226 723 2295 unde
776 2226 1093 2295 spiritaliter
1143 2226 1570 2298 intelligendum,
1619 2228 1744 2296 quia

155 2316 337 2372 bonus
381 2325 435 2370 et
472 2315 651 2383 justus
701 2317 957 2371 Dominus
1005 2325 1127 2381 est,
1169 2317 1259 2385 qui
1304 2332 1399 2387 per
1440 2318 1744 2386 passionem

155 2422 318 2461 suam
344 2405 645 2461 ascendens
678 2406 731 2459 in
760 2406 958 2462 cmlum
987 2406 1204 2476 reliquit
1231 2408 1473 2463 hmredes
1504 2424 1612 2463 suae
1646 2410 1744 2464 do-

155 2497 351 2552 ctrina:
388 2496 659 2568 apostolos
690 2504 745 2551 et
785 2512 1125 2571 successores
1162 2512 1371 2564 eorum,
1403 2500 1469 2554 ad
1497 2499 1648 2572 cujus
1681 2502 1743 2555 li-

155 2589 284 2645 dem
322 2602 581 2662 conversa
611 2596 697 2643 est
724 2588 1008 2659 multitudo
1033 2590 1291 2658 gentium,
1324 2606 1442 2660 qua:
1473 2601 1591 2645 erat
1620 2594 1745 2647 sub-

152 2682 359 2736 stantia
392 2681 614 2745 diaboli,
645 2682 864 2753 intravit
904 2698 1133 2751 namque
1164 2682 1218 2735 in
1252 2684 1467 2737 domum
1502 2683 1743 2752 ejusdem

151 2772 301 2827 male
330 2770 489 2826 fortis
518 2772 842 2837 adversarii,
874 2782 924 2826 et
950 2789 1070 2827 cum
1107 2758 1297 2843 majoi'i
1335 2776 1533 2830 virtute
1561 2785 1744 2833 conte-

154 2878 309 2927 rens,
359 2862 582 2932 diripuit
625 2877 772 2916 arma
820 2862 936 2931 ejus
984 2865 1037 2917 in
1094 2866 1288 2941 quibus
1326 2867 1648 2933 conﬁdebat,
1689 2877 1745 2924 et

152 2954 333 3023 spolia
364 2953 656 3019 distribuit,
698 2961 758 3008 ut
799 2954 912 3023 ipse
948 2956 1001 3010 in
1048 2955 1336 3027 Evangelio
1378 2967 1623 3026 testatur,
1658 2960 1743 3016 vel

153 3054 311 3099 certe
335 3045 603 3100 custodita
631 3054 713 3101 est
734 3045 881 3115 justo
906 3048 1166 3116 sapientia
1190 3052 1503 3117 peccatoris,
1527 3054 1741 3122 quando

151 3134 399 3189 ablatum
428 3144 511 3190 est
537 3150 567 3189 a
592 3134 789 3191 Iudaeis
816 3154 1037 3209 regnum
1064 3116 1265 3203 Dei,iet
1289 3141 1472 3197 datum
1492 3116 1575 3198 est
1597 3145 1741 3215 genti
1768 3116 1813 3179 Ο

153 3222 385 3279 facienti
416 3224 623 3281 fructus
653 3225 788 3295 ejus.

234 3317 292 3371 ll
298 3318 393 3370 ulti
420 3318 518 3371 cibi
546 3320 600 3373 in
618 3319 885 3376 novalibus
904 3319 1125 3377 Patrum
1150 3334 1196 3377 et
1220 3324 1339 3377 aliis
1360 3336 1743 3397 congregantur

152 3409 358 3479 absque
377 3409 603 3479 judicio.
648 3411 864 3482 Absque
894 3414 1097 3483 judicio
1130 3424 1277 3471 recto
1312 3415 1457 3484 facit,
1490 3420 1580 3488 qui
1605 3420 1741 3475 divi-

155 3501 256 3557 tiis
276 3502 665 3573 congregandis
702 3502 918 3560 sedulus
946 3506 1164 3573 insistit,
1205 3515 1260 3561 et
1290 3509 1387 3563 has
1424 3519 1740 3585 aggregatas

154 3606 273 3646 non
325 3591 439 3660 ipse
486 3606 585 3662 pro
626 3592 993 3664 redemptione
1030 3596 1223 3651 anima:
1272 3612 1381 3652 suae
1420 3600 1741 3670 pauperibus

155 3684 461 3751 dispensat,
502 3685 594 3739 sed
638 3683 757 3761 aliis
800 3694 920 3755 post
964 3702 1022 3743 se
1070 3688 1423 3756 dispensanda
1476 3703 1735 3758 reservat,

145 3775 315 3846 juxta
343 3777 481 3845 quod
506 3776 559 3830 in
592 3778 868 3846 superiore
896 3794 1053 3833 versu
1076 3779 1229 3848 juxta
1254 3780 1484 3835 litteram
1513 3785 1736 3839 dicitur:

153 3865 234 3921 Et
288 3867 582 3920 custoditur
614 3867 761 3936 justo
812 3867 1102 3922 substantia
1157 3871 1459 3938 peccatoris.
1512 3872 1741 3930 Maxime

153 3975 284 4015 cum
328 3959 429 4012 sibi
470 3958 642 4036 victus
670 3959 922 4036 abundet,
956 3974 1017 4033 ex
1042 3961 1165 4029 jure
1195 3970 1431 4031 paterna:
1458 3964 1741 4033 heredita-

155 4051 247 4113 tis,
286 4063 465 4120 neque
489 4049 594 4103 ulla
620 4050 874 4120 pecunias
898 4051 1179 4120 colligendi
1214 4040 1511 4111 necessitas
1536 4056 1741 4112 incum-

152 4140 272 4205 bat,
305 4139 410 4194 hoc
426 4148 511 4201 est
539 4139 681 4211 quod
712 4141 805 4205 ait,
831 4140 985 4194 Multi
1012 4142 1112 4195 cibi
1132 4143 1184 4195 in
1206 4143 1473 4198 novalibus
1494 4142 1735 4202 Patrum.

152 4229 323 4285 Juxta
354 4244 571 4283 sensum
603 4246 730 4284 vero
763 4232 1055 4301 spiritalem
1084 4232 1235 4288 multi
1262 4242 1387 4288 sunt
1415 4236 1519 4290 cibi
1549 4236 1736 4292 alimo-

153 4321 263 4375 nia:
294 4318 530 4375 calestis
560 4320 613 4373 in
652 4320 809 4374 dictis
844 4330 897 4375 et
934 4324 1195 4392 exemplis
1232 4326 1611 4381 venerabilium
1646 4344 1740 4399 pa-

152 4423 324 4474 trum,
357 4419 411 4465 et
441 4412 641 4480 absque
676 4411 882 4464 ratione
906 4410 1051 4477 facit,
1080 4414 1169 4481 qui
1210 4414 1295 4468 his
1332 4415 1585 4485 legendis,
1628 4434 1740 4473 me—

150 4503 415 4562 ditandis.
450 4503 776 4573 exponendis
802 4504 1151 4570 inslans,non
1182 4521 1289 4560 suae
1310 4508 1467 4562 saluti
1495 4524 1589 4578 per
1618 4510 1737 4575 hoc,

1912 666 2101 721 Justus
2130 666 2375 746 comedit,
2398 675 2444 719 et
2476 666 2632 737 replet
2658 669 2890 723 animam
2914 684 3049 723 sua.»
3082 718 3095 733 ,
3130 678 3302 724 uenter
3325 685 3424 723 au-

1846 770 1947 815 tem
1971 758 2250 831 impiorum
2276 759 2653 814 insaturabilis.
2705 758 2890 816 Justus
2911 762 3140 831 percipit
3161 762 3313 817 cibos
3341 776 3427 817 sa-

1845 855 2083 925 pientiae,
2112 854 2204 923 qui
2237 853 2289 907 in
2317 852 2599 908 novalibus
2620 851 2861 917 Patrum,
2894 854 2997 909 hoc
3028 861 3131 918 est,
3151 854 3219 923 jn
3249 853 3428 923 operi—

1846 946 1949 1002 bus
2004 963 2068 1001 ac
2115 946 2297 1001 verbis
2350 945 2763 1016 praecedentium
2807 943 3074 1012 justorum
3129 944 3429 1014 probantur

1848 1039 2040 1103 exorti,
2057 1045 2113 1093 et
2137 1038 2237 1091 hos
2270 1037 2337 1092 ad
2352 1034 2649 1106 profectum
2675 1034 2868 1089 animae
2897 1049 3007 1089 suae
3033 1034 3171 1090 bene
3200 1033 3428 1089 vivendo

1850 1127 2052 1196 trajicit
2082 1146 2094 1181 :
2135 1125 2319 1182 Venter
2356 1138 2531 1181 autem
2566 1128 2880 1196 impiorum,
2919 1126 2971 1181 id
3009 1133 3120 1192 est,
3157 1126 3428 1196 capacitas

1848 1234 2039 1274 sensus
2062 1218 2436 1273 haereticorum
2470 1217 2849 1283 insaturabilis,
2880 1216 3007 1285 quia
3038 1216 3176 1271 sicut
3200 1215 3428 1287 Aposto-

1848 1310 1933 1366 lus
1985 1311 2108 1364 ait:
2146 1304 2357 1380 Semper
2408 1310 2702 1375 discentes,
2751 1326 3015 1380 nunquam
3071 1309 3140 1363 ad
3198 1308 3428 1362 veritatis

1847 1392 2119 1460 s'cientiam
2155 1403 2451 1472 perveniunt
2479 1400 2568 1474 (ιι
2590 1402 2725 1457 Tim.
2751 1402 2854 1473 nt).
2902 1401 3080 1469 Quare
3121 1410 3303 1456 autem
3344 1417 3429 1456 sa-

1849 1496 2018 1550 turari
2052 1494 2276 1551 scientia
2307 1510 2412 1549 non
2446 1506 2737 1558 merentur,
2777 1495 2882 1549 nisi
2920 1494 3046 1565 quia
3085 1508 3425 1563 nequaquam

1846 1585 2035 1641 refecti
2063 1573 2219 1649 cibis,
2245 1591 2485 1655 paternas
2520 1584 2891 1651 institutionis,
2925 1584 3046 1639 aliis
3070 1584 3168 1639 bos
3200 1597 3424 1654 congre-

1848 1688 1979 1749 gant
2000 1680 2203 1749 absque
2225 1676 2447 1745 judicio.

2432 1766 2658 1824 CAPUT
2703 1768 2841 1824 XIV.

1920 1859 2140 1929 Sapiens
2163 1857 2349 1913 mulier
2375 1858 2601 1926 aediﬁcat
2629 1858 2840 1912 domum
2861 1874 3044 1925 suam;
3068 1858 3314 1929 insipiens
3340 1873 3430 1912 ex-

1847 1963 2101 2007 structam
2152 1968 2353 2023 quoque
2398 1952 2625 2007 destruet
2669 1952 2930 2007 manibus.
2986 1952 3053 2005 Et
3097 1965 3429 2020 unaquaque

1849 2044 2028 2097 anima
2071 2042 2243 2097 ﬁdelis
2279 2053 2333 2098 et
2364 2042 2604 2098 Ecclesia
2649 2056 2746 2112 per
2771 2042 2959 2096 orbem
2985 2040 3246 2095 catholica
3276 2054 3427 2094 man-

1847 2136 2053 2191 sionem
2084 2134 2187 2190 sibi
2216 2136 2269 2189 in
2298 2135 2471 2205 patria
2498 2133 2703 2189 caelesti
2733 2133 2889 2191 bonis
2917 2132 3125 2188 actibus
3151 2130 3382 2187 aediﬁcat
3411 2147 3425 2185 :

1847 2234 1904 2279 at
1945 2237 2073 2281 vero
2103 2226 2312 2295 reprobi
2342 2239 2406 2279 ea
2435 2240 2553 2293 qua:
2580 2226 2717 2279 bene
2758 2233 2885 2278 sunt
2922 2238 2954 2278 a
2989 2223 3145 2279 nonis
3179 2223 3427 2278 ordinata

1848 2317 1988 2373 male
2010 2318 2259 2379 vivendo,
2293 2325 2347 2371 et
2384 2317 2672 2387 aliquando
2697 2323 2880 2387 aperte
2907 2314 3251 2385 repugnando
3272 2313 3431 2370 dissi-

1846 2418 1998 2479 pant,
2029 2423 2199 2479 quare
2234 2417 2411 2463 autem
2452 2408 2601 2463 stulti
2629 2407 2947 2477 sapientium
2981 2416 3134 2461 actus
3162 2405 3422 2472 lacerent,

1845 2482 2195 2569 sequentibus
2232 2498 2411 2553 verbis
2440 2497 2741 2553 ostenditur
2772 2511 2895 2551 cum
2923 2495 3140 2551 dicitur.

1917 2579 2205 2644 Ambulans
2242 2599 2380 2643 recto
2415 2590 2597 2643 itinere
2617 2598 2665 2641 et
2690 2588 2874 2641 timens
2920 2585 3085 2639 Deum
3121 2584 3425 2655 despicitur,

1846 2680 1910 2735 ab
1940 2699 1998 2735 co
2027 2683 2116 2753 qui
2142 2680 2328 2750 infami
2363 2680 2604 2750 graditur
2641 2680 2740 2732 via.
2787 2677 3127 2733 Abominatio
3163 2686 3247 2732 est
3280 2677 3424 2732 enim

1843 2772 2118 2844 peccaturi
2174 2772 2402 2842 religio,
2455 2771 2785 2839 stultumque
2835 2769 3047 2823 videtur
3094 2767 3423 2834 incredulis,

1845 2881 1966 2921 cum
2024 2864 2207 2919 ﬁdeles
2274 2872 2493 2934 propter
2549 2863 2643 2918 Dei
2698 2863 2988 2928 timorem,
3049 2877 3156 2917 non
3216 2869 3423 2916 tantum

1846 2954 2104 3026 abjiciunt
2145 2956 2413 3021 timorem,
2465 2955 2558 3009 sed
2600 2964 2655 3009 et
2694 2961 2958 3009 tormenta
3000 2952 3197 3018 rident,
3236 2967 3423 3008 eorum

1845 3048 1938 3117 qui
1967 3045 2219 3103 occidunt
2250 3060 2467 3116 corpus,
2500 3045 2566 3101 de
2602 3044 2797 3115 quibus
2833 3044 3009 3101 adhuc.
3047 3051 3169 3114 apte
3210 3041 3423 3113 subjun-

1845 3140 2006 3209 gitur.

1912 3229 1981 3284 In
2008 3245 2095 3283 ore
2121 3227 2266 3282 stulti
2285 3230 2431 3299 virga
2458 3229 2732 3304 superbire,
2762 3228 2903 3283 labia
2931 3228 3222 3298 sapientum
3246 3239 3423 3284 custo-

1843 3320 1991 3375 diunt
2013 3336 2120 3373 eos.
2169 3318 2300 3385 Quia
2336 3319 2483 3373 stulti
2516 3334 2613 3389 per
2637 3319 3001 3389 vaniloquinm
3028 3319 3259 3375 humiles
3286 3336 3422 3395 quos

1843 3412 2145 3480 despiciunt
2192 3408 2452 3481 alliigunt,
2492 3411 2588 3466 sed
2625 3411 2784 3466 iidem
2826 3410 3054 3467 humiles
3090 3411 3279 3481 spiritu
3324 3427 3425 3483 per

1842 3504 2145 3560 doctrinam
2190 3518 2248 3557 se
2294 3504 2571 3573 sapientia:
2607 3519 2676 3558 ne
2711 3503 3046 3573 decipiantur
3082 3494 3345 3561 muniunt.

1916 3590 2014 3646 Ubi
2042 3609 2146 3647 non
2182 3602 2300 3647 sunt
2332 3591 2498 3657 bones,
2518 3602 2762 3661 'prtesepe
2803 3608 3022 3646 vacuum
3054 3602 3164 3657 est;
3195 3594 3282 3647 ubi
3315 3610 3418 3654 au-

1843 3692 1946 3738 tem
1973 3683 2211 3752 plurima:
2235 3691 2446 3753 segetes,
2475 3682 2548 3736 ibi
2574 3679 2849 3752 manifesta
2877 3691 2950 3737 est
2975 3683 3228 3760 fortitudo
3255 3684 3417 3739 bovis.

1843 3776 2061 3832 Hterent
2103 3778 2217 3830 haec
2257 3774 2654 3845 superioribus,
2696 3774 2858 3829 boves
2900 3788 3132 3844 namque
3171 3775 3422 3834 doctores

1842 3866 2153 3929 catholicos,
2194 3855 2435 3935 praesepe
2471 3872 2671 3918 emtum
2701 3864 3027 3930 auditorum,
3057 3862 3265 3938 segetes
3289 3868 3420 3924 dicit

1842 3954 2050 4009 fructus
2100 3970 2322 4024 operum
2350 3956 2635 4010 bonorum.
2679 3954 2953 4011 incassum
2981 3970 3110 4028 ergo
3140 3958 3295 4013 timet
3320 3976 3413 4017 su-

1842 4049 2100 4118 perbus,
2130 4054 2187 4101 et
2234 4047 2443 4102 indocta
2494 4047 2801 4121 eloquentia
2855 4049 3101 4103 verberat
3153 4066 3314 4108 aures
3351 4068 3414 4109 ac

1844 4138 2005 4193 corda
2034 4135 2413 4205 subjectorum,
2443 4137 2565 4207 quia
2602 4137 2687 4191 ubi
2724 4152 2830 4192 non
2872 4146 2997 4192 sunt
3035 4139 3179 4195 docti
3217 4144 3413 4210 prtedi-

1843 4236 2079 4293 catores,
2118 4224 2315 4280 frustra
2364 4226 2431 4280 ad
2470 4225 2790 4282 audiendum
2842 4227 3063 4286 conﬂuit
3108 4232 3262 4288 turba
3304 4233 3415 4303 ple-

1842 4324 1990 4378 bium
2030 4342 2041 4376 :
2090 4323 2183 4377 ubi
2235 4331 2415 4375 autem
2468 4321 2712 4390 plurimae.
2765 4324 3106 4393 operationes
3156 4336 3417 4395 apparent

1842 4415 2123 4478 virtutum,
2148 4412 2220 4467 ibi
2249 4410 2585 4482 apertissime
2616 4410 2801 4477 claret,
2836 4413 3092 4481 quianon
3129 4415 3414 4471 hmreticus

1844 4507 1896 4561 in
1941 4521 2135 4559 vanum
2178 4504 2420 4575 garrivit,
2468 4503 2562 4557 sed
2603 4518 2700 4572 pro
2739 4504 2887 4558 verbi
2926 4503 3077 4575 fruge
3102 4504 3408 4561 laboravit:

150 4598 251 4653 sed
279 4596 509 4649 aliorum
539 4594 715 4663 potius
751 4595 937 4659 servit,
966 4595 1092 4649 dunt
1120 4598 1230 4665 ipse
1259 4596 1327 4651 ab
1357 4598 1439 4653 his
1475 4615 1591 4667 qum.
1617 4600 1744 4670 legit
1838 4596 1967 4661 lllc,
2009 4597 2099 4665 qui
2141 4604 2195 4650 et
2236 4595 2408 4664 ipsum
2446 4595 2666 4648 verbum
2706 4603 2856 4650 casto
2894 4610 2989 4649 ore
3025 4596 3324 4661 nominare,
3358 4607 3413 4651 et

148 4687 243 4742 vel
269 4687 483 4741 actibus
509 4684 749 4753 reprobis
769 4725 783 4749 ,
809 4685 890 4739 vel
916 4686 1075 4738 etiam
1109 4686 1381 4756 impietate
1408 4702 1598 4743 sensus
1628 4690 1738 4743 lue-

151 4778 317 4834 retici
348 4778 634 4849 discrepat.
693 4775 838 4830 Talis
867 4792 1099 4845 namque
1128 4777 1179 4829 in
1209 4778 1508 4842 novalibus,
1548 4778 1602 4833 id
1636 4789 1737 4845 est,

148 4868 436 4940 operibus,
449 4867 563 4922 sive
580 4867 920 4921 sermonibus
941 4866 1158 4919 Patrum
1179 4867 1380 4935 optima
1404 4868 1740 4924 institutione

150 4958 412 5023 excultis,
457 4973 563 5011 non
590 4958 715 5023 sibi,
744 4958 837 5012 sed
875 4956 994 5011 aliis
1032 4956 1327 5011 subsidium
1358 4958 1608 5027 acquirit,
1637 4959 1741 5015 illis

149 5048 434 5111 videlicet,
461 5046 551 5115 qui
582 5054 841 5115 tractatus
868 5046 984 5115 ejus
1007 5045 1241 5116 legentes
1268 5060 1486 5111 arcana,
1520 5063 1614 5117 per
1647 5063 1739 5102 eos

150 5139 425 5212 spiritalis
454 5148 643 5205 sensus
671 5136 865 5205 quibus
894 5137 1119 5191 interius
1157 5136 1561 5206 conspiciuntur
1595 5138 1740 5192 inve-

150 5233 342 5289 niunt.
401 5225 627 5297 Utrique
671 5231 853 5278 autem
896 5226 1078 5279 sensui
1126 5225 1377 5289 convenit
1422 5236 1544 5281 ante
1599 5228 1736 5281 ouod

151 5322 427 5391 sequitur.

232 5411 341 5477 Qui
360 5410 529 5479 parcit
555 5409 736 5477 virgae,
763 5406 870 5458 odit
898 5404 1067 5473 ﬁlium
1096 5422 1268 5472 suum,
1299 5406 1387 5476 qui
1413 5415 1587 5459 autem
1616 5405 1737 5459 dili-

149 5505 228 5574 git
252 5501 408 5555 illum
432 5501 690 5553 instanter
710 5498 895 5550 erudit.
936 5495 1069 5550 Nam
1100 5506 1154 5551 et
1179 5506 1330 5566 pater
1350 5496 1520 5550 bonus
1548 5496 1733 5563 lilium,

121 5602 211 5648 -et
265 5589 588 5658 discipulum
633 5589 885 5657 magister
937 5587 1234 5664 catholicus
1273 5603 1341 5642 ne
1376 5587 1442 5640 ad
1478 5587 1731 5657 iniquita-

158 5692 275 5740 tem
306 5680 557 5737 deﬂectat
583 5678 841 5735 sollicitus
870 5679 1065 5735 erudit.
1117 5678 1512 5734 Pnecedcntem
1552 5688 1730 5735 autem

1842 4688 1981 4741 viam
2024 4686 2267 4740 veritatis
2315 4692 2462 4739 recto
2509 4684 2849 4739 discretionis
2893 4686 3026 4755 pede
3055 4695 3237 4741 nosset
3265 4686 3411 4742 ince-

1842 4778 1987 4832 dere.
2026 4775 2131 4831 Nee
2162 4776 2461 4829 mirandum
2495 4789 2591 4828 cur
2618 4773 2671 4827 in
2698 4774 2917 4843 praesepi
2947 4775 3219 4831 auditores
3245 4776 3411 4846 signi-

1840 4871 1991 4925 ﬁcari
2016 4868 2310 4922 dixerimus
2342 4882 2463 4922 eum
2490 4868 2589 4922 bos
2612 4864 2787 4919 alatur
2822 4867 2888 4920 de
2914 4869 3176 4937 .praesepi,
3221 4868 3409 4923 doctor

1840 4967 2015 5013 autem
2056 4958 2219 5013 verbo
2249 4956 2526 5012 audientes
2562 4956 2731 5012 soleat
2774 4957 2999 5011 nutrire.
3048 4956 3153 5013 Sed
3200 4958 3409 5013 intuen-

1838 5051 1963 5105 dum
1993 5051 2115 5118 quia
2146 5058 2201 5104 et
2228 5050 2292 5121 de
2320 5049 2503 5103 labore
2538 5048 2691 5104 bovis
2735 5061 2975 5117 praesepe
3017 5047 3265 5116 impletur
3288 5087 3303 5111 ,
3355 5057 3408 5103 et

1842 5138 1954 5207 ipse
1980 5141 2077 5194 bos
2110 5156 2207 5194 suo
2234 5138 2411 5193 fructu
2443 5138 2510 5193 de
2536 5138 2761 5208 praisepi
2790 5137 3058 5203 reﬁcitur;
3092 5138 3215 5207 quia
3240 5136 3403 5192 nimi-

1843 5246 1960 5283 rum
1989 5230 2306 5298 przedicator
2327 5228 2498 5283 ﬁdelis
2523 5239 2576 5284 et
2604 5228 2882 5282 audientes
2915 5229 3079 5285 verbo
3115 5227 3307 5294 reﬁcit,
3347 5238 3405 5284 et

1839 5321 2027 5374 eadem
2062 5306 2351 5375 refectione
2379 5320 2517 5389 apud
2542 5319 2823 5373 Dominum
2846 5320 2959 5389 ipse
2984 5319 3214 5388 proﬁcit.
3247 5319 3401 5388 Quod

1842 5409 1895 5462 in
1947 5424 2109 5477 opere
2162 5408 2421 5479 ﬁguratur
2468 5427 2481 5461 :
2524 5408 2669 5463 Elias
2710 5410 2801 5478 qui
2851 5410 2993 5477 apud
3050 5408 3399 5479 Sareptanazn

1840 5501 2055 5553 viduam
2080 5515 2238 5567 quam
2265 5502 2456 5569 pascit,
2493 5502 2607 5570 ipse
2640 5503 2765 5557 dum
2792 5502 3049 5571 pascitur.

1909 5587 2108 5653 (fuerit
2140 5588 2337 5643 derisor
2372 5592 2678 5659 sapientiam
2708 5602 2757 5645 et
2794 5608 2895 5645 non
2929 5592 3139 5656 invenit,
3161 5590 3402 5646 doctrina

1834 5681 2163 5751 prudentium
2197 5682 2384 5751 facilis.
2426 5682 2654 5752 Caiphas
2699 5684 2789 5752 qui
2822 5684 3048 5739 Domino
3082 5684 3209 5738 dixit
3244 5702 3258 5736 :
3290 5683 3399 5736 Ad-
