3918 6348
473 315 572 371 727

1112 310 1170 364 Β.
1213 305 1464 364 RABANI
1500 304 1719 361 MAURI
1758 302 2076 359 ARCHIEP.
2117 295 2727 357 MOGUNT.OPERUM
2761 293 2943 351 PARS
2973 292 3058 350 Ill.

3648 294 3760 354 7%

462 428 591 498 jura
620 437 666 480 te
695 440 787 497 per
811 422 978 477 Deum
1007 421 1194 484 viuum,
1220 427 1275 471 ut
1309 418 1456 470 dicas
1486 415 1632 469 nobis
1664 415 1709 468 si
1741 423 1797 467 tu
1826 429 1880 467 es
1909 411 2064 467 Chri-
2090 415 2145 475 Α
2167 409 2306 466 saltu
2331 406 2470 498 velle
2492 405 2742 498 transire,
2770 404 3029 498 sapientis
3063 412 3241 459 autem
3289 405 3355 461 ad
3400 404 3628 498 planum
3670 405 3763 498 vel

469 530 585 577 stus
608 517 821 590 (Matth.
838 513 1013 587 x-xvr),
1029 510 1157 582 quia
1178 508 1319 567 male
1332 508 1613 579 quaerebat
1634 505 1898 570 invenire,
1913 503 2058 574 quod

472 609 697 681 rogabat
736 622 843 662 non
884 604 1119 685 meruit,
1149 608 1206 656 at
1249 598 1496 670 discipuli
1537 598 1631 669 qui
1674 612 1733 653 se
1780 594 2058 652 humiliter

469 705 676 761 auditui
703 700 949 758 veritatis
979 697 1354 761 subdiderant,
1394 699 1618 763 accepta
1658 690 1893 763 Spiritus
1936 704 2059 759 gra—

472 796 545 850 tia
574 837 589 859 ,
642 809 749 849 non
794 789 1129 847 solummodo
1170 783 1448 843 Christum
1493 784 1589 840 Dei
1624 782 1821 839 Filium
1860 796 2061 853 cogno-

470 900 641 950 scere,
674 884 770 939 sed
795 890 851 937 et
876 880 1055 936 abdita
1086 877 1493 946 Scripturarum
1518 873 1817 944 intelligere
1847 886 2061 927 merue-

472 985 617 1031 runt.
666 974 774 1029 Sed
808 980 863 1027 et
899 979 1026 1025 tunc
1051 967 1292 1024 doctrina
1325 966 1677 1037 prudentium
1713 960 1888 1019 facilis
1915 971 2055 1028 erat,

472 1071 690 1141 quando
741 1065 1021 1124 Cornelius
1070 1078 1195 1119 cum
1241 1062 1402 1116 domo
1449 1074 1547 1115 sua
1595 1066 1651 1114 et
1697 1056 1876 1113 caeteri
1924 1054 2060 1110 tales

472 1162 695 1217 verbum
723 1157 1000 1214 humiliter
1026 1153 1331 1216 audientes,
1368 1164 1495 1205 mox
1522 1146 1838 1210 credebant,
1879 1152 1936 1200 et
1969 1160 2063 1200 ac-

473 1260 633 1324 cepto
678 1249 885 1321 Spiritu
930 1253 1120 1303 sancto
1156 1243 1353 1314 linguis
1397 1241 1758 1311 loquebantur
1784 1238 2055 1293 omnibus.

473 1343 627 1399 Nunc
671 1354 885 1412 quoque
939 1336 1243 1393 doctrinam
1296 1332 1421 1388 fidei
1486 1330 1766 1387 catholicae
1822 1328 2062 1399 prudens

472 1438 702 1507 quisque
751 1434 878 1489 dum
933 1429 1326 1492 catechizatur,
1376 1424 1534 1481 facile
1584 1421 1834 1495 percipit,
1895 1435 2061 1490 quam

473 1526 737 1591 ἥξοι-διξαὶ,
780 1524 906 1595 quia
937 1536 1194 1595 perverse
1226 1525 1499 1590 quaerunt,
1529 1528 1808 1586 nunquam
1834 1527 2062 1584 prorsus

474 1617 771 1674 inveniunt.

553 1707 697 1763 Vade
732 1716 915 1763 contra
942 1707 1112 1762 uirum
1137 1703 1354 1759 stultum
1380 1709 1429 1756 et
1459 1700 1618 1755 nescit
1650 1696 1791 1752 labia
1832 1696 2062 1769 pruden-

2159 505 2377 569 pontem
2402 495 2690 561 divertere,
2722 494 2797 549 ita
2825 493 2918 563 qui
2945 500 3165 563 peccata
3192 502 3453 564 quantum
3485 495 3638 552 valet
3667 496 3763 552 de-

2161 591 2341 653 clinat,
2374 589 2572 645 timens
2598 603 2669 643 ne
2691 586 2999 643 involvatur
3024 586 3200 653 malis,
3229 589 3445 660 sapiens
3466 599 3571 646 est.
3606 589 3763 645 Stulo

2161 691 2248 737 tus
2273 687 2453 736 autem
2481 679 2569 735 ille
2599 679 2691 751 qui
2721 679 3075 750 contemptim
3106 687 3315 750 peccat,
3342 678 3629 736 blandiens
3652 679 3763 736 sibi

2160 772 2285 842 quia
2316 778 2411 825 aut
2433 767 2722 841 posteriori
2755 778 2995 839 tempore
3031 768 3406 840 pmnitentiam
3448 780 3578 842 agat
3605 784 3767 826 com-

2162 863 2473 926 missorum,
2525 870 2617 917 aut
2656 861 2717 916 si
2747 870 2970 926 repente
2994 860 3277 927 moriatur,
3318 859 3535 917 fortiter
3560 877 3766 935 pugnas

2162 951 2321 1008 inferi
2363 952 2602 1008 suﬂ'erat.

2233 1043 2522 1116 Impatiens
2576 1044 2876 1115 operabitur
2919 1042 3219 1110 stultitiam,
3287 1055 3336 1099 et
3379 1048 3462 1100 vir
3512 1057 3765 1103 versutus

2163 1135 2377 1191 odiosus
2404 1145 2500 1190 est.
2542 1133 2999 1204 Reprehensibilis
3033 1133 3253 1205 quidem
3281 1141 3364 1190 est
3391 1135 3556 1192 homo
3582 1136 3765 1207 impa-

2163 1228 2328 1295 tiens,
2352 1227 2447 1284 sed
2474 1227 2642 1283 multo
2678 1225 2831 1298 pejor
2868 1236 2924 1282 et
2964 1227 3203 1283 odiosior
3231 1226 3343 1282 Deo
3368 1236 3453 1283 est
3479 1237 3763 1294 versutus,

2162 1324 2378 1378 tametsi
2409 1322 2551 1393 apud
2586 1322 2834 1377 homines
2872 1321 3064 1377 melior
3100 1322 3399 1377 aestimetur
3431 1339 3453 1401 ε’
3478 1321 3570 1377 ille
3608 1322 3762 1377 enim

2161 1415 2340 1487 palam
2365 1413 2617 1470 omnibus
2638 1428 2791 1469 suam
2816 1413 3053 1469 ostendit
3086 1412 3390 1478 stultitiam,
3425 1412 3531 1468 iste
3571 1422 3764 1467 autem

2163 1522 2286 1563 cum
2315 1508 2385 1563 sit
2410 1506 2573 1562 corde
2601 1520 2889 1577 perversus
2926 1520 3068 1576 saepe
3104 1504 3509 1575 simplicitatem
3536 1505 3766 1560 simulat

2162 1606 2219 1652 et
2236 1598 2523 1669 justitiam,
2554 1604 2715 1668 atque
2745 1597 2884 1667 apud
2908 1596 3484 1667 bumanumjudicium
3505 1606 3763 1653 sanctum

2165 1704 2225 1744 se
2252 1689 2359 1745 dici
2381 1688 2634 1754 delectat,
2659 1704 2782 1744 cum
2811 1689 2881 1744 sit
2909 1689 3089 1745 divino
3119 1691 3370 1746 examine
3398 1690 3543 1745 inter
3564 1704 3762 1760 repro-

472 1803 559 1854 tiw
587 1800 865 1870 sapientia.
915 1798 1041 1853 Ideo
1077 1796 1289 1852 derisor
1315 1790 1639 1863 sapientiam
1673 1804 1836 1861 quam
1869 1788 2065 1858 quaerit
2090 1782 2137 1843 B
2162 1781 2263 1838 bos
2289 1781 2609 1837 aestimatus.

472 1909 578 1947 non
604 1892 824 1953 invenit,
858 1889 982 1960 quia
1025 1888 1128 1944 etsi
1160 1894 1346 1957 aperte
1375 1892 1564 1939 contra
1596 1881 1740 1935 illius
1774 1878 2061 1935 stultitiam

473 1983 794 2054 disputando
822 1983 1056 2047 incedas,
1092 1979 1266 2034 nescit
1296 1976 1599 2047 intelligere
1646 1989 1765 2045 quae
1808 1973 1968 2037 dicis,
2003 1978 2064 2026 ut

474 2071 633 2125 Arius
668 2069 757 2138 qui
797 2068 1021 2122 verbum
1088 2061 1665 2120 consubstantialitatis
1705 2062 1760 2115 in
1803 2059 1966 2115 Patre
2008 2068 2064 2115 et

468 2159 609 2215 Filio
637 2200 651 2225 ,
693 2172 958 2228 nusquam
1008 2155 1413 2224 Scripturarum
1459 2151 1689 2206 inveniri
1730 2165 1890 2221 posse
1930 2164 2062 2204 con-

472 2251 745 2313 tendebat,
785 2262 908 2303 cum
955 2246 1005 2301 ei
1048 2243 1334 2299 manifeste
1375 2241 1640 2313 scriptum
1682 2238 2011 2308 objiceretur
2044 2257 2059 2293 :

474 2341 586 2412 Ego
619 2350 667 2395 et
698 2338 861 2392 Pater
892 2351 1055 2391 unum
1084 2350 1266 2389 sumus
1300 2332 1481 2405 (Joan.
1520 2331 1577 2404 κ)
1602 2348 1617 2397 ;
1653 2339 1710 2386 et
1737 2348 1751 2385 :
1778 2330 1923 2385 Deus
1951 2338 2064 2384 erat

482 2428 704 2483 Verbum
750 2426 931 2497 (Joan.
977 2423 1018 2497 ι)
1046 2464 1060 2488 ,
1103 2431 1158 2479 et
1196 2432 1391 2478 cetera
1434 2421 1581 2477 talia.
1641 2420 1767 2477 ldeo
1812 2419 2063 2475 doctrina

471 2517 816 2587 prudentium
847 2513 1020 2568 facilis
1055 2520 1155 2575 est,
1188 2512 1313 2582 quia
1342 2511 1483 2566 labia
1519 2511 1822 2582 prudentia:
1852 2510 2065 2580 sapien-

476 2611 571 2673 tia,
604 2608 656 2662 id
682 2616 784 2671 est,
813 2607 938 2675 quia
968 2605 1110 2659 labia
1135 2618 1468 2674 quaecunque
1492 2603 1791 2673 prudentire
1817 2601 2066 2657 modera-

476 2698 618 2752 mine
666 2704 966 2767 reguntur,
1019 2695 1084 2749 de
1139 2693 1403 2764 sapientia
1452 2692 1625 2748 solum
1672 2691 1822 2762 loqui
1866 2698 1919 2746 et
1971 2707 2067 2745 au-

475 2790 591 2842 dire
620 2787 775 2843 dulce
805 2785 1026 2850 habent,
1053 2784 1276 2855 ejusque
1314 2783 1655 2841 meditationi
1681 2798 1905 2853 operam
1935 2782 2067 2838 dare

475 2890 744 2951 satagunt.

546 2973 651 3025 Cor
670 2985 806 3042 quoa
829 2972 967 3026 nouit
992 2968 1401 3023 amaritudinem
1423 2966 1617 3021 animo:
1636 2980 1766 3029 sure,
1792 2963 1849 3018 in
1869 2961 2067 3033 gaudio

476 3064 586 3132 ejus
610 3078 714 3117 non
738 3060 1039 3115 miscebitur
1063 3067 1364 3113 extraneas.
1402 3054 1835 3110 Amaritudinem
1864 3050 2066 3106 habent

2235 1874 2491 1929 lucebunt
2529 1872 2657 1929 mali
2685 1883 2808 1930 ante
2835 1890 2993 1930 bonos
3027 1885 3075 1931 et
3111 1876 3261 1947 impii
3301 1886 3422 1933 ante
3460 1886 3643 1949 portas
3665 1878 3762 1948 ju-

2164 1974 2385 2020 storum.
2440 1964 2499 2020 In
2549 1964 2844 2020 novissimo
2867 1963 3073 2033 judicio
3102 1967 3377 2022 coronatis
3402 1966 3574 2037 justis
3616 1969 3767 2024 dam-

2166 2056 2439 2110 uehuntur
2483 2054 2722 2125 reprobi,
2769 2054 2861 2126 qui
2902 2069 2997 2110 eos
3038 2055 3092 2110 in
3130 2057 3386 2125 praesenti
3412 2058 3761 2127 premebant,

2166 2147 2307 2216 quod
2332 2145 2479 2201 enim
2507 2146 2582 2200 ait
2606 2154 2748 2209 ante,
2777 2146 2827 2199 id
2856 2152 2939 2199 est
2983 2154 3108 2200 ante
3135 2146 3305 2201 bonos
3327 2155 3383 2201 et
3417 2156 3545 2203 ante
3573 2158 3763 2218 portas

2159 2235 2428 2306 justorum
2448 2277 2463 2302 ,
2492 2252 2602 2292 non
2630 2237 2698 2291 ad
2726 2236 3060 2292 vicinitatem
3093 2237 3219 2305 loci,
3258 2239 3351 2295 sed
3389 2240 3454 2295 ad
3492 2242 3760 2298 visionem

2166 2329 2402 2400 pertinet
2442 2330 2726 2393 bonorum,
2752 2329 2878 2398 quia
2918 2328 3182 2384 malorum
3228 2338 3497 2387 tormenta
3544 2348 3763 2404 semper

2167 2420 2453 2490 aspiciunt,
2484 2428 2546 2474 ut
2576 2418 2810 2488 majores
2837 2420 3083 2489 ereptori.
3109 2435 3208 2475 suo
3247 2422 3448 2492 gratias
3490 2422 3611 2480 sine
3656 2424 3762 2480 ﬁne

2168 2511 2425 2567 referant.
2472 2512 2624 2568 Unde
2661 2514 2726 2568 de
2758 2512 2861 2567 illis
2907 2512 3109 2568 Isaias:
3145 2513 3215 2567 Et
3247 2516 3574 2586 egredientur
3611 2526 3661 2571 et
3696 2518 3764 2572 ri-

2168 2603 2382 2668 debunt,
2406 2602 2600 2673 inquit,
2628 2602 2882 2657 cadavera
2904 2604 3135 2658 virorum
3160 2604 3251 2674 qui
3271 2607 3608 2675 prwvaricati
3639 2617 3761 2662 sunt

2167 2692 2223 2745 in
2254 2707 2355 2744 me.
2425 2690 2619 2745 Vermis
2648 2708 2826 2746 eorum
2862 2708 2963 2746 non
2996 2694 3271 2759 morietur,
3309 2705 3359 2749 et
3400 2697 3534 2767 ignis
3574 2714 3762 2752 eorum

2168 2799 2273 2837 non
2291 2784 2669 2854 exslinguetur,
2694 2796 2740 2839 et
2767 2794 2917 2839 erunt
2953 2802 3115 2857 usque
3137 2787 3205 2840 ad
3227 2788 3517 2842 satietatem
3539 2791 3762 2846 visionis

2169 2875 2311 2928 omni
2337 2876 2484 2929 carni
2511 2874 2645 2947 (Isa.
2677 2876 2845 2947 vat).
2891 2877 3043 2944 Quod
3066 2887 3247 2933 autem
3281 2880 3371 2943 ait,
3405 2882 3760 2951 egredientur,

2169 2978 2274 3018 non
2310 2965 2507 3034 pedum
2545 2980 2880 3036 processum,
2926 2968 3019 3022 sed
3063 2967 3342 3023 oculorum
3384 2970 3652 3041 signiﬁcat
3682 2972 3763 3028 in-

2170 3057 2385 3122 tuitum,
2435 3071 2593 3129 quem
2625 3059 2769 3114 intus
2807 3061 2858 3114 in
2894 3075 3056 3130 regno
3082 3061 3241 3131 positi
3270 3063 3336 3117 ad
3369 3064 3593 3120 videnda
3634 3082 3763 3137 pra-

478 3154 673 3208 animze
694 3162 749 3207 et
791 3152 971 3217 electi,
1002 3150 1242 3221 quandiu
1266 3162 1297 3203 a
1319 3147 1529 3219 gaudiis
1561 3143 1883 3201 differuntur
1910 3152 2067 3199 teter-
2093 3135 2140 3198 C
2170 3162 2359 3203 vorum
2392 3150 2654 3220 supplicia
2680 3149 2825 3206 foras
2857 3168 2980 3206 cum
3005 3153 3193 3208 volunt
3217 3154 3488 3211 emittunt.

478 3242 581 3304 nis,
619 3250 676 3295 et
702 3241 916 3312 reprobi
946 3255 1071 3296 eum
1099 3237 1384 3293 desideriis
1423 3234 1735 3305 afﬂiguntur
1771 3234 2065 3303 perversis,

477 3331 574 3388 sed
620 3332 807 3398 electi,
866 3331 993 3399 quia
1046 3330 1101 3384 in
1152 3328 1272 3383 luce
1322 3325 1601 3381 ambulant
1649 3324 2063 3379 amaritudinem

476 3438 664 3488 suam,
690 3430 894 3492 quanto
923 3430 993 3477 snt
1022 3420 1218 3492 gaudio
1245 3418 1502 3473 mutanda
1526 3416 1847 3488 praevident.
1896 3414 2068 3469 Porro

478 3518 691 3587 reprobi
724 3517 942 3586 prepria
972 3522 1162 3587 sponte
1190 3512 1398 3576 emcati,
1434 3511 1565 3582 quid
1603 3510 1658 3565 In
1684 3508 1937 3579 praesenti
1965 3522 2066 3577 pa-

480 3608 684 3661 tiantur
728 3622 835 3661 non
877 3604 1079 3671 vident,
1118 3603 1248 3674 quid
1284 3603 1336 3656 in
1369 3600 1552 3655 futuro
1587 3598 1697 3654 sint
1716 3598 1929 3670 passuri
1957 3613 2067 3652 non

477 3699 788 3769 prtevident,
822 3697 1050 3766 ideoque
1077 3710 1107 3751 a
1139 3692 1333 3748 futuris
1354 3692 1623 3747 bonorum
1651 3689 1860 3759 gaudiis
1892 3702 2070 3743 rema-

481 3788 684 3845 nebunt
721 3785 991 3849 extranei,
1041 3781 1134 3853 qui
1174 3780 1551 3836 amaritudinis
1593 3791 1782 3832 eorum
1834 3791 2071 3845 praesen-

481 3878 552 3931 tis
583 3891 690 3931 nou
724 3880 991 3929 noverunt
1018 3886 1139 3927 esse
1172 3870 1484 3941 participes,
1517 3866 1661 3922 unde
1695 3873 1751 3921 et
1788 3872 1912 3934 apte
1937 3865 2069 3920 sub-

480 3967 644 4021 ditur.

552 4059 751 4112 Domus
800 4056 1078 4127 impiorum
1112 4054 1385 4119 delebitur,
1430 4053 1768 4107 tabernacula
1802 4052 2072 4122 justorum

486 4150 870 4221 germinabant.
897 4146 1068 4200 Domo
1095 4145 1292 4214 quippe
1319 4144 1388 4197 in.
1406 4144 1708 4207 mansiOne,
1743 4143 2066 4197 tabernacu-

484 4247 549 4298 lis
585 4243 661 4297 uti
697 4241 833 4296 solet
869 4240 921 4294 in
962 4239 1173 4293 itinere.
1221 4235 1421 4291 Domus
1478 4236 1642 4304 igitur
1667 4235 1954 4305 impiorum
1979 4234 2072 4289 deo

486 4337 716 4399 lebitur,
767 4333 892 4402 quia
936 4331 1320 4385 habitationem
1361 4329 1487 4383 vitae
1529 4328 1831 4397 praesentis,
1864 4328 1917 4382 in
1966 4344 2073 4398 qua

485 4441 696 4494 semper
735 4438 952 4477 manere
981 4420 1381 4485 desiderabant,
1417 4420 1643 4488 perdent
1678 4420 1730 4473 in
1766 4428 1939 4475 morte
1984 4434 2070 4475 re-

486 4486 731 4585 probi,et
758 4512 859 4567 hoc
894 4511 1038 4580 quod
1067 4525 1173 4564 non
1202 4486 1585 4577 prtevidebant,
1607 4508 1855 4563 exsilium
1885 4524 2073 4580 perpe-
2097 4486 2149 4546 D

489 4617 592 4660 tua:
630 4602 990 4657 damnationis
1020 4600 1305 4668 subibunt,
1340 4597 1677 4652 tabernacula
1704 4609 1877 4651 autem
1898 4599 2071 4668 justo-

488 4710 601 4747 rum
628 4692 1009 4763 germinabunt,
1048 4692 1172 4760 quia
1218 4705 1456 4759 przesens
1501 4702 1687 4742 eorum
1734 4691 2071 4745 conversatio

490 4789 542 4839 in
599 4801 704 4855 qua
756 4783 941 4839 incola:
986 4791 1111 4837 sunt
1162 4783 1299 4852 apud
1351 4782 1634 4837 Dominum
1679 4790 1734 4837 et
1774 4782 2066 4852 peregrini,

488 4874 855 4929 crescentibus
895 4874 1009 4927 sine
1039 4872 1342 4927 cessatione
1369 4871 1578 4925 meritis
1614 4871 1681 4924 ad
1714 4870 1949 4925 fructum
1983 4886 2073 4926 us-

489 4980 593 5033 que
624 4965 998 5017 suavissiunun
1024 4962 1213 5029 patria:
1239 4963 1477 5017 caelestis
1499 4964 1845 5034 pertingitur.

561 5052 816 5106 lnnocens
837 5052 994 5103 credit
1023 5052 1163 5103 omni
1187 5052 1359 5117 verba,
1386 5063 1591 5106 astutus
1618 5056 1909 5108 considerat
1930 5071 2071 5124 gres-

490 5160 577 5197 sus
620 5158 761 5196 suos.
811 5140 958 5195 Hanc
1003 5141 1366 5195 innocentiam
1403 5146 1594 5208 vetuit,
1621 5153 1675 5198 et
1713 5146 1851 5198 banc
1885 5147 2070 5201 haberi

493 5236 672 5289 docuit
705 5235 957 5288 astutiam
986 5231 1221 5286 Joannes
1249 5248 1370 5286 cum
1407 5234 1482 5287 ait
1506 5251 1519 5288 :
1549 5235 1885 5301 Clmrissimi,
1914 5238 2072 5294 nolite

491 5327 631 5378 omni
660 5326 868 5394 spiritui
894 5325 1120 5388 credere,
1145 5324 1235 5377 sed
1257 5324 1469 5393 probate
1505 5326 1719 5395 spiritus
1771 5329 1815 5380 si
1856 5345 1920 5382 ea:
1955 5330 2066 5384 Do-

492 5419 633 5469 mino
669 5425 789 5468 sunt
820 5415 870 5484 (l
899 5415 1057 5469 Joan.
1092 5415 1187 5485 tv).

566 5507 785 5575 Sapiens
826 5506 967 5559 timet
1001 5515 1049 5559 et
1078 5507 1303 5563 declinat
1341 5507 1574 5573 malum;
1610 5510 1799 5565 stultus
1841 5515 2067 5569 transilit

491 5608 541 5655 et
570 5597 800 5664 conﬁdit.
847 5596 1001 5651 Sicut
1032 5598 1177 5651 stulti
1213 5608 1297 5653 est
1331 5601 1396 5654 de
1439 5616 1535 5655 sua
1578 5600 1855 5657 alacritate
1903 5606 2069 5658 conti-

496 5690 640 5751 dere,
669 5698 724 5745 et
752 5699 1043 5745 torrentem
1076 5689 1317 5758 rapidum
1347 5692 1427 5744 vel
1487 5696 1793 5764 voraginem
1822 5693 2065 5753 latiorem

2244 3242 2450 3297 Corona
2480 3245 2810 3314 sapientium,
2854 3247 3050 3302 divitia:
3081 3264 3296 3315 eorum;
3326 3249 3543 3320 fatuitas
3566 3255 3764 3311 stulto—

2171 3354 2288 3392 rum
2314 3379 2328 3405 ,
2386 3341 2757 3410 imprudentia.
2812 3340 3096 3413 Sapientes
3153 3359 3261 3400 non
3315 3348 3510 3403 terreni
3552 3347 3760 3420 aliquid

2170 3431 2518 3487 emolumenti
2548 3446 2646 3501 pro
2677 3432 2876 3488 divitiis
2902 3435 3123 3499 habent,
3157 3437 3250 3491 sed
3281 3450 3533 3492 coronam
3559 3439 3759 3497 solum-

2172 3522 2353 3589 modo,
2382 3538 2544 3593 quam
2581 3538 2678 3592 pro
2712 3524 3002 3580 virtutibus
3033 3526 3090 3580 in
3119 3525 3305 3582 futuro
3334 3529 3677 3599 percipiant:
3705 3542 3760 3589 at

2172 3613 2459 3668 stultorum
2488 3613 2710 3671 fatuitas
2749 3618 2982 3671 maxima
3019 3619 3134 3675 haec
3166 3629 3268 3685 est,
3303 3621 3431 3691 quia
3470 3622 3759 3694 improvidi

2171 3712 2497 3759 aeternorum
2539 3706 2605 3762 de
2648 3707 3003 3778 praesentibus
3040 3716 3250 3765 tantum
3290 3713 3584 3768 commodis
3625 3729 3762 3785 gan-

2173 3797 2321 3866 dent,
2390 3799 2747 3869 imprudentia
2801 3799 2946 3856 enim
3000 3802 3155 3872 quasi
3205 3802 3616 3873 improvidentia
3673 3807 3759 3864 di-

2172 3889 2335 3943 citur.

2246 3980 2454 4034 Liberat
2494 3982 2697 4037 animas
2739 3984 2883 4039 testis
2932 3984 3104 4053 ﬁdelis
3143 3996 3191 4042 et
3234 3989 3432 4059 profert
3484 3992 3761 4049 mendacia

2174 4070 2476 4140 versipellis.
2524 4072 2740 4128 Liberat
2789 4075 2997 4131 animas
3036 4075 3304 4146 Christus,
3349 4081 3441 4150 qui
3481 4092 3562 4137 est
3602 4086 3757 4141 testis

2176 4154 2364 4218 ﬁdelis,
2400 4165 2458 4211 ut
2484 4158 2538 4213 in
2568 4157 2887 4231 Apocalypsi
2921 4161 3169 4234 legimus,
3207 4174 3261 4221 et
3294 4167 3435 4222 sicut
3468 4170 3755 4240 Apostolus

2175 4246 2290 4300 ait:
2327 4246 2698 4303 Testimonium
2741 4252 2966 4307 reddidit
3005 4256 3099 4309 sub
3138 4254 3326 4313 Pontio
3360 4257 3535 4315 Pilato
3564 4264 3753 4319 bonam

2175 4336 2549 4405 confessionem
2583 4340 2632 4410 (1
2663 4339 2795 4395 Tim.
2826 4343 2924 4415 vr).
2980 4344 3045 4399 Et
3078 4346 3285 4416 profert
3321 4353 3598 4409 mendacia
3641 4357 3753 4412 dia-

2175 4426 2351 4491 bolus,
2402 4429 2493 4497 qui
2546 4438 2691 4485 recte
2740 4432 3039 4502 appellatur
3081 4439 3400 4507 versipellis,
3443 4444 3567 4511 quia
3610 4446 3748 4503 mala

2173 4530 2293 4607 quae
2320 4517 2566 4573 facienda
2595 4522 2849 4592 suggerit,
2873 4522 3013 4579 bona
3036 4538 3156 4582 esse
3180 4532 3513 4599 pronuntiat,
3542 4544 3595 4590 et
3618 4551 3746 4607 gau-

2174 4606 2261 4660 dia
2307 4608 2577 4677 promittit
2619 4619 2818 4666 aeterna
2862 4612 2928 4668 iis
2970 4628 3106 4683 quos
3140 4617 3205 4671 ad
3260 4618 3455 4674 inferni
3487 4606 3743 4681 tormenta

2173 4708 2461 4769 praeparat.
2508 4700 2641 4757 ltem
2686 4703 2879 4759 liberat
2927 4706 3135 4763 animas
3197 4710 3493 4768 catholicus
3542 4714 3741 4781 doctor,

2175 4789 2267 4857 qui
2298 4790 2607 4846 testimonia
2638 4792 3041 4864 Scripturarum
3078 4798 3323 4865 fideliter,
3367 4802 3423 4857 id
3463 4812 3565 4869 est,
3607 4818 3742 4863 recte

2174 4882 2450 4948 praedicat,
2492 4892 2547 4937 et
2580 4885 2785 4954 profert
2826 4890 3103 4945 mendacia
3142 4891 3448 4960 btereticus,
3490 4896 3571 4951 vel
3612 4900 3741 4955 sicut

2177 4969 2281 5024 alia
2307 4972 2470 5026 editio
2499 4972 2779 5031 manifeste
2810 4980 3098 5045 transtulit,
3126 4981 3360 5037 incendit
3392 4993 3567 5041 autem
3595 5004 3737 5044 men-

2178 5058 2332 5113 dacio
2362 5061 2597 5128 dolosus,
2627 5066 2959 5135 subauditur,
3003 5071 3211 5127 animas
3245 5086 3451 5141 eorum,
3480 5092 3613 5147 quos
3649 5095 3740 5136 suo

2178 5163 2364 5204 errore
2393 5152 2606 5223 decipit.

2249 5240 2315 5295 In
2360 5244 2545 5298 timore
2584 5246 2794 5300 Domini
2828 5249 3024 5318 ﬁducia
3054 5254 3375 5323 fortitudinis
3403 5267 3451 5311 et
3482 5258 3608 5326 ﬁliis
3635 5262 3740 5332 ejus

2177 5333 2272 5385 erit
2306 5348 2440 5402 spes.
2496 5335 2679 5391 Timor
2721 5339 2930 5396 Domini
2966 5343 3212 5400 fiduciam
3250 5345 3579 5408 fortitudinis
3614 5369 3742 5423 pne-

2176 5432 2305 5488 stat,
2351 5426 2476 5495 quia
2523 5428 2775 5485 nimirum
2847 5450 2998 5490 mens
3047 5447 3230 5492 nostra
3285 5448 3434 5497 tanto
3484 5444 3741 5505 valentius

2177 5526 2411 5574 terrores
2446 5537 2625 5576 rerum
2664 5527 3033 5595 temporalium
3060 5531 3295 5600 dispicit,
3324 5546 3530 5601 quanto
3558 5554 3617 5595 se
3651 5557 3744 5597 au-

2176 5609 2308 5662 ctori
2338 5624 2521 5664 carum
2566 5614 2805 5669 veracius
2845 5632 2942 5686 per
2982 5618 3319 5676 formidinem
3367 5625 3625 5693 subdidit,
3655 5630 3746 5687 ﬁlii

2178 5709 2356 5754 autem
2393 5701 2600 5757 timoris
2629 5694 2834 5761 D'omini
2864 5708 3137 5777 dicuntur,
3187 5712 3276 5782 qui
3323 5713 3508 5774 divino
3559 5721 3748 5780 timore
