3918 6322
180 314 277 369 729

946 306 1301 364 EXPOSITIO
1337 307 1405 362 lN
1440 300 1835 361 PROVERBIA
1875 304 2279 365 SALOMONIS.
2308 335 2378 347 —
2402 303 2528 360 LIB.
2569 302 2631 358 ll.

3303 302 3405 361 730

183 430 448 491 reguntur,
493 420 634 475 sicut
674 419 766 475 filii
809 421 1025 476 virtutis
1069 429 1123 477 et
1171 420 1264 473 lilii
1303 418 1737 482 resurrectionis,
1768 418 1817 478 Α
1908 421 2113 493 Lingua
2154 419 2425 491 placabilis
2471 419 2667 489 lignum
2712 417 2849 483 vitat,
2891 432 3006 489 qua:
3030 424 3199 472 autem
3226 418 3394 473 inuno-

181 514 267 583 qui
298 511 584 567 virtutibus
608 513 838 579 student,
860 512 944 567 vel
964 513 1055 582 qui
1088 511 1154 566 ad
1180 512 1371 581 gaudia
1393 510 1745 567 resurrectio-

182 608 263 661 nis
295 605 583 677 pertinent.
632 605 835 673 Quibus
866 607 969 662 erit
1007 620 1131 675 Spes
1164 603 1317 673 iuxta
1353 604 1478 678 illud
1517 603 1745 659 Psalmi-

182 707 274 754 sta:
299 714 311 750 :
346 695 449 763 Qui
478 697 653 751 timent
676 696 975 760 Dominum,
999 705 1200 766 sperent
1234 696 1290 750 in
1315 694 1538 748 Domino
1568 691 1741 766 (Psal.

182 788 363 860 cxru);
392 789 458 843 de
486 805 591 859 qua
620 803 713 859 spe
737 796 1127 858 consequenter
1150 785 1427 858 adiungit:

253 880 427 935 Timor
445 879 653 934 Domini
681 879 798 948 fons
818 880 957 945 vitte,
987 887 1043 932 ut
1068 876 1285 932 declinet
1313 894 1345 930 a
1364 875 1517 928 ruina
1539 872 1744 931 mortis.

184 970 302 1026 Haac
347 979 430 1026 est
454 984 583 1039 ergo
625 984 747 1039 spes
782 984 968 1025 eorum
994 970 1085 1040 qui
1116 953 1312 1023 timent
1330 965 1648 1030 Dominum,
1686 972 1749 1022 ut

183 1060 511 1115 declinantes
536 1074 565 1112 a
595 1059 750 1112 ruina
780 1058 999 1123 mortis,
1029 1056 1313 1129 pervenire
1338 1062 1648 1110 mereantur
1677 1052 1745 1107 ad

181 1167 298 1207 eum
318 1151 581 1221 quidicit:
601 1148 714 1220 Ego
740 1167 856 1205 sum
880 1149 1187 1214 via,‘veritas
1213 1156 1261 1201 et
1287 1147 1386 1201 vita
1404 1143 1586 1215 (Joan.
1609 1143 1741 1215 xtv).

181 1244 390 1299 Dictum
412 1252 495 1298 est
533 1252 711 1298 autem
733 1258 915 1312 supra,
947 1240 1055 1295 Lex
1097 1239 1343 1309 sapientis
1376 1236 1492 1306 fons
1515 1234 1649 1297 vitw,
1692 1241 1747 1287 ut

179 1332 395 1387 declinet
420 1318 453 1386 a
481 1333 637 1387 ruina
675 1333 987 1396 mortisret
1020 1343 1164 1383 nunc
1188 1327 1404 1390 dicitur,
1440 1324 1618 1377 Timor
1641 1322 1750 1376 Do-

178 1426 303 1479 mini
331 1425 447 1494 fons
472 1428 606 1489 uiue,
632 1435 686 1477 ut
714 1424 979 1478 declineta
1010 1420 1163 1474 ruina
1190 1419 1390 1472 mortis.
1422 1407 1500 1469 Ei
1525 1428 1633 1485 quo
1656 1427 1749 1483 pa-

180 1521 255 1569 tet
278 1514 403 1583 quia
434 1513 579 1566 nulla
608 1512 759 1582 prior
784 1520 868 1567 est
895 1510 979 1565 lex
1004 1508 1262 1579 sapientis
1288 1522 1391 1577 qua
1420 1512 1649 1559 mortem
1676 1502 1751 1557 vi-

180 1615 312 1669 tare,
348 1612 405 1659 et
443 1604 610 1660 vitam
648 1604 928 1675 acquirere
954 1604 1147 1658 debeat
1166 1610 1446 1663 aeternam,
1472 1612 1632 1667 quam
1653 1597 1750 1651 ha-

176 1695 303 1751 bere
352 1696 599 1750 timorem
650 1694 863 1750 Domitii
886 1711 915 1759 ;.
947 1693 1087 1748 unde
1129 1698 1184 1746 et
1223 1689 1349 1744 alibi
1378 1688 1579 1743 dictum
1618 1693 1700 1740 est
1715 1682 1743 1739 ':

176 1783 391 1839 Initium
415 1785 684 1855 sapientia:
703 1785 859 1839 timor
884 1783 1092 1838 Domini
1117 1780 1304 1853 (Eccli.
1335 1780 1395 1851 ι).

248 1874 313 1929 In
340 1874 676 1931 multitudine
701 1874 879 1946 populi
900 1874 1126 1943 dignitas
1163 1872 1316 1942 regis,
1341 1880 1386 1924 et
1413 1871 1467 1923 in
1488 1869 1751 1940 paucitate

175 1965 333 2037 plebis
354 1967 641 2036 ignominia
666 1965 935 2035 principis.
972 1963 1072 2018 Ubi
1098 1961 1381 2016 multitudo
1403 1960 1753 2015 servientium

176 2058 308 2122 Deo,
360 2058 433 2113 ibi
470 2054 777 2127 specialiter
814 2055 1013 2111 Christi
1038 2054 1236 2124 gloria;
1274 2061 1328 2107 et
1365 2054 1455 2107 ubi
1489 2051 1587 2107 snli
1609 2059 1755 2106 cate-

175 2149 447 2215 chumeni,
489 2149 573 2204 vel
603 2155 969 2219 competentes
988 2188 1002 2213 ,
1033 2145 1117 2201 vel
1145 2160 1338 2201 recens
1369 2145 1479 2199 nati
1518 2142 1756 2198 infantes

175 2240 274 2295 sub
322 2253 488 2308 regno
536 2238 711 2292 adhuc
755 2243 1004 2291 tenentur
1043 2234 1260 2295 diaboli,
1303 2242 1357 2287 et
1382 2234 1483 2303 ipsi
1513 2240 1755 2302 tempore

175 2344 417 2402 congruo
446 2329 759 2385 festinantes
788 2328 841 2382 in
876 2326 1092 2382 Christo
1113 2325 1341 2389 renasci,
1366 2324 1440 2379 ibi
1470 2321 1754 2378 manifesta

176 2421 471 2493 ignominia
496 2420 753 2490 principis
775 2417 983 2481 mundi,
1008 2416 1087 2470 vel
1115 2422 1263 2469 certe
1285 2415 1340 2467 in
1368 2411 1757 2468 conventiculis

177 2510 578 2575 bzereticorum,
625 2523 745 2579 qua”:
800 2522 1011 2577 semper
1044 2512 1169 2561 sunt
1210 2504 1464 2575 pauciora
1513 2500 1759 2557 ecclesiis

178 2600 589 2667 catholicorum,
636 2599 926 2671 ignominia
978 2604 1126 2667 patet
1166 2610 1355 2650 eorum
1398 2594 1489 2663 qui
1530 2593 1646 2649 haec
1691 2592 1758 2647 ab

177 2692 544 2750 ecclesiastica
573 2693 783 2746 unitate
810 2698 1110 2762 segregant.

257 2782 377 2838 Vita
392 2784 625 2837 carnium
639 2784 838 2837 sanitas
856 2782 1050 2845 cordis,
1076 2778 1293 2850 putredo
1316 2778 1510 2831 ossium
1535 2775 1755 2830 invidia.

180 2874 281 2931 Per
320 2888 543 2929 cantem
571 2872 785 2927 inﬁrma
813 2872 1058 2941 quaedam
1085 2884 1149 2923 ac
1180 2878 1382 2933 tenera,
1410 2882 1473 2921 ac
1501 2881 1601 2937 per
1635 2880 1758 2921 ossa

178 2962 337 3019 fortia
369 2972 493 3018 acta
532 2963 831 3034 signantur.
869 2960 1013 3017 Bene
1061 2974 1192 3029 ergo
1226 2958 1358 3013 dicit
1405 2952 1445 3012 ε’
1478 2955 1598 3011 Vita
1645 2972 1763 3009 car-

178 3056 323 3110 nium
369 3053 568 3108 sanitas
606 3053 797 3118 cordis,
838 3053 962 3121 quia
1001 3051 1047 3105 si
1078 3050 1275 3105 mentis
1318 3048 1626 3104 innocentia
1670 3063 1763 3101 cu-

1839 518 2020 573 derata
2047 522 2123 569 est
2166 522 2389 566 conteret
2416 512 2675 582 spiritum.
2706 511 2912 581 Lingua
2944 507 3193 565 catholici
3224 509 3377 565 docto

1838 608 1914 663 ris
1951 606 2018 661 ad
2046 604 2282 659 fructum
2312 602 2437 657 vitae
2470 602 2616 657 ducit
2656 602 3064 671 sempiternum,
3108 598 3198 670 qui
3230 606 3404 652 autem

1838 695 2057 753 modum
2090 692 2466 749 ecclesiastica:
2505 707 2707 747 normae
2748 692 3064 762 ignorat,.et
3102 703 3256 743 suum
3297 687 3389 757 spi'

1838 788 2001 842 ritum
2032 792 2087 841 et
2115 798 2300 840 eorum
2334 783 2426 855 qui
2454 798 2514 839 se
2552 784 2773 838 audiunt
2811 782 2954 838 male
2993 780 3258 852 loquendo
3284 792 3393 833 con-

1841 885 2000 932 teret.

1909 968 2109 1022 Domus
2148 966 2284 1037 justi
2327 966 2553 1038 plurima
2607 965 2893 1035 fortitudo,
2936 968 2988 1019 et
3057 964 3111 1019 in
3158 960 3406 1033 fructibus

1837 1058 1985 1129 impii
2008 1057 2348 1112 conturbatio.
2393 1058 2592 1112 Domus
2636 1055 2870 1119 Christi,
2914 1054 2970 1109 id
3015 1063 3099 1109 est
3142 1051 3407 1116 Ecclesia,

1837 1148 2126 1221 plurimam
2158 1148 2320 1205 habet
2344 1148 2739 1214 fortitudinem,
2767 1149 2845 1203 ita
2888 1154 2948 1201 ut
2971 1144 3173 1216 pluvia,
3210 1142 3407 1206 ventis.

1841 1236 2149 1295 ﬂuminibus
2168 1238 2523 1321 tentationum
2547 1238 2908 1308 frequentium
2931 1247 3275 1321 nequaquam
3293 1243 3391 1299 pos

1850 1325 2129 1389 sit.dirui;
2169 1334 2223 1378 et
2258 1339 2312 1377 ιη
2352 1316 2602 1393 operibus
2635 1321 2833 1378 diaboli
2865 1318 3209 1377 conturbatio
3250 1315 3418 1372 fervet

1851 1415 2097 1480 assidua,
2132 1405 2239 1484 qua
2266 1413 2508 1469 eamdem
2534 1412 2735 1468 Christi
2771 1413 2990 1467 domum
3016 1406 3103 1466 vel
3136 1422 3232 1480 per
3260 1407 3420 1462 falsos

1852 1519 2071 1569 sensus,
2105 1504 2190 1558 vel
2217 1517 2317 1573 per
2349 1510 2563 1573 apertos
2601 1502 2938 1557 adversarios
2966 1500 3198 1573 dejicere
3230 1506 3420 1554 tentat.

1920 1594 2086 1650 Labia
2137 1594 2448 1665 sapientium
2504 1590 2913 1645 disseminabunt
2961 1591 3231 1645 scientiam
3263 1629 3279 1655 ,
3339 1603 3425 1641 cor

1852 1686 2129 1742 stultorum
2155 1683 2410 1738 dissimile
2430 1683 2545 1739 erit.
2571 1682 2737 1737 Lahia
2764 1680 3153 1737 catholicorum
3177 1679 3419 1736 dissemi-

1780 1766 1830 1827 B
1858 1778 2061 1833 nabunt
2089 1775 2431 1847 praedicando
2464 1775 2746 1830 scientiam
2772 1781 2933 1828 recta:
2964 1771 3119 1838 fidei,
3144 1787 3237 1826 cor
3262 1772 3416 1827 lucre-

1858 1873 2086 1924 ticorum
2134 1866 2394 1922 dissimile
2423 1868 2557 1930 erit,
2610 1866 2734 1936 quia
2777 1864 3055 1935 perfidiam
3084 1879 3183 1935 pro
3207 1862 3427 1919 scientia

1857 1957 2099 2034 concipit.
2122 1968 2181 2013 ut
2215 1958 2424 2014 doceat.
2461 1957 2645 2012 Potest
2683 1965 2739 2012 et
2775 1957 2849 2010 ita
2887 1955 3151 2027 intelligi,
3180 1954 3304 2025 quia
3335 1969 3427 2008 cor

1858 2050 2141 2106 stultorum
2175 2058 2228 2106 et
2256 2049 2575 2118 sibimetipsi
2612 2048 2869 2103 dissimile
2891 2047 3018 2111 erit,
3046 2046 3172 2100 dum
3200 2045 3421 2100 mutabi-

1856 2144 2007 2198 litate
2048 2158 2105 2197 se
2139 2142 2474 2197 diversarum
2519 2140 2900 2211 cogitationum
2938 2138 3150 2192 varium
3185 2136 3426 2200 exhibet,

1856 2242 1912 2288 et
1942 2245 2216 2300 nunquam
2242 2229 2384 2285 idem
2419 2230 2559 2299 quod
2584 2228 2759 2283 fuerat
2795 2234 2996 2282 manet.
3024 2224 3123 2280 Cui
3149 2231 3337 2280 contra
3364 2222 3430 2277 de

1856 2327 2012 2381 Anna
2050 2340 2169 2381 cum
2199 2324 2424 2379 Domino
2456 2323 2662 2377 intenta
2687 2327 2884 2376 mente.
2903 2318 3166 2389 supplicat
3188 2317 3386 2371 dicitur
3413 2333 3427 2370 :

1866 2417 2151 2489 Vultusque
2196 2418 2309 2487 ejus
2350 2433 2453 2471 non
2492 2423 2612 2470 sunt
2642 2412 2866 2485 amplius
2902 2414 2959 2466 in
3002 2412 3205 2465 diversa
3244 2416 3429 2463 mutati

1861 2508 1915 2583 (1
1939 2508 2064 2581 Reg.
2100 2509 2162 2579 ι).

1936 2600 2173 2655 Victimtv
2193 2599 2470 2673 impiorum
2485 2594 2854 2651 abominabiles
2866 2593 3111 2658 Domino,
3130 2600 3248 2648 vota
3266 2591 3413 2662 justo

1860 2710 1977 2747 rum
2004 2692 2302 2763 placabilia.
2338 2690 2641 2755 Orationes,
2665 2704 2824 2761 opera
2848 2695 2903 2743 et
2928 2686 3192 2743 sacrilicia
3222 2685 3411 2741 haereti

1861 2796 2046 2839 corum
2075 2781 2419 2835 abominatur
2447 2778 2723 2841 Dominus,
2763 2784 2818 2830 et
2849 2783 2973 2829 vota
3003 2788 3189 2829 eorum
3217 2778 3431 2841 accepta

1860 2874 2041 2938 habet,
2062 2872 2152 2943 qui
2171 2869 2327 2923 fidem
2348 2868 2669 2928 catholicam
2688 2865 2851 2941 iustis
2876 2864 3130 2939 operibus
3143 2861 3415 2922 silli-mam

1934 2967 2185 3020 Doctrina
2206 2965 2348 3019 mala
2381 2962 2726 3019 deserentium
2747 2964 2883 3018 viam
2908 2975 2926 3014 :
2946 2962 3036 3033 qui
3062 2960 3431 3030 increpatione'

1865 3057 1995 3122 odit,
2022 3056 2290 3110 morietur.
2324 3053 2461 3108 Mala
2491 3062 2577 3109 est
2600 3052 2845 3108 doctrina
2874 3060 2929 3109 et
2956 3066 3145 3107 eorum
3172 3050 3265 3120 qui
3298 3048 3434 3103 viatr

179 3146 444 3211 stoditur,
485 3144 697 3199 etiamsi
725 3159 830 3214 qua
860 3143 993 3197 foris
1024 3140 1237 3195 infirma
1263 3147 1407 3204 sunt,
1437 3138 1762 3209 quandoque
1789 3130 1836 3194 C
1866 3147 2121 3204 desenmt
2156 3146 2422 3210 veritatis,
2452 3144 2520 3200 de
2540 3144 2735 3213 quibus
2770 3143 3028 3198 Dominus
3054 3142 3158 3196 ait:
3186 3140 3291 3207 Qui
3316 3154 3437 3209 ergo

179 3239 526 3292 roborantur.
568 3236 637 3290 Et
673 3244 821 3290 recte
851 3234 1142 3289 subditur:
1174 3230 1405 3287 Putredo
1442 3232 1636 3285 ossium
1676 3232 1759 3284 iu-

177 3328 339 3409 ridia,
367 3326 495 3397 quia
515 3340 615 3396 per
632 3326 818 3380 livoris
838 3324 1031 3379 vitium
1052 3332 1178 3377 ante
1205 3324 1299 3376 Dei
1326 3323 1512 3377 oculos
1533 3330 1764 3392 pereunt

178 3418 343 3472 etiam
393 3432 513 3485 qua:
563 3416 815 3471 humanis
857 3414 1028 3470 oculis
1083 3412 1239 3467 fortia
1287 3413 1535 3467 videntur
1576 3429 1592 3467 :
1638 3428 1763 3468 ossa

180 3506 381 3576 quippe
418 3520 519 3576 per
553 3505 811 3559 invidiam
848 3514 1184 3576 putrescere,
1214 3511 1295 3557 est
1327 3501 1570 3573 quasdam
1598 3502 1764 3556 etiam

182 3596 407 3652 robusta
442 3594 707 3665 deperire.

249 3690 511 3757 Acceptus
549 3696 624 3741 est
652 3686 758 3756 regi
778 3686 1015 3740 minister
1041 3684 1351 3756 intelligens.
1384 3682 1478 3739 [lle
1514 3683 1767 3740 videlicet

179 3780 262 3835 cui
312 3778 516 3834 dicitur
556 3795 569 3831 :
609 3761 747 3843 Quia
788 3792 940 3847 super
974 3791 1143 3845 pauca
1188 3774 1337 3843 [niin
1387 3773 1579 3839 ﬁdelis,
1612 3790 1768 3843 super

181 3870 347 3924 multa
396 3878 447 3923 te
476 3868 790 3923 constituam
830 3882 848 3920 :
886 3868 1025 3919 intra
1055 3865 1110 3918 in
1151 3864 1402 3934 gaudium
1434 3864 1650 3918 Domini
1689 3867 1767 3918 tui

182 3958 403 4031 (Matth.
433 3957 582 4029 xxv).

250 4048 597 4102 Iracundiam
628 4046 744 4117 ejus
781 4045 982 4101 inutilis
1026 4044 1315 4100 sustinebit.
1348 4044 1440 4101 llle
1478 4046 1664 4116 utique
1703 4046 1769 4101 de

180 4154 287 4210 quo
321 4140 470 4193 idem
507 4139 603 4204 ait,
646 4138 711 4191 Et
741 4136 977 4192 inutilem
1014 4153 1217 4190 servant
1244 4137 1415 4206 ejicite
1452 4136 1505 4190 in
1532 4136 1767 4191 tenebras

180 4232 470 4286 exteriores
505 4227 716 4300 (Ibid.).

785 4316 1008 4373 CAPUT
1047 4316 1165 4373 XV.

255 4410 546 4481 Responsio
574 4406 743 4462 mollis
763 4409 960 4477 frangit
984 4410 1140 4473 iram,
1165 4424 1333 4463 sermo
1359 4408 1525 4464 durus
1550 4412 1767 4465 suscitat

180 4477 440 4571 furorem.
466 4498 565 4563 Qui
586 4497 750 4551 verba
773 4498 1100 4565 increpantis
1122 4499 1395 4554 humiliter
1426 4500 1631 4569 recipit,
1653 4502 1765 4571 iam
1794 4477 1845 4535 D

179 4591 511 4661 propinquat
536 4588 717 4645 veniae
736 4598 917 4643 reatus
951 4604 1110 4659 quem
1139 4592 1350 4671 gessit;
1380 4603 1435 4647 at
1465 4596 1554 4663 qui
1582 4610 1769 4664 supcr-

179 4685 282 4739 bus
328 4684 579 4755 arguenti
610 4684 853 4748 resultat,
897 4682 1153 4748 majorem
1199 4695 1387 4741 contra
1416 4704 1474 4745 se
1516 4688 1653 4743 iram
1690 4689 1770 4743 di-

182 4778 360 4833 stricti
380 4777 581 4847 iudicis
606 4783 887 4845 provocat.

251 4867 465 4937 Lingua
501 4868 813 4936 sapientium
849 4875 996 4921 ornat
1046 4866 1316 4920 scientiam
1343 4907 1356 4931 ,
1412 4883 1467 4920 os
1500 4866 1769 4936 [atuorum

182 4957 363 5012 ebullit
383 4956 679 5010 stultitiam.
713 4957 917 5029 Lingua
952 4956 1335 5012 catholicorum
1363 4956 1585 5011 Patrum
1603 4967 1763 5013 ornat

183 5046 474 5103 scientiam
502 5045 804 5100 divinorum
847 5047 1197 5116 eloquiorum,
1235 5046 1394 5101 latius
1448 5049 1765 5117 exponendo

183 5152 302 5207 qua
334 5135 622 5206 Scriptura
650 5138 908 5191 canonica
952 5136 1076 5192 ante
1102 5137 1329 5191 obscure
1365 5139 1562 5206 posuit,
1594 5140 1764 5195 heare-

185 5230 422 5285 ticorum
470 5227 656 5281 ebullit
706 5228 984 5307 stultitiam
1016 5270 1029 5293 ,
1070 5228 1211 5283 dicta
1255 5243 1421 5282 sacra:
1468 5226 1765 5298 Scriptum

184 5336 442 5394 perverse
472 5319 816 5389 intelligendo
842 5334 1073 5389 suosque
1109 5335 1299 5375 sensus
1317 5318 1433 5386 ejus
1457 5322 1763 5376 auctoritati

186 5414 572 5487 prmponendo,
622 5420 797 5483 potest
842 5421 896 5467 et
944 5413 1008 5466 de
1040 5428 1379 5483 paganorum
1437 5413 1768 5482 phiIOSOpbis

188 5508 412 5577 intelligi
458 5508 600 5576 quod
649 5507 756 5571 ait,
810 5522 865 5559 os
914 5505 1182 5573 [amorum
1233 5506 1409 5559 ebullit
1454 5506 1765 5573 stultitiam,

188 5602 376 5671 quales
413 5600 568 5653 fuere
593 5597 924 5669 Porphyrius
946 5605 1001 5650 et
1026 5596 1298 5661 Julianus,
1332 5599 1421 5668 qui
1444 5607 1631 5654 contra
1659 5599 1764 5656 Ec-

187 5692 363 5747 clesiae
392 5691 644 5746 doctores
665 5687 903 5743 stultitia:
930 5701 1040 5743 sua:
1061 5684 1260 5741 ﬂuenta
1289 5686 1600 5744 fundebant.

1862 3236 2067 3291 solverit
2086 3251 2250 3289 unum
2273 3237 2336 3289 de
2357 3233 2620 3287 mandatis
2639 3234 2754 3287 istis
2774 3232 3086 3297 minimis,et
3108 3230 3341 3285 docuerit
3366 3230 3440 3283 sic

1864 3328 2121 3392 homines,
2147 3326 2392 3381 minimus
2414 3325 2682 3379 vocabitur
2697 3325 2754 3379 in
2774 3320 2935 3395 regno
2955 3322 3203 3379 caelorum
3225 3319 3443 3394 (Matth.

1865 3419 1943 3490 v),
1984 3419 2078 3473 sed
2110 3417 2247 3474 tales
2291 3417 2498 3483 adhuc,
2535 3418 2581 3472 si
2610 3414 2848 3486 correpti
2880 3412 3269 3486 paenituerint.
3297 3418 3443 3481 patet

1865 3510 2069 3565 reditus
2109 3510 2175 3564 ad
2216 3510 2428 3564 veniam
2462 3526 2476 3575 ;
2521 3508 2604 3564 sin
2656 3514 2837 3562 autem
2879 3519 2979 3561 nec
3023 3502 3445 3559 correctionibus

1865 3598 2246 3655 ecclesiasticis
2276 3598 2582 3660 annuerint,
2610 3596 2725 3668 iam
2751 3602 2933 3652 certus
2953 3593 3032 3649 eis
3054 3600 3225 3649 restat
3252 3590 3444 3647 interi-

1870 3699 1977 3753 tus,
2018 3705 2207 3745 omncs
2246 3689 2364 3743 dies
2389 3688 2644 3759 pauperis
2672 3686 2836 3752 mali,
2869 3699 3060 3740 secura
3099 3698 3253 3739 mens
3291 3681 3444 3753 quasi

1863 3780 1990 3851 iuge
2027 3778 2374 3833 sacrificium.
2407 3776 2579 3833 Omne
2615 3784 2827 3847 tempus
2860 3774 3048 3846 populi
3080 3772 3174 3828 Dei
3210 3771 3444 3842 quandiu

1869 3872 1923 3924 in
1971 3870 2226 3941 prmsenti
2274 3884 2479 3939 pauper
2522 3877 2607 3922 est
2653 3865 3032 3921 afﬂictionibus
3084 3864 3341 3928 abundat,
3392 3870 3447 3919 et

1869 3960 2145 4024 aerumnis,
2171 3959 2295 4029 quia
2324 3959 2554 4015 necdum
2588 3956 2655 4012 ad
2678 3955 2895 4011 divitias
2922 3957 3168 4025 supernae
3191 3950 3446 4009 bonitatis

1868 4061 1922 4106 et
1966 4057 2237 4121 perpetuae
2275 4047 2583 4103 mansionis
2607 4045 2881 4116 pervenit,
2914 4044 3056 4100 unde
3095 4050 3276 4099 monet
3302 4042 3444 4113 Apo-

1871 4141 2042 4197 stolus
2090 4141 2274 4196 dicens
2326 4156 2339 4193 :
2390 4138 2716 4192 Redimentes
2774 4139 2993 4203 teinpus,
3047 4136 3295 4207 quoniam
3339 4134 3446 4188 dies

1870 4232 1997 4287 mali
2017 4240 2136 4286 sunt
2166 4229 2380 4301 (Epltes.
2409 4228 2486 4299 v),
2521 4236 2577 4281 at
2614 4240 2743 4281 vero
2774 4223 3025 4294 reprobi,
3063 4224 3152 4293 qui
3179 4231 3323 4278 metu
3353 4237 3446 4277 ca-

1871 4331 2051 4378 rentes
2086 4322 2301 4386 divino,
2334 4319 2512 4375 securi
2543 4317 2746 4373 mundo
2768 4323 3016 4382 utuntur,
3046 4317 3199 4385 quasi
3227 4314 3447 4387 iugibus

1871 4413 2020 4467 stulti
2044 4411 2360 4467 reficiuntur
2394 4408 2586 4480 epulis.
2625 4408 2779 4465 Unde
2804 4416 2953 4462 recte
2983 4406 3341 4477 subiungitur.

1943 4504 2133 4559 Melius
2172 4513 2246 4559 est
2280 4519 2468 4576 parum
2494 4519 2612 4557 cum
2642 4502 2825 4555 timore
2857 4500 3103 4564 Domini,
3141 4515 3293 4569 quam
3335 4499 3449 4553 tlte-

1871 4599 2017 4654 sauri
2064 4598 2238 4668 magni
2284 4605 2331 4650 et
2382 4592 2725 4649 insatiabiles.
2760 4591 2929 4660 Quale
2955 4599 3042 4646 est
3081 4591 3135 4645 in
3180 4590 3387 4660 psalmo
3430 4604 3449 4643 :

1874 4687 2064 4742 Melius
2092 4697 2164 4741 est
2196 4686 2457 4739 modicum
2476 4685 2625 4755 justo
2643 4724 2658 4749 ,
2702 4700 2857 4749 super
2879 4682 3088 4736 divitias
3122 4690 3450 4751 peccatorum

1872 4781 2062 4833 multas
2096 4776 2268 4851 (Psal.
2314 4777 2563 4847 xxxvm).
2609 4775 2795 4830 Melius
2836 4782 2919 4829 est
2963 4790 3091 4846 ergo
3136 4782 3196 4828 ut
3236 4782 3451 4830 servato

1874 4874 2068 4926 timore
2123 4870 2217 4925 Dei
2268 4884 2425 4939 egeas
2477 4868 2703 4936 opibus,
2751 4864 2836 4924 vel
2874 4864 3037 4919 etiam
3084 4863 3229 4918 victu
3275 4862 3449 4933 quoti-

1873 4966 2052 5029 diano,
2080 4978 2242 5033 quam
2265 4970 2323 5016 ut
2346 4960 2616 5015 desiderio
2642 4960 2798 5029 plura
2830 4956 3147 5027 acquirendi
3173 4955 3268 5011 Dei
3292 4956 3450 5013 timo-

1872 5072 1985 5113 rem
2014 5058 2250 5111 deseras.

1945 5144 2134 5199 Melius
2180 5154 2253 5197 est
2298 5145 2470 5198 vocari
2516 5142 2583 5196 ad
2622 5141 2764 5197 olera
2802 5159 2920 5196 cum
2961 5143 3250 5207 charitate,
3287 5156 3445 5210 quam

1871 5236 1939 5289 ad
1962 5234 2178 5289 vitulum
2205 5236 2499 5303 saginatum
2535 5250 2652 5288 cum
2678 5235 2817 5288 odio.
2852 5232 3039 5287 Omnis
3064 5233 3154 5300 qui
3184 5231 3447 5285 bonorum

1872 5340 2095 5395 operum
2132 5323 2374 5392 exempla
2410 5324 2674 5393 proximis
2719 5338 2838 5393 qua:
2875 5322 3150 5377 imitentur
3186 5321 3443 5385 ostendit,

1871 5415 2023 5487 quasi
2064 5414 2132 5468 ad
2171 5413 2358 5483 epulas
2394 5414 2588 5484 quibus
2624 5412 2939 5468 reficiantur
2974 5410 3234 5466 convivas
3264 5418 3443 5464 vocat.

1871 5505 2058 5560 Melius
2110 5513 2193 5559 est
2234 5513 2413 5559 autem
2444 5518 2640 5557 vocare
2685 5503 2753 5557 ad
2796 5502 2944 5557 olera
2991 5516 3114 5556 cum
3158 5501 3443 5565 charitate,

1870 5612 2032 5668 quam
2063 5595 2128 5649 ad
2173 5595 2398 5649 vitulum
2430 5595 2732 5664 saginatum
2762 5609 2884 5647 cum
2914 5594 3057 5648 odio.
3106 5592 3239 5659 Quia
3283 5591 3445 5646 nimi-

1871 5704 1992 5744 rum
2040 5686 2210 5743 multo
2249 5695 2334 5742 est
2379 5686 2564 5742 utilius
2600 5685 2856 5755 simplicis
2891 5684 3015 5738 vitae
3054 5683 3439 5745 innocentiam.
