3918 6344
420 280 518 345 nn

1028 289 1091 344 Β.
1128 283 1386 344 ΗΑΒΔΝΙ
1424 281 1649 341 MAURI
1685 276 2006 337 ARCHIEP.
2043 270 2356 333 IOGUNT.
2392 266 2681 343 OPERUM
2718 268 2899 327 PARS
2933 270 3025 328 Ill.

3590 268 3704 326 732

423 418 547 461 cum
590 403 857 461 charitate
910 416 1146 468 servare,
1200 414 1365 473 quam
1409 398 1707 470 majoribus
1744 396 2009 450 virtutum
2035 392 2245 457 Amini
2294 392 2348 447 in
2396 398 2545 445 terra
2586 387 2880 455 viventium
2905 424 2923 451 ,
2975 398 3096 455 qua
3146 385 3457 455 quicunque
3484 362 3705 439 mentis

422 495 701 551 miraculis
756 495 903 551 foras
934 479 1233 565 effulgere,
1263 500 1321 546 et
1371 489 1634 546 interiora
1690 486 1890 557 mentis
1938 487 2009 541 ab

423 588 669 645 odiorum
715 586 873 643 sorde
902 600 1010 641 non
1044 596 1367 655 expurgare.
1397 582 1552 638 Unde
1577 581 1773 663 quibus
1811 579 1866 633 in
1904 578 2011 634 line

424 678 728 735 dicentibus
754 696 767 733 :
794 663 1017 732 Domine
1037 718 1053 743 ,
1105 674 1346 741 Domine,
1385 690 1554 731 nonne
1584 674 1641 728 in
1670 673 1878 729 nomine
1920 680 2010 724 tuo

423 754 841 839 prophetauimus
866 778 914 822 et
938 769 995 822 in
1021 776 1111 820 tuo
1135 767 1342 821 nomine
1367 750 1633 820 dwmonia
1657 763 1906 833 ejecimus
1926 802 1940 826 ,
1964 768 2013 814 et

424 859 481 913 in
504 868 594 912 tuo
633 859 839 912 nomine
876 858 1089 912 virtutes
1117 856 1313 911 multas
1339 856 1600 927 fecimus?
1629 853 1846 925 (Matth.
1883 849 2009 923 vn.)

424 949 578 1005 Dicet
606 950 720 1019 ipse
742 950 1008 1004 Dominus
1036 968 1047 1002 :
1079 945 1219 1012 Quia
1248 963 1516 1018 nunquam
1544 946 1664 1001 novi
1692 960 1805 1008 vos,
1844 943 2015 997 disce-

424 1042 530 1096 dite
554 1059 587 1095 a
608 1058 709 1106 me,
738 1057 914 1095 omnes
936 1041 1027 1111 qui
1056 1040 1343 1109 operamini
1374 1040 1701 1110 iniquitatem
1728 1035 1941 1115 (Ibid.)r.

450 1149 454 1152 ‘
495 1134 609 1188 lter
649 1136 920 1205 pigrorum
960 1133 1115 1203 quasi
1149 1134 1286 1203 sepis
1316 1133 1608 1203 spinarum.
1653 1129 1844 1207 Pigros
1884 1127 2015 1202 dicit

423 1240 520 1282 eos
572 1240 709 1295 quos
743 1225 892 1307 piget
915 1224 1130 1297 operari
1151 1222 1441 1307 justitiam.
1467 1222 1557 1294 qui
1585 1237 1709 1277 cum
1738 1218 2012 1275 viam'Dei

425 1322 724 1386 appetunt,
784 1330 878 1369 eos
924 1313 1071 1389 velut
1120 1315 1287 1383 spina:
1336 1313 1713 1368 obsistentium
1778 1310 2012 1381 sepium,

425 1399 504 1461 sic
547 1404 892 1473 formidinum
939 1420 1159 1485 suarum
1204 1404 1465 1475 opposita:
1506 1402 1847 1474 suspiciones
1877 1416 2013 1471 pun-

424 1508 592 1571 gunt,
639 1498 784 1578 quod
819 1482 1184 1574 quia-(electos.
1216 1496 1517 1575 prtepedire
1562 1510 1669 1551 non
1709 1493 1871 1561 solet,
1914 1492 2015 1549 ad-

418 1590 622 1662 iunxit.
928 1622 929 1625 η
1742 1584 1753 1596 ’

507 1682 605 1740 Via
638 1686 909 1755 justorum
948 1686 1142 1757 absque
1170 1680 1509 1755 offendicula.
1554 1680 1693 1737 Justi
1732 1678 1933 1751 quippe
1954 1679 2011 1735 in

2112 482 2269 538 oculo
2317 479 2743 549 contemplatur,
2798 476 2996 532 merito
3054 476 3111 531 in
3156 477 3320 532 corde
3370 476 3701 541 oblectatur,

2113 573 2324 630 tametsi
2350 572 2691 628 extrinsecus
2713 568 2887 625 tristis
2906 569 3157 624 incedere
3185 568 3407 624 inimico
3428 561 3705 637 atlligente

2111 663 2339 717 videtur.
2385 660 2552 729 Fama
2597 659 2796 730 quippe
2843 657 2931 711 illa
2973 656 3308 721 felicissima,
3344 664 3705 735 qua.nostros

2114 768 2219 807 non
2243 751 2418 807 solum
2447 747 2632 822 actusf,
2656 756 2711 803 et
2751 762 3053 813 sermones,
3091 746 3184 802 sed
3210 754 3267 800 et
3286 747 3557 817 cogitatus
3588 747 3708 801 An-

2115 842 2247 913 gelis
2292 841 2766 905 descendentibus,
2821 840 2875 893 in
2927 839 3066 894 caelo
3112 845 3299 908 patere
3326 840 3703 909 cognovimus,

2098 932 2490 1004 pinguedinem
2528 931 2835 987 dilectionis
2864 938 2920 985 et
2964 929 3087 984 ﬁdei
3137 931 3340 985 nostris
3385 932 3708 995 virtutibus,

2112 1032 2183 1079 n‘e
2206 1023 2507 1080 deﬁciendo
2535 1032 2809 1087 arescant,
2832 1022 3071 1077 exhibet.
3097 1020 3310 1088 Quanto
3334 1023 3477 1077 enim
3501 1024 3712 1078 certius

2116 1123 2363 1171 tenemus
2387 1115 2600 1171 occulta
2628 1115 2805 1170 nostri
2831 1104 3011 1169 cordis
3039 1106 3203 1168 simul
3222 1123 3277 1170 et
3310 1124 3495 1184 aperta
3528 1115 3715 1184 operis

2116 1201 2316 1259 divinis
2353 1214 2543 1275 patere
2573 1203 2991 1273 conspectibus,
3034 1212 3185 1259 tanto
3223 1204 3392 1273 magis
3436 1203 3714 1258 fortitudi-

2116 1307 2241 1347 nem
2275 1302 2474 1369 nostra?
2512 1292 2669 1347 bona:
2696 1293 2926 1347 actionis
2956 1276 3080 1347 oleo
3118 1292 3409 1348 charitatis
3449 1292 3588 1363 ejus,
3643 1310 3714 1350 nc

2116 1370 2398 1452 lassescat,
2430 1388 2767 1460 impinguare
2794 1388 3115 1459 satagimus.

2187 1480 2349 1533 Auris
2368 1496 2485 1551 quae
2503 1480 2650 1534 audit
2672 1479 3051 1549 increpationes
3072 1479 3214 1544 vitae,
3238 1480 3292 1533 in
3312 1480 3484 1533 medio
3506 1481 3718 1545 sapien-

2117 1571 2249 1625 tium
2276 1582 2650 1626 commoratur.
2679 1572 2985 1643 Discipulus
3013 1573 3105 1642 qui
3130 1573 3599 1643 increpationibus
3621 1576 3717 1646 do-

2119 1660 2357 1716 centium
2396 1662 2711 1717 ohedienter
2757 1662 2984 1727 annuit,
3019 1662 3336 1733 plerumque
3368 1664 3719 1735 ,proliciendo

425 1776 842 1845 conversatione
886 1793 985 1832 sua
1019 1776 1278 1851 quidlibet
1318 1775 1398 1829 eis
1440 1772 1785 1829 adversitatis
1823 1772 2013 1847 obvia-

2130 1751 2187 1806 ad
2216 1752 2535 1807 cathedram
2563 1767 2735 1831 usque
2761 1752 3003 1822 doctoris
3021 1753 3283 1809 ascendit.
3313 1754 3557 1825 Denique
3578 1749 3720 1809 Pau-

423 1866 585 1931 verit,
630 1882 737 1921 non
781 1867 1104 1938 impingunt,
1152 1865 1275 1937 quia
1316 1864 2018 1935 temporalisadversitatis

424 1954 702 2011 obstacula
738 1965 954 2011 aeternae
1019 1956 1136 2039 spei
1180 1964 1236 2011 et
1274 1954 1507 2038 interna;
1544 1953 2020 2027 contemplationis

424 2046 566 2109 saltu
590 2048 999 2115 transcendunt.

497 2138 736 2194 Laetatur
755 2141 911 2193 homo
932 2140 988 2193 in
1011 2139 1267 2205 sententia
1296 2138 1404 2193 oris
1430 2139 1534 2203 sui,
1558 2146 1605 2192 et
1627 2153 1800 2201 sermo
1830 2154 2019 2207 oppor-

426 2238 585 2285 tunus
608 2239 682 2285 est
711 2230 973 2301 optimus~
992 2222 1296 2305 Humanum
1322 2229 1541 2303 quidem
1564 2236 1650 2283 est
1676 2229 1743 2297 de
1769 2243 1864 2301 sua
1893 2216 2020 2283 sen-

426 2317 597 2398 tentia
620 2319 773 2389 quasi
806 2320 1100 2388 prudenter
1143 2318 1351 2405 prolata
1398 2332 1670 2389 quemque
1695 2316 1895 2383 lmtari,
1924 2317 2019 2372 sed

424 2424 586 2465 verus
619 2410 859 2480 sapiens,
885 2425 991 2465 non
1024 2408 1197 2465 solum
1231 2425 1320 2465 res
1346 2424 1483 2480 quas
1520 2408 1794 2478 loquatur.
1829 2423 2019 2483 verum

426 2501 591 2579 etiam
617 2501 1076 2583 opportunitatem
1108 2501 1235 2577 loci,
1263 2500 1349 2581 vel
1375 2501 1635 2580 temporis
1662 2498 1746 2554 vel
1776 2514 2021 2579 personae

427 2592 515 2648 cui
532 2572 1403 2665 loquatur,.diligenter'inquirit.
1494 2572 1521 2580 τ’
1784 2576 1787 2579 ’

498 2682 696 2738 Semita
718 2664 839 2761 vitis
862 2664 1023 2754 super
1045 2667 1311 2764 eruditum
1330 2724 1345 2749 ,
1381 2692 1436 2739 ut
1470 2681 1693 2737 declinet
1718 2682 1782 2737 de
1809 2680 2019 2764 inferno

427 2776 728 2832 novissimo.
767 2776 1051 2850 Eruditum
1079 2775 1211 2830 dicit
1235 2761 1342 2850 non
1370 2774 1544 2841 solum
1568 2775 1816 2840 scientia,
1842 2761 1938 2845 sed
1966 2784 2025 2839 et

426 2855 745 2938 operatione
771 2858 1076 2936 perfectum
1094 2904 1109 2929 ,
1145 2864 1271 2931 huic
1294 2865 1494 2921 etenim
1518 2863 1643 2933 jure
1677 2864 1873 2920 semita
1898 2864 2022 2918 vitae

426 2954 662 3025 desuper
683 2948 871 3025 aperta
885 2942 983 3008 lest
1002 2993 1018 3019 ,
1055 2953 1184 3028 huic
1212 2938 1521 3021 coelijanua
1551 2960 1699 3024 patet
1728 2967 1742 3006 :
1776 2942 2022 3007 infernus

427 3058 608 3105 autem
636 3035 965 3133 novissimus
996 3034 1199 3133 dequo
1223 3030 1496 3130 liberatur
1524 3049 1713 3121 ultima
1747 3058 1830 3132 est
1858 3064 2021 3125 poena

2122 1842 2225 1923 lus,
2276 1844 2368 1915 qui
2409 1843 2766 1915 increpationi
2808 1845 2892 1900 sui
2921 1843 3221 1925 conditoris
3268 1859 3390 1900 sese
3438 1845 3720 1901 humiliter

2122 1932 2437 2000 Substravit,
2485 1936 2553 1989 ad
2587 1937 2769 1991 sedem
2807 1935 3153 2007 postmodum
3192 1936 3503 2007 apostolica:
3544 1938 3725 2008 digni-

2122 2028 2251 2083 tatis
2282 2026 2590 2083 sublimiter
2613 2009 2883 2098 pervenit.

2712 2118 2940 2174 CAPUT
2977 2118 3118 2174 XVI.

2193 2209 2441 2266 Hominis
2480 2219 2555 2265 est
2593 2211 2825 2264 animum
2867 2225 3190 2281 praeparare,
3221 2219 3269 2265 et
3297 2211 3391 2265 Dei
3428 2211 3722 2281 gubernare

2121 2302 2379 2374 linguam.
2412 2302 2630 2381 Certum
2654 2310 2741 2360 est
2762 2302 2890 2372 quia
2920 2316 3098 2371 neque
3134 2302 3375 2357 animum
3410 2317 3721 2371 praeparare

2123 2408 2299 2468 neque
2324 2394 2628 2464 gubernare
2657 2392 2921 2463 linguam,
2958 2407 3133 2461 neque
3159 2392 3361 2463 aliquid
3390 2391 3572 2446 facere
3593 2392 3720 2448 boni

2122 2485 2326 2555 absque
2362 2484 2536 2555 gratia
2562 2482 2840 2548 valemus;
2873 2498 3004 2554 quia
3049 2482 3162 2537 sine
3207 2498 3318 2548 me,
3359 2483 3563 2557 inquit,
3594 2482 3723 2537 nihil

2120 2576 2335 2646 potestis
2360 2574 2533 2643 facere
2557 2574 2740 2647 (Joan.
2775 2574 2889 2645 xv),
2918 2576 3191 2645 quomodo
3220 2590 3352 2645 ergo
3379 2576 3622 2630 hominis
3643 2584 3725 2630 est

2124 2668 2367 2746 animam
2393 2681 2719 2753 prmparare,
2737 2674 2793 2721 et
2820 2655 2915 2721 Déi
2951 2662 3254 2739 gubernare
3292 2665 3572 2737 linguam?
3612 2666 3724 2722 Nisi

2122 2756 2250 2826 quia
2271 2758 2375 2813 hoc
2398 2756 2618 2827 proprie
2641 2756 2696 2810 in
2728 2764 2968 2825 tempore
2989 2755 3389 2826 persecutionis
3416 2757 3689 2825 signiﬁcat
3705 2797 3722 2824 ,

2124 2854 2189 2909 de
2222 2869 2330 2924 quo
2359 2852 2623 2907 Do'minus
2652 2852 2732 2906 ait
2761 2848 2939 2905 :‘Cum
2966 2859 3143 2905 autem
3176 2850 3385 2904 tradent
3412 2867 3522 2916 eos,
3568 2851 3729 2905 nolite

2124 2944 2352 3013 cogitare
2395 2942 2656 3021 quomodo
2700 2951 2792 2995 aut
2827 2941 2952 3013 quid
2985 2940 3311 3011 loquamini;
3341 2940 3561 2995 dabitur
3588 2943 3725 2996 enim

2122 3040 2263 3112 vobis
2286 3042 2342 3095 in
2369 3040 2466 3094 illa
2495 3040 2626 3094 liora
2646 3040 2774 3111 quid
2801 3031 3092 3109 loquamini
3127 3030 3347 3110 (Hattli.
3378 3039 3459 3112 x).

425 3140 808 3205 damnationis,
845 3126 971 3226 "ait...
995 3124 1207 3227 [lii-im“;
1344 3119 1611 3214 iqfemus,
1646 3106 2021 3221 ποεφέέρεέ
2047 3118 2093 3180 C
2202 3132 2393 3188 Omnes
2433 3133 2527 3187 vite
2546 3132 2816 3188 hominum
2856 3142 3037 3203 patent
3067 3124 3231 3188 oculis
3272 3134 3412 3204 ejus,
3442 3136 3723 3207 spirituum

427 3247 531 3288 mae
576 3231 853 3311 peccantis
902 3216 1153 3311 etiveraz'
1200 3216 1338 3311 lucis
1384 3231 1611 3311 scicntia
1655 3216 1914 3311 carentis,
1956 3225 2022 3287 de

432 3337 540 3393 quo
578 3307 779 3376 dicitur
820 3322 876 3403 in
905 3303 1128 3404 psalmis
1161 3340 1173 3375 :
1211 3303 1632 3404 .l‘it'des‘cendant
1664 3303 2021 3404 in'infernum

428 3413 652 3470 viventes
697 3400 876 3485 (Paul.
913 3400 1097 3477 exin),
1136 3411 1192 3467 id
1238 3400 1342 3477 est,
1388 3411 1633 3466 scientes
1682 3400 1935 3465 labantur
1966 3410 2021 3465 in

428 3512 736 3578 peccatum.

504 3577 732 3651 Domum
764 3594 1105 3665 superborum
1134 3593 1416 3649 demolitur
1450 3592 1739 3659 Dominus,
1772 3602 1821 3646 et
1842 3592 2023 3661 ﬁrmos

434 3688 562 3761 facit
594 3667 1060 3762 tenninos'wviduce.
1092 3669 1478 3762 Conventicula
1511 3686 1894 3739 btereticorum
1920 3699 2025 3740 cae-

434 3756 692 3849 lerosque
725 3757 988 3848 Ecclesize
1011 3756 1386 3853 persecutores
1418 3756 1707 3856 demolitur
1742 3774 2023 3853 Dominus,

434 3877 490 3932 et
518 3869 705 3925 ﬁrmos
740 3868 871 3946 iacit
990 3868 1181 3946 urbem
1218 3868 1532 3946 universum
1568 3867 1811 3946 ejusdem
1839 3859 2027 3945 Eccle-

437 3962 550 4025 βίω,
596 3940 806 4039 Sponsa:
842 3939 1095 4014 videlicet
1118 3974 1249 4023 suae,
1286 3940 1397 4029 pro
1437 3938 1729 4026 cujus‘vita
1762 3938 1900 4028 mori
1949 3960 2027 4014 di-

435 4060 634 4131 gnatus
657 4058 762 4107 est.-

509 4143 839 4201 Abominatio
884 4140 1094 4219 Domini
1134 4141 1475 4219 cogitationes
1521 4140 1707 4219 malta,
1757 4150 1808 4196 et
1859 4159 2025 4213 purus

436 4254 608 4295 sermo
652 4215 1376 4314 pulcherrimusliirmabitur
1419 4234 1483 4308 ab
1535 4215 1615 4288 eo.
1668 4218 2028 4315 Abominatur

440 4333 703 4389 Dominus
723 4316 1089 4411 cogitationes
1107 4330 1487 4397 haereticorum
1507 4370 1522 4395 ,
1554 4320 1661 4403 imo
1691 4315 1881 4409 omnes
1906 4317 2023 4407 pie-

442 4428 540 4486 tati
574 4424 877 4481 contrarias
900 4463 914 4487 ,
944 4431 998 4493 et
1034 4436 1202 4498 purus
1238 4435 1418 4485 sermo
1446 4429 1609 4494 recta:
1638 4422 1758 4476 ﬁdei
1783 4423 2023 4491 [irmabi-

445 4529 534 4589 tur
574 4518 643 4573 ab
682 4532 766 4580 co,
803 4513 1019 4583 quando
1052 4500 1331 4590 in'judicio
1357 4526 1461 4564 non
1503 4510 1893 4577 solumfactis,
1930 4515 2022 4568 sed

441 4621 495 4669 et
532 4610 712 4665 verbis
733 4606 986 4662 omnibus
1007 4603 1165 4675 digna
1194 4602 1413 4672 praemia
1439 4601 1644 4656 reddet.
1670 4602 2025 4659 Abominatus

440 4711 523 4759 est
572 4698 927 4773 cogitationes
973 4693 1142 4748 malas
1181 4708 1365 4747 eorum
1431 4692 1520 4761 qui
1558 4694 1854 4759 dicebant:
1897 4692 2025 4759 Qui;

442 4805 515 4849 est
537 4793 619 4847 hic
640 4790 729 4863 qui
749 4790 907 4843 etiam
933 4799 1145 4861 peccata
1174 4784 1427 4861 dimittit?
1445 4782 1596 4855 (Luc.
1627 4785 1723 4855 vn)
1755 4794 1805 4840 et
1834 4802 2027 4860 purum

444 4894 749 4938 sermonem
789 4878 906 4945 ejus
931 4875 1021 4946 qui
1053 4874 1188 4928 dixit
1219 4893 1229 4925 :
1261 4873 1335 4926 Tu
1365 4891 1418 4927 es
1454 4872 1694 4929 Christus
1730 4872 1901 4934 Filius
1932 4875 2028 4929 Dei

444 4972 543 5026 vivi
589 4966 805 5039 (Matth.
855 4964 989 5034 xvi),
1022 4963 1446 5033 pulcherrimum
1483 4979 1601 5018 esse
1633 4964 1871 5041 ﬁrmavit
1900 4981 2024 5020 cum

447 5034 727 5131 respondit
765 5072 780 5111 :
812 5054 1005 5109 Beatus
1033 5069 1105 5115 es,
1145 5050 1326 5106 Simon
1362 5054 1614 5123 Barjona,
1634 5058 1759 5125 quia
1806 5034 1929 5109 caro
1976 5067 2026 5111 et

447 5166 662 5222 sanguis
684 5163 789 5204 non
820 5143 1057 5201 reuelauit
1082 5142 1191 5205 tibi,
1222 5143 1311 5196 sed
1340 5141 1505 5198 Pater
1527 5162 1671 5200 meus
1694 5147 1781 5217 qui
1804 5148 1859 5201 in
1885 5149 2022 5202 ctelis

448 5256 521 5301 est
550 5242 761 5317 (me).

522 5337 639 5391 Lux
661 5334 935 5391 oculorum
962 5330 1193 5399 ludiﬁcat
1220 5330 1472 5395 animam,
1507 5332 1649 5400 fama
1675 5331 1809 5385 bona
1829 5332 2022 5401 impin-

450 5437 575 5499 guat
604 5443 741 5480 ossa.
780 5424 909 5497 lure
936 5432 1168 5495 mentem
1202 5422 1435 5477 delectat
1473 5423 1785 5486 humanam,
1814 5437 1937 5475 cum
1972 5437 2030 5477 se

452 5498 625 5573 lucem
653 5514 951 5571 cmlestium
987 5498 1308 5589 arcanorum
1347 5513 1576 5591 Domino
1610 5513 1880 5567 revelante
1905 5528 2028 5582 per-

452 5608 659 5678 cepisse
687 5605 989 5676 cognoscit,
1030 5603 1174 5671 quod
1204 5603 1307 5657 alia
1346 5605 1511 5659 editio
1553 5600 1893 5657 manifestius
1948 5603 2030 5657 di-

453 5702 550 5768 cit,
584 5703 761 5759 videns
789 5703 924 5759 bona
951 5694 1134 5754 oculus
1155 5695 1373 5751 oblectat
1395 5712 1509 5764 cor,
1534 5686 1676 5752 bona
1704 5694 1893 5767 utique
1917 5694 2025 5752 Do—

2054 4465 2105 4525 D

2127 3218 2567 3294 ponderator‘est
2612 3223 2891 3297 Dominus.
2935 3222 3014 3279 lta
3062 3224 3198 3290 vias,
3252 3224 3307 3292 id
3348 3234 3435 3301 est
3482 3229 3726 3301 actiones

2128 3316 2394 3385 omnium,
2425 3323 2481 3371 et
2516 3314 2786 3384 bonorum
2809 3313 3063 3379 videlicet
3085 3322 3141 3370 et
3163 3315 3429 3372 malorum
3464 3299 3727 3378 Dominus

2127 3404 2296 3491 videt,
2322 3413 2383 3475 ut
2420 3405 2585 3460 etiam
2622 3405 2846 3478 spiritus
2874 3404 3235 3475 singulorum,
3261 3406 3390 3475 quid
3426 3407 3481 3464 in
3512 3409 3725 3469 occulto

2130 3498 2392 3569 cogitent,
2428 3506 2576 3555 certa
2621 3499 2776 3554 lance
2807 3498 3103 3563 discernat,
3138 3498 3281 3553 unde
3321 3508 3471 3554 recte
3506 3501 3727 3563 subjun-

2130 3588 2294 3659 gitur.

2143 3667 2151 3672 ’
2201 3676 2388 3745 Revela
2411 3677 2634 3732 Domino
2661 3694 2819 3745 opera
2846 3687 2958 3745 tua,
2991 3687 3038 3733 et
3065 3678 3357 3751 dirigentur
3383 3683 3724 3753 cogitationes

2131 3778 2274 3845 tuae,-
2343 3770 2574 3825 Domino
2626 3772 2826 3841 quippe
2872 3785 3057 3841 'opera
3115 3779 3301 3835 nostra
3368 3775 3722 3844 revelamus,

2130 3863 2347 3934 quando
2401 3879 2526 3917 eum
2567 3878 2732 3931 quem
2782 3862 2856 3916 nil
2893 3862 3060 3918 latere
3102 3865 3372 3929 novimus,
3418 3866 3474 3921 in
3511 3870 3723 3925 cunctis

2130 3970 2251 4025 quae
2275 3954 2485 4026 agimus
2506 3954 2559 4007 in
2592 3954 2921 4007 memorianr
2941 3954 3271 4019 reducimus,
3298 3964 3465 4026 atque
3493 3958 3641 4014 illius
3664 3961 3719 4015 in

2130 4047 2384 4117 omnibus
2432 4043 2738 4114 ﬂagitamus
2782 4044 3064 4109 auxilium,
3124 4053 3178 4123 et
3223 4062 3344 4101 cum
3399 4048 3505 4104 hoc
3540 4051 3723 4107 devoti

2130 4140 2366 4211 agimus,
2418 4138 2478 4191 tit
2508 4146 2565 4191 ut
2608 4153 2715 4193 non
2760 4152 2925 4213 opera
2975 4139 3162 4193 eadem
3197 4142 3593 4203 tantummodo,
3626 4144 3723 4200 sed

2129 4231 2295 4288 etiam
2325 4230 2551 4285 interna:
2581 4238 2783 4285 nostrae
2800 4228 3161 4299 cogitationes
3189 4229 3280 4285 illo
3305 4231 3570 4302 dirigente
3594 4250 3724 4305 pm-

2130 4322 2344 4377 cedant.

2203 4413 2455 4468 Universa
2482 4421 2692 4483 propter
2718 4408 3046 4483 semetipsum
3070 4421 3313 4487 operatus
3339 4424 3413 4467 est
3436 4414 3720 4487 Dominus,

2130 4505 2349 4583 impium
2374 4521 2576 4576 quoque
2606 4504 2674 4557 ad
2698 4504 2836 4557 diem
2860 4503 3077 4557 malum.
3111 4502 3262 4571 Nulla
3291 4504 3392 4569 fuit
3416 4507 3471 4561 in
3496 4509 3722 4567 Domino

2131 4614 2295 4654 causa
2342 4606 2647 4652 creaturam
2690 4595 2957 4650 visibilem
2991 4595 3075 4650 vel
3108 4598 3430 4673 invisibilem
3456 4598 3717 4673 faciendi,

2134 4689 2235 4743 nisi
2270 4689 2514 4742 voluntas
2552 4704 2679 4752 sua,
2725 4696 2784 4741 ut
2814 4702 2965 4742 suam
3008 4668 3256 4743 videlicet
3292 4664 3585 4747 bonitatem
3628 4706 3721 4750 ra-'

2135 4779 2379 4834 tionabili
2420 4789 2705 4846 creatum,
2759 4794 2920 4849 quam
2963 4789 3224 4851 perpetuo
3272 4782 3487 4837 beatam
3541 4778 3723 4844 facere

2134 4872 2461 4937 oStenderet,
2504 4888 2626 4927 eum
2661 4887 2874 4942 quoque
2900 4870 2990 4942 qui
3036 4873 3234 4927 bonum
3269 4876 3565 4934 conditoris
3592 4896 3724 4950 pro-

2132 4967 2247 5037 pria
2275 4974 2467 5035 sponte
2494 4965 2761 5042 deseruit,
2793 4964 2843 5018 id
2868 4972 2981 5029 est,
3013 4965 3308 5032 diabolum,
3349 4982 3473 5027 cum
3495 4970 3609 5026 suis
3633 4988 3722 5028 se-

2134 5057 2395 5128 quacibus
2417 5054 2562 5124 justa
2586 5056 2876 5111 severitate
2900 5056 3195 5110 damnavit.

2203 5149 2533 5205 Abominatio
2548 5151 2758 5204 Domini
2775 5153 2942 5205 omnis
2966 5168 3220 5223 arrogans
3250 5167 3267 5205 :
3297 5155 3503 5209 etiamsi
3528 5174 3721 5217 manu

2132 5240 2202 5293 ad
2235 5256 2447 5305 manum
2470 5241 2663 5309 fuerit,
2698 5257 2802 5303 non
2830 5242 2935 5295 erit
2963 5243 3229 5309 innocens.
3271 5243 3588 5317 Quicunque
3612 5251 3719 5307 sibi

2133 5331 2324 5399 tribuit
2359 5332 2556 5385 bonum
2602 5331 2747 5400 quod
2782 5330 2931 5397 facit,
2956 5332 3169 5387 etiamsi
3197 5333 3330 5387 nihil
3355 5335 3481 5389 mali
3505 5338 3723 5400 videtur

2133 5422 2382 5477 manibus
2412 5422 2648 5491 cperari,
2688 5421 2800 5491 jam
2838 5422 3016 5493 cordis
3064 5423 3426 5488 innocentiam
3459 5428 3717 5497 perdidit,

2134 5514 2187 5568 in
2216 5528 2324 5584 quo
2355 5528 2413 5568 se
2441 5512 2683 5582 largitori
2714 5513 2976 5567 bonorum
3014 5512 3273 5583 praetulit,
3313 5524 3370 5569 et
3403 5516 3524 5573 ideo
3556 5518 3717 5573 talem

2134 5606 2383 5661 conditor
2415 5620 2544 5660 suus
2580 5605 2922 5659 abominatur
2943 5615 3002 5659 ut
3030 5619 3180 5659 reum
3200 5645 3215 5670 ,
3244 5620 3407 5677 quem
3435 5587 3717 5668 beneficiis

2134 5696 2249 5757 Suis
2268 5711 2391 5753 esse
2420 5694 2813 5767 contemplatur
2837 5694 3127 5765 ingratum.
