3918 6348
137 285 238 342 733

913 279 1272 340 EXPOSITIO
1305 277 1799 368 IN'PROVERBIA
1839 277 2242 338 SALOMONIS.
2280 312 2351 324 —
2384 283 2512 340 LIB.
2549 283 2612 340 Π.

3271 289 3374 346 734

203 400 335 455 Cum
354 403 647 470 placuerint
673 394 890 449 Domino
925 397 1020 449 via:
1042 395 1290 458 hominis,
1313 391 1709 461 inimicos'quo—
1737 390 1792 452 Α
1815 393 1964 460 quasi
1989 395 2402 465 obsequentium
2434 405 2689 471 comitum
2722 398 2908 453 cuneis
2933 399 3122 470 stipari
3154 413 3377 457 consne-'

134 509 232 563 que
260 491 374 560 ejus
407 493 661 540 convertet
692 486 760 538 ad
796 502 995 555 pacem.
1037 482 1205 537 Tanta
1234 489 1316 536 est
1342 481 1603 536 sanctitas
1628 479 1710 533 di-

134 585 274 638 vinae
302 579 611 651 religionis,
648 586 706 631 ut
728 592 868 632 eam
908 577 1223 645 plerumque
1265 575 1430 628 etiam
1461 573 1550 641 qui
1581 571 1711 625 foris

133 669 871 731 suntveneratiooihaheant,
896 675 949 720 et
963 681 1097 735 quos
1114 666 1349 734 perfecte
1377 666 1485 718 Deo
1508 663 1709 717 servire
1765 669 1770 674 ”

133 762 526 835 perspexerint,
576 775 696 814 cum
748 759 830 812 his
872 773 1055 826 pacem
1084 758 1284 811 habere
1313 755 1557 824 quamvis
1578 754 1706 808 reli-

135 853 292 922 gione
332 852 702 919 discrepantes
740 848 1016 915 incipiant.
1059 847 1301 915 Denique
1331 845 1454 914 quia
1496 844 1709 922 placue-

134 951 261 996 runt
304 941 530 996 Domino
558 940 657 992 vim
691 938 926 992 Danielis
964 947 1019 992 et
1063 938 1222 990 trium
1255 918 1563 1005 puerorum:
1602 935 1675 989 ini

126 1037 303 1091 micos
329 1050 540 1106 quoque
565 1049 747 1087 eorum
775 1033 866 1103 qui
892 1047 985 1087 eos
1016 1032 1076 1084 in'
1099 1031 1276 1101 ignem
1309 1029 1392 1083 vel
1416 1031 1480 1084 ad
1508 1030 1706 1084 bestias

129 1127 405 1181 miserunt
465 1124 730 1178 convertit
791 1123 858 1177 ad
923 1136 1130 1190 pacem.
1198 1119 1333 1186 Quia
1391 1119 1706 1188 placuerunt

129 1219 361 1274 Domino
405 1218 503 1270 via:
535 1226 842 1272 sanctorum
879 1214 1334 1291 praedicatorum,
1383 1211 1577 1266 multos
1618 1227 1707 1267 eo-

131 1325 250 1363 rum
292 1317 666 1378 perseeutores
694 1323 800 1360 non
850 1306 916 1358 ad
950 1319 1136 1375 pacem
1171 1303 1573 1366 tantummodo,
1613 1303 1704 1359 sed

126 1400 195 1452 ad
227 1400 473 1454 eamdem
505 1398 667 1453 etiam
698 1397 856 1451 ﬁdem
887 1399 959 1450 et‘
979 1395 1255 1466 religionis
1291 1395 1548 1448 unitatem
1578 1409 1704 1449 con-

125 1491 312 1543 vertit.

203 1581 397 1635 Melius
420 1589 493 1634 est
519 1596 704 1650 parum
728 1597 842 1633 cum
860 1581 1070 1647 justitia
1089 1619 1102 1641 ,
1135 1595 1292 1649 quam
1334 1577 1482 1632 multi
1505 1578 1703 1647 fructus

126 1691 247 1726 cum
272 1674 564 1743 iniquitate.
597 1672 660 1726 Et
686 1672 941 1726 Dominus
967 1687 980 1726 :
1009 1671 1178 1736 Beati,
1212 1672 1405 1740 inquit,
1435 1687 1703 1740 pauperes,

124 1770 378 1840 quoniam
404 1778 624 1819 vestrum
652 1775 723 1819 est
751 1782 964 1835 regnum
982 1765 1077 1818 Dei
1096 1764 1225 1835 (Luc
1249 1764 1345 1837 vr).
1371 1764 1436 1818 Et
1463 1765 1656 1817 iterum
1691 1782 1702 1816 :

135 1855 232 1910 Va:
258 1857 399 1910 vobis
421 1857 688 1920 divitibus,
704 1857 827 1926 quia
844 1856 1043 1909 habetis
1061 1854 1466 1908 consolationem
1490 1865 1708 1908 vestram

131 1945 351 2016 (Ibid).
383 1946 568 1999 Potest
603 1936 657 1999 et
691 1946 768 1999 sic
798 1945 991 2014 accipi,
1014 1946 1141 2014 quia
1172 1944 1363 1998 melius
1393 1944 1464 1998 sit
1489 1944 1540 1996 in
1575 1944 1710 1997 sim-

124 2039 257 2110 plici
304 2039 716 2094 conversatione
756 2039 863 2092 Deo
890 2039 1082 2092 devote
1126 2037 1359 2101 servire,
1394 2052 1553 2104 quam
1582 2037 1708 2106 quia

126 2133 318 2188 miritis
347 2134 704 2187 abundantem
736 2133 1042 2196 virtutibus,
1080 2131 1228 2185 verbi
1258 2133 1448 2202 gratia,
1479 2131 1710 2185 eleemo-

125 2227 325 2298 synis,
377 2224 753 2287 orationibus,
800 2224 1042 2294 jejuniis,
1101 2223 1374 2287 doctrina,
1437 2221 1706 2285 castitate,

120 2319 503 2391 proximorum
539 2316 681 2370 facta
719 2317 997 2385 despicere
1034 2322 1087 2368 et
1125 2316 1190 2369 de
1219 2330 1315 2368 sua
1346 2314 1501 2383 quasi
1527 2313 1712 2384 singu-

121 2411 227 2466 lari
262 2411 596 2465 sublimitate
620 2408 860 2479 gloriari.

202 2503 469 2555 Divinatio
507 2501 561 2552 in
591 2499 744 2553 labii‘s
775 2500 935 2568 regis,
978 2500 1032 2552 in
1072 2499 1270 2565 iudicio
1299 2513 1401 2551 non
1427 2496 1619 2553 errabit
1655 2511 1712 2548 os

122 2596 263 2664 ejus.
296 2594 451 2647 Illum
473 2593 738 2662 signiﬁcat
766 2607 944 2662 regem
971 2591 1156 2661 dequo
1178 2591 1377 2645 dictum
1402 2598 1485 2644 est
1509 2607 1520 2642 :
1548 2589 1708 2652 Deus,

123 2687 395 2756 judicium
427 2695 572 2736 tuum
622 2685 728 2754 regi
773 2685 841 2737 da
886 2683 1056 2754 (Psal.
1095 2683 1227 2751 ut).
1263 2681 1398 2748 Quis
1434 2689 1517 2736 est
1567 2681 1711 2734 enim

124 2791 322 2846 regum
353 2773 726 2843 temporalium
772 2775 862 2842 qlri
911 2788 1181 2842 nunquam
1228 2780 1373 2825 erret
1402 2773 1453 2825 in
1486 2771 1710 2840 judicio,

127 2867 178 2921 in
210 2865 368 2931 cujus
395 2863 548 2917 labiis
573 2872 655 2917 est
680 2863 958 2926 divinatio,
984 2862 1108 2930 quia
1136 2878 1238 2916 non
1263 2877 1483 2916 suorum
1512 2859 1713 2914 solum-

125 2955 293 3012 modo
320 2969 598 3009 sermones
621 2962 674 3008 et
706 2955 846 3008 facta
869 2953 1071 3023 dirigit,
1102 2953 1194 3007 sed
1225 2951 1502 3021 gentilium
1535 2961 1708 3015 vates,

122 3049 218 3117 qui
260 3047 422 3116 vulgo
453 3045 623 3099 divini
650 3045 1016 3114 appellantur,
1056 3043 1147 3111 qui
1187 3041 1591 3108 sciscitantibus
1624 3057 1711 3096 re-

124 3139 455 3208 spondeant,
507 3136 598 3190 illo
635 3136 778 3190 intus
804 3134 1081 3202 judicante
1116 3133 1439 3202 disponitur,
1479 3141 1711 3188 testante

124 3230 358 3283 Michzea
414 3228 672 3297 propheta
699 3227 790 3295 qui
827 3226 893 3279 ad
941 3225 1309 3293 deceptiouem
1343 3225 1532 3278 Achab
1572 3225 1711 3295 regis

126 3319 443 3391 impiissimi
484 3327 709 3374 testatur
749 3319 975 3372 missum
1012 3333 1041 3371 a
1073 3318 1290 3387 superni
1338 3317 1539 3387 judicis
1577 3319 1711 3374 solio

125 3412 424 3482 Spiritum,
455 3409 546 3480 qui
575 3409 958 3478 prophetarum
988 3407 1102 3476 ejus
1131 3424 1225 3462 ora
1253 3408 1522 3478 impleret,
1551 3417 1711 3478 atque

125 3504 196 3556 ad
239 3500 578 3556 suadendum
619 3514 682 3553 ea
723 3498 918 3577 quibus
959 3511 1052 3551 rex
1093 3497 1357 3551 nefandus
1385 3498 1585 3566 periret
1624 3514 1710 3552 ar-

124 3590 347 3648 maret?
383 3589 568 3660 Neque
594 3589 737 3644 enim
769 3590 821 3643 is
849 3591 971 3652 hoc,
992 3587 1218 3655 judicio,
1247 3589 1447 3641 erravit
1485 3603 1544 3642 os
1573 3590 1713 3658 regis

124 3685 324 3740 aeterni
347 3724 362 3747 ,
397 3683 489 3738 sed
521 3682 663 3752 quod
697 3697 788 3736 rex
821 3681 1018 3750 impius
1047 3681 1230 3734 audire
1257 3682 1494 3748 peccatis
1518 3693 1717 3748 prazce-

127 3777 392 3832 dentihus
419 3775 636 3834 meruit,
675 3773 787 3842 ipse
822 3773 922 3825 hoc
949 3770 1238 3839 prophetas
1261 3768 1522 3822 erraticos
1550 3768 1597 3822 ei
1632 3767 1711 3820 lo-

124 3872 219 3942 qui
252 3865 521 3940 permis‘it.
574 3864 678 3918 Sed
707 3871 760 3916 et
796 3861 1040 3916 Ezechiel
1084 3859 1326 3930 peccanti
1371 3874 1435 3912 ac
1475 3859 1713 3926 perituro

123 3958 567 4016 Ammonitarutn
590 3953 782 4024 populo
809 3952 966 4005 dicit:
987 3950 1116 4004 Cum
1143 3950 1236 4002 tibi
1265 3949 1558 4002 viderentur
1581 3965 1712 4002 rana

123 4060 172 4105 et
195 4051 569 4104 diuinarentur
592 4043 861 4097 mendacia
885 4039 1099 4111 (Ezech.
1130 4039 1266 4110 χχι),
1292 4055 1396 4094 non
1423 4049 1505 4094 est
1520 4041 1714 4093 damno-

127 4157 261 4196 num
295 4137 595 4197 divinatio,
636 4133 729 4188 sed
763 4131 856 4186 Dei
889 4130 1149 4198 judicium
1177 4131 1268 4198 qui
1303 4128 1554 4198 perfecta:
1601 4145 1715 4183 ma-

124 4233 259 4286 litiae
302 4230 454 4284 dedit
499 4227 680 4280 ﬁnem.
734 4223 885 4278 Hunc
921 4222 1242 4276 versiculum
1280 4221 1381 4274 alia
1431 4221 1714 4276 translatio

123 4327 206 4380 sic
235 4323 405 4378 habet
444 4318 682 4387 apertius
713 4317 775 4370 de
806 4314 1030 4368 Domino
1063 4327 1077 4365 :
1108 4311 1258 4366 Nihil
1292 4313 1484 4382 falsum
1515 4314 1715 4366 dicetur

124 4419 256 4486 regi,
292 4423 344 4467 ct
376 4411 506 4464 nihil
541 4408 731 4477 falsum
759 4409 889 4460 exiet
925 4407 988 4459 de
1017 4423 1103 4458 ore
1128 4406 1264 4475 ejus,
1302 4408 1428 4476 quia
1458 4407 1708 4460 nimirum

121 4510 242 4577 ipse
279 4519 389 4559 nec
433 4500 540 4554 ullo
573 4498 864 4553 mentiente
905 4495 1016 4549 falli
1061 4511 1162 4551 nec
1201 4506 1378 4566 potest
1425 4497 1712 4566 aliquando

121 4608 382 4654 lilClllH‘l.

197 4685 432 4738 Pontius
471 4691 517 4734 et
567 4687 758 4732 statera
784 4677 991 4746 judicia
1040 4676 1245 4728 Domini
1283 4685 1422 4740 sunt,
1479 4687 1525 4729 et
1559 4695 1713 4746 opera

116 4784 238 4848 (jus
299 4791 479 4828 onmcs
524 4771 719 4838 lapides
761 4767 960 4822 sa’culi.
994 4766 1225 4836 Lapides
1257 4767 1433 4821 saeculi
1451 4769 1628 4837 justos
1659 4778 1713 4822 et

121 4877 150 4925 li
181 4875 230 4924 fe
273 4870 450 4922 fortes
479 4848 728 4932 appellat,
759 4858 945 4929 quales
979 4872 1099 4913 esse
1126 4859 1472 4913 desiderabat
1499 4871 1714 4928 aposto-

121 4967 207 5016 lus
238 4961 444 5014 Petrus
479 4971 604 5017 eos,
644 4953 836 5021 quibus
874 4953 1166 5004 admonens
1208 4951 1281 5004 ait
1312 4968 1323 5002 :
1365 4949 1433 5002 Et
1467 4967 1550 5004 vos
1593 4961 1715 5004 tan-

120 5067 290 5122 quam
320 5045 519 5115 lapides
555 5044 651 5096 vivi
700 5041 1190 5110 superatdiﬁcamini
1238 5041 1420 5094 domus
1455 5043 1718 5110 spiritales

125 5144 177 5212 (Ι
218 5140 343 5192 I’et.
386 5134 466 5204 ιι).
498 5131 681 5185 Nullus
711 5131 874 5200 igitur
909 5132 975 5182 ab
1004 5131 1157 5184 initio
1181 5131 1358 5184 sazculi
1387 5147 1483 5207 sua
1515 5134 1717 5188 virtute

125 5232 347 5284 electus
385 5234 442 5280 et
467 5222 674 5277 cmlesti
699 5221 925 5274 aediﬁcio
961 5232 1118 5289 aptus
1141 5232 1244 5286 est,
1276 5221 1366 5276 sed
1397 5219 1512 5289 ejus
1539 5227 1716 5292 potius

124 5335 303 5389 Opere
323 5359 338 5381 ,
370 5317 462 5387 qui
494 5313 675 5370 omnia
704 5312 756 5365 in
789 5311 1023 5381 pondere
1047 5320 1098 5364 et
1125 5328 1377 5378 mensura
1401 5322 1455 5366 et
1489 5329 1716 5370 numero

127 5411 482 5468 Constituens
511 5405 799 5475 unicuique
824 5406 961 5460 sicut
988 5405 1154 5460 voluit
1178 5421 1486 5462 mensuram
1517 5407 1639 5461 ﬁdei
1663 5417 1718 5462 et

129 5509 441 5579 gratiarum
468 5503 760 5557 distribuit.

1738 1739 1782 1794 τι

1738 3093 1783 3155 C

219 5598 480 5653 Voluntas
513 5610 686 5663 regum
719 5593 857 5646 labia
880 5592 1044 5662 justa.
1075 5589 1248 5661 Reges
1274 5598 1453 5646 autem
1478 5599 1747 5657 sanctos,,

129 5692 232 5758 qui
264 5690 418 5746 vitiis
444 5685 816 5759 principaliter
837 5685 1101 5756 imperare
1125 5692 1182 5740 et
1208 5685 1500 5765 virtutibus
1523 5685 1718 5742 animae

1809 495 2020 562 verunt.
2074 487 2148 540 De
2193 485 2444 554 qualibus
2484 487 2742 542 Dominus
2783 489 2906 543 ait:
2940 489 3126 555 Multi,
3178 490 3372 559 inquit,

1808 573 2068 644 praplteta:
2103 585 2149 627 et
2184 591 2324 643 reges
2357 577 2625 646 cupierunt
2669 578 2842 632 videre
2867 595 2984 648 qua:
3027 596 3112 634 vos
3142 580 3342 634 vidistis
3363 621 3377 643 ,

1808 679 1856 724 et
1905 686 2005 724 non
2059 668 2297 722 viderunt
2349 670 2499 740 (Luc.
2556 674 2630 741 χ).
2687 672 2932 744 Alioquin
2985 689 3140 747 reges
3179 675 3380 730 terreni

1807 759 2035 816 multum
2076 775 2216 830 saepe
2263 761 2402 816 labia
2444 760 2590 829 justa
2645 763 3000 834 detestantur,
3046 775 3106 819 ut
3143 765 3382 820 Herodes

1807 851 2051 918 Joannis,
2083 860 2302 922 propter
2342 855 2484 922 quod
2514 870 2635 908 eum
2661 863 2714 908 et
2739 856 2914 925 capite
2940 857 3165 926 punivit.

1880 944 1983 1008 Qui
2028 956 2164 997 recta
2209 944 2465 1014 loquitur,
2506 945 2778 1008 diriqetur.
2820 945 2888 999 Ut
2933 945 3180 1000 videlicet
3218 947 3380 1002 rectis

1807 1051 2028 1106 cperunt
2058 1035 2354 1106 gressibus,
2397 1037 2464 1090 ad
2499 1038 2669 1090 vitam
2693 1038 2966 1105 pertin‘gat
2999 1046 3276 1092 :L-ternam.
3313 1039 3382 1093 At

1807 1136 1994 1204 contra
2019 1128 2100 1181 vir
2128 1127 2399 1198 linguosus
2433 1143 2536 1180 non
2561 1127 2823 1197 dirigetur
2846 1142 3009 1196 super
3031 1136 3256 1192 terram,
3287 1143 3385 1182 nec

1809 1226 2070 1289 repugnat
2092 1218 2216 1272 huic
2244 1216 2548 1280 sementim,
2585 1218 2731 1284 quod
2756 1217 2821 1270 de
2855 1217 3119 1271 Antiocho
3144 1217 3341 1272 dicitur
3367 1235 3379 1270 :

1807 1310 1872 1364 Et
1896 1309 2049 1362 dolus
2072 1309 2122 1362 in
2146 1305 2307 1362 manu
2328 1307 2444 1376 ejus
2467 1308 2755 1378 dirigetur.
2795 1306 2911 1361 Non
2941 1308 3082 1361 enim
3106 1308 3380 1362 hominem

1807 1403 1957 1457 illum
2000 1401 2336 1471 dirigentium
2368 1400 2644 1468 Scriptura
2674 1399 2835 1463 dicit,
2881 1416 3035 1469 quem
3070 1415 3381 1469 perversum

1809 1509 1873 1549 ac
1898 1493 2192 1563 pessimum
2221 1490 2464 1544 futurum
2494 1505 2611 1544 esse
2642 1489 2918 1562 praevidit;
2962 1488 3052 1543 sed
3093 1490 3265 1554 dolus,
3308 1491 3388 1544 in-

1809 1585 1941 1653 quit,
1984 1584 2034 1637 in
2066 1598 2226 1635 manu
2252 1580 2369 1647 ejus
2395 1580 2680 1651 dirigetur,
2712 1580 2835 1648 quia
2866 1579 3069 1633 scilicet
3095 1579 3310 1634 fraudes
3333 1587 3388 1631 et

1810 1681 2012 1736 scelera
2049 1694 2166 1748 quae
2204 1677 2464 1746 disposuit
2499 1677 2570 1730 ad
2595 1675 2841 1729 elfectum
2889 1688 3046 1744 quem
3088 1675 3383 1743 proposuit,

1811 1769 1956 1824 nullo
1997 1768 2322 1829 retardante,
2368 1766 2635 1834 perduxit,
2674 1766 2868 1835 quibus
2911 1773 3092 1818 tamen
3128 1763 3384 1834 peractis,

1812 1861 1924 1928 ipse
1951 1858 2002 1912 in
2031 1868 2315 1921 aeternum,
2344 1864 2402 1908 ut
2435 1864 2726 1919 meruerat,
2753 1855 2934 1924 periit.
3141 1837 3148 1857 ’

1884 1947 2182 2017 Indignatio
2225 1947 2375 2016 regis,
2417 1946 2582 2005 nuntii
2611 1946 2809 1998 mortis.
2844 1943 3026 1997 Nuntii
3056 1945 3246 1996 mortis
3267 1950 3390 1996 sunt

1811 2037 1984 2108 angeli
2032 2039 2263 2100 Satanze,
2305 2036 2353 2089 id
2385 2044 2486 2099 est,
2533 2034 2769 2088 haaretici
2797 2041 2850 2087 et
2884 2032 3007 2085 vani
3059 2031 3386 2101 philosophi,

1812 2129 1921 2182 imo
1949 2141 2139 2182 omnes
2182 2127 2272 2195 qui
2304 2141 2368 2180 ea
2413 2124 2575 2179 verba
2609 2124 2856 2178 nuntiant
2891 2121 3146 2192 proximis
3186 2119 3327 2174 unde
3359 2136 3387 2172 a

1811 2229 1988 2274 morte
2030 2219 2309 2288 rapiantur
2353 2225 2582 2280 attenta;
2629 2215 2719 2283 qui
2769 2229 2875 2278 quo
2911 2212 3143 2283 amplius
3184 2211 3389 2265 auctori

1813 2312 2002 2367 mortis
2031 2311 2290 2374 serviunt,
2343 2324 2408 2363 eo
2447 2309 2664 2378 gravius
2702 2308 2824 2361 vita!
2861 2307 3171 2377 largitorem
3218 2304 3384 2359 offen-

1814 2404 1945 2458 dunt
1971 2421 1981 2456 :
2008 2417 2105 2455 nec
2128 2410 2306 2454 tamen
2332 2400 2525 2455 talibus
2551 2401 2651 2454 iter
2671 2399 3004 2469 ptenitentiaa
3020 2397 3388 2460 praecluditur,

1813 2508 1939 2548 nam
1968 2491 2214 2546 subditur
2243 2507 2254 2543 :

1885 2587 1954 2640 Et
1983 2588 2061 2640 vir
2094 2587 2298 2656 sapiens
2339 2584 2565 2654 placabit
2603 2599 2739 2637 eum.
2781 2581 2963 2636 Potest
3007 2583 3149 2636 enim
3196 2581 3388 2650 resipi-

1814 2682 2012 2737 scendo
2042 2680 2325 2734 Dominum
2355 2678 2568 2747 placare
2589 2717 2603 2742 ,
2632 2691 2792 2745 quem
2835 2674 3058 2746 contigit
3081 2689 3204 2728 eum
3230 2671 3394 2728 stulte

1814 2773 2082 2842 loquendo
2113 2771 2416 2825 offendisse.

1887 2863 1952 2917 In
1975 2863 2238 2916 hilaritate
2269 2860 2438 2916 vultus
2468 2860 2623 2929 regis,
2661 2859 2786 2913 vita.
2820 2859 3136 2927 Quicunque
3165 2857 3396 2912 hilarem

1815 2957 2014 3012 Christi
2066 2956 2269 3010 vultum
2318 2955 2500 3008 videre
2547 2961 2860 3014 merentur,
2907 2952 2988 3006 his
3029 2951 3083 3004 in
3126 2960 3388 3006 internum

1815 3067 1935 3106 cum
1990 3049 2081 3103 illo
2129 3049 2310 3102 vivere
2362 3047 2594 3102 dabitur.
2653 3045 2910 3114 Alioquin
2955 3047 3008 3098 in
3057 3044 3140 3099 die
3178 3029 3389 3111 judicii,

1815 3141 1953 3196 sicut
1978 3140 2234 3208 scriptum
2266 3145 2388 3193 est:
2420 3136 2616 3191 Videbit
2654 3137 2822 3191 omnis
2860 3152 2982 3189 caro
3025 3133 3257 3190 salutare
3297 3135 3393 3188 Dei

1817 3232 1966 3304 (Luc.
2001 3232 2102 3302 ιιι).
2151 3230 2256 3286 Sed
2285 3231 2426 3286 hunc
2457 3229 2695 3300 reprobi,
2728 3235 2855 3282 tunc
2885 3227 3080 3281 iratum
3101 3267 3116 3292 ,
3141 3225 3272 3292 justi
3313 3227 3394 3280 vi-

1816 3328 1944 3382 dent
1972 3325 2260 3394 placidum.
2539 3307 2541 3310 ﬁ
3406 3305 3410 3309 ’

1887 3416 1954 3468 Et
1982 3415 2253 3468 clementia
2279 3414 2394 3483 ejus
2420 3415 2570 3484 quasi
2595 3412 2758 3466 imber
2799 3413 3088 3465 serat-inus.
3112 3409 3393 3465 Serotimrs

1814 3506 1987 3561 imber
2012 3505 2064 3558 in
2095 3503 2273 3558 .ludzea
2305 3502 2416 3571 jam
2447 3494 2674 3555 maturis
2718 3501 2983 3555 messibus
3030 3515 3200 3568 usque
3233 3498 3392 3553 hodie

1814 3598 1998 3652 venire
2017 3595 2314 3651 consuevit.
2341 3593 2438 3648 Ubi
2463 3593 2718 3646 Dominus
2739 3600 2794 3645 et
2810 3591 3126 3644 matutinam
3155 3590 3390 3659 pluviam

1815 3685 2084 3757 promittit
2111 3684 2294 3738 dicens
2316 3698 2411 3752 per
2437 3683 2750 3752 prephetam
2785 3700 2798 3735 :
2831 3680 2977 3734 Dabo
3001 3680 3138 3732 vobis
3159 3680 3389 3748 pluviam

1816 3778 2126 3831 matutinam
2161 3785 2209 3828 et
2237 3775 2514 3828 serotinum
2536 3783 2702 3826 terrm
2742 3771 2903 3841 (loel.
2936 3772 3016 3842 ιι).
3049 3770 3230 3823 Pluvia
3261 3786 3388 3838 ergo

1817 3869 2079 3922 matutina
2109 3875 2211 3931 est,
2247 3867 2363 3920 sive
2403 3873 2746 3933 temporanea
2767 3904 2781 3924 ,
2811 3871 2869 3917 ut
2895 3863 3017 3916 alibi
3051 3864 3388 3927 nominatur,

1815 3957 2029 4026 quando
2067 3957 2240 4024 prima
2287 3955 2538 4009 credendi
2579 3956 2644 4025 in.
2680 3953 2950 4008 Christum
2978 3953 3180 4006 semina
3213 3968 3394 4008 susce-

1815 4047 2014 4116 pimus,
2055 4045 2232 4115 pluvia
2278 4061 2407 4100 vero
2438 4047 2693 4110 serotina,
2727 4047 2940 4114 quando
2967 4046 3190 4098 maturis
3219 4046 3388 4097 virtu-

1818 4147 1929 4194 tum
1960 4139 2200 4209 frugibus
2234 4139 2395 4192 ablati
2434 4140 2500 4192 de
2529 4139 2628 4192 hac
2665 4139 2771 4190 vita
2810 4139 2862 4191 in
2893 4138 3168 4191 Dominico
3201 4138 3392 4191 horreo

1817 4225 2187 4292 recondimur';
2222 4237 2275 4282 et
2301 4234 2446 4282 recte
2475 4227 2759 4282 clementia
2791 4228 2931 4297 regis
2965 4229 3123 4283 imbri
3155 4230 3392 4283 serotino

1815 4328 2177 4389 comparatur,
2229 4319 2352 4388 quia
2388 4319 2532 4388 quod
2577 4318 2815 4373 fructum
2854 4321 2977 4374 vita:
3012 4320 3394 4389 beneagentes

1818 4412 2165 4479 percipimus,
2199 4426 2302 4464 non
2336 4410 2436 4464 hoc
2463 4411 2632 4463 nostri
2666 4411 2886 4465 libertas
2917 4413 3147 4478 arbitrii,
3181 4414 3272 4465 sed
3304 4428 3393 4464 su-

1817 4503 1970 4573 perni
1996 4502 2123 4556 facit
2144 4501 2385 4570 irrigatio
2408 4501 2552 4554 doni.

1892 4595 2145 4648 Eruditus
2190 4595 2241 4646 in
2287 4593 2438 4645 verbo
2485 4592 2698 4661 reperiet
2734 4596 2869 4646 bona
2895 4607 2914 4644 .'
2943 4603 2989 4647 et
3022 4597 3109 4664 qui
3140 4607 3308 4664 sperat
3338 4598 3390 4652 in

1818 4683 2062 4747 Domino,
2095 4682 2272 4735 beatus
2301 4692 2395 4734 est.
2426 4679 2540 4735 Non
2572 4682 2740 4748 solum
2774 4683 2818 4736 is
2844 4685 2937 4751 qui
2982 4686 3048 4738 ad
3095 4689 3392 4753 praedican-

1820 4774 1944 4829 dum
1975 4773 2064 4826 Dei
2099 4773 2320 4826 verbum
2345 4770 2588 4823 eruditus
2616 4779 2699 4824 est
2729 4772 2865 4824 bona
2897 4773 3033 4840 apud
3065 4774 3208 4828 illum
3236 4793 3388 4847 repe-

1819 4868 1943 4930 riet,
1972 4866 2064 4919 sed
2092 4873 2144 4917 et
2175 4863 2282 4927 ille,
2309 4861 2400 4932 qui
2433 4861 2483 4914 in
2513 4862 2737 4916 Domino
2776 4878 2922 4931 spem
2952 4880 3152 4933 ponere
3180 4866 3386 4938 didicit,

1822 4957 2032 5014 etiamsi
2060 4955 2125 5008 ad
2154 4953 2548 5024 praedicandum
2577 4953 2699 5006 aliis
2725 4954 2948 5007 idoneus
2983 4970 3086 5008 non
3112 4966 3212 5022 est,
3246 4959 3383 5027 ejus-

1822 5053 1941 5106 dem
1967 5045 2309 5101 beatitudinis
2335 5045 2600 5113 particeps
2623 5044 2827 5098 existit.

1897 5139 1996 5203 Ωιιὶ
2024 5137 2229 5206 sapiens
2257 5135 2409 5188 corde
2443 5144 2537 5198 est,
2569 5135 2914 5203 appellabitur
2937 5137 3197 5205 prudens,
3223 5149 3270 5194 et
3293 5143 3386 5210 qui

1820 5228 1986 5282 dulcis
2018 5227 2238 5296 eloquio,
2273 5225 2474 5292 majora
2509 5226 2768 5294 percipiet.
2811 5227 2909 5292 Qui
2947 5229 3262 5296 sapientiam
3294 5246 3386 5283 ca-

1823 5319 2031 5373 tholica:
2075 5315 2195 5369 ﬁdei
2242 5330 2402 5383 quam
2449 5314 2650 5377 didicit,
2697 5316 2953 5372 illibatam
2993 5333 3090 5371 suo
3135 5318 3187 5374 in
3229 5321 3388 5374 corde

1819 5407 2070 5469 custodit,
2106 5405 2299 5459 merito
2352 5404 2631 5473 prudentis
2683 5407 2877 5460 nomen
2925 5409 3148 5475 accipit;
3203 5418 3257 5462 at
3297 5413 3385 5478 qui

1818 5495 2408 5567 eamdem‘sapientiam
2433 5498 2595 5550 etiam
2619 5497 2774 5552 docte
2802 5501 3093 5568 praedicare
3117 5510 3171 5555 et
3199 5511 3384 5555 contra

1820 5592 2101 5648 hrereticos
2130 5589 2415 5644 defendere
2450 5588 2614 5654 novit,
2650 5590 2852 5658 majora
2884 5591 3081 5647 laboris
3112 5593 3388 5665 amplioris

1819 5686 2039 5755 praemia
2064 5683 2342 5755 percipiet.
