3918 6372
512 325 615 383 85

1118 326 1177 381 Β.
1218 323 1475 380 RABANI
1516 323 1737 383 MAURI
1772 321 2099 382 ARCHIEP.
2144 324 2454 385 MOGUNT.
2494 330 2779 389 OPERUM
2812 333 2993 391 PARS
3044 336 3133 393 Ill.

3676 348 3770 404 756

474 472 493 481 .ς
578 434 725 491 Fons
758 442 910 499 ante,
959 435 1184 490 eruditio
1230 435 1542 507 possidentis
1575 448 1592 488 :
1620 436 1861 491 doctrina
1904 436 2360 499 stulto-Aurbes
2410 456 2736 512 expugnare,
2785 446 2911 515 quia
2954 457 3111 502 extra
3168 460 3292 506 sunt
3338 461 3433 507 aut
3471 465 3769 513 vincuntur.

506 541 623 583 rstm
660 526 899 596 fatuitas.
950 525 1084 582 Cum
1124 528 1329 583 diceret
1364 527 1697 599 possidentis,
1740 544 1848 585 non
1890 530 2097 585 addidit

507 617 635 688 quid
662 617 1006 689 possidentis.
1039 617 1177 686 Quid
1206 626 1387 674 autem
1422 626 1674 691 putamus
1700 633 1825 674 eum
1855 620 2094 676 voluisse

506 712 750 783 intelligi,
784 714 888 770 nisi
923 714 1061 771 forte
1106 714 1279 785 ipsam
1327 715 1709 783 eruditionem,
1734 726 1794 773 ut
1831 721 1904 776 sit
1932 704 2092 791 plena

506 806 773 860 sententia
795 804 918 861 fons
942 806 1067 861 vita
1092 805 1327 863 eruditio
1354 808 1679 877 possidentis
1705 811 1878 882 ipsam
1909 812 2094 868 erudi-

504 896 708 953 tionem
736 912 890 952 suam
918 916 932 953 :
960 899 1105 969 quod
1136 908 1219 955 est
1250 908 1437 971 aperte
1462 902 1665 968 dicere,
1690 903 1817 973 quia
1843 902 1935 959 ille
1953 919 2094 974 pra-

503 987 713 1045 dicator
743 1005 873 1046 vere
918 992 1031 1047 suis
1072 992 1412 1049 auditoribus
1451 995 1573 1050 vita
1606 996 1723 1051 vias
1770 997 1966 1068 aperit,
1995 999 2087 1070 qui

501 1089 720 1136 exercet
743 1083 857 1152 ipse
883 1084 1314 1154 quapradicat,
1349 1085 1440 1156 qui
1480 1101 1720 1143 amorem
1750 1086 1899 1143 verbi
1926 1104 2089 1160 quem

500 1168 634 1226 alios
662 1171 842 1226 erudit
868 1170 976 1227 ﬁxo
1002 1172 1057 1227 in
1085 1173 1247 1229 corde
1273 1174 1535 1244 possidet.
1568 1174 1679 1231 Nec
1713 1178 2088 1233 tantummodo

500 1263 761 1317 memoria
804 1269 1098 1331 retentum,
1147 1266 1304 1335 quasi
1343 1266 1628 1323 collectum
1666 1269 1872 1340 gremio
1902 1283 2088 1326 semen

491 1349 667 1422 jactat
694 1353 749 1408 in
779 1362 1011 1411 terram.
1032 1356 1240 1414 ldcireo
1266 1375 1502 1430 namque
1523 1361 1768 1417 doctrina
1798 1363 2086 1419 stultorum

497 1442 718 1501 fatuitas
764 1455 849 1503 est
880 1466 893 1502 :
922 1449 1047 1518 quia
1091 1451 1193 1507 etsi
1243 1467 1364 1522 qua
1398 1452 1539 1509 bona
1568 1454 1749 1512 dicere
1776 1471 1873 1519 usu
1903 1457 2086 1513 erudi-

499 1535 661 1593 tionis
707 1538 1030 1608 didicerunt,
1083 1543 1273 1599 eadem
1330 1552 1513 1601 tamen
1561 1562 1682 1618 quae
1725 1546 1916 1603 dicunt
1938 1549 2082 1605 bona

496 1627 598 1699 ipsi
632 1627 781 1685 fatuo
808 1631 972 1687 corde
1002 1643 1376 1690 contemnunt.

563 1721 744 1780 Faous
772 1726 961 1794 mellis,
995 1730 1146 1785 verba
1177 1736 1502 1803 composita;
1534 1734 1756 1790 dulcedo
1787 1741 1981 1794 anima
2008 1748 2086 1795 est

492 1815 694 1869 sanitas
717 1818 933 1872 ossium.
963 1818 1113 1875 Multi
1138 1836 1235 1891 per
1253 1821 1614 1893 eloquentiam
1641 1834 1871 1895 possunt
1897 1843 2087 1883 aman-

493 1901 637 1958 tibus
660 1911 716 1963 et
743 1904 1048 1965 faventibus
1090 1910 1329 1965 suaviter
1367 1914 1717 1983 pronuntiare
1763 1914 1926 1983 bona,
1967 1934 2086 1991 qua

492 1990 595 2063 ipsi
623 2010 729 2051 non
760 2007 960 2053 amant.
993 1999 1069 2055 Ea
1098 2001 1240 2057 enim
1271 2002 1446 2061 solum
1488 2006 1653 2061 verba
1686 2006 1753 2061 ad
1794 2010 2085 2066 sanitatem

490 2083 695 2139 ossium
727 2068 966 2155 tuorurd,
990 2090 1095 2146 hoc
1114 2101 1216 2159 est,
1247 2092 1316 2149 ad
1342 2093 1601 2152 virtutum
1625 2104 1837 2153 tuarum
1865 2100 2086 2171 spirita-

490 2173 565 2232 lia
594 2189 871 2237 crementa
899 2183 1209 2253 proﬁciunt,
1249 2200 1371 2256 qua
1406 2200 1475 2244 ex
1513 2189 1725 2245 interna
1757 2192 1951 2248 anima
1978 2201 2085 2249 tua

488 2267 775 2329 dulcedine
802 2276 1123 2344 procedunt.

557 2363 750 2420 Anima
773 2366 1063 2424 laborantis
1097 2368 1302 2425 laborat
1337 2372 1460 2438 sibi,
1499 2374 1625 2443 quia
1670 2374 1919 2446 compulit
1961 2393 2084 2433 eum

484 2470 544 2511 os
571 2471 745 2513 suum.
787 2456 1017 2514 Constat
1051 2459 1206 2532 juxta
1255 2461 1511 2528 litteram,
1562 2465 1688 2534 quia
1724 2466 1983 2536 expulsus
2017 2468 2084 2523 de

483 2546 738 2617 paradiso
761 2548 925 2604 homo
945 2552 1318 2620 quotidianum
1342 2554 1584 2610 laborem
1608 2571 1676 2610 ne
1697 2556 1914 2612 deﬁciat
1932 2573 2085 2614 exer-

487 2646 595 2694 cet.
629 2637 900 2711 Compulit
943 2643 1087 2697 enim
1132 2659 1194 2699 os
1231 2661 1388 2700 suum
1426 2647 1645 2717 quando
1672 2662 1794 2703 cum
1831 2657 2084 2720 serpente

483 2729 696 2787 locutus
720 2741 823 2800 est,
852 2735 1078 2791 vetitum
1104 2737 1302 2809 tetigit,
1334 2746 1395 2794 ut
1427 2740 1676 2795 exsilium
1708 2741 1929 2813 longum
1959 2759 2083 2799 cum

482 2820 669 2879 labore
700 2824 954 2892 suﬂ'erat,
983 2835 1039 2893 et
1076 2828 1129 2881 in
1161 2827 1358 2884 sudore
1396 2829 1576 2886 vultus
1611 2832 1691 2887 sui
1722 2848 1861 2903 pane
1899 2848 2084 2890 vesce-

482 2912 667 2981 batur,
725 2916 819 2971 sed
872 2924 929 2972 et
978 2918 1256 2974 doctorem
1302 2934 1364 2975 os
1409 2935 1567 2975 suum
1594 2930 1653 2976 ut
1692 2921 1905 2979 laboret
1927 2940 2081 2982 com-

479 3006 649 3079 pellit,
673 3008 799 3079 quia
826 3024 1051 3068 necesse
1078 3012 1243 3069 habet
1271 3029 1433 3085 agere
1456 3015 1619 3087 bona,
1648 3019 1776 3088 quia
1802 3020 1973 3076 dicit:

561 3097 657 3153 Vir
686 3100 879 3170 impius
918 3102 1052 3171 fodit
1080 3103 1301 3170 malum,
1336 3114 1383 3159 et
1413 3105 1469 3160 in
1498 3105 1651 3161 labiis
1679 3109 1794 3178 ejus
1823 3111 1960 3180 ignis
1983 3127 2076 3165 ar-

478 3191 660 3247 descit.
699 3192 765 3247 Et
796 3194 1058 3265 proriheta
1089 3194 1166 3250 ait
1198 3214 1210 3247 .-
1244 3193 1313 3250 Ut
1347 3197 1523 3269 inique
1560 3209 1766 3269 agerent
1800 3200 2076 3256 laborave-

479 3294 602 3339 runt
631 3284 763 3357 (Jer.
796 3286 896 3358 ix).
926 3285 1113 3344 Potest
1141 3296 1196 3343 et
1235 3289 1303 3344 de
1341 3290 1598 3346 baretico
1641 3292 1950 3362 specialiter
1994 3295 2077 3349 in-

479 3375 668 3446 telligi,
694 3377 785 3446 qui
816 3377 1209 3448 pulcherrimos
1236 3395 1300 3436 ac
1324 3379 1736 3437 ﬂorentissimos
1764 3382 2071 3441 divinorum

477 3465 814 3539 eloquiorum
843 3484 1066 3540 campos
1094 3471 1258 3527 noxio
1285 3471 1483 3543 lingua
1524 3488 1637 3529 sua
1675 3489 1893 3531 vomere
1923 3492 2073 3532 rum-

476 3560 575 3629 pit,
604 3569 664 3614 ut
692 3561 758 3616 de
799 3562 1025 3618 interius
1054 3578 1243 3619 eorum
1268 3564 1466 3621 ﬁnibus
1493 3580 1686 3621 sensus
1720 3566 1935 3638 impios,
1978 3568 2071 3637 qui

477 3647 551 3703 ibi
581 3652 689 3703 iion
718 3649 923 3717 insunt,
969 3660 1142 3717 eruat,
1182 3654 1236 3707 in
1268 3652 1421 3723 cujus
1457 3654 1616 3712 labiis
1643 3656 1784 3727 ignis
1811 3658 2069 3726 ardescit,

475 3754 583 3812 quo
608 3754 667 3795 se
687 3754 922 3810 suosque
945 3742 1218 3798 auditores
1245 3744 1299 3797 in
1326 3754 1644 3814 perpetuum
1672 3747 1893 3816 perdat;
1927 3748 2070 3802 unde

473 3844 530 3893 ct
556 3834 722 3894 Jacoli
750 3856 763 3891 ε
798 3837 1025 3908 Lingua,
1047 3839 1242 3910 inquit,
1263 3841 1599 3895 canstituitur
1620 3844 1675 3896 in
1703 3841 1945 3896 membris
1976 3859 2072 3896 no-

473 3929 616 3993 stris,
644 3945 763 3999 que
797 3927 1026 3983 maculat
1057 3940 1223 3983 totum
1258 3946 1470 4000 corpus,
1505 3940 1551 3985 et
1579 3932 1873 4001 inflammat
1898 3940 2069 3988 rotam

474 4020 763 4073 nativitatis
796 4027 1007 4084 nostra,
1037 4019 1370 4088 inﬂammata
1398 4038 1431 4073 a
1458 4022 1712 4090 gehenna.

553 4110 649 4164 Vir
675 4111 887 4182 iniquus
922 4110 1082 4165 lactat
1110 4112 1339 4166 amicum
1374 4128 1549 4176 suum,
1582 4122 1631 4167 et
1659 4112 1804 4167 ducit
1828 4130 1947 4169 eum
1976 4131 2069 4185 per

472 4203 610 4259 viam
649 4216 754 4256 non
785 4202 992 4255 bonam.
1024 4200 1209 4256 Potest
1248 4210 1303 4255 et
1349 4202 1415 4257 de
1452 4202 1708 4259 liaretico
1736 4210 1791 4258 et
1820 4204 1888 4259 de
1916 4206 2064 4261 omni

472 4292 685 4349 fautore
733 4291 995 4348 malorum
1029 4293 1220 4363 accipi,
1255 4291 1473 4363 quando
1517 4293 1769 4348 laudatur
1804 4290 2065 4364 peccator

471 4382 525 4438 in
566 4382 848 4438 desideriis
886 4381 1079 4435 animae
1117 4396 1253 4447 sua,
1280 4391 1335 4437 et
1368 4380 1460 4451 qui
1508 4380 1691 4451 iniqua
1722 4382 1865 4453 gerit
1898 4383 2064 4438 bene-

470 4474 686 4530 dicitur.

541 4562 645 4631 Qui
670 4564 906 4619 attonitis
929 4563 1094 4618 oculis
1121 4564 1312 4635 cogitat
1335 4580 1498 4634 prava
1520 4563 1764 4618 mordens
1792 4562 1932 4617 labia
1958 4580 2057 4619 sua

466 4657 669 4729 perﬁcit
709 4654 929 4709 malum.
962 4654 1190 4709 Gravius
1217 4664 1302 4709 est
1338 4660 1599 4724 perlicere
1639 4653 1860 4719 malum,
1893 4669 2057 4722 quam

467 4748 672 4814 facere,
697 4763 805 4803 non
834 4747 1007 4803 solum
1035 4754 1214 4801 autem
1244 4746 1331 4800 ille
1358 4746 1568 4816 perlicit
1596 4746 1817 4809 malum,
1842 4745 1933 4814 qui
1962 4761 2059 4816 per

466 4845 711 4899 membra
759 4842 838 4897 sui
887 4841 1131 4910 corporis
1174 4853 1488 4909 perversum
1541 4837 1669 4907 quid
1709 4846 1967 4907 operatur
2001 4846 2058 4894 et

469 4935 704 4995 noxium,
732 4947 920 4987 verum
948 4932 1110 4986 etiam
1152 4929 1239 4984 ille
1273 4929 1364 4998 qui
1393 4927 1497 4983 ﬁxa
1528 4926 1824 4983 intentione
1852 4927 2054 4982 malum

468 5036 680 5097 patrare
715 5024 970 5093 disponit.
1028 5024 1213 5075 Solent
1253 5023 1396 5076 enim
1449 5021 1665 5090 superbi
1715 5020 2055 5091 indignantes

468 5120 607 5173 labia
652 5117 931 5180 mordere,
978 5114 1151 5169 solent
1195 5113 1453 5167 attonitos
1497 5113 1699 5166 habere
1755 5111 1964 5176 oculos,
2001 5121 2056 5166 ct

466 5211 754 5282 prasentia
803 5226 921 5265 non.
959 5211 1160 5272 videre,
1191 5210 1283 5279 qui
1334 5208 1643 5278 aliquandiu
1680 5210 1832 5265 taciti
1869 5209 2052 5264 sedula

468 5310 644 5356 mente
695 5309 1066 5371 pertractant:
1111 5302 1253 5356 unde
1300 5300 1461 5354 datur
1505 5297 1717 5368 conjici,
1755 5300 1882 5369 quia
1912 5308 2053 5353 alto-

466 5394 592 5449 nitis
635 5394 803 5450 oculis
846 5409 1010 5466 prava
1058 5394 1295 5464 cogitare
1344 5394 1485 5449 dicat
1523 5408 1645 5447 eum
1674 5393 1764 5463 qui
1801 5394 1878 5447 sic
1907 5393 2049 5447 mala

464 5500 585 5556 qua
613 5484 775 5538 faciat
803 5487 1046 5554 inquirit.
1081 5484 1147 5541 Ut
1174 5501 1293 5557 qua
1322 5501 1380 5540 se
1407 5486 1461 5540 in
1494 5485 1732 5539 futurum
1763 5487 2051 5541 retributio

464 5577 728 5632 malorum
754 5591 916 5645 opera
942 5586 1254 5646 sequantur,
1280 5593 1386 5631 non
1412 5577 1609 5631 videat.

537 5667 724 5724 Melior
774 5682 850 5725 est
900 5671 1101 5740 patiens
1150 5672 1256 5723 viro
1304 5672 1462 5741 forti;
1511 5680 1558 5723 et
1607 5673 1697 5739 qui
1748 5670 2051 5723 dominatur

464 5762 641 5817 animo
675 5777 789 5820 suo.
827 5771 1180 5830 expugnatam
1218 5760 1447 5815 urbium.
1492 5759 1666 5817 Minor
1704 5768 1790 5815 est
1821 5759 2049 5815 victoria

2200 526 2371 600 Majas
2399 540 2577 586 autem
2606 542 2691 588 est
2717 535 2860 604 quod
2894 551 2995 607 per
3031 540 3347 608 patientiam
3386 545 3629 609 vincitur
3657 550 3772 618 quia

2196 620 2311 690 ipse
2339 636 2369 675 a
2398 624 2697 707 seanimus
2732 637 3036 697 superatur,
3074 639 3131 686 et
3159 636 3509 707 semetipsum
3539 641 3773 697 sibimet-

2195 713 2293 782 ipsi
2344 705 2561 786 subjicit
2609 720 2823 788 quando
2876 736 3000 777 eum
3053 725 3315 795 patientia
3353 705 3423 784 in
3474 732 3772 795 humilitate

2195 805 2498 862 tolerantia
2520 811 2737 866 sternit.

2265 891 2443 950 Sortes
2468 898 2749 954 mittuntur
2774 902 2829 957 in
2865 920 3007 971 sinu,
3034 906 3126 960 sed
3165 924 3197 961 a
3223 907 3451 966 Domino
3480 922 3769 985 temperan-

2193 996 2299 1043 tur.
2326 985 2476 1044 Sicut
2492 999 2665 1047 sortes
2683 993 2858 1062 palam
2884 997 2937 1051 in
2965 998 3144 1053 sinum
3167 1000 3478 1071 mittuntur,
3510 1015 3569 1061 at
3590 1008 3774 1069 clausa

2193 1077 2248 1133 in
2293 1080 2415 1135 sinu
2461 1085 2829 1152 continentur,
2873 1088 3035 1143 divini
3071 1100 3250 1148 autem
3283 1104 3363 1150 est
3386 1094 3601 1164 iudicii,
3633 1102 3773 1171 cujus

2192 1184 2313 1225 sors
2358 1171 2496 1226 elata
2547 1174 2782 1243 palmam
2834 1185 3048 1247 teneat;
3100 1182 3179 1236 sic
3223 1185 3503 1240 hominum
3543 1186 3688 1243 facta
3727 1192 3772 1245 in
3855 1171 3857 1247 l

2188 1268 2439 1335 praesenti
2469 1269 2684 1340 quidem
2713 1272 2819 1327 vita
2841 1282 3027 1345 patent
3058 1276 3400 1345 alterutrum,
3427 1283 3521 1335 sed
3544 1299 3667 1351 qua
3689 1301 3773 1339 cu-
3856 1294 3857 1351 ἦ

2185 1358 2275 1429 jus
2316 1367 2441 1415 sunt
2483 1362 2661 1416 meriti
2707 1366 2940 1434 patescit
2969 1368 3023 1421 in
3062 1368 3267 1436 futuro,
3292 1370 3504 1440 prolato
3531 1373 3775 1429 videlicet
3856 1358 3857 1427 Ῐ

2191 1458 2319 1506 tunc
2355 1467 2419 1507 ac
2443 1453 2730 1509 manifesto
2768 1456 2969 1528 judicio
3010 1459 3341 1531 singulorum
3378 1464 3533 1533 quasi
3562 1466 3629 1518 de
3664 1465 3773 1519 sinu

2188 1541 2457 1597 examinis
2490 1542 2677 1599 divini.

2763 1635 2990 1694 CAPUT
3045 1639 3208 1695 XVII.

2262 1726 2453 1783 Melior
2478 1736 2554 1783 est
2598 1728 2825 1788 buccella
2850 1732 2989 1785 sicca
3021 1748 3137 1785 cum
3168 1734 3382 1803 gaudio,
3410 1753 3569 1805 quant
3598 1738 3774 1791 domus

2110 1792 2163 1852 Β
2188 1818 2342 1890 plena
2371 1819 2589 1873 victimis
2610 1835 2727 1873 cum
2746 1819 2947 1891 jurgio.
2975 1792 3272 1879 Meliusvest
3297 1792 3466 1895 parva
3490 1826 3633 1880 bona
3663 1842 3775 1881 cuin

2187 1911 2454 1966 cliaritate
2505 1909 2686 1966 facere
2732 1912 2847 1966 sine
2898 1913 3125 1969 scientia
3163 1916 3513 1984 pradicandi,
3552 1917 3658 1971 hoc
3705 1928 3775 1973 est

2187 2003 2332 2059 enim
2353 2009 2406 2059 et
2426 2003 2627 2058 siccam
2648 2018 2769 2059 esse
2789 2005 3104 2071 buccellam,
3132 2023 3295 2076 quam
3320 2009 3491 2078 magis
3526 2009 3775 2079 effulgere

2186 2094 2479 2150 virtutibus
2502 2109 2625 2149 cum
2651 2095 2985 2153 admixtione
3007 2096 3308 2151 discordia.

2259 2183 2465 2239 Corona
2497 2201 2679 2239 senum
2710 2185 2813 2254 lilii
2832 2186 3086 2253 ﬁliorum,
3120 2197 3168 2241 et
3205 2188 3373 2259 gloria
3404 2190 3642 2257 filiorum
3686 2208 3774 2261 pa-

2186 2285 2289 2331 tres
2320 2278 2421 2331 sui.
2457 2276 2626 2332 Senes
2656 2278 2787 2333 dicit
2833 2279 3175 2349 patriarchas
3224 2289 3275 2336 et
3320 2284 3637 2352 prophetas,
3692 2285 3772 2354 qui

2187 2369 2312 2425 ﬁliis
2354 2370 2606 2436 ﬁliorum,
2649 2371 2750 2427 hoc
2794 2380 2879 2428 est
2912 2388 2943 2427 a
2972 2376 3379 2431 successoribus
3415 2378 3770 2445 apostolorum

2186 2460 2343 2531 digna
2373 2460 2530 2517 laude
2555 2460 2916 2517 celebrantur.
2958 2463 3026 2517 Et
3056 2463 3224 2533 gloria
3252 2473 3336 2519 est
3363 2466 3769 2535 pradicatorum
3856 2478 3857 2487 ‘

2185 2548 2321 2605 Novi
2351 2549 2860 2622 Testamenti,quod
2888 2552 2983 2608 ﬁlii
3006 2562 3248 2610 veterum
3272 2564 3491 2627 patrum
3520 2572 3643 2613 esse
3664 2572 3769 2613 me-

2187 2650 2435 2697 ruerunt.

2256 2729 2471 2787 Gemma
2495 2734 2799 2804 gratissima
2820 2737 3135 2807 exspectatio
3156 2736 3472 2807 postulantis
3500 2752 3518 2789 :
3544 2756 3771 2809 quocun-

2183 2840 2283 2896 que
2305 2841 2359 2878 se
2396 2826 2567 2892 vertit,
2604 2827 2888 2896 prudenter
2918 2826 3181 2898 intelligit.
3211 2826 3315 2895 Qui
3345 2828 3567 2897 pramia
3596 2828 3768 2883 futura

2184 2913 2416 2970 ﬁdeliter
2470 2924 2774 2985 exspectat,
2838 2918 2991 2986 quasi
3043 2933 3270 2988 gemma
3329 2918 3771 2988 splendidissima

2184 3005 2525 3075 possessione
2560 3007 2774 3062 laetatur
2806 3026 2819 3061 :
2853 3024 2977 3062 nam
3009 3017 3065 3064 et
3102 3009 3157 3062 in
3188 3008 3504 3081 Evangelia,
3538 3013 3772 3083 negotia

2186 3105 2273 3154 tor
2305 3099 2522 3169 sapiens
2545 3116 2645 3170 pro
2676 3102 3030 3171 acquisitione
3065 3104 3319 3173 pretiosa
3360 3106 3695 3176 margarita,
3721 3106 3770 3162 id

2132 3185 2150 3207 ⁴
2181 3199 2283 3255 est,
2331 3192 2585 3249 desiderii
2644 3193 2878 3249 caelestis
2924 3195 3104 3249 omnia
3133 3210 3253 3264 qua
3290 3196 3481 3250 habuit
3514 3198 3770 3264 vendidit,

2180 3281 2410 3353 talisque
2439 3290 2785 3353 exspectator
2810 3284 2922 3338 sive
2948 3284 3175 3339 adversa
3200 3300 3292 3339 seu
3315 3301 3575 3356 prospera
3598 3288 3767 3343 conti-
3856 3322 3857 3333 η

2177 3375 2373 3446 gerint,
2406 3390 2438 3429 a
2467 3390 2563 3431 sua
2592 3376 2892 3432 intentione
2928 3391 3037 3432 non
3066 3376 3335 3444 ﬂectitur;
3367 3380 3669 3447 prudenter
3696 3382 3769 3435 iu-

2175 3465 2423 3537 telligens
2465 3466 2719 3536 quoniam
2767 3465 3099 3537 diligentibus
3146 3466 3317 3521 Deum
3372 3469 3551 3521 omnia
3592 3485 3771 3528 coope-

2176 3568 2365 3613 rantur
2388 3560 2442 3613 in
2477 3558 2667 3612 bonum
2694 3557 2872 3627 (Rom.
2906 3556 3051 3629 vm).

2247 3645 2464 3717 Semper
2490 3645 2673 3715 jurgia
2711 3647 2900 3717 quierit
2932 3645 3106 3701 malus
3133 3660 3153 3698 :
3182 3647 3399 3717 angelus
3435 3656 3608 3702 autem
3642 3665 3751 3702 cru-

2173 3736 2303 3790 delis
2345 3738 2578 3791 mittetur
2614 3748 2797 3791 contra
2834 3754 2972 3792 eum.
3004 3738 3241 3810 Angelus
3268 3740 3503 3796 crudelis
3528 3742 3767 3796 immuu-
3856 3764 3857 3809 ξ

2171 3832 2272 3886 dus
2300 3839 2385 3885 est
2419 3831 2641 3901 spiritus
2665 3832 2757 3901 qui
2787 3847 2817 3885 a
2848 3831 3076 3887 Domino
3103 3842 3293 3887 contra
3320 3843 3607 3905 peccantes
3638 3836 3768 3890 mit—

2171 3922 2323 3987 titur,
2360 3930 2421 3975 ut
2460 3938 2552 3976 eos
2583 3922 2664 3977 vel
2702 3923 2755 3977 in
2804 3924 3056 3994 prasenti
3099 3923 3324 3995 afﬂigat,
3365 3935 3427 3980 ut
3454 3926 3764 3998 JEgyptios,

2168 4016 2365 4085 quibus
2406 4015 2631 4069 immisit
2670 4015 2807 4069 iram
2844 4016 3226 4085 indignationis
3263 4033 3393 4081 sua,
3435 4019 3765 4086 indignatio-

2169 4120 2292 4161 nem
2332 4113 2386 4159 et
2414 4104 2547 4159 iram
2579 4112 2634 4159 et
2669 4104 3093 4171 tribulationem,
3123 4107 3490 4163 immissiones
3527 4125 3627 4180 per
3677 4126 3769 4164 an-

2166 4200 2317 4273 gelos
2342 4198 2511 4255 malos
2539 4214 2554 4253 :
2578 4199 2662 4253 vel
2691 4200 2853 4254 etiam
2877 4215 2977 4270 per
3003 4208 3235 4255 mortem
3264 4202 3333 4256 ad
3361 4202 3646 4257 interitum
3678 4219 3736 4259 ra

2164 4294 2280 4363 piat
2306 4301 2588 4348 aeternum.
2620 4290 2691 4345 At
2726 4299 2915 4346 contra
2956 4293 3264 4348 immittitur
3290 4294 3517 4365 angelus
3554 4296 3764 4351 Domiin
3856 4290 3857 4363 ξ

2164 4383 2219 4437 in
2243 4382 2471 4437 circuitu
2498 4380 2801 4435 timentium
2828 4395 2972 4445 eum,
2998 4388 3054 4436 et
3073 4382 3268 4451 eripiet
3294 4398 3410 4438 eos.

2083 4496 2139 4556 Β
2236 4471 2461 4542 Expedit
2487 4471 2653 4541 magis
2691 4486 2830 4525 ursae
2860 4486 3133 4524 occurrere
3162 4472 3325 4540 raptis
3359 4470 3578 4540 fetibus,
3610 4490 3761 4545 quam

2163 4563 2311 4633 fatuo
2353 4562 2633 4632 conﬁdenti
2672 4562 2729 4615 in
2756 4559 2980 4616 stultitia
3008 4577 3127 4615 sua.
3164 4560 3400 4616 Facilius
3429 4574 3551 4617 erat
3582 4564 3762 4618 docto-

2159 4656 2311 4711 ribus
2358 4655 2578 4720 sanctis,
2606 4652 2774 4709 furori
2814 4652 3133 4724 gentilitatis
3157 4668 3445 4708 occurrere
3475 4655 3655 4724 raptis
3700 4656 3761 4708 ad

2160 4762 2217 4802 se
2240 4747 2451 4817 populis
2484 4745 2771 4816 aliquibus,
2801 4752 2967 4813 atque
2994 4759 3024 4798 a
3054 4743 3277 4799 bestiali-
3290 4742 3412 4813 ejus
3449 4746 3665 4799 savitia
3699 4746 3761 4799 ad

2159 4838 2282 4893 ﬁdei
2308 4838 2563 4907 pietatem
2589 4836 2935 4906 pradicando
2969 4836 3269 4900 conversis,
3303 4851 3467 4905 quam
3497 4820 3759 4892 haretica

2158 4930 2379 4987 cuilibet
2423 4929 2712 4985 conﬁdenti
2757 4928 2812 4982 in
2864 4927 2947 4982 sui
2995 4925 3223 4997 perﬁdia
3269 4927 3564 4999 dogmatis,
3632 4930 3756 4999 quia

2158 5022 2413 5076 nimirum
2437 5021 2566 5076 illud
2591 5029 2779 5076 contra
2804 5027 3040 5085 exteros,
3073 5019 3176 5074 hoc
3200 5027 3385 5074 contra
3415 5034 3511 5074 sua
3538 5022 3755 5076 viscera

2158 5120 2431 5168 certamen
2460 5113 2706 5182 agebant.
2750 5110 2934 5165 Potest
2971 5125 3109 5164 ursa
3148 5111 3366 5165 nomine
3408 5111 3527 5179 ipsa
3580 5112 3757 5168 hostis

2156 5204 2363 5273 antiqui
2393 5204 2595 5257 malitia
2625 5201 2871 5272 intelligi,
2903 5201 2990 5255 cui
3020 5200 3162 5256 fctus
3199 5202 3461 5271 rapimus,
3498 5217 3636 5258 cum
3662 5219 3755 5259 eos

2155 5295 2247 5365 qui
2282 5302 2437 5349 erant
2474 5292 2565 5346 ﬁlii
2620 5290 2819 5346 diaboli
2874 5290 3261 5346 catecbizando
3316 5299 3373 5345 et
3420 5290 3755 5360 baptizando

2158 5386 2387 5441 ﬁliorum
2425 5384 2518 5438 Dei
2554 5383 2801 5437 societati
2841 5382 3181 5453 adjungimus
3214 5396 3229 5435 :
3258 5392 3313 5437 et
3353 5381 3456 5436 hoc
3500 5383 3754 5451 plerum-

2157 5495 2261 5549 que
2292 5478 2455 5533 multo
2488 5476 2687 5531 leviore
2713 5476 2897 5532 labore
2927 5474 3228 5546 perﬁcitur,
3260 5490 3421 5544 quam
3445 5476 3489 5531 si
3522 5478 3615 5533 vel
3654 5479 3756 5533 ba

2168 5571 2384 5627 reticum
2431 5570 2497 5624 ad
2536 5568 2697 5623 ﬁdem
2732 5577 2936 5625 rectam
2987 5581 3265 5633 revocare,
3303 5567 3383 5622 vel
3416 5569 3754 5625 catholicum

2157 5678 2319 5731 prave
2346 5668 2593 5733 agentem
2626 5661 2692 5714 ad
2719 5660 2873 5717 bona
2893 5658 3223 5730 operationis
3252 5666 3454 5715 statum
3484 5662 3756 5719 reducere

2158 5755 2390 5811 conaris.
