3918 6324
152 389 249 446 137

915 391 1276 451 EXPOSITIO
1310 392 1377 449 1N
1414 387 1804 450 PROVERBIA
1842 388 2246 447 SALOMONIS.
2277 418 2347 428 —
2379 387 2507 445 LIB.
2543 389 2605 444 ll.

3272 392 3373 448 758

216 501 321 569 Qui
348 504 561 560 dimittit
590 522 802 578 aquam,
837 516 992 578 caput
1032 516 1105 562 est
1142 507 1454 577 jurgiorum.
1500 507 1712 576 Aquam
1738 510 1790 570 Α
1815 501 2172 557 damnationis
2200 500 2344 555 nulla
2372 502 2579 557 ratione
2606 501 2807 568 evadit,
2834 510 2993 573 quem
3029 506 3098 558 ab
3130 516 3231 558 usu
3268 516 3376 557 suae
3407 566 3413 575 ε

144 590 418 651 dimittere
445 603 527 653 est
553 594 787 668 linguam
812 597 866 651 in
901 595 1042 650 fluxa
1075 596 1271 665 eloquii
1304 596 1564 651 relaxare.
1592 595 1710 662 Quo

144 695 333 742 contra
376 687 435 744 in
477 688 673 745 bonam
710 705 920 760 partem
956 689 1190 746 dicitur:
1226 690 1377 761 Aqua
1427 689 1710 760 profunda,

144 777 299 851 verba
351 795 416 833 ea:
462 796 549 835 ore
594 782 689 836 uiri
730 778 912 851 (Prov.
961 779 1136 853 xvnt).
1185 781 1283 849 Qui
1325 795 1453 850 ergo
1497 779 1717 835 dimittit

146 883 363 939 aquam,
411 879 571 944 caput
606 869 1030 945 estjurgiorum,
1063 873 1189 944 quia
1225 872 1316 943 qui
1345 871 1583 941 linguam
1608 886 1716 927 non

148 959 406 1028 refrenat,
449 963 790 1019 concordiam
821 964 1067 1036 dissipat,
1095 966 1235 1019 unde
1282 980 1312 1020 c
1346 965 1557 1019 diverso
1582 965 1716 1020 scri-

145 1060 298 1121 ptum
326 1065 410 1109 est
449 1072 462 1107 :
493 1052 596 1121 Qui
632 1054 846 1126 imponit
875 1056 1033 1111 stulto
1066 1054 1349 1123 silentium,
1380 1055 1487 1109 iras
1515 1056 1715 1127 mitigat

148 1140 334 1213 (Prov.
364 1142 537 1216 xxvr).

222 1231 363 1297 Quid
372 1275 377 1280 .
397 1233 604 1303 prodest
630 1234 818 1291 habere
846 1237 1055 1293 diuitias
1089 1237 1325 1304 stultum,
1366 1254 1485 1292 cum
1514 1239 1718 1309 sapien-

145 1322 279 1376 tiam
316 1339 481 1378 emere
518 1341 622 1379 non
647 1326 805 1397 possit
822 1327 848 1380 7
872 1326 1008 1393 Quid
1033 1328 1250 1397 prodest
1281 1327 1478 1398 populo
1510 1325 1719 1383 Judan—

146 1427 271 1467 rutn
317 1414 517 1471 inﬁdeli
560 1417 760 1472 habere
803 1416 1018 1473 divitias
1067 1417 1490 1489 Scripturarum,
1519 1434 1639 1475 cum
1660 1420 1716 1475 in

147 1503 237 1559 his
280 1504 557 1583 Christum
594 1506 892 1578 intelligere
920 1524 1026 1565 non
1055 1510 1256 1581 possit?
1297 1510 1435 1577 Quid
1469 1512 1719 1569 haeretico

147 1595 354 1651 eisdem
399 1596 673 1654 abundare
715 1598 917 1655 divitiis
952 1615 1073 1656 cum
1103 1604 1364 1658 unitatem
1396 1602 1517 1658 ﬁdei
1559 1603 1612 1657 in
1642 1604 1722 1659 eis

145 1684 357 1741 discere
381 1687 650 1758 nequeat?
668 1687 804 1755 Quid
824 1690 965 1747 malo
988 1693 1251 1749 catholico
1274 1695 1488 1765 expedit
1509 1695 1723 1751 divitias

145 1774 350 1831 habere
378 1792 520 1834 vera:
556 1779 700 1847 fidei,
729 1795 853 1837 cum
886 1782 1203 1852 sapientiam
1232 1785 1334 1854 pia:
1369 1786 1594 1842 actionis
1622 1787 1721 1842 ha-

142 1864 281 1921 bere
305 1868 635 1937 neglexerit?

222 1958 382 2012 Omni
424 1968 652 2031 tempore
692 1961 862 2034 diligit
907 1966 996 2035 qui
1044 1967 1242 2020 amicus
1277 1976 1371 2034 est,
1406 1978 1453 2022 et
1478 1969 1643 2038 frater
1668 1969 1724 2022 in

142 2047 410 2117 angustiis
456 2050 834 2120 comprobatur.
892 2052 992 2119 Qui
1048 2053 1330 2110 Dominum
1381 2072 1507 2113 vere
1558 2067 1719 2124 amat,

140 2142 300 2197 omni
335 2149 576 2215 tempore
614 2159 730 2215 ejus
773 2147 1009 2203 custodit
1049 2163 1309 2214 amorem,
1340 2166 1512 2219 neque
1540 2151 1591 2204 in
1624 2166 1724 2205 an-

142 2233 326 2305 gustia
351 2235 617 2305 passionis
644 2235 866 2304 deserit,
898 2253 1058 2308 quem
1088 2239 1141 2293 in
1164 2240 1312 2309 pacis
1340 2240 1725 2309 tranquillitate

144 2324 435 2381 confessus
461 2333 564 2381 est.

226 2415 399 2472 Homo
419 2415 608 2472 stultus
627 2415 839 2488 plaudat
859 2417 1122 2484 manibus,
1146 2434 1263 2472 cum
1286 2419 1612 2490 spoponderit
1633 2435 1726 2491 pro

145 2521 325 2562 marco
351 2525 465 2562 suo.
505 2506 712 2566 Stultus
746 2518 849 2577 est,
877 2512 971 2581 qui
1007 2528 1128 2568 cum
1159 2513 1393 2567 animam
1426 2511 1609 2567 fratris
1644 2527 1731 2566 su-

145 2602 317 2672 scipit
363 2603 671 2675 regendam,
709 2604 775 2661 de
805 2605 933 2660 suis
971 2604 1229 2677 gloriatur
1274 2604 1504 2670 actibus,
1540 2612 1593 2660 et
1621 2619 1729 2660 non

146 2693 337 2764 potius
361 2692 410 2747 ei
438 2692 625 2750 humili
645 2694 1034 2765 compassione,
1063 2695 1322 2766 quidquid
1346 2697 1520 2765 potest
1543 2693 1729 2749 auxilii

150 2784 411 2841 salutaris
434 2785 716 2855 impendit.

221 2877 447 2933 Animus
488 2879 719 2950 gaudens
762 2888 968 2935 (etatem
1016 2880 1260 2951 ﬂoridam
1307 2878 1430 2949 facit
1469 2879 1729 2950 :spiritus

148 2970 323 3025 tristis
345 2970 572 3026 exsiccat
600 2970 737 3027 ossa.
769 2971 870 3039 Qui
901 2973 1109 3028 interna
1136 2972 1370 3044 Spiritus
1399 2973 1572 3029 sancti
1600 2988 1730 3029 con—

148 3060 420 3119 solatione
436 3062 645 3119 laetatur
664 3066 828 3120 etiam
848 3063 1003 3120 bonae
1024 3066 1250 3121 actionis
1268 3065 1401 3123 ﬂore
1424 3067 1730 3130 decoratur,

1813 591 2114 663 iniquitatis
2141 591 2287 647 nulla
2306 592 2471 647 divini
2498 594 2708 650 timoris
2736 595 2993 649 memoria
3022 594 3279 649 cohibuit.

1879 684 2028 756 Aqua
2058 681 2323 753 profunda
2351 681 2502 738 verba
2525 700 2588 738 ea:
2618 700 2705 739 ore
2733 685 2849 751 uiri,
2879 693 2927 738 et
2943 694 3154 738 torrens
3181 684 3375 738 redun-

1812 774 1944 829 dans
1971 774 2089 844 fons
2110 772 2397 843 sapientiae.
2428 773 2606 829 Verba
2631 774 2949 845 sapientium
2984 789 3136 845 aqua:
3169 789 3381 844 compa-

1814 876 2025 934 rantur,
2052 866 2180 936 quia
2204 864 2385 921 lavant
2425 878 2631 922 mentes
2669 869 3015 934 audientium,
3051 877 3106 923 et
3132 869 3377 939 irrigant.

1813 953 1892 1012 Ne
1920 955 2007 1013 vel
2049 963 2393 1026 peccatorum
2433 957 2593 1012 sorde
2625 956 2890 1014 deformes
2929 966 3258 1024 remaneant,
3297 956 3382 1014 vel

1813 1043 2075 1101 doctrina:
2100 1044 2335 1101 ctelestis
2371 1045 2547 1117 inopia
2590 1048 2882 1115 tabescant,
2914 1057 2970 1104 et
3004 1049 3156 1119 quasi
3192 1049 3382 1104 nociva

1816 1134 2067 1191 ariditate
2098 1134 2368 1190 deﬁciant.
2422 1136 2491 1191 Et
2513 1136 2639 1206 quia
2674 1139 2864 1193 eadem
2898 1138 3177 1194 doctorum
3222 1139 3384 1193 verba

1816 1225 2056 1282 ﬁdelium
2097 1226 2339 1297 quaedam
2382 1228 2608 1298 mystica
2658 1229 2846 1296 latent,
2889 1230 3234 1295 et.occulta,
3268 1227 3388 1301 quae

1816 1316 2097 1384 solertiore
2129 1318 2648 1388 comprehendantur
2677 1320 2963 1387 industria,
2986 1322 3233 1391 quaedam
3258 1335 3387 1376 vero

1817 1418 2003 1479 aperta
2047 1417 2101 1464 et
2135 1410 2344 1465 cunctis
2379 1410 2725 1466 audientibus
2762 1410 2937 1465 facilia
2976 1413 3043 1466 ad
3080 1411 3383 1483 intelligen-

1819 1502 1945 1555 dum
1973 1500 2265 1570 profluunt,
2294 1511 2441 1555 reete
2475 1502 2592 1557 haec
2636 1511 2691 1557 et
2731 1513 2925 1571 aquam
2971 1501 3290 1571 profundam
3333 1508 3388 1556 et

1820 1598 2117 1648 torrentem
2158 1592 2292 1647 dicit
2326 1607 2445 1647 esse
2476 1593 2880 1648 redundantem.
2906 1593 3090 1649 Potest
3121 1602 3301 1649 autem
3336 1599 3391 1646 et

1820 1682 1896 1737 ita
1926 1683 2205 1753 distingui,
2237 1690 2297 1737 ut
2326 1683 2457 1760 quia.
2488 1682 2699 1739 Veteris
2744 1682 3071 1738 Testamenti
3114 1683 3391 1754 Scriptura

1820 1775 1999 1846 typice
2050 1774 2257 1844 prolata
2302 1782 2405 1841 est,
2458 1774 2668 1829 dicatur
2714 1773 2779 1830 de
2821 1788 2885 1828 ea
2938 1790 3074 1844 aqua
3106 1768 3392 1844 profunda

1749 1866 1798 1926 B
1824 1867 1989 1921 verba
2013 1869 2211 1922 ex'ore
2245 1865 2368 1931 viri,
2406 1865 2530 1935 quia
2572 1866 2829 1921 Dominus
2866 1875 2921 1921 et
2952 1866 3177 1937 apostoli
3218 1866 3395 1937 palam

1826 1956 2107 2025 utriusque
2130 1954 2460 2010 Testamenti
2484 1964 2822 2010 sacramenta
2842 1956 3039 2010 mundo
3062 1955 3393 2011 reserabant.

1822 2046 2159 2118 Adjungatur
2202 2046 2268 2102 de
2315 2045 2423 2101 illis
2456 2053 2512 2102 et
2553 2055 2768 2104 terrens
2807 2047 3114 2103 redundans
3146 2046 3267 2104 fons
3301 2044 3394 2104 s'a-

1824 2137 2064 2209 pientize.

1897 2224 2001 2292 Qui
2030 2225 2201 2280 mollis
2231 2234 2279 2279 et
2309 2224 2596 2282 dissolutus
2624 2238 2695 2283 est
2724 2227 2778 2281 in
2809 2244 2959 2298 apere
2987 2245 3106 2293 suo,
3141 2229 3305 2299 frater
3322 2236 3398 2283 est

1822 2332 1917 2371 sua
1946 2332 2102 2386 opera
2129 2316 2452 2387 dissipantis.
2485 2316 2619 2384 Quia
2647 2318 2737 2388 qui
2765 2325 2941 2387 coepta
2977 2318 3118 2373 bona
3158 2317 3400 2375 districto

1826 2422 1935 2462 non
1986 2408 2327 2478 exsequitur,
2382 2409 2731 2465 dissolutione
2784 2402 3120 2481 negligentia
3180 2426 3397 2467 manum

1829 2498 2158 2554 destruentis
2183 2499 2441 2555 imitatur.

1899 2588 2206 2646 Substantia
2235 2591 2408 2646 divitis
2446 2594 2566 2647 urbs
2607 2594 2805 2648 roboris
2843 2606 2941 2661 est,
2968 2604 3015 2649 et
3042 2595 3195 2666 quasi
3220 2610 3400 2651 murus

1828 2679 2036 2735 validus
2058 2681 2388 2736 circumdans
2410 2698 2543 2737 eam.
2568 2682 2685 2738 Non
2711 2692 2924 2740 terrena
2947 2685 3244 2740 substantia
3265 2700 3404 2741 sem-

1826 2784 1923 2841 per
1958 2770 2245 2828 defendere
2288 2782 2484 2842 potest,
2514 2774 2622 2829 imo
2649 2773 2886 2843 plerique
2918 2786 3139 2845 propter
3187 2775 3403 2830 divitias

1828 2870 1955 2916 sunt
1988 2862 2132 2932 capti
2160 2861 2243 2923 vel
2267 2863 2430 2918 occisi
2461 2880 2474 2917 :
2505 2860 2659 2919 Unde
2685 2872 2739 2919 et
2770 2864 3118 2921 Ecclesiastes
3146 2866 3221 2921 ait
3254 2882 3268 2919 :
3301 2864 3401 2919 Di-

1828 2952 1967 3006 uitia:
1979 2962 2294 3009 conseruata:
2316 2954 2370 3007 in
2386 2953 2584 3007 malum
2607 2953 2815 3008 Domini
2837 2956 2939 3022 sui,
2954 2965 3167 3026 pereunt
3190 2956 3326 3009 enim
3348 2955 3403 3010 in

1833 3044 2119 3116 afﬂictione
2144 3046 2366 3117 pessima
2393 3045 2588 3118 (Eccle.
2617 3046 2693 3118 v).
2724 3045 2911 3103 Melius
2941 3062 3068 3117 ergo
3093 3046 3407 3117 intelligitur

147 3158 206 3205 et
254 3149 466 3208 fructus
508 3154 850 3224 praemiorum
888 3154 1230 3224 praestolatur
1274 3155 1603 3223 caelestium;
1641 3154 1733 3226 qui
1835 3135 2192 3226 Ψδδῑξωίίδω
2248 3136 2466 3192 laudare
2516 3138 2806 3203 νίτῑυιυαιν
2859 3138 3052 3207 quibus
3104 3138 3406 3208 quicunque

146 3255 287 3300 vero
326 3243 542 3300 tristitia
576 3244 757 3301 saeculi
802 3223 922 3316 qua:
952 3255 1181 3302 mortem
1214 3256 1470 3319 operatur
1496 3223 1731 3319 angitur,
1760 3226 1805 3289 (ἶ
1836 3223 2288 3319 θδίωάἒενμξιυπί
2339 3241 2494 3281 “mro
2528 3226 2877 3299 impugnabi“
2914 3234 3136 3282 ουηοιδε
3173 3226 3407 3285 [mtuum

145 3332 538 3406 pinguedinem
571 3336 762 3392 divinae
797 3336 1103 3404 charitatis,
1130 3339 1184 3392 in
1224 3339 1420 3394 robore
1453 3338 1736 3406 virtutum,

148 3440 297 3498 quas
340 3441 592 3483 exercere
621 3427 852 3493 videtur,
879 3429 1080 3485 habere
1120 3429 1427 3485 nullatenus
1453 3429 1612 3502 valet,
1644 3429 1739 3484 sed

146 3516 314 3587 quasi
356 3517 643 3574 exsiccatis
689 3519 902 3574 ossibus
950 3520 1258 3587 marcescit,
1306 3519 1433 3591 quia
1483 3519 1541 3575 in
1582 3519 1739 3576 bonis

149 3608 389 3675 actibus,
416 3624 553 3680 quos
571 3608 720 3676 facit,
747 3611 974 3682 gratiam
996 3612 1299 3667 dilectionis
1325 3612 1521 3667 amisit.

225 3698 300 3755 In
330 3698 466 3768 facie
499 3700 766 3771 prudentis
796 3700 931 3755 lucet
959 3703 1236 3772 sapientia.
1275 3698 1429 3757 Oculi
1462 3700 1740 3777 stultorum

147 3790 207 3844 in
237 3788 433 3859 ﬁnibus
460 3799 631 3845 terrm.
670 3790 730 3846 ln
766 3789 903 3846 facie
948 3793 1165 3861 quidem
1200 3792 1413 3848 Domini
1454 3793 1741 3848 salvatoris

148 3879 377 3936 lucebat
422 3881 683 3951 sapientia
727 3881 1043 3948 divinitatis,
1082 3897 1243 3952 quam
1292 3881 1345 3936 in
1383 3896 1544 3936 carne
1572 3897 1739 3952 appa-

148 3984 290 4027 rens
317 3970 577 4028 virtutum
602 3978 657 4026 et
688 3971 947 4027 doctrinae
976 3972 1286 4027 testimonio
1313 3972 1736 4038 demonstrabat,

148 4062 347 4117 verum
375 4060 519 4116 oculi
542 4060 849 4116 Judaeorum
875 4076 984 4117 non
1017 4060 1354 4118 credentium
1381 4060 1612 4116 terrenis
1638 4076 1739 4131 po-

150 4153 270 4210 tius
304 4152 584 4209 desideriis
623 4154 988 4223 perﬁciendis,
1041 4168 1204 4225 quam
1248 4152 1573 4208 salutaribus
1624 4151 1740 4221 ejus

149 4243 384 4301 monitis
425 4243 792 4300 intendebant.
833 4243 941 4300 Sed
985 4252 1041 4300 et
1077 4242 1402 4317 generaliter
1436 4257 1576 4314 saepe
1608 4258 1739 4313 pru-

150 4338 354 4393 dentes
395 4336 714 4407 gravitatem
746 4338 830 4393 sui
876 4351 1087 4404 sensus,
1138 4336 1194 4391 in
1241 4336 1357 4407 ipso
1400 4336 1562 4391 etiam
1592 4334 1742 4390 fron-

148 4425 379 4497 tispicio
417 4434 852 4497 praemonstrant,
909 4441 1011 4481 nec
1053 4436 1236 4481 tamen
1282 4426 1434 4481 stulti
1485 4425 1551 4480 ad
1601 4426 1741 4480 hanc

147 4515 534 4571 admirandam
568 4516 984 4585 sectandamque
1018 4515 1205 4571 oculos
1227 4517 1426 4572 mentis
1463 4516 1734 4582 attollunt;

1844 3304 2000 3373 arcet
2020 3316 2263 3373 insidias.

1913 3407 2019 3474 Qui
2056 3409 2202 3479 prius
2244 3408 2509 3480 respondet
2546 3426 2703 3480 quam
2744 3410 2949 3475 audiat,
2978 3408 3193 3464 stultum
3223 3424 3277 3464 se
3301 3422 3412 3465 esse

1840 3496 2159 3552 demonstrat
2205 3507 2253 3552 et
2289 3499 2589 3567 confusione
2630 3500 2861 3569 dignum.
2895 3499 2995 3566 Qui
3035 3500 3189 3569 prius
3220 3501 3411 3556 doctor

1841 3602 1962 3644 esse
2005 3587 2287 3643 desiderat
2319 3605 2480 3658 quam
2524 3574 2715 3658 discat,
2763 3592 3003 3647 stultitiae
3041 3594 3257 3649 noxiam
3301 3609 3409 3649 non

1840 3681 2097 3738 declinat.
2123 3683 2222 3750 Qui
2244 3682 2487 3752 judicare
2508 3685 2877 3754 proximorum
2903 3684 3067 3752 facta,
3096 3686 3409 3756 priusquam

1839 3773 1996 3845 plene
2028 3790 2247 3830 causam
2275 3774 2553 3846 utriusque
2581 3777 2751 3847 partis
2782 3778 3075 3847 dignoscat,
3104 3777 3409 3833 inordinate

1839 3866 2083 3933 festinat,
2109 3874 2167 3922 et
2190 3866 2280 3921 ille
2310 3881 2368 3921 se
2396 3866 2707 3922 confusione
2738 3869 2955 3939 dignum
2983 3869 3333 3924 demonStrat.

1910 3956 2137 4029 Spiritus
2174 3959 2273 4013 viri
2305 3968 2555 4013 sustentat
2581 3959 2982 4013 imbecillitatem
3008 3976 3177 4014 suam.
3205 3959 3272 4014 Et
3297 3960 3411 4031 ipse

1839 4046 1923 4101 vir
1956 4046 2033 4101 ait
2067 4064 2081 4100 :
2112 4045 2341 4117 Spiritus
2382 4046 2589 4118 quidem
2634 4057 2899 4119 promptus
2948 4058 3043 4114 est,
3075 4060 3197 4102 caro
3238 4059 3409 4102 autem

1840 4136 2073 4206 infirma.
2111 4135 2297 4195 Potest
2338 4137 2406 4193 de
2448 4137 2685 4209 quolibet
2730 4148 2915 4193 sancto
2945 4139 3061 4193 viro
3100 4139 3290 4210 accipi,
3318 4139 3408 4209 qui

1842 4232 2021 4287 carnis
2068 4229 2519 4295 imbecillitatem,
2570 4245 2637 4285 ne
2683 4230 2738 4284 in
2782 4230 3164 4287 tentationibus
3215 4231 3404 4299 cedat,

1842 4322 2040 4377 mentis
2064 4320 2378 4376 fortitudine
2404 4327 2688 4376 sustentat.

1911 4413 2164 4486 Spiritum
2204 4429 2321 4469 vero
2361 4414 2430 4468 ad
2469 4413 2799 4469 irascendum
2842 4413 3049 4483 facuem
3072 4416 3189 4486 quis
3223 4417 3408 4486 poterit

1840 4507 2094 4562 sustinere
2114 4507 2140 4561 i’
2163 4506 2265 4573 Qui
2289 4508 2356 4563 ad
2378 4507 2718 4562 irascendum
2746 4505 2916 4579 facilis
2942 4517 3025 4561 est
3052 4522 3151 4562 nec
3175 4508 3407 4579 seipsqu

146 4603 255 4662 sed
283 4616 319 4657 e
353 4611 542 4659 contra
580 4603 813 4673 qualiter
854 4575 921 4659 ad
964 4602 1126 4658 ﬁnem
1170 4604 1503 4673 voluptatum
1554 4575 1738 4660 carna;
1764 4575 1818 4635 D
1841 4610 2038 4672 potest-
2058 4602 2340 4667 sustinere,
2379 4602 2452 4656 ita
2498 4608 2555 4655 ut
2591 4601 2758 4655 iratus
2794 4578 2936 4670 saepe
2969 4600 3113 4655 dicat
3163 4615 3227 4654 ea
3254 4575 3407 4669 qua),

147 4696 295 4752 lium
325 4695 651 4766 pertingant,
676 4702 788 4749 tota
817 4694 1113 4751 intentione
1148 4697 1486 4766 perquirunt.

227 4786 364 4843 Non
390 4796 465 4841 est
491 4786 678 4841 bonum
705 4786 955 4840 damnum
979 4786 1171 4855 inferre
1187 4787 1334 4857 justo
1361 4804 1451 4841 nec
1474 4795 1737 4857 percutere

145 4877 469 4951 principem,
496 4878 587 4947 qui
620 4887 756 4932 recta
776 4878 1004 4948 judicat.
1037 4877 1103 4931 Et
1132 4879 1196 4933 de
1232 4879 1348 4948 ipso
1388 4878 1628 4949 principe
1674 4893 1738 4933 ac

139 4960 345 5039 judice
371 4966 685 5021 saeculorum
727 4971 817 5039 qui
853 4984 950 5038 pro
997 4978 1179 5024 nostra
1216 4969 1388 5024 salute
1421 4970 1532 5039 pati
1568 4969 1739 5024 voluit

149 5056 344 5128 accipi
391 5065 567 5126 potest
613 5066 669 5113 et
710 5059 777 5114 de
826 5060 1076 5115 omnibus
1123 5060 1440 5131 generaliter
1485 5060 1739 5116 Ecclesiae

150 5147 492 5213 rectoribus,
514 5148 606 5218 qui
640 5149 723 5204 vel
756 5148 1103 5208 facultatibus
1140 5152 1323 5209 nudati
1352 5152 1421 5208 ab
1448 5152 1629 5222 impiis
1656 5152 1741 5209 vel

152 5238 286 5309 ipsa
317 5237 484 5292 etiam
505 5244 628 5295 sunt
651 5248 824 5296 morte
850 5242 1173 5312 consumpti.

713 5328 940 5386 CAPUT
980 5330 1209 5387 XXVIII.

229 5416 446 5486 Impius
473 5434 590 5471 cum
625 5420 678 5472 in
704 5419 1019 5489 profundum
1050 5425 1239 5476 venerit
1265 5431 1591 5493 peccatorum
1620 5441 1743 5479 con-

151 5506 375 5573 temnit,
421 5508 514 5561 sed
553 5510 784 5578 sequitur
819 5526 937 5564 eum
977 5511 1261 5581 ignominia
1300 5522 1348 5567 et
1387 5512 1736 5583 opprobrium.

154 5598 269 5667 Qui
302 5596 479 5668 longis
519 5606 863 5668 peccatorum
893 5602 1131 5658 tenebris
1157 5603 1425 5659 involutus
1460 5604 1644 5670 semel,
1675 5606 1742 5661 de

152 5691 285 5745 luce
318 5687 590 5769 deSperat,
612 5687 723 5757 jam
751 5706 815 5744 ex
851 5691 1222 5760 desperatione
1248 5694 1447 5764 passim
1475 5695 1574 5749 sibi
1610 5710 1740 5763 pec-

156 5777 333 5835 eandi
382 5770 541 5834 frena
572 5776 793 5834 relaxat.
842 5779 947 5837 Sed
997 5782 1119 5839 talis
1157 5786 1499 5853 opprobrium
1545 5784 1739 5841 futurae

1841 4694 2182 4765 postmodum
2214 4691 2476 4762 placidus,
2511 4692 2637 4762 quia
2675 4690 2867 4746 dixerit
2901 4690 3183 4760 poeniteat,
3217 4698 3271 4744 et
3299 4690 3412 4759 plc-

1843 4797 2070 4854 rumque
2140 4799 2211 4839 an
2252 4782 2445 4838 dixerit
2497 4782 2726 4854 ignoret,
2772 4781 2923 4851 cujus
2965 4789 3141 4835 tamen
3187 4780 3407 4834 vesania

1842 4889 2226 4944 nonnunquam
2270 4888 2366 4942 per
2412 4872 2729 4941 sapientium
2784 4870 3097 4925 modestiam
3154 4869 3408 4925 facillime

1843 4965 2118 5030 suﬁ‘ertur,
2141 4972 2302 5032 atque
2326 4977 2392 5016 ex
2425 4970 2663 5032 tempore
2698 4962 2923 5032 sopitur.

1912 5054 2117 5108 Donum
2143 5053 2366 5106 hominis
2390 5051 2576 5105 dilatat
2604 5053 2743 5106 uiam
2769 5052 2903 5122 ejus,
2932 5060 2981 5106 et
3010 5062 3128 5107 ante
3155 5052 3408 5124 principes

1841 5151 2066 5222 spatium
2089 5149 2137 5203 ei
2166 5148 2311 5217 facit.
2340 5148 2547 5205 Donum
2580 5147 2862 5202 charitatis
2898 5149 3010 5202 sive
3045 5147 3270 5202 aliarum
3299 5146 3409 5200 vir-

1847 5249 2037 5304 tutum,
2066 5253 2201 5309 quas
2224 5254 2256 5293 a
2280 5239 2505 5293 Domino
2530 5238 2712 5294 ﬁdeles
2734 5238 3015 5308 accipiunt,
3049 5238 3237 5292 dilatat
3262 5236 3405 5290 viam

1842 5332 2068 5401 actionis
2092 5346 2301 5397 eorum,
2324 5331 2447 5401 quia
2474 5344 2580 5400 quo
2608 5330 2777 5400 magis
2802 5328 2973 5400 gratia
3006 5325 3239 5397 Spiritus
3262 5325 3408 5379 intus

1844 5423 2136 5493 replentur,
2170 5436 2235 5477 eo
2268 5420 2425 5476 latius
2463 5420 2595 5474 foris
2632 5419 2891 5474 bonorum
2936 5432 3159 5488 operum
3191 5429 3408 5488 gressus

1844 5514 2221 5585 multiplicant,
2251 5520 2409 5582 atquc
2444 5511 2585 5565 inter
2620 5524 2841 5580 magnos
2882 5508 3132 5564 Ecclesiae
3170 5517 3406 5562 rectores

1844 5604 1896 5658 iu
1927 5604 2107 5658 futuro
2137 5603 2346 5658 culmen
2376 5603 2677 5656 sortiuntur
2710 5600 2948 5657 honoris.
2978 5600 3169 5666 Aliter,
3206 5600 3403 5654 donum

1841 5693 2079 5765 spiritale
2129 5692 2457 5759 Salvatoris,
2496 5693 2637 5763 quod
2676 5694 2872 5748 mundo
2915 5693 3116 5756 attulit,
3164 5691 3407 5746 dilatavit

1843 5783 1981 5838 viam
2022 5782 2154 5851 ejus,
2184 5782 2355 5852 quoad
2395 5782 2647 5852 plurimas
2700 5782 2845 5838 orbis
2872 5781 3126 5863 ludiones
3161 5794 3257 5850 per
3286 5776 3406 5833 ﬁdei

3139 5870 3161 5893 χ
