3910 6362
513 400 619 458 739

1120 401 1182 457 Β.
1223 402 1476 458 RABANI
1515 401 1734 463 MAURI
1772 402 2092 460 ARCHIEP.
2135 402 2443 460 MOGUNT.
2485 403 2769 462 OPERUM
2805 406 2985 467 PARS
3022 409 3108 466 III.

3667 415 3770 470 740

508 523 565 570 et
603 513 907 570 dilectionis
950 528 1062 570 sua:
1100 517 1442 586 praesentiam
1498 517 1709 572 veniret
1740 532 1755 571 :
1785 531 1887 572 nec
1914 515 2088 571 solum
2115 520 2168 581 Α
2192 515 2545 571 tentationem
2578 514 2695 584 ejus
2721 517 2932 574 hostem
2963 532 3233 576 versutum
3265 524 3547 579 admiserit
3579 541 3591 578 :
3623 525 3773 582 Unde

507 607 752 676 populos,
787 607 880 662 sed
927 607 1072 675 ipsos
1099 607 1262 662 etiam
1309 592 1509 677 rerum
1542 609 1792 664 dominos
1831 608 2087 679 concupi-

507 700 729 754 scentiis
754 699 1065 761 renuntiare
1103 715 1167 754 ac
1200 699 1302 756 sibi
1333 700 1563 757 libenter
1589 701 1965 772 obtemperare
2004 699 2086 756 fa-

505 798 669 844 ceret.

573 877 760 934 Justus
794 880 942 950 prior
976 889 1050 934 est
1086 890 1365 936 accusator
1403 883 1507 937 sui.
1544 881 1690 937 Venit
1717 882 1918 936 amicus
1946 880 2081 951 ejus,

503 980 552 1025 et
582 972 906 1041 investigabit
933 988 1072 1026 eum.
1110 963 1304 1028 .Oinnis
1340 972 1430 1042 qui
1471 988 1594 1029 vere
1628 971 1811 1042 justus
1854 981 1959 1038 est,
1992 973 2083 1028 ubi

501 1064 840 1134 peccantium
870 1073 1048 1119 errata
1076 1066 1359 1135 conspicit,
1387 1066 1565 1135 primo
1594 1066 1659 1121 ad
1691 1067 1926 1136 seipsum
1956 1081 2084 1122 ocu-

499 1151 612 1207 lum
640 1153 1089 1210 considerationis
1126 1153 1372 1222 inflectit,
1409 1155 1643 1225 dumque
1679 1171 1833 1210 suam
1873 1155 2082 1228 fragili-

501 1252 667 1298 tatem
691 1245 952 1300 sollicitus
975 1246 1331 1312 accusaverit,
1361 1247 1440 1302 sic
1461 1248 1674 1302 demum
1696 1247 1763 1301 ad
1785 1248 2083 1317 corripien-

500 1335 598 1389 dos
626 1334 760 1390 alios
791 1335 1024 1402 linguam
1060 1336 1324 1408 benignus
1349 1338 1541 1400 exerit,
1579 1338 1674 1392 sed
1701 1337 1790 1392 ille
1831 1337 1923 1408 qui
1969 1337 2082 1392 suis

497 1425 745 1481 fidelibus
768 1427 948 1483 dicere
967 1427 1218 1498 dignatus
1240 1437 1324 1504 est
1348 1447 1360 1482 :
1403 1411 1504 1482 Vos
1531 1439 1704 1482 autem
1725 1428 1837 1482 dixi
1862 1428 2078 1494 amicos,

495 1518 619 1588 quia
645 1533 964 1588 quiscunque
1000 1519 1175 1573 audivi
1212 1537 1245 1573 a
1291 1516 1453 1574 Patre
1491 1511 1787 1584 meo,'nota
1811 1515 1913 1588 feci
1942 1519 2081 1573 vobis

496 1606 678 1680 (Joan.
711 1609 822 1680 xv).
856 1609 1013 1664 Venit
1040 1610 1095 1663 in
1127 1625 1223 1666 cor
1248 1609 1365 1679 ejus
1389 1625 1485 1680 per
1508 1611 1852 1681 praesentiam
1881 1610 2081 1666 divinae

494 1698 965 1770 contemplationis
998 1719 1012 1753 :
1042 1701 1111 1756 Et
1141 1717 1303 1771 quam
1339 1703 1442 1756 hoc
1472 1701 1543 1755 sit
1572 1700 1830 1754 mundum
1857 1714 1888 1754 a
1922 1699 2080 1756 sorde

492 1790 795 1860 iniquitatis
818 1793 1083 1864 agnoscit,
1114 1790 1337 1864 ejusque
1364 1791 1721 1846 humilitatem
1747 1791 1907 1863 digna
1937 1806 2078 1847 mer-

491 1881 622 1937 cede
651 1890 980 1937 remunerat.

560 1975 755 2030 Frater
779 1978 869 2046 qui
901 1976 1184 2046 adjuvatur
1211 1993 1243 2031 a
1266 1976 1451 2046 fratre,
1478 1976 1632 2047 quasi
1658 1961 1840 2030 ciuitas
1866 1975 2024 2046 ﬁrma
2053 1989 2071 2028 :

487 2076 535 2122 et
553 2067 780 2136 judicia,
804 2069 956 2147 quasi
977 2075 1139 2123 vectes
1162 2067 1387 2122 urbium.
1418 2066 1551 2123 Cum
1575 2066 1802 2136 populus
1824 2076 2070 2137 uterque,

485 2154 795 2214 Iudaeorum
848 2157 1054 2214 scilicet
1101 2167 1157 2212 et
1211 2157 1493 2229 gentium,
1554 2156 1797 2212 fraterna
1855 2159 1956 2213 sibi
2016 2159 2070 2213 in

485 2246 702 2304 Christo
728 2249 993 2304 charitate
1015 2248 1304 2314 consentit,
1333 2263 1504 2303 unam
1522 2246 1645 2323 jam.
1666 2246 1947 2303 catholicae
1971 2248 2074 2304 Ec-

486 2338 663 2394 clesiae
701 2340 975 2395 civitatem
1014 2340 1312 2405 construit;
1367 2347 1428 2394 et
1457 2339 1596 2394 sicut
1633 2347 1818 2393 vectes
1855 2338 2071 2417 urbium

483 2439 668 2500 portas
696 2431 964 2496 muniunt,
1007 2431 1082 2485 ita
1117 2429 1366 2500 dogmata
1412 2431 1694 2500 utriusque
1735 2429 2070 2486 Testamenti

484 2520 751 2577 Ecclesias
789 2535 886 2592 per
914 2523 1122 2587 orbem,
1154 2536 1274 2590 quae
1303 2535 1465 2576 unam
1490 2520 1814 2577 catholicam
1845 2521 2068 2591 faciant,

482 2611 552 2667 ab
579 2610 873 2666 inﬁdelium
903 2610 1213 2674 incursione
1247 2601 1562 2665 defendunt.

554 2700 685 2757 Cum
709 2701 1148 2758 obsecrationibus
1179 2688 1418 2772 loquetur
1441 2716 1658 2771 pauper,
1694 2709 1754 2774 et
1773 2700 1913 2756 dives
1940 2687 2072 2770 e/fa-

483 2795 621 2850 bitur
678 2794 861 2866 rigide.
914 2793 1156 2850 Humiles
1208 2793 1402 2864 spiritu
1450 2791 1729 2870 humiliter
1779 2792 2069 2848 Dominum

480 2887 710 2942 adorant
741 2905 754 2940 :
779 2899 838 2942 ut
863 2887 1203 2958 evangelicus
1224 2883 1312 2940 ille
1339 2885 1688 2955 publicanus;
1724 2886 1944 2957 superbi
1967 2899 2068 2940 sua

479 2978 675 3033 merita
699 2977 931 3047 jactant,
957 2987 1017 3033 ut
1039 2978 1357 3049 pharisaeus.

559 3066 661 3122 Vir
677 3068 917 3123 amabilis
942 3069 1009 3123 ad
1033 3069 1328 3123 societatem
1353 3069 1520 3140 magis
1549 3057 1749 3124 amicus
1778 3069 1876 3124 erit
1906 3084 2065 3140 quam

480 3157 664 3228 frater.
697 3159 936 3216 Credens
975 3176 1044 3216 ex
1076 3160 1329 3232 gentibus
1366 3160 1595 3232 p0pulus
1633 3161 1808 3231 magis
1853 3168 2067 3215 amatus

2187 614 2244 661 et
2276 605 2483 676 primus
2515 607 2683 661 nostri
2707 609 2918 677 generis
2941 625 3135 680 parens
3167 623 3285 682 post
3311 615 3773 683 praevaricationis

2187 711 2466 753 excessum
2495 698 2802 770 increpatus
2829 717 2858 755 a
2890 702 3118 758 Domino
3143 704 3210 759 ad
3241 705 3614 764 defensionem
3649 726 3770 765 mox

2185 790 2473 845 excusandi
2499 789 2697 862 refugit
2719 793 2900 849 dicens
2924 812 2936 848 :
2967 794 3161 850 Mulier
3186 814 3344 867 quam
3362 800 3552 854 dedisti
3574 802 3771 855 sociant

2185 882 2332 947 mihi,
2356 882 2498 936 dedit
2528 883 2656 936 mihi
2683 884 2746 938 de
2769 884 2929 957 ligno,
2961 896 3008 941 et
3033 890 3233 943 comedi
3255 889 3407 962 (Gen.
3437 891 3546 963 ιιι),
3574 903 3632 946 ει
3661 893 3772 963 ipsa

2186 971 2382 1028 mulier
2428 973 2646 1042 inquit:
2687 973 2911 1046 Serpens
2945 978 3141 1049 decepit
3181 997 3281 1035 me.
3323 980 3497 1036 Ambo
3535 998 3771 1053 namque

2184 1062 2241 1118 in
2285 1061 2596 1120 Creatorem
2643 1067 2786 1136 quod
2821 1078 3177 1137 peccaverant
3223 1075 3615 1142 retorquehant
3643 1091 3657 1128 :
3688 1074 3771 1131 ille

2184 1156 2330 1227 quod
2361 1153 2664 1225 mulierem,
2696 1174 2792 1228 per
2820 1174 2982 1229 quam
3015 1160 3219 1230 periret
3240 1177 3270 1215 a
3301 1161 3531 1220 Domino
3567 1165 3770 1220 sociam
3869 1153 3871 1220 ἲ

2183 1246 2509 1316 accepisset;
2537 1248 2625 1302 illa
2651 1249 2794 1317 quod
2823 1249 3081 1307 Dominus
3109 1264 3434 1324 serpentem,
3460 1258 3556 1326 qui
3589 1273 3651 1313 se
3681 1260 3771 1313 de-
3870 1247 3871 1314 ἕ

2184 1334 2409 1406 ciperet,
2433 1335 2487 1390 in
2515 1337 2765 1407 paradiso
2784 1340 3171 1418 constituisset.
3201 1341 3319 1409 Quo
3343 1353 3533 1400 contra
3557 1347 3772 1418 sapiens

2174 1426 2469 1496 Dominum
2517 1437 2774 1499 precatur
2819 1416 2882 1484 ut
2941 1447 3044 1486 non
3099 1433 3332 1490 declinet
3383 1451 3478 1491 cor
3520 1453 3682 1492 suum
3713 1416 3771 1493 in

2183 1517 2409 1571 verbum
2438 1517 2640 1572 malum
2689 1520 2755 1573 ad
2789 1523 3124 1577 excusandas
3161 1526 3539 1582 excusationes
3569 1528 3624 1581 in
3658 1545 3774 1598 pec-

2181 1605 2338 1660 catis.
2390 1599 2498 1660 Sed
2535 1614 2593 1662 et
2635 1606 2724 1662 ille
2765 1623 2892 1664 suos
2940 1610 3290 1681 supplantans
3333 1631 3550 1686 gressus
3578 1628 3768 1673 contra

2181 1687 2352 1749 Deum
2391 1694 2564 1751 fervet
2609 1698 2810 1764 animo,
2857 1700 2948 1768 qui
2991 1701 3170 1764 divina
3220 1703 3444 1774 imperia
3480 1721 3581 1775 per
3617 1723 3768 1762 suam

2167 1785 2437 1842 inertiam
2462 1796 2817 1844 contemnens
2839 1789 3061 1860 insuper
3083 1791 3258 1862 ipsum
3282 1793 3589 1860 Dominum,
3616 1781 3786 1867 quasi.

2105 1876 2154 1939 B
2182 1873 2544 1948 importabilia
2572 1880 2884 1937 hominibus
2909 1896 3075 1937 onera
3110 1883 3446 1953 imposuerit,
3476 1897 3661 1944 mente
3687 1904 3768 1944 re-

2181 1969 2470 2039 prehendit
2496 1971 2709 2026 insana.

2227 2058 2454 2121 .Diuitia:
2492 2063 2692 2116 addunt
2730 2064 2925 2118 amicos
2951 2063 3242 2135 plurimos;
3273 2084 3305 2120 a
3338 2085 3564 2138 paupere
3593 2081 3767 2126 autem

2175 2158 2223 2202 et
2250 2149 2305 2203 hi
2327 2166 2456 2220 quos
2488 2151 2695 2218 habuit,
2719 2165 3051 2223 separantur.
3082 2155 3290 2210 Divitias
3323 2159 3474 2228 regni
3505 2159 3764 2227 caelestis,

2177 2251 2296 2306 quae
2327 2252 2424 2307 per
2464 2248 2685 2294 sanctos
2723 2241 2972 2296 doctores
3004 2241 3252 2298 fidelibus
3295 2246 3592 2303 tribuenda;
3630 2250 3767 2319 pne;

2176 2326 2446 2394 dicantur,
2498 2329 2700 2385 multos
2738 2331 2942 2387 amicos
2972 2323 3042 2386 ἐι
3083 2333 3272 2388 iisdem
3319 2338 3766 2406 praedicatoribus

2175 2427 2231 2474 et
2275 2434 2463 2475 earum
2480 2439 2486 2454 ·ε
2504 2420 2750 2491 largitori
2781 2422 3011 2478 Domino
3037 2425 3338 2517 ascispunt;
3367 2442 3397 2480 a
3432 2428 3766 2498 philosophis

2172 2519 2354 2566 autem
2389 2523 2444 2569 et
2465 2514 2676 2569 caeteris
2701 2516 2942 2586 gentium
2968 2514 3262 2586 magistris,
3297 2518 3424 2586 quia
3459 2527 3608 2574 certe
3635 2521 3762 2574 bea-

2174 2604 2421 2660 titudinis
2457 2605 2512 2658 in
2551 2604 2794 2660 futurum
2839 2614 3037 2661 norunt
3067 2608 3403 2678 promittere,
3449 2620 3505 2666 et
3544 2612 3596 2666 hi
3628 2627 3762 2682 quos

2174 2695 2498 2760 habuerunt,
2530 2707 2883 2765 separantur;
2925 2695 3173 2753 videlicet
3213 2701 3463 2756 conversi
3494 2703 3562 2757 ad
3604 2701 3763 2759 fidem

2172 2799 2432 2856 spemque
2458 2785 2752 2842 Dominicae
2778 2787 3154 2858 promissionis
3184 2791 3568 2846 certissimam.

2245 2869 2348 2943 Qui
2374 2888 2578 2932 tantum
2608 2879 2759 2933 verba
2795 2890 3050 2946 sectatur,
3084 2880 3218 2935 nihil
3259 2882 3470 2938 habebit
3493 2902 3513 2940 :
3539 2889 3632 2957 qui
3662 2905 3760 2941 au-

2171 2973 2274 3021 tem
2319 2984 2585 3037 possessor
2629 2979 2704 3023 est
2746 2971 2954 3035 mentis,
2999 2970 3172 3042 diligit
3215 2974 3450 3028 animam
3485 2993 3662 3031 suam.
3699 2968 3764 3034 Et

2166 3058 2456 3132 Apostolus
2513 3062 2774 3119 aitzNon
2828 3058 3096 3121 auditores
3145 3066 3274 3139 legis
3322 3058 3764 3141 justiﬁcabuntur

2171 3155 2312 3225 apud
2391 3153 2562 3211 Deum
2596 3196 2614 3225 ,
2677 3156 2807 3212 sed.
2851 3158 3069 3214 factores
3137 3159 3264 3232 legis
3322 3162 3765 3232 justiﬁcabuntur

479 3258 564 3306 est
583 3265 613 3304 a
643 3251 892 3319 Domino,
919 3230 1503 3323 quamTJudaicussine
1531 3250 1635 3307 fide
1660 3230 1982 3324 perdurans,
2011 3252 2065 3306 in
2093 3230 2141 3297 ο
2172 3235 2353 3318 (Rom.
2378 3244 2462 3319 tt).

479 3360 588 3417 quo
623 3346 917 3402 secundum
947 3363 1166 3402 carnem
1195 3355 1358 3402 natus
1385 3355 1486 3401 est.
1520 3345 1708 3400 Potest
1743 3351 1798 3398 et
1836 3344 1903 3399 dc
1933 3330 2063 3413 apo-

477 3437 632 3494 stolis
660 3453 727 3492 ει
761 3436 959 3493 Judaais
1001 3437 1146 3513 natis
1187 3436 1435 3507 intelligi,
1472 3435 1597 3506 quia
1631 3434 1803 3507 magis
1829 3434 2068 3489 amarint

477 3527 760 3584 credentes
788 3543 856 3583 ex
886 3527 1164 3599 gentibus,
1183 3542 1347 3598 quam
1382 3541 1493 3582 suae
1529 3526 1705 3598 gentis
1733 3523 2060 3582 incredulos.

1065 3607 1293 3677 CAPUT
1345 3617 1486 3674 XIX.

550 3708 739 3765 Melior
761 3719 835 3764 est
855 3725 1052 3780 pauper
1077 3709 1168 3781 qui
1207 3709 1524 3764 ambulatin
1563 3709 1896 3781 simplicitate
1937 3726 2060 3778 sua,

476 3817 634 3875 quam
663 3801 805 3855 dives
843 3810 1090 3872 torquens
1120 3798 1260 3853 labia
1291 3799 1564 3870 insipiens.
1600 3798 1788 3854 Melior
1820 3807 1906 3853 est
1932 3798 2064 3852 sim-

475 3894 598 3964 plex
625 3892 838 3947 auditor
869 3890 1022 3946 verbi
1059 3890 1177 3954 Dei,
1210 3891 1256 3944 si
1282 3892 1347 3944 ea
1374 3905 1493 3959 quae
1516 3889 1816 3960 intelligere
1839 3889 1893 3943 in
1920 3887 2065 3944 Scri-

475 3984 651 4054 pturis
673 3982 870 4052 potuit,
897 3980 1173 4051 operando
1200 3979 1435 4051 perlicit,
1459 3995 1621 4051 quam
1648 3980 1893 4035 eruditus
1921 3980 2065 4051 quis-

477 4053 582 4143 que
622 4074 666 4126 si
698 4063 757 4127 “in
805 4071 911 4126 illis
938 4086 1060 4140 quae
1093 4080 1250 4132 acute
1280 4053 1541 4141 intellexit
1569 4072 1636 4125 ad
1664 4058 1894 4127 lim-resin
1925 4085 2062 4141 prae-

477 4164 760 4220 dicandam
791 4163 931 4216 labia
959 4170 1252 4232 retorquet.

551 4254 660 4309 Ubi-
675 4271 778 4308 non
815 4263 889 4308 est
924 4253 1138 4307 scientia
1168 4255 1381 4320 anime,
1412 4271 1518 4308 non
1546 4264 1620 4310 est
1645 4255 1866 4322 bonum;
1896 4265 1944 4310 et
1972 4257 2062 4327 qui

479 4345 699 4414 festinus
728 4353 799 4396 est
831 4343 1043 4413 pedibus
1072 4343 1307 4412 offendit.
1337 4344 1545 4399 Anima:
1569 4346 1785 4423 quidem
1812 4346 2062 4401 humanas

478 4435 704 4489 scientia
747 4432 872 4486 vita:
903 4431 1140 4486 caelestis
1169 4441 1252 4488 est
1292 4435 1617 4499 necessaria,
1648 4435 1773 4506 quia
1805 4436 2059 4491 nimirum

479 4525 597 4580 sine
627 4525 730 4578 hac
758 4523 912 4599 beata
940 4521 996 4575 in
1024 4530 1341 4592 perpetuum
1374 4538 1492 4578 esse
1525 4541 1632 4578 non
1675 4534 1869 4594 potest.
1901 4526 2058 4580 Atta-

479 4631 602 4668 men
647 4612 738 4683 qui
768 4589 1042 4666 effrenatis
1068 4589 1317 4666 sensibus
1344 4613 1542 4668 mentis
1570 4589 1694 4683 plus
1735 4615 1938 4683 appetit
1968 4630 2058 4670 sa-.
2085 4589 2138 4649 Ῑ)

477 4720 604 4776 pere
628 4719 791 4773 quam
832 4704 1006 4767 decet,
1048 4701 1364 4772 plerumque
1410 4701 1760 4756 oﬂ‘ensionem
1794 4704 2060 4759 haereticus

478 4794 717 4850 stultitiae
745 4792 1047 4848 temerariis
1075 4792 1392 4846 tractatibus
1421 4793 1663 4857 incurrit,
1701 4792 1845 4862 quod
1869 4793 1922 4846 in
1950 4796 2060 4862 pri-

478 4885 582 4940 mis
618 4884 838 4938 humani
886 4884 1098 4955 generis
1144 4881 1458 4951 parentibus
1511 4882 1740 4953 mystice
1789 4883 2058 4952 signatum

480 4989 583 5043 est,
612 4980 702 5048 qui
733 4980 858 5033 dum
888 4978 1124 5048 appetitu
1153 4977 1392 5031 scicntia:
1429 4976 1648 5046 majoris
1680 4977 1901 5030 vetitum
1933 4993 2061 5033 con-

481 5076 687 5143 tingere
707 5072 1086 5142 pmperabant,
1111 5087 1140 5126 a
1172 5081 1312 5126 statu
1343 5072 1688 5127 beatitudinis
1719 5071 1771 5125 in
1799 5087 1902 5142 qua
1930 5087 2058 5125 con-

481 5167 577 5222 diti
618 5172 765 5228 sunt,
808 5164 1082 5244 deviantes
1125 5164 1180 5216 in
1219 5177 1432 5233 poenam
1466 5163 1698 5220 miseria:
1730 5172 1786 5219 et
1823 5163 2059 5219 mortali-

481 5259 608 5315 tatis
635 5257 959 5312 inciderunt.

554 5348 791 5404 Stultitia
815 5344 1039 5400 hominis
1066 5341 1374 5412 sitpplanIat'
1400 5360 1604 5413 gressus
1636 5345 1767 5413 ejus,
1800 5353 1847 5397 et
1875 5353 2057 5397 contra

482 5438 651 5493 Deum
680 5437 833 5490 feruet
862 5437 1035 5488 animo
1064 5450 1178 5487 suo.
1215 5430 1508 5489 Stultorum
1545 5435 1712 5486 moris
1737 5442 1819 5486 est
1847 5442 1900 5486 et
1934 5450 2058 5488 cum

482 5526 753 5599 peccando
778 5527 920 5579 viam
947 5525 1193 5580 veritatis
1217 5524 1636 5588 deserunt,.non
1667 5539 1726 5578 se
1749 5540 1960 5579 errasse
1981 5524 2061 5578 fa-

482 5625 721 5684 teantur,
765 5617 858 5673 sed
891 5617 959 5672 ad
1003 5617 1211 5686 culpam
1249 5616 1545 5680 conditoris
1580 5615 1663 5670 sui
1693 5624 1873 5669 reatus
1895 5615 2059 5685 origi-

482 5723 604 5765 netn
633 5706 893 5774 referant,
933 5706 1086 5776 quasi
1140 5707 1255 5774 ipse
1301 5707 1639 5761 occasionem
1675 5705 1931 5775 peccandi
1966 5704 2061 5758 tri-

483 5798 682 5867 buerit,
726 5800 818 5870 qui
867 5779 952 5853 vel
997 5796 1243 5866 fragilem
1288 5796 1475 5852 fecerit
1529 5798 1825 5861 hominem,
1870 5795 1952 5850 vel
1989 5795 2058 5850 ad

2244 3334 2411 3392 Testis
2458 3337 2627 3409 falsus
2677 3356 2783 3418 non
2830 3343 2932 3397 erit
2978 3344 3296 3413 impunitus,
3327 3354 3376 3400 et
3419 3346 3507 3418 qui
3531 3345 3764 3418 loquitur

2166 3427 2446 3482 mendacia
2480 3430 2686 3501 peribit.
2725 3431 3098 3508 Redarguerat
3134 3451 3258 3492 eum
3299 3437 3395 3507 qui
3429 3437 3594 3494 verba
3633 3449 3753 3494 tan-

2165 3523 2283 3592 tum
2315 3521 2557 3578 scientia
2598 3523 2804 3594 absque
2850 3527 3186 3596 operationis
3209 3527 3450 3584 elﬁcacia
3476 3538 3756 3598 sectatur;

2166 3613 2447 3684 redarguit
2475 3632 2621 3673 nunc
2645 3610 2815 3683 illum,
2864 3609 2958 3688 qui
2999 3619 3116 3689 ipsa
3144 3621 3310 3676 verba
3344 3621 3542 3678 divina:
3563 3621 3757 3679 aucto-

2166 3705 2348 3761 ritatis
2391 3706 2534 3762 male
2573 3706 2981 3778 interpretando
3020 3711 3345 3782 corrumpit.
3379 3712 3534 3780 Quod
3575 3724 3761 3770 autem

2165 3799 2339 3854 multa
2386 3801 2581 3871 saepius
2614 3789 2882 3858 iterantur
2919 3802 3195 3858 firmitatis
3243 3805 3507 3861 indicium
3551 3817 3656 3872 est,
3701 3816 3761 3863 ut

2163 3889 2362 3960 Joseph
2409 3892 2681 3947 somnium
2720 3893 2864 3964 regis
2891 3883 3261 3966 interpretans
3289 3895 3385 3961 ait,
3417 3909 3483 3951 eo
3505 3898 3654 3968 quod
3683 3897 3758 3954 sit

2164 3996 2344 4038 sermo
2367 3984 2462 4038 Dei
2489 3991 2544 4055 et
2568 3985 2840 4039 veraciter
2867 3973 3174 4056 impleatur.

2241 4073 2366 4127 Non
2409 4074 2590 4150 decent
2640 4060 2857 4128 stultum
2887 4076 3108 4142 deliciis,
3137 4090 3229 4132 nec
3256 4095 3461 4134 seruum
3487 4080 3757 4134 dominari

2162 4164 2504 4234 principibus.
2542 4159 2663 4220 Non
2702 4167 2894 4222 decent
2924 4168 3238 4226 haereticum
3267 4172 3474 4228 delicia:
3505 4171 3756 4244 Scriptu-

2165 4274 2368 4326 rarum,
2413 4259 2541 4329 quia
2579 4260 2666 4315 his
2704 4261 2844 4317 bene
2881 4264 2960 4318 uti
2995 4279 3101 4319 non
3146 4267 3335 4321 novit:
3369 4267 3555 4337 Neque
3583 4268 3754 4340 illum

2163 4348 2257 4418 qui
2283 4363 2472 4414 servus
2502 4350 2679 4406 adhuc
2707 4354 2918 4422 peccati
2951 4370 3071 4411 esse
3092 4357 3374 4427 probatur,
3402 4357 3646 4428 praeferri
3663 4358 3753 4430 ju-

2163 4439 2261 4494 stis
2282 4439 2335 4492 in
2364 4440 2626 4510 regimine
2653 4441 2925 4498 Ecclesiae.

2235 4529 2487 4585 Doctrina
2500 4533 2596 4585 uiri
2606 4549 2698 4604 per
2710 4534 3016 4604 patientiam
3032 4540 3174 4591 nosci
3178 4548 3281 4592 tur.
3301 4541 3559 4596 Doctrina
3576 4541 3755 4598 eccle-

2163 4619 2384 4675 siastica
2408 4635 2506 4691 per
2527 4623 2844 4692 patientiam
2879 4625 3181 4694 doctorum,
3201 4645 3372 4699 quam
3401 4633 3472 4685 sit
3502 4633 3751 4701 perfecta

2162 4719 2512 4766 monstratur.
2555 4714 2691 4780 Quia
2723 4716 2851 4770 dum
2880 4718 3050 4788 magis
3078 4718 3463 4777 afﬂictionibus
3490 4739 3555 4779 ac
3585 4727 3751 4780 morti

2163 4813 2358 4869 corpus
2397 4802 2629 4856 subdere
2672 4819 2830 4872 quam
2864 4803 2901 4859 a‘
2934 4807 3161 4863 docendi
3203 4809 3378 4866 ollicio
3405 4803 3624 4868 cessare
3655 4833 3751 4869 vo,

2161 4888 2398 4954 luerunt,
2431 4893 2785 4948 ostendebant
2811 4897 2996 4965 utique
3020 4909 3276 4968 quantum
3313 4893 3458 4957 esset
3489 4892 3751 4962 salutaris

2160 4993 2324 5048 quam
2371 4990 2518 5035 tanta
2571 4982 2830 5038 instantia
2885 4986 3166 5043 defensare
3215 5000 3494 5047 curarunt.
3547 4996 3745 5062 Aliter,

2162 5070 2412 5125 Doctrina
2465 5074 2561 5126 viri
2606 5090 2698 5144 per
2742 5077 3045 5145 patientiam
3094 5082 3357 5148 noscitur,
3410 5087 3535 5154 quia
3592 5098 3747 5145 tanto

2164 5159 2392 5229 quisque
2428 5163 2607 5218 minus
2657 5165 2959 5222 ostenditur
3000 5169 3210 5239 doctus,
3263 5185 3466 5242 quanto
3508 5180 3747 5237 convin-

2163 5250 2306 5304 citur
2348 5251 2527 5307 minus
2574 5248 2805 5323 patiens,
2852 5273 3028 5328 neque
3074 5261 3220 5316 enim
3256 5273 3434 5332 potest
3471 5270 3749 5324 veraciter

2163 5338 2302 5392 bona
2333 5338 2573 5396 docendo
2611 5340 2944 5412 impendere,
2991 5348 3036 5402 si
3076 5349 3305 5405 vivendo
3348 5352 3518 5406 nescit
3556 5370 3748 5426 sequa-

2164 5429 2383 5485 nimiter
2419 5431 2595 5489 aliena
2649 5434 2788 5488 mala
2844 5437 3092 5494 tolerare.
3153 5439 3324 5497 Recte
3369 5450 3556 5497 autem
3608 5447 3744 5504 sub-

2161 5511 2311 5574 ditur
2336 5538 2349 5573 :

2231 5609 2302 5664 Et
2339 5609 2508 5680 gloria
2553 5612 2667 5681 ejus
2703 5615 2983 5688 esthiniqua
3020 5620 3376 5689 prtetcrgredi.
3403 5620 3540 5690 Quia
3573 5626 3748 5682 nimi-

2162 5716 2283 5768 rum
2309 5701 2571 5771 perfectio
2593 5692 2829 5763 doctoris
2852 5717 2937 5764 est
2967 5709 3048 5764 sic
3077 5709 3304 5766 aliorum
3329 5713 3745 5785 improbitatem

2161 5795 2429 5864 patienter
2456 5795 2701 5864 sufferre,
2730 5809 2790 5854 ut
2816 5816 2966 5855 suam
3003 5814 3216 5870 quoque
3249 5801 3603 5874 fragilitatem
3649 5827 3721 5865 no
