3910 6322
199 375 296 433 7H

949 335 1314 442 “POSITIO
1351 378 1420 434 IN
1452 379 1847 437 PROVERBIA
1892 377 2304 438 SALOMONIS.
2345 412 2420 424 —
2454 381 2584 437 LIB.
2621 383 2687 439 II.

3371 390 3476 446 742

196 492 342 549 verit
373 491 443 547 ab
475 493 660 561 iniqua
698 492 919 548 actione
965 494 1191 549 solerter
1234 495 1545 549 observare.
1598 494 1783 563 Neque
1813 490 1864 560 Α
1892 491 1979 546 tiae
2005 507 2167 561 quam
2201 493 2465 547 habuerat
2502 494 2771 563 rapueris,
2813 503 3079 551 rationem
3107 513 3206 567 pro
3237 514 3302 553 eo
3329 502 3473 569 quod

197 585 346 639 enim
372 591 466 637 aut
499 584 760 638 munditia
788 586 1022 655 propria:
1045 586 1476 641 conversationis
1508 586 1625 640 sine
1655 587 1788 640 tole-
1889 578 2115 635 fratrem
2154 581 2554 647 scandalizasti,
2600 585 2845 640 disu'icto
2876 586 3043 655 judici
3076 587 3286 643 reddes.
3318 589 3473 645 Patet

199 677 381 730 rantia
419 675 622 730 sufﬁcit
661 684 900 730 externae
926 676 1370 744 perturbationis,
1405 685 1498 729 aut
1524 676 1568 730 si
1596 676 1660 740 is,
1693 677 1784 742 qui

200 766 420 824 fortiter
440 768 662 823 adversa
688 752 820 823 foris
845 768 1100 833 sustinet,
1124 769 1270 824 intus
1310 770 1489 824 adhuc
1511 769 1784 825 enerviter

201 859 404 930 iniquis
435 862 670 916 motibus
694 860 860 914 favet.

273 951 422 1008 Sicut
469 955 707 1026 fremitus
745 952 930 1018 leonis,
959 953 1033 1006 ita
1069 962 1116 1008 et
1157 954 1290 1025 regis
1319 954 1434 1008 ira:
1465 962 1513 1008 et
1537 955 1672 1010 sicut
1698 973 1784 1011 ros

198 1058 354 1112 super
383 1043 628 1115 herbam,
680 1045 757 1096 ita
801 1042 1042 1098 hilaritas
1085 1045 1216 1114 ejus.
1263 1044 1341 1099 De
1385 1045 1615 1100 Domino
1659 1062 1785 1120 rege

197 1133 348 1196 dicit,
377 1135 468 1205 qui
515 1135 572 1190 in
613 1134 818 1206 judicio
850 1144 906 1191 et
940 1136 1130 1192 hilaris
1156 1149 1220 1193 ac
1242 1136 1473 1194 blandus
1507 1139 1690 1210 justis,
1729 1149 1783 1197 et

188 1214 457 1280 terribilis
481 1227 766 1297 apparebit
788 1226 1026 1298 iniustis.

269 1314 435 1369 Dolor
471 1317 636 1386 patris
669 1316 815 1387 ﬁlius
846 1317 1056 1371 stultus.
1093 1319 1236 1372 Deus
1257 1320 1350 1390 qui
1377 1320 1433 1374 i‘n
1462 1325 1559 1376 sua
1589 1333 1784 1378 natura

193 1404 546 1478 impassibiﬁs
588 1422 801 1477 semper
839 1415 921 1462 est
969 1417 1022 1462 et
1063 1409 1328 1478 placidus,
1378 1412 1562 1468 dolere
1600 1421 1782 1469 tamen

193 1493 384 1552 nestr'o
413 1512 564 1552 more
595 1498 830 1551 dicitur:
859 1512 982 1554 cum
1030 1501 1279 1558 homines
1317 1520 1455 1574 quos
1481 1506 1548 1560 ad
1579 1517 1636 1562 se
1666 1520 1783 1563 cre-

192 1591 428 1645 dendum
476 1584 916 1661 laudandumque
957 1596 1184 1661 creavit,
1237 1598 1381 1653 hosti
1430 1600 1610 1668 potius
1663 1617 1780 1656 ma-

189 1679 358 1752 ligno,
385 1690 550 1751 quam
583 1682 688 1738 sibi
718 1684 923 1739 servire
953 1686 1294 1754 considerat;
1326 1689 1466 1745 unde
1495 1701 1547 1745 et
1574 1692 1784 1763 Moyses

189 1774 261 1830 de
289 1776 377 1830 illo
402 1794 416 1830 :
448 1774 723 1844 Paenituit,
758 1779 951 1849 inquit,
982 1798 1099 1836 eum
1127 1784 1268 1854 quod
1293 1785 1554 1840 hominem
1577 1787 1782 1854 fecisset

1886 670 2083 727 littera:
2103 688 2296 728 sensus
2311 674 2441 744 quia
2463 676 2554 744 qui
2581 692 2677 746 per
2703 679 3093 749 impatientiam
3121 681 3314 751 inopia!
3331 682 3475 739 l‘ui‘to

1887 765 2055 819 servit
2081 773 2174 819 aut
2198 766 2422 835 rapinis,
2452 767 2709 824 damnum
2734 787 2844 826 sua:
2870 773 3063 827 animae
3093 773 3248 838 facit,
3273 784 3328 828 et
3351 790 3474 828 cum

1887 870 2002 910 rem
2044 856 2279 925 proximi
2310 857 2466 925 tollit,
2498 867 2552 913 et
2585 861 2630 914 si
2666 877 2770 917 non
2801 863 3010 918 homini
3035 879 3131 934 per
3163 865 3284 931 hoc,
3327 872 3476 920 certe

1885 955 2090 1002 aeterno
2124 947 2292 1018 judici
2344 951 2612 1006 rationem
2663 953 2887 1008 reddere
2936 955 3117 1010 habet.
3173 955 3324 1012 Unde
3371 955 3475 1010 alia

1885 1039 2052 1094 editio
2075 1040 2151 1094 ita
2175 1040 2319 1094 hunc
2353 1037 2682 1098 versiculum
2715 1046 3028 1099 transtulit:
3061 1047 3201 1101 Male
3236 1049 3473 1118 cogitans

1885 1128 2040 1182 homo
2067 1128 2231 1182 multo
2253 1130 2445 1186 damno
2475 1133 2776 1204 afﬂigetur;
2807 1144 2854 1188 et
2884 1135 2930 1188 si
2944 1137 3270 1204 perniciosus
3295 1139 3476 1207 fuerit,

1886 1228 1935 1272 et
1964 1220 2200 1273 animam
2237 1237 2389 1275 suam
2430 1233 2672 1293 apponet.
2714 1224 2852 1292 Quia
2882 1226 3138 1280 nimirum
3170 1242 3291 1282 cum
3318 1243 3480 1298 pecu-

1885 1307 2032 1361 niam
2069 1308 2338 1366 violentus
2389 1312 2693 1382 abstulerit,
2737 1331 2837 1387 pro
2874 1317 2976 1372 hac
3009 1318 3246 1372 animam
3276 1318 3480 1376 invitus

1885 1400 2054 1454 dabit.

1957 1492 2132 1549 Homo
2178 1495 2433 1572 indigens.
2471 1499 2767 1557 misericors
2815 1515 2908 1558 est.
2959 1504 3296 1578 lndigentem
3346 1508 3482 1563 dicit

1884 1582 2183 1654 humilem,
2244 1589 2338 1658 qui
2383 1604 2443 1645 se
2478 1594 2758 1662 perpetuis
2804 1595 2962 1650 bonis
3008 1612 3169 1669 egere
3202 1599 3319 1654 sine
3359 1616 3479 1654 ces-

1887 1678 2098 1734 satione
2150 1681 2359 1736 recolit.
2420 1683 2567 1739 Talis
2623 1701 2880 1757 namque
2924 1700 2985 1745 ut
3049 1693 3480 1749 miscricordiam

1887 1779 2254 1838 consequatur
2282 1787 2314 1826 a
2343 1773 2595 1842 Domino,
2639 1795 2914 1850 nunquam
2953 1785 3202 1853 proximo
3230 1786 3481 1844 misereri

188 1865 248 1918 in
276 1873 438 1932 terra,
478 1876 526 1921 et
556 1877 726 1922 tactus
752 1869 930 1924 dolore
966 1873 1139 1926 cordis
1180 1871 1498 1930 intrinsecus
1523 1890 1540 1927 :
1565 1877 1779 1944 Delebo,

1897 1868 2124 1913 recusat.
2158 1861 2235 1915 De
2260 1877 2368 1931 quo
2393 1872 2447 1919 et
2478 1868 2872 1939 subsequenter
2895 1877 3140 1930 annectit
3165 1895 3178 1929 :

187 1954 387 2026 inquit,
421 1958 682 2012 hominem
710 1972 862 2031 quem
889 1964 1059 2017 creavi
1088 1981 1120 2017 a
1147 1965 1283 2034 facie
1311 1975 1466 2021 teme
1492 1964 1645 2039 (Gen.
1679 1969 1778 2040 VI).

267 2045 338 2100 Et
358 2056 492 2102 tecta
509 2049 714 2118 jugitcr
738 2050 1084 2122 perstillantia
1113 2053 1343 2126 litigiosa
1375 2058 1586 2112 mulier.
1632 2058 1785 2116 Sicut

187 2146 345 2192 recta
383 2139 743 2208 perstillantia
791 2143 1026 2212 pluviam
1067 2147 1281 2217 quidem
1329 2135 1395 2204 de
1435 2152 1574 2208 caelo
1611 2154 1784 2209 susci-

183 2229 369 2300 piunt,
400 2247 507 2287 non
535 2241 718 2290 tamen
746 2235 887 2292 hanc
913 2239 980 2293 ad
1001 2239 1290 2297 utilitatem
1321 2243 1555 2315 aliquam
1577 2245 1786 2318 diSper—

186 2321 356 2390 tiunt,
403 2326 496 2380 sed
534 2326 602 2379 ad
641 2326 944 2383 molestiam
981 2333 1161 2400 potius
1189 2333 1608 2392 inhabitantium
1640 2339 1786 2395 deri-

185 2421 326 2466 vant
357 2428 370 2465 :
397 2413 470 2467 ita
504 2415 765 2470 nimirum
796 2418 1176 2475 hiereticorum
1206 2422 1447 2480 Ecclesia
1479 2427 1780 2484 cwlestium

186 2499 334 2555 dona
369 2504 680 2572 verborum,
713 2523 820 2563 non
847 2508 914 2562 ad
947 2510 1175 2567 salutem
1206 2514 1532 2584 animarum,
1577 2519 1672 2574 sed
1713 2521 1782 2574 ad

185 2606 352 2646 usum
398 2607 510 2648 sua:
550 2597 804 2667 nequitis
844 2599 984 2656 male
1029 2601 1440 2673 interpretando
1488 2620 1544 2662 et
1588 2618 1779 2665 contra

185 2682 493 2739 catholicos
519 2685 778 2757 litigando
817 2692 1106 2745 convertit.
1148 2693 1312 2748 Tecta
1339 2697 1540 2753 etenim
1568 2700 1779 2769 perstil-

185 2771 359 2827 lantia
404 2777 633 2831 mundas
659 2779 878 2847 quidem
919 2781 1115 2850 pluviae
1144 2793 1323 2854 guttas
1351 2788 1642 2858 accipiunt,
1683 2791 1777 2847 sed

188 2865 425 2933 subjecti
453 2867 506 2921 in
531 2869 690 2924 domo
719 2872 963 2927 sordidas
986 2873 1236 2928 reddunt.
1256 2875 1322 2929 Et
1344 2876 1635 2934 barreticus
1663 2878 1783 2934 lim-

183 2956 471 3026 pidissima
485 2959 724 3016 caelestis
746 2963 952 3018 oraculi
969 2965 1135 3020 verba
1163 2967 1349 3022 auditu
1365 2970 1612 3039 corporis
1640 2971 1776 3027 hau-

183 3048 288 3133 rit,
335 3058 393 3103 at
430 3050 519 3105 ubi
542 3051 660 3107 haec
701 3056 865 3109 corde
904 3055 1108 3125 polluto
1146 3059 1405 3130 attigerit,
1439 3062 1779 3121 auditoribus

183 3141 308 3195 suis
328 3142 487 3197 sorde
509 3143 676 3197 mixta
708 3145 999 3201 urinistrat.

1957 1947 2028 2002 Et
2052 1949 2240 2005 melior
2258 1969 2459 2024 pauper
2478 1973 2635 2027 quam
2655 1961 2735 2024 vir
2758 1964 3006 2018 mendax.
3036 1964 3224 2022 Melior
3245 1983 3479 2039 namque

1886 2045 1970 2093 est
1995 2040 2216 2097 humilis
2242 2046 2426 2110 corde,
2451 2047 2546 2115 qui
2565 2049 2700 2103 nihil
2731 2053 2845 2107 suis
2872 2053 2991 2109 ﬁdit
3011 2058 3289 2125 'operibus,
3313 2071 3479 2129 quam

1887 2132 1978 2201 qui
2010 2148 2067 2188 se
2089 2149 2200 2204 pra:
2234 2136 2556 2194 excellentia
2587 2142 2848 2198 virtutum
2877 2147 2979 2200 viri
3008 2149 3226 2204 nomine
3256 2151 3476 2222 dignum

1887 2224 2095 2281 ducens
2137 2225 2345 2284 fallitur
2381 2233 2620 2301 nescius,
2671 2234 2797 2290 dum
2839 2239 3201 2308 superbiendo
3244 2242 3483 2312 perdidit

1885 2315 2028 2370 bona
2053 2333 2173 2388 qua:
2197 2322 2382 2391 gessit.
3279 2374 3297 2394 .,

1957 2408 2241 2465 Abscondit
2263 2414 2411 2483 piger
2438 2431 2655 2470 manum
2685 2434 2836 2471 suam
2859 2420 2952 2473 sub
2979 2420 3191 2487 ascella,
3215 2437 3308 2476 nec
3330 2422 3399 2476 ad
3422 2439 3479 2478 os

1885 2506 2041 2552 suum
2093 2501 2325 2572 applicat
2379 2522 2516 2559 eam.
2557 2506 2728 2562 Nemo
2756 2509 2832 2564 ita
2859 2512 3012 2582 piger
3055 2522 3158 2578 est,
3206 2523 3264 2568 ut
3311 2516 3377 2569 ad
3419 2531 3482 2571 os

1885 2602 2111 2643 manum
2140 2591 2224 2646 vel
2254 2595 2591 2651 comedendo
2619 2599 2877 2655 reducere
2905 2602 3145 2657 laborem
3175 2613 3346 2673 putet,
3387 2604 3482 2660 sed

1884 2683 2042 2754 pigro
2089 2684 2244 2742 labor
2283 2697 2367 2743 est
2407 2701 2627 2746 manum
2659 2695 2726 2748 ad
2753 2709 2816 2749 os
2842 2697 3139 2768 porrigere,
3180 2701 3303 2768 quia
3336 2700 3482 2754 desi-

1885 2774 2070 2830 diosus
2131 2779 2362 2848 quisque
2387 2770 2713 2852 praedicator
2740 2803 2807 2854 ne
2828 2787 2929 2842 hoc
2958 2788 3073 2842 vult
3097 2791 3310 2860 operari
3335 2790 3481 2861 Quod

1884 2864 2014 2922 dicit
2061 2866 2278 2924 Manum
2308 2873 2508 2944 quippe
2537 2874 2606 2930 ad
2634 2890 2696 2931 os
2722 2877 3002 2950 porrigere
3040 2888 3122 2935 est
3153 2883 3272 2936 voci
3313 2898 3479 2953 opere

1882 2965 2236 3018 ‘concordare.

1957 3050 2125 3108 Testis
2171 3055 2386 3126 iniquus
2437 3056 2642 3113 deridet
2690 3060 2982 3130 judicium.
3039 3055 3175 3120 Illud
3220 3066 3478 3123 videlicet

1880 3157 1991 3212 quo
2035 3144 2239 3202 dicitur
2277 3165 2290 3202 :
2341 3147 2469 3203 Non
2531 3150 2728 3220 falsum
2775 3156 3129 3212 testimonium
3183 3159 3370 3226 dices;
3427 3169 3482 3217 ct

264 3229 493 3303 Pigredo
543 3236 778 3291 immittit
822 3225 1086 3309 saporem;
1141 3239 1295 3313 Piget
1334 3243 1636 3314 appellatur
1686 3255 1777 3317 qui
1806 3249 1854 3314 C
1885 3244 2032 3305 certe
2082 3238 2346 3307 ίυιιπυῐην
2379 3242 2448 3295 de
2478 3257 2585 3312 quo
2629 3259 2791 3315 supra
2829 3247 3031 3302 diem"
3061 3268 3073 3302 ε
3105 3249 3270 3306 Tam
3311 3253 3480 3322 Ῑαίδκδ

185 3331 341 3378 recte
361 3327 645 3382 sentiendo
670 3329 827 3397 quasi
848 3329 1056 3400 vigilat,
1080 3333 1329 3400 quamvis
1346 3334 1485 3388 nihil
1503 3339 1780 3406 Operando

182 3415 471 3483 torpescit.
503 3415 610 3472 Sed
647 3418 868 3488 pigredo
915 3420 1158 3476 immittit
1197 3437 1466 3494 saporem,
1500 3427 1626 3497 quia
1647 3443 1781 3498 pau-

180 3503 361 3574 lisper
385 3508 550 3562 etiam
572 3518 720 3565 recte
743 3511 1010 3567 sentiendi
1036 3513 1312 3584 vigilantia
1330 3517 1626 3586 amittitur,
1651 3520 1780 3576 dum

183 3615 218 3653 a
248 3598 391 3655 bene
415 3601 675 3670 operandi
717 3604 899 3660 studio
924 3606 1201 3662 cessatur.
1242 3607 1415 3665 Recte
1444 3618 1628 3667 autem
1654 3612 1780 3669 sub-

181 3690 358 3746 ditur.

263 3779 334 3834 Et
362 3798 540 3836 anima
574 3782 834 3840 dissoluta
875 3788 1087 3843 esuriat.
1125 3787 1264 3844 Nam
1295 3791 1422 3861 quia
1447 3807 1507 3848 se
1527 3794 1596 3850 ad
1621 3808 1780 3865 supe-

181 3874 338 3929 riora
375 3875 691 3943 stringendo
716 3893 822 3932 non
853 3880 1055 3950 dirigit,
1083 3880 1388 3951 neglectam
1418 3884 1650 3940 inferius
1681 3901 1778 3956 per

180 3964 457 4022 desideria
498 3969 753 4037 expandit
800 3986 813 4023 :
854 3969 923 4024 Et
969 3970 1096 4025 dum
1142 3972 1445 4028 studiorum
1479 3975 1779 4030 'subtilium

179 4059 378 4130 vigore
409 4075 516 4115 non
545 4061 847 4130 stringitur,
882 4064 1190 4133 cupiditatis
1225 4067 1454 4122 inﬁrma:
1480 4067 1623 4124 fame
1653 4086 1779 4125 sau-

179 4155 400 4218 ciatur,
459 4161 520 4208 ut
565 4169 672 4224 quo
713 4170 811 4225 per
861 4155 1201 4227 disciplinam
1251 4159 1408 4230 ligari
1453 4161 1777 4230 dissimulat,

183 4260 258 4301 eo
287 4260 347 4300 se
373 4246 621 4300 esuriens
649 4261 748 4316 per
776 4246 1117 4302 voluntatum
1144 4249 1470 4306 desiderium
1504 4263 1741 4323 spargat.

260 4334 560 4390 Fencratur
578 4337 805 4392 Domino
845 4340 933 4406 qui
958 4341 1234 4395 miseretur
1261 4345 1524 4413 pauperis,
1548 4354 1598 4399 et
1625 4347 1779 4401 vicis—

179 4423 474 4486 situdinem
507 4446 660 4485 suam
697 4431 874 4486 reddet
905 4434 973 4486 ei.
1014 4431 1152 4488 Iluic
1186 4437 1468 4492 sententiae
1496 4439 1780 4496 veritatem

177 4523 386 4594 probat
412 4523 528 4594 ipse
561 4522 823 4580 Dominus
851 4541 976 4581 cum
1012 4542 1072 4582 se
1105 4527 1505 4599 eleemosynam
1535 4530 1782 4587 facienti-

179 4615 293 4670 bus
321 4614 569 4670 daturum
589 4630 710 4672 esse
731 4617 995 4687 praedicit.

263 4706 441 4761 Erudi
470 4707 640 4776 ﬁlium
670 4718 841 4774 tuum,
882 4725 944 4763 ne
972 4709 1243 4780 desperes;
1271 4712 1341 4766 ad
1368 4711 1779 4782 interfectionem

180 4808 370 4853 autem
399 4797 514 4868 ejus
543 4815 787 4867 neponas
827 4799 1058 4854 animam
1106 4811 1270 4855 tuam.
1334 4801 1648 4871 Subjcetum
1686 4804 1778 4857 tibi

179 4889 491 4961 quemlibet
510 4888 553 4943 si
599 4903 786 4943 errare
829 4890 1132 4960 conspicis,
1183 4891 1468 4961 diligenter
1511 4895 1781 4964 castigare

180 4985 404 5034 curato.
436 4979 599 5045 Quasi
635 4979 817 5034 curari
862 4981 1062 5045 renuit,
1096 4980 1170 5035 ita
1210 4996 1337 5052 erga
1368 4983 1516 5038 illum
1549 5000 1783 5040 cnrcum-

181 5077 382 5141 specie
406 5077 458 5123 et
488 5078 852 5140 temperanter
901 5087 1019 5144 age,
1071 5088 1139 5128 ne
1173 5074 1301 5143 quid
1336 5078 1559 5132 omnino
1590 5079 1642 5132 in
1678 5081 1782 5136 tuis

180 5160 378 5217 verbis
409 5161 490 5216 vel
516 5163 725 5217 actibus
753 5164 892 5220 unde
929 5165 1159 5235 amplius
1180 5177 1367 5237 peccet
1393 5170 1654 5226 inveniat.
1683 5171 1780 5227 Cui

182 5254 381 5313 sensui
409 5254 705 5325 opitulatur
735 5255 867 5312 illud
897 5259 1039 5328 quod
1058 5255 1304 5328 sequitur
1328 5278 1344 5315 :

262 5342 374 5410 Qui
396 5344 670 5416 impatiens
701 5355 793 5412 est,
829 5348 1099 5402 sustinebit
1128 5350 1423 5406 damnum:
1450 5364 1498 5409 et
1533 5373 1652 5410 cum
1690 5377 1780 5415 ra-

182 5435 391 5506 puerit,
428 5436 574 5490 aliud
612 5448 854 5509 apponet.
894 5439 953 5494 Si
980 5444 1126 5496 enim
1157 5442 1356 5499 duritia
1404 5451 1782 5506 contradicen-

187 5528 264 5584 tis
287 5526 474 5584 fratris
499 5543 660 5599 quem
694 5511 911 5587 erudire
939 5533 1172 5604 ctnpisti,
1207 5547 1533 5606 provocatus
1569 5542 1685 5612 ipse
1719 5545 1777 5599 in

183 5620 547 5691 impatientia
593 5623 784 5679 vitium
834 5625 1054 5692 labaris,
1103 5628 1364 5686 damnum
1397 5633 1642 5703 profecto
1675 5645 1778 5692 tua:

184 5712 415 5768 virtutis
457 5712 710 5769 incurris.
755 5715 825 5770 Et
860 5730 984 5771 cum
1027 5715 1178 5772 illum
1220 5719 1407 5777 durius
1445 5725 1777 5798 increpando

188 5802 338 5860 forte
365 5816 518 5875 spem
535 5806 906 5875 promerendae
929 5806 1118 5866 salutis
1144 5811 1474 5884 agendaque
1499 5817 1777 5886 poeniten-

1882 3343 1990 3382 non
2021 3331 2120 3384 erit
2151 3331 2442 3402 impunitus
2465 3350 2484 3388 :
2509 3344 2560 3388 et
2586 3336 2676 3406 qui
2705 3335 2943 3407 loquitur
2967 3342 3246 3397 mendacia
3270 3345 3480 3413 peribit.

1953 3420 2022 3476 Et
2062 3423 2422 3494 osimpiorum
2459 3427 2675 3505 devorat
2705 3428 3055 3501 iniquitatem.
3085 3433 3240 3489 Sicut
3272 3435 3485 3492 famelio

1883 3527 1980 3569 cus
2025 3504 2178 3570 reﬁci
2222 3516 2363 3573 cibis
2408 3504 2701 3586 desiderat,
2741 3520 2822 3576 ita
2859 3523 3062 3592 impius
3088 3533 3147 3579 ut
3175 3525 3482 3598 iniquitatis

1883 3607 2233 3662 exsecutione
2261 3609 2516 3675 satietur,
2542 3610 2797 3666 ardenter
2820 3609 3078 3682 exquirit.

1960 3693 2160 3750 Parata
2207 3707 2329 3752 sunt
2373 3698 2696 3754 deds‘oribus
2725 3701 2962 3771 judicia,
3006 3686 3052 3758 et
3094 3705 3272 3760 mallei
3299 3707 3484 3786 percu.

1882 3791 2064 3845 tientes
2088 3791 2370 3847 stultorum
2399 3795 2724 3864 corporibus.
2760 3797 2826 3852 Et
2848 3799 2894 3853 si
2914 3802 3150 3870 reprobi,
3180 3804 3321 3858 sicut
3343 3820 3482 3875 pra:-

1884 3881 2089 3936 dictum
2131 3893 2237 3950 est,
2281 3885 2366 3938 vel
2400 3884 2664 3953 jussionis
2718 3896 2774 3942 et
2803 3891 3246 3959 comminationis
3286 3894 3483 3954 divina:

1878 3973 2142 4043 judicium
2203 3977 2487 4043 derident,
2549 3989 2743 4047 parata
2801 3989 2980 4037 tamen
3025 3999 3120 4039 eos
3165 3996 3484 4056 exspectant

1877 4063 2086 4134 judicia
2123 4067 2510 4133 damnationis,
2543 4083 2664 4137 quae
2694 4079 2753 4124 ut
2781 4071 2962 4126 mallei
2985 4072 3190 4129 ferrum
3219 4078 3480 4146 candens,

1885 4157 1961 4212 ita
1991 4173 2085 4214 eos
2111 4159 2166 4214 in
2202 4158 2426 4215 fornace
2457 4161 2718 4232 gehennae
2747 4162 2866 4217 sine
2893 4163 2997 4218 ﬁne
3026 4167 3335 4222 verberent.

2485 4253 2714 4310 CAPUT
2752 4254 2874 4310 XX.

1958 4340 2184 4412 Propter
2227 4343 2393 4414 frigus
2421 4345 2567 4416 piger
2590 4362 2748 4400 arare
2769 4346 2934 4401 noluit
2959 4365 2978 4403 :
3003 4350 3341 4407 mendicabil‘
3355 4372 3477 4426 ergo

1886 4441 2088 4498 testate,
2120 4441 2168 4486 et
2199 4449 2302 4486 non
2327 4435 2542 4489 dabitur
2561 4437 2628 4491 ei.
2657 4437 2759 4505 Qui
2789 4454 2934 4496 nunc
2958 4453 3182 4512 propter
3216 4444 3481 4514 desidium

1887 4524 1942 4579 in
1959 4523 2060 4577 Dei
2091 4525 2315 4579 servitio
2353 4525 2602 4582 laborare
2643 4531 2904 4602 neglexit,
2953 4544 3186 4590 venturo
3214 4539 3302 4591 die
3330 4541 3480 4610 regni

1816 4629 1864 4686 ι)
1888 4613 2242 4678 mendicabit,
2283 4622 2339 4669 et
2366 4630 2471 4670 non
2508 4616 2726 4688 dabitur
2771 4622 2843 4686 ei,
2871 4625 2996 4692 quia
3026 4638 3365 4698 quaecunque
3391 4646 3480 4684 sc-

1886 4707 2182 4762 minaverit
2229 4709 2414 4775 homo,
2456 4709 2573 4764 haec
2597 4718 2652 4765 et
2680 4722 2866 4767 metet.
2898 4715 3042 4772 Bene
3068 4719 3214 4773 enim
3250 4734 3478 4791 regnum

1885 4799 1982 4856 Dei
2009 4802 2185 4856 aestati
2226 4796 2595 4870 Compar-ator,
2653 4805 2780 4873 quia
2830 4814 2958 4860 tunc
3012 4812 3267 4866 maeroris
3310 4815 3479 4867 nostri

1887 4894 2069 4949 nubila
2120 4903 2424 4963 transeunt,
2457 4905 2512 4952 et
2535 4897 2661 4953 vitae
2682 4899 2797 4955 dies
2836 4901 3026 4955 aeterni
3067 4885 3212 4958 solis.
3230 4905 3478 4960 claritate

1886 4989 2210 5060 fulgescunt.

1957 5081 2147 5138 Justus
2186 5086 2276 5155 qui
2309 5083 2546 5140 ambulat
2574 5087 2631 5141 in
2658 5086 2994 5158 simplicitate
3017 5107 3134 5154 sua,
3162 5091 3338 5147 beatos
3360 5093 3476 5164 post
3519 5166 3526 5175 '

1885 5190 1939 5229 se
1959 5174 2097 5242 ﬁlios
2120 5176 2460 5248 derelinquet.
2485 5177 2600 5233 Non
2628 5180 2730 5234 hoc
2755 5181 3048 5236 secundnm
3072 5182 3308 5238 litteram
3337 5200 3478 5240 scm-

1884 5280 1984 5334 per
2011 5273 2156 5321 stare
2183 5276 2382 5336 potest,
2417 5283 2543 5322 nam
2576 5277 2630 5323 et
2663 5270 2856 5327 beatus
2889 5272 3128 5339 Samuel,
3161 5275 3245 5328 vir
3294 5275 3475 5345 justus

1887 5374 1951 5412 ac
1981 5359 2209 5430 simplex
2233 5361 2523 5416 dissimiles
2545 5363 2629 5417 sui
2658 5362 2797 5419 ﬁlios
2824 5360 3066 5435 'reliqu't'l,
3093 5376 3149 5422 et
3173 5366 3355 5424 Achas
3390 5371 3476 5424 in-

1880 5451 2062 5520 juslus
2102 5468 2165 5505 ac
2195 5454 2455 5520 reprobus
2503 5455 2723 5510 beatum
2770 5459 2892 5528 post
2934 5475 2994 5513 se
3036 5458 3205 5514 ﬁlium
3259 5463 3478 5533 reliquit

1889 5542 2197 5598 Ezechiam.
2225 5542 2331 5598 Sed
2355 5544 2494 5599 ﬁlios
2504 5545 2638 5614 justi
2663 5549 2791 5603 dicit
2814 5543 2928 5616 eos,
2957 5552 3049 5620 qui
3079 5553 3324 5624 exempla
3346 5554 3478 5622 justi

1889 5645 2205 5704 sequuntur.
2241 5634 2393 5691 Unde
2438 5652 2583 5692 nunc
2624 5653 2818 5695 omnes
2855 5640 3011 5696 electi
3055 5651 3280 5712 propter
3311 5642 3477 5701 ﬁdem

1888 5724 1984 5779 ﬁlii
2008 5725 2258 5783 dicuntur
2294 5725 2547 5794 Abrahae,
2575 5735 2713 5784 teste
2737 5730 2998 5809 Apos'tolo
3025 5737 3117 5803 qui
3145 5735 3256 5787 ait:
3287 5733 3348 5790 Si
3374 5751 3476 5790 au-

1884 5826 1990 5873 tem
2021 5831 2112 5872 vos
2137 5813 2356 5889 Christi,
2387 5835 2512 5891 ergo
2541 5820 2769 5878 Abraluz
2793 5821 2982 5880 .semcn
3017 5825 3142 5881 estis
3185 5821 3327 5899 (Gal.
3356 5826 3474 5899 ιιι),
