3910 6366
431 377 535 434 7ιό

1078 372 1164 443 Β.
1206 366 1460 424 RABANI
1497 365 1716 425 MAURI
1753 363 2070 421 ARCIIIEP.
2112 361 2422 421 MOGUNT.
2462 361 2750 422 OPERUM
2788 363 2968 420 PARS
3000 363 3067 420 lli

3603 359 3710 413 7“

432 494 627 564 quibus
667 486 942 547 beatitudo
992 501 1098 542 non
1142 484 1304 555 hujus
1329 483 1530 549 saeculi,
1569 483 1664 538 sed
1692 481 1860 537 futuri
1886 494 2012 550 pro-
2037 481 2092 542 Α
2117 485 2317 539 munda
2340 497 2461 539 esse
2491 489 2546 538 et
2571 488 2718 536 recta
2743 493 2910 549 opera
2954 474 3191 546 intellige
3217 493 3230 529 :
3257 472 3431 541 Quem
3463 485 3596 526 vero
3622 469 3712 526 bis

430 586 684 642 mittitur.
711 583 863 640 Unde
885 594 1034 637 recte
1064 577 1408 648 subiungitur
1431 595 1444 653 ς
1663 631 1668 636 ,

504 675 618 731 Rea:
639 676 728 746 qui
749 673 887 728 sedet
909 673 967 726 in
991 669 1121 725 solio
1153 668 1350 739 judicii
1387 668 1610 738 dissipat
1646 674 1795 722 omne
1817 665 2017 719 malum

429 769 623 822 intuitu
667 782 782 821 suo.
845 763 913 818 Et
941 762 989 820 si
1033 762 1178 818 enim
1215 761 1272 815 in
1310 761 1412 815 hac
1433 760 1543 815 vita
1572 759 1729 816 electi
1758 756 1900 812 mala
1923 771 2020 827 pa-

433 859 639 914 tiuntur
677 863 1055 928 reproborum,
1098 853 1190 908 ubi
1221 851 1543 928 universalis
1568 850 1758 921 judicii
1781 849 1897 904 dies
1924 863 2019 918 ap-

428 949 690 1021 paruerit,
723 949 906 1005 omnia
936 946 1077 1014 mala
1114 945 1471 1016 dissipantur,
1511 951 1566 998 et
1594 940 1868 998 coronatis
1894 955 2017 995 cum

431 1041 663 1098 Domino
701 1042 883 1112 justis,
931 1040 1031 1096 soli
1077 1054 1269 1112 poenas
1318 1035 1580 1092 subibunt
1626 1032 1832 1103 injusti,
1874 1030 2016 1102 quod

429 1134 597 1188 etiam
625 1148 770 1188 nunc
808 1148 906 1204 per
944 1139 1128 1203 partes
1167 1130 1368 1201 agitur,
1399 1143 1524 1182 cum
1557 1126 1678 1196 quis
1706 1132 2016 1180 sanctorum

431 1223 606 1279 victor
626 1222 823 1278 exierit
844 1221 910 1277 de
932 1220 1153 1286 szeculo,
1193 1219 1290 1275 sed
1318 1227 1373 1273 et
1402 1218 1492 1272 ille
1519 1216 1609 1286 qui
1638 1231 1763 1271 eum
1787 1213 2016 1269 tribula-

427 1315 521 1373 bat
547 1323 859 1384 persecutor
881 1313 1042 1386 digna
1068 1312 1227 1367 factis
1251 1309 1536 1380 receperit.
1564 1307 1751 1364 Potest
1780 1307 1866 1361 hic
1889 1319 2016 1359 ver-

427 1423 520 1466 sus
543 1416 599 1464 et
623 1405 690 1463 de
715 1406 906 1462 electis
931 1405 1124 1476 accipi,
1153 1403 1278 1474 quia
1305 1402 1507 1456 habent
1533 1397 1823 1469 aliquando
1847 1396 2018 1450 laten-

427 1503 501 1559 tia
524 1503 580 1557 in
607 1509 790 1556 mente
827 1498 990 1565 mala,
1020 1513 1142 1569 quae
1183 1497 1251 1552 ab
1289 1495 1412 1550 aliis
1451 1492 1624 1549 videri
1654 1507 1761 1547 non
1789 1496 2019 1560 possunt

427 1593 758 1658 hominibus,
791 1607 913 1662 qua:
951 1599 1130 1646 tamen
1183 1587 1444 1643 Dominus
1482 1577 1675 1649 cernit,
1707 1581 1924 1651 quando
1951 1594 2017 1633 ea

425 1683 640 1739 occulto
665 1690 914 1753 respectu
943 1681 1132 1752 gratiae
1165 1676 1420 1734 destruit.
1454 1672 1698 1740 Denique
1725 1668 2016 1724 Conversus

425 1773 685 1829 Dominus
743 1773 970 1844 respexit
1030 1771 1290 1834 Petrum;
1352 1778 1400 1821 et
1454 1764 1760 1820 recordatus
1821 1759 2013 1815 Petrus

429 1866 573 1922 verbi
601 1866 835 1931 Domini,
859 1874 966 1921 etc.
997 1851 1150 1937 (Luc.
1180 1858 1337 1931 xxii).

497 1955 633 2024 Quis
673 1966 838 2027 potest
871 1957 1044 2010 dicere
1080 1973 1099 2009 :
1133 1950 1395 2013 Mundam
1440 1956 1515 2004 est
1564 1963 1655 2002 cor
1685 1963 1878 2010 meum,
1917 1962 2018 2015 pu-

426 2063 516 2103 rus
550 2062 666 2101 sum
715 2063 747 2099 a
791 2055 1025 2116 peccato.
1062 2041 1370 2098 Notandum
1418 2039 1561 2109 quod
1595 2053 1702 2092 non
1742 2037 1857 2091 ait:
1889 2034 2022 2102 Quis

423 2146 605 2210 potest
636 2136 897 2192 mundum
928 2135 1132 2191 habere
1162 2149 1258 2188 cor
1281 2140 1335 2186 et
1363 2146 1534 2202 purus
1562 2144 1683 2185 esse
1706 2145 1736 2184 a
1761 2127 2022 2198 peccato?

426 2231 540 2296 sed,
563 2230 694 2294 Quis
715 2237 880 2300 potest
902 2228 1094 2292 dicere,
1124 2224 1322 2295 inquit,
1339 2223 1592 2277 mundum
1615 2229 1691 2275 est
1714 2237 1804 2274 cor
1823 2235 2019 2283 meum,

427 2335 594 2390 purus
636 2335 754 2373 sum
795 2336 829 2372 a
873 2325 1118 2388 peccato,
1149 2315 1278 2385 quia
1329 2311 1597 2382 suntqui,
1643 2309 1910 2380 largiente
1941 2307 2024 2361 di-

424 2413 550 2466 vina
565 2412 762 2483 gratia,
777 2416 1004 2481 possunt
1015 2409 1178 2480 juxta
1201 2407 1498 2461 humanum
1521 2403 1743 2458 modum
1768 2409 1828 2456 et
1843 2398 2024 2454 cordis

423 2511 482 2558 et
507 2502 694 2573 operis
712 2501 1036 2556 munditiam
1075 2497 1281 2553 habere
1306 2514 1318 2551 :
1345 2496 1490 2551 unde
1517 2503 1602 2550 est
1624 2493 1753 2548 illud
1783 2489 2026 2546 Domini—

426 2609 550 2648 suns
570 2612 582 2647 :
601 2593 753 2648 Beati
775 2591 972 2646 mundo
996 2590 1170 2655 corde,
1193 2589 1441 2660 quoniam
1465 2587 1563 2656 ipsi
1587 2585 1756 2639 Deum
1779 2581 2023 2638 videbunt

429 2682 650 2754 (Matth.
681 2683 760 2754 v).
797 2682 866 2736 Et
892 2683 946 2736 in
981 2679 1227 2753 psalmo:
1263 2677 1395 2744 Quis
1427 2673 1662 2731 ascendit
1703 2673 1758 2728 in
1800 2679 2023 2726 montem

427 2777 667 2842 Domini,
699 2784 791 2830 aut
820 2775 938 2845 quis
964 2773 1122 2828 stabit
1151 2775 1208 2827 in
1237 2777 1350 2826 loco
1377 2780 1558 2825 sancto
1588 2768 1741 2839 ejus?
1761 2765 2024 2820 Innocens

426 2867 670 2922 manibus
706 2875 756 2920 et
791 2863 987 2919 mundo
1009 2863 1166 2918 corde
1192 2860 1368 2935 (Psal.
1402 2859 1583 2931 χχιιι).
1614 2857 1671 2914 Si
1693 2859 1836 2914 enim
1865 2871 2026 2912 nemo

431 2964 696 3019 mundum
741 2961 907 3016 habet
955 2974 1071 3024 cor,
1125 2971 1303 3027 neque
1350 2953 1490 3010 ullus
1521 2962 1605 3009 est
1649 2967 1818 3025 purus
1843 2967 1874 3006 a
1899 2965 2026 3021 pec-

429 3064 576 3122 cato,
619 3043 962 3123 conséquens
985 3059 1070 3107 est
1102 3047 1368 3120 profecto,
1399 3055 1462 3102 ut
1483 3044 1663 3100 nullus
1686 3043 1943 3099 ascendat
1967 3041 2024 3095 in

428 3155 670 3204 montem
697 3144 936 3212 Domini,
957 3142 1139 3198 nullus
1161 3140 1443 3196 hominum
1472 3144 1580 3192 stet
1606 3137 1660 3191 in
1689 3135 1808 3190 loco
1835 3141 2024 3189 sancto

428 3242 574 3313 ejus,
605 3238 735 3312 quia
768 3253 898 3294 vero
933 3243 1150 3293 constat
1194 3232 1394 3288 multos
1433 3244 1755 3286 ascensuros
1786 3228 1840 3281 in
1869 3242 2023 3282 mou-

430 3343 540 3390 tem
580 3331 799 3387 Domini
835 3337 1184 3396 staturosque
1223 3325 1278 3378 in
1318 3330 1507 3378 sancto
1535 3321 1654 3376 loco
1681 3318 1818 3388 ejus,
1850 3328 2026 3375 restat

430 3423 621 3492 utique
652 3429 712 3475 ut
741 3419 851 3474 sint
885 3417 1042 3473 multi
1073 3404 1277 3471 mundo
1305 3412 1488 3477 corde,
1516 3419 1570 3466 et
1591 3411 1747 3481 juxta
1775 3409 2026 3464 humana:

429 3502 808 3586 possibilitatis
857 3509 1076 3564 modum
1123 3506 1244 3578 puri
1270 3521 1301 3559 a
1327 3513 1574 3575 peccato,
1614 3517 1714 3557 nec
1753 3508 1935 3556 tamen
1965 3514 2026 3555 se

431 3602 550 3674 ipse
587 3601 818 3672 quisque
851 3595 1261 3653 mundicordem
1304 3602 1360 3649 et
1402 3593 1698 3646 immunem
1739 3605 1861 3646 esse
1907 3604 2030 3659 pec.

433 3693 543 3750 cati
591 3693 797 3763 absque
830 3689 1138 3761 temeritate
1169 3684 1508 3757 pronuntiat.
1562 3682 1736 3738 Stulta
1765 3691 1848 3737 est
1875 3696 2030 3736 nam-

441 3801 546 3856 que
596 3784 831 3856 propria:
874 3781 1047 3837 laudis
1091 3777 1385 3848 iactantia,
1441 3775 1796 3832 temerarium
1834 3773 1901 3828 de
1932 3786 2030 3826 sua

439 3894 713 3954 quemque
756 3875 1066 3932 innocentia
1116 3871 1202 3927 vel
1243 3870 1455 3940 justitia
1507 3867 1730 3938 gloriari
1761 3885 1772 3918 :
1799 3866 1873 3919 Et
1903 3864 2031 3934 quia

441 3982 569 4031 sunt
594 3973 688 4044 qui
717 3986 816 4027 sua
843 3969 1068 4025 laudare
1102 3965 1257 4037 quasi
1289 3963 1473 4029 fortia,
1504 3960 1878 4033 proximorum
1903 3971 2035 4012 vero

437 4066 582 4122 facta
623 4062 790 4118 veluti
834 4061 966 4116 vilia
1012 4058 1191 4115 solent
1235 4055 1564 4127 improbare,
1615 4061 1762 4108 recte
1809 4049 2035 4122 subjun-

440 4157 604 4229 gitur.

516 4244 735 4301 Pondus
759 4252 808 4298 et
835 4240 1065 4315 pondus,
1108 4254 1358 4294 mensura
1379 4245 1427 4291 et
1450 4251 1722 4300 mensura,
1759 4243 2036 4302 utrumque

444 4325 795 4395 abominalbile
821 4335 964 4406 apud
991 4333 1297 4388 Dominum.
1339 4329 1622 4386 Diversum
1652 4321 1887 4395 namque
1909 4339 2039 4395 pon-

447 4432 549 4486 dus
572 4429 626 4483 in
648 4428 808 4483 domo
831 4439 927 4479 sua
951 4422 1222 4477 diversam
1245 4420 1408 4474 habet
1435 4430 1768 4479 mensuram,
1797 4424 1855 4469 ut
1880 4414 2038 4469 aliter

444 4519 697 4576 videlicet
723 4512 1047 4583 sibimetipsi
1078 4511 1236 4565 aliter
1266 4509 1524 4563 metiatur
1555 4506 1822 4576 proximo,
1863 4503 1956 4573 qui
1981 4503 2036 4554 in

444 4615 560 4673 suis
599 4625 813 4682 semper
867 4609 1082 4664 actibus
1121 4621 1244 4677 quae
1291 4600 1517 4665 laudari,
1548 4599 1604 4653 in
1633 4598 1862 4653 aliorum
1902 4610 2033 4651 vero

444 4721 568 4779 qua:
593 4701 886 4773 vituperari
918 4699 1130 4769 possint
1153 4696 1387 4750 rimatur
1417 4711 1429 4745 :
1461 4692 1529 4746 Et
1555 4690 1678 4744 ideo
1709 4688 1868 4742 talem
1887 4685 2036 4755 justo

446 4797 795 4856 abominetur
817 4792 1103 4856 Dominus,
1148 4789 1273 4858 quia
1302 4786 1559 4842 nimirum
1605 4791 1863 4853 quantum
1909 4781 2038 4837 sibi-

451 4886 664 4958 metipsi
707 4884 912 4952 absque
944 4879 1156 4934 meritis
1186 4877 1386 4948 placet,
1431 4884 1642 4930 tantum
1680 4887 1916 4943 superno
1953 4873 2036 4925 in-

449 4977 687 5049 spectori
723 4976 917 5030 merito
943 4972 1212 5043 displicet.
1259 4967 1461 5023 Verum
1503 4968 1630 5038 quia
1678 4964 2040 5035 periculosum

451 5077 537 5126 est
561 5068 756 5137 cuique
783 5065 850 5119 de
875 5065 1048 5118 aliena
1090 5061 1419 5118 conscientia
1449 5061 1715 5130 judicare,
1763 5058 1917 5128 cujus
1957 5057 1991 5120 ii
2013 5085 2039 5095 -

451 5158 750 5215 tentionem
790 5153 930 5209 scire
977 5153 1182 5222 nequit,
1225 5153 1318 5206 dat
1341 5151 1646 5214 consilium,
1680 5147 2040 5220 quibusjudi-

453 5251 554 5307 ciis
583 5248 847 5322 judicium
890 5246 1063 5322 nostri
1090 5244 1271 5299 cordis
1309 5258 1438 5312 erga
1464 5243 1771 5311 proximum
1807 5242 2038 5313 dirigere

455 5340 770 5405 debeamus,
797 5352 924 5392 nam
951 5321 1218 5406 sequitur.

528 5429 614 5486 Ea:
633 5429 822 5484 studiis
860 5427 971 5481 suis
998 5424 1310 5496 intelligitur
1335 5440 1484 5494 puer,
1513 5425 1557 5478 si
1591 5437 1787 5478 munda
1818 5432 1865 5477 et
1901 5432 2040 5477 recta

461 5523 559 5578 sint
611 5536 766 5591 opera
799 5518 912 5589 ejus
978 5517 1363 5587 Quemcunque
1411 5514 1554 5569 enim
1602 5515 1890 5571 virtutibus
1929 5524 2042 5570 stu-

464 5612 590 5670 .lere
615 5610 900 5681 conspicis,
929 5609 1080 5664 verbi
1102 5610 1298 5679 gratia,
1336 5607 1636 5673 modestiae,
1671 5606 2037 5671 continentiae,

469 5705 725 5762 mditioni
769 5703 1116 5775 sapientium,
1167 5710 1222 5757 ct
1265 5702 1627 5757 observantiae
1659 5701 2038 5756 mandatorum

469 5797 578 5854 Uni,
629 5794 969 5856 maximeque
1022 5791 1318 5847 humilitati
1369 5806 1432 5847 ac
1485 5792 1816 5862 simplicitati
1875 5790 2036 5861 hujus

2120 573 2454 629 contrarium
2484 572 2589 627 iter
2618 579 2804 626 tenere
2832 567 3211 638 deprehendis,
3247 567 3395 620 hunc
3429 563 3580 618 velut
3608 562 3712 616 ini-

2121 663 2306 746 mundi
2331 677 2396 718 ac
2421 661 2635 718 distorti
2677 659 2858 715 cordis
2900 657 3177 713 hominem
3221 664 3316 711 aut
3355 655 3630 724 corrigere
3656 660 3715 705 et

2122 743 2409 826 caStigare,
2443 761 2539 808 aut
2566 749 2614 808 si
2641 751 2749 808 hoc
2775 765 2886 806 non
2926 749 3076 804 vales
3113 748 3308 812 vitare,
3343 761 3405 802 ac
3437 743 3714 801 declinare

2098 858 2189 899 -ne
2225 843 2377 899 abeo
2407 844 2522 914 ipse
2557 849 2788 898 curato:
2814 852 2916 896 nec
2949 836 3125 894 videri
3167 837 3504 892 contrarium
3529 833 3713 899 debet,

2119 935 2262 1004 quod
2304 935 2394 990 hic
2431 933 2659 997 studiosi
2694 932 2850 1005 pueri
2875 929 3076 986 munda
3106 945 3227 985 esse
3271 944 3336 984 ac
3376 943 3505 983 vera
3545 939 3716 996 opera

2122 1030 2373 1080 testatur.
2424 1024 2601 1096 Supra
2627 1038 2759 1079 vero
2791 1023 2904 1077 ait:
2937 1021 3068 1088 Quis
3105 1031 3270 1093 potest
3301 1020 3476 1082 dicere
3499 1037 3518 1073 :
3546 1017 3713 1072 Munn-

2121 1113 2250 1168 dum
2281 1125 2356 1169 est
2399 1131 2489 1169 cor
2517 1131 2714 1180 meum,
2759 1129 2924 1184 purus
2966 1129 3084 1166 sum
3131 1130 3163 1166 a
3203 1110 3455 1181 peccato?
3502 1108 3564 1164 In
3612 1109 3719 1164 hoc

2121 1211 2267 1266 enim
2317 1224 2479 1264 versu
2523 1207 2763 1264 studium
2808 1215 2956 1263 recte
2998 1206 3215 1260 vivendi
3259 1203 3491 1259 suadet:
3521 1200 3580 1254 ln
3622 1198 3716 1254 illo

2119 1302 2596 1373 praesumptionem
2635 1299 2870 1370 propriae
2900 1297 3156 1368 puritatis
3198 1293 3498 1357 dissuadet,
3532 1293 3588 1346 in
3614 1290 3716 1345 isto

2122 1393 2444 1448 munditiam
2467 1400 2525 1447 et
2551 1390 2955 1454 rectitudinem,
2995 1387 3170 1459 qualis
3213 1386 3269 1441 in
3314 1385 3416 1438 hac
3453 1382 3565 1436 vita
3596 1393 3717 1435 esse

2115 1484 2389 1555 iustorum
2423 1491 2604 1555 potest
2643 1484 2801 1538 docet
2830 1481 3178 1545 habendam;
3222 1478 3282 1533 In
3319 1477 3411 1532 illo
3441 1473 3714 1530 subtilita-

2122 1586 2232 1633 tem
2278 1576 2447 1632 divini
2492 1575 2779 1640 examinis,
2809 1589 2916 1644 qua
2946 1573 3240 1628 hominum
3268 1569 3411 1624 facta
3445 1576 3504 1623 et
3539 1567 3717 1621 inten-

2125 1670 2300 1724 tiones
2346 1669 2606 1740 dijudicat
2655 1675 2844 1723 monet
2883 1681 3101 1736 semper
3137 1674 3263 1719 ante
3295 1662 3482 1719 oculos
3508 1661 3717 1716 baben-

2123 1761 2268 1817 dam.
2318 1761 2468 1817 Unde
2495 1770 2551 1817 et
2581 1761 2731 1815 illum
2787 1760 2964 1815 locum
3017 1758 3224 1826 antiqui
3276 1743 3601 1825 interpretes
3644 1753 3715 1807 ita

2044 1839 2094 1900 Β
2128 1855 2524 1911 transtulerunt
2553 1872 2565 1909 :
2601 1853 2734 1908 Cum
2767 1853 2959 1908 sederit
2992 1867 3085 1906 rea:
3109 1851 3297 1920 juxtus
3325 1850 3380 1902 in
3405 1846 3537 1902 solio
3559 1847 3716 1916 judi-

2125 1949 2212 2013 cii,
2241 1949 2356 2018 quis
2385 1947 2700 2018 gloriabitur
2741 1955 2947 2000 castum
2990 1961 3045 2000 se
3085 1944 3276 1997 habere
3313 1955 3443 1996 cor:
3471 1950 3562 1996 aut
3599 1940 3716 2010 quis

2124 2041 2437 2112 gloriabitur
2479 2040 2735 2094 mundum
2775 2055 2830 2101 se
2861 2056 2970 2094 esse
3005 2056 3039 2092 a
3065 2037 3318 2108 peccato?
3351 2035 3448 2103 Qui
3485 2043 3540 2094 et
3571 2036 3717 2094 lmnc

2125 2148 2285 2202 quem
2338 2131 2661 2202 exponimus
2710 2130 3038 2185 versiculum
3090 2127 3436 2185 manifestius
3486 2145 3720 2199 posuere

2124 2223 2368 2278 dicentes
2395 2240 2407 2276 :
2439 2220 2656 2276 Iuvenis
2689 2221 2780 2292 qui
2811 2237 2929 2274 cum
2963 2223 3114 2290 justo
3142 2229 3237 2288 est,
3275 2221 3474 2274 directa
3503 2221 3602 2273 erit
3634 2220 3718 2273 ria

2131 2317 2298 2373 illius.
2333 2317 2435 2385 Qui
2485 2318 2630 2373 enim
2674 2332 2797 2372 cum
2827 2317 3161 2390 sapientibus
3210 2318 3454 2389 graditur
3499 2317 3719 2386 sapiens

2126 2409 2253 2474 erit,
2283 2408 2427 2465 sicut
2471 2423 2504 2464 e
2545 2417 2738 2464 contra
2781 2408 2988 2465 amicus
3030 2409 3320 2465 stultorum
3357 2406 3622 2463 eiﬁcietur
3648 2407 3722 2462 si-

2126 2503 2288 2560 milis.

2197 2596 2394 2651 Aurem
2453 2597 2752 2652 audientem
2791 2606 2839 2652 et
2874 2609 3083 2652 acutum
3123 2596 3412 2662 videntem,
3460 2593 3720 2648 Dominus

2131 2689 2251 2757 fecit
2280 2699 2580 2761 utrumque.
2627 2690 2831 2746 Aurem
2877 2691 3188 2746 audientem
3235 2690 3368 2745 dicit
3418 2689 3718 2744 auditorem

2132 2780 2284 2836 verbi
2307 2781 2674 2848 obedientem,
2716 2781 2934 2838 oculum
2963 2782 3238 2837 videntem
3279 2781 3555 2837 doctorem
3595 2796 3722 2837 cru-

2129 2869 2322 2925 ditum.
2357 2869 2526 2926 Nemo
2557 2885 2687 2942 ergo
2713 2886 2836 2926 cum
2865 2885 2924 2926 se
2953 2870 3357 2942 Scripturarum
3382 2871 3608 2928 scientia
3635 2873 3718 2927 in-

2132 2965 2384 3019 stitutum
2421 2972 2476 3018 et
2516 2965 2582 3018 ad
2618 2963 2906 3018 dicendum
2951 2965 3176 3018 verbum
3223 2962 3321 3017 Dei
3359 2963 3556 3019 viderit
3601 2962 3721 3017 ido-

2130 3069 2316 3120 neum,
2358 3053 2622 3125 despiciat
2646 3053 3050 3124 simplicitatem
3093 3053 3299 3120 fratris,
3343 3056 3435 3126 qui
3475 3056 3576 3110 etsi
3617 3057 3721 3110 mi-

2130 3159 2234 3199 nus
2277 3143 2469 3199 doctus
2504 3144 2571 3199 ad
2609 3144 3035 3214 praedicandum,
3079 3159 3185 3198 non
3223 3152 3406 3200 tamen
3436 3145 3614 3199 minus
3643 3153 3724 3200 cst

2129 3241 2412 3304 promptus
2434 3235 2503 3288 ad
2528 3234 2842 3289 discendum
2874 3233 2959 3290 vel
2988 3232 3056 3288 ad
3075 3232 3408 3304 implendum
3437 3234 3577 3290 bona
3603 3249 3727 3302 qua:

2129 3324 2353 3390 didicit;
2386 3325 2483 3380 sed
2512 3324 2735 3390 recolat,
2775 3325 2904 3395 quia
2928 3325 3020 3394 qui
3050 3326 3154 3380 sibi
3185 3325 3450 3394 majorem
3481 3327 3726 3382 scientiae

2131 3415 2361 3486 gratiam
2389 3414 2558 3480 dedit,
2593 3415 2707 3484 ipse
2736 3414 2890 3469 fratri
2919 3431 3040 3485 qua:
3062 3416 3229 3471 habet
3256 3416 3555 3488 spiritualia
3579 3417 3721 3472 dona

2132 3506 2344 3561 tribuit.
2377 3506 2487 3561 Nec
2517 3507 2619 3562 sibi
2649 3516 2874 3579 propter
2914 3522 2972 3563 se
3022 3509 3382 3575 solummodo,
3423 3509 3518 3567 sed
3557 3510 3723 3565 etiam

2131 3607 2354 3669 propter
2388 3598 2576 3654 fratris
2609 3601 2893 3655 commoda
2941 3600 3132 3654 tribuit
3171 3600 3311 3655 dona
3351 3616 3472 3670 quae
3520 3601 3722 3666 voluit,

2135 3691 2268 3745 dans
2317 3691 2610 3761 unicuique
2657 3691 2890 3762 gratiam
2942 3690 3245 3747 secundum
3280 3706 3591 3748 mensuram
3631 3692 3725 3749 do-

2136 3781 2375 3836 nationis
2401 3796 2531 3836 sum.

2210 3871 2338 3926 Noli
2362 3872 2576 3943 diligere
2593 3874 2854 3928 somniant
2879 3891 2943 3928 ne
2965 3884 3014 3928 te
3035 3885 3234 3946 egestas
3260 3878 3519 3947 opprimat
3543 3893 3563 3931 :
3585 3877 3727 3947 aperi

2139 3963 2316 4018 oculos
2347 3974 2464 4019 tuos
2495 3975 2542 4018 et
2572 3975 2815 4020 saturare
2855 3966 3103 4036 panibus.
3140 3965 3263 4024 Noli
3314 3969 3538 4040 diligere
3586 3985 3728 4026 som-

2139 4055 2288 4109 nium
2333 4055 2544 4124 peccati
2596 4063 2650 4109 et
2696 4055 2906 4111 inertiae
2935 4097 2949 4123 ,
3006 4056 3074 4112 de
3123 4072 3232 4130 quo
3278 4058 3574 4129 Apostolus
3613 4060 3725 4114 ait:

2140 4145 2292 4201 Hora
2324 4156 2398 4201 est
2419 4147 2540 4216 jam
2571 4162 2664 4201 nos
2705 4146 2770 4202 de
2788 4163 2970 4210 somno
3012 4165 3224 4220 surgere
3272 4147 3451 4220 (Rom.
3477 4151 3623 4222 xui).
3657 4151 3730 4206 Ne

2141 4245 2194 4289 te
2231 4235 2279 4290 si
2328 4250 2471 4290 nunc
2513 4235 2653 4290 bene
2690 4235 2916 4306 vigilare
2946 4252 3054 4291 non
3077 4237 3182 4304 vis,
3224 4249 3440 4310 egestas
3466 4240 3519 4294 in
3551 4241 3730 4295 futuro

2141 4327 2232 4381 illa
2257 4326 2605 4398 gravissima,
2640 4326 2733 4381 ubi
2763 4341 2862 4382 nec
2893 4328 3094 4382 stillam
3137 4344 3293 4398 aquae
3329 4346 3492 4385 unam
3544 4331 3730 4387 sitiens

2142 4418 2389 4472 invenire
2418 4431 2587 4486 queas
2613 4426 2862 4486 occupet.
2905 4417 3066 4488 Aperi
3114 4419 3301 4474 oculos
3333 4421 3411 4474 tui
3455 4423 3638 4481 cordis
3669 4422 3731 4478 ad

2142 4508 2356 4578 vigilias
2403 4522 2606 4573 sacras,
2648 4515 2703 4563 et
2738 4508 3079 4566 saturitatem
3119 4509 3216 4564 tibi
3270 4511 3591 4580 gaudiorum
3625 4529 3734 4568 cm-

2145 4603 2362 4658 lcstinm
2404 4602 2541 4656 bene
2587 4601 2819 4657 vivendo
2850 4603 3128 4673 conquire.
3161 4602 3357 4657 Malum
3385 4611 3492 4669 est,
3531 4605 3731 4661 malum

2141 4705 2246 4762 est,
2266 4695 2399 4750 dicit
2427 4695 2604 4750 omnis
2635 4703 2867 4766 emptor,
2896 4704 2952 4750 et
2983 4711 3103 4750 cum
3130 4697 3441 4761 recesserit,
3470 4707 3601 4756 tunc
3625 4697 3733 4768 glo-

2149 4787 2401 4842 riabitur.
2426 4786 2567 4856 Ergo
2584 4794 2640 4842 et
2665 4787 2710 4841 is
2733 4787 2824 4856 qui
2853 4795 3054 4841 aeterna
3080 4787 3134 4842 in
3163 4785 3314 4842 cmlis
3340 4786 3564 4855 prmmia
3589 4802 3733 4841 com-

2145 4893 2343 4949 parare
2389 4878 2680 4942 desiderat,
2722 4877 2922 4932 malum
2961 4885 3065 4941 est,
3109 4877 3250 4944 quod
3279 4876 3333 4929 in
3362 4877 3617 4944 praesenti
3648 4877 3734 4932 de-

2148 4971 2242 5025 bet
2274 4970 2563 5034 sustinere,
2598 4979 2656 5023 ut
2681 4984 2805 5023 cum
2841 4967 3128 5023 recesserit
3149 4967 3214 5020 de
3244 4968 3448 5021 mundo
3478 4972 3607 5023 tunc
3628 4971 3735 5040 glo-

2150 5062 2340 5126 rietur,
2383 5071 2568 5131 aperte
2610 5059 2962 5131 perspiciens,
3006 5057 3127 5127 quia
3170 5073 3273 5110 non
3309 5068 3430 5111 sunt
3461 5060 3734 5129 condigna:

2147 5158 2414 5226 passiones
2459 5157 2617 5228 hujus
2649 5153 2896 5225 temporis
2933 5152 3002 5206 ad
3040 5152 3276 5222 futuram
3313 5151 3574 5222 gloriam,
3624 5168 3736 5223 qua:

2149 5249 2460 5305 revelabitur
2487 5249 2541 5302 in
2565 5247 2710 5301 nobis
2735 5244 2912 5316 (Rom.
2942 5243 3082 5317 vui).

2221 5341 2424 5395 Aurum
2457 5350 2502 5393 et
2529 5337 2809 5393 multitudo
2848 5353 3194 5407 gemmarum,
3230 5344 3279 5390 et
3321 5351 3415 5390 uas
3449 5341 3734 5404 pretiosum

2150 5436 2290 5492 labia
2326 5436 2578 5491 scientiw.
2611 5431 2737 5488 Haec
2761 5441 2846 5487 est
2870 5432 3118 5503 gloriatio
3158 5430 3420 5500 sapientis
3449 5430 3734 5501 emptoris,

2149 5527 2261 5598 qui,
2291 5527 2528 5596 quandiu
2561 5523 2771 5590 emerit,
2801 5523 3000 5578 malum
3041 5535 3160 5577 esse
3209 5520 3338 5574 dicit
3367 5521 3517 5591 quod
3552 5533 3733 5575 secum

2150 5618 2359 5688 agitur;
2387 5631 2510 5671 cum
2539 5623 2718 5670 autem
2741 5614 3051 5679 recesserit,
3081 5611 3351 5666 laetabitur
3379 5627 3439 5666 se
3463 5612 3730 5681 sapienter

2149 5709 2365 5764 emisse.
2399 5706 2490 5761 Sic
2515 5707 2714 5760 etenim
2738 5706 2903 5761 etiam
2933 5701 3348 5772 caelestisregni
3378 5709 3617 5770 emptor,
3649 5697 3729 5752 ubi

2149 5800 2276 5859 hinc
2298 5797 2587 5855 recesserit
2609 5798 2916 5864 essultabit,
2936 5793 3274 5865 comperiens
3300 5790 3448 5847 labia
3473 5786 3733 5851 scientia.
