3910 6338
138 428 242 482 745

894 432 1256 489 EXPOSITIO
1292 433 1360 488 lN
1397 432 1787 490 PROVEHBIA
1831 431 2235 489 SALOMONIS.
2273 463 2343 474 —
2376 433 2504 490 LIB.
2547 435 2610 490 ll.

3291 437 3397 491 ’146

131 542 186 598 id
210 551 316 608 est,
345 543 606 598 doctrinae
641 546 919 614 spiritalis,
948 564 1053 618 qua
1083 564 1213 604 usus
1236 559 1318 604 est
1353 550 1408 603 in
1435 562 1716 618 compara-
1745 550 1789 609 Α
1820 544 1876 598 1η
1899 546 2022 611 hoc,
2041 548 2236 617 inquit,
2261 550 2604 605 manifestum
2626 551 2816 616 claret,
2841 552 2963 620 quia
2987 551 3246 622 quidquid
3270 554 3398 608 boni

135 633 276 688 tione
312 635 635 704 ctelestium,
676 653 831 704 auro,
871 639 1099 710 gemmis
1133 649 1188 694 et
1226 641 1367 695 vasis
1400 655 1521 696 esse
1566 639 1707 694 assi-

132 726 372 782 milanda
400 729 677 798 pretiosis.

199 814 394 872 Suavis
417 831 492 874 est
519 821 716 874 homini
739 821 888 890 panis
921 823 1200 888 mendacii,
1239 832 1286 876 et
1325 833 1502 893 postea
1527 823 1710 893 imple-

129 905 272 962 bitur
317 927 373 965 os
421 912 538 982 ejus
588 911 812 966 calculo.
855 912 913 968 In
941 928 1260 985 quocunque
1301 916 1544 971 membro
1587 916 1708 985 quis

129 1000 362 1072 amplius
383 1004 708 1074 peccaverit,
732 1005 786 1059 in
805 1019 869 1060 eo
889 1006 1152 1076 ampliora
1179 1006 1232 1060 in
1252 1006 1452 1062 ultione
1475 1009 1709 1076 patietur

127 1097 420 1149 tormenta.
459 1093 610 1151 Unde
635 1105 784 1151 recte
811 1097 904 1167 qui
925 1098 980 1152 in
1000 1097 1182 1167 lingua
1219 1100 1392 1169 magis
1421 1099 1700 1170 delinquit,

125 1179 184 1236 in
206 1196 270 1238 ea
296 1184 417 1254 plus
442 1200 664 1242 arsurus
689 1202 809 1242 esse
835 1188 1172 1257 perhibetur,
1203 1189 1330 1244 dum
1353 1205 1415 1246 os
1436 1191 1554 1262 ejus
1587 1193 1701 1248 cal-

123 1271 272 1340 culo,
312 1276 403 1345 qui
433 1286 516 1332 est
539 1276 675 1346 lapis
704 1278 919 1349 ignitus,
962 1280 1276 1350 replendum
1302 1281 1702 1349 esse'relertur,

121 1363 269 1433 quod
307 1367 570 1424 accidisse
604 1377 818 1424 constat
851 1370 1002 1424 diviti
1025 1371 1100 1424 illi
1122 1373 1210 1441 qui
1240 1362 1551 1441 epulabatur
1574 1391 1703 1444 quo-

121 1453 252 1508 tidie
296 1457 598 1528 splendide,
640 1475 762 1515 cum
804 1461 859 1514 in
897 1461 1110 1517 inferno
1154 1463 1349 1518 ardens
1394 1463 1705 1534 refrigerari

119 1544 225 1600 sibi
271 1563 301 1600 a
348 1547 554 1604 Lazaro
595 1549 830 1620 linguam
872 1551 1106 1621 petebat.
1153 1550 1288 1606 Nam
1318 1554 1411 1622 qui
1440 1553 1495 1608 in
1526 1554 1705 1611 verbis

119 1650 340 1708 semper
390 1642 576 1697 vacuis
633 1643 690 1697 in
731 1642 997 1714 epulando
1053 1643 1369 1711 deﬂuxerat,
1420 1646 1474 1700 in
1524 1647 1703 1719 lingua

118 1729 299 1799 magis
327 1732 570 1787 ardebat.

191 1817 262 1872 Et
292 1824 380 1891 qui
418 1822 606 1877 revelat
641 1826 909 1895 mysteria,
955 1836 1005 1880 et
1045 1827 1276 1881 ambulat
1320 1827 1696 1897 fraudulenter,

1812 635 1974 691 habet
2001 638 2232 706 quisque
2263 653 2292 691 a
2320 653 2378 693 se
2417 639 2531 707 ipso
2573 656 2678 695 non
2706 641 2888 706 habet,
2917 643 3009 696 sed
3039 659 3135 712 per
3162 643 3395 714 gratiam

1809 723 1926 791 Dei,
1949 727 2093 796 quod
2125 741 2224 782 nec
2249 743 2344 800 per
2369 728 2450 783 sui
2477 728 2779 784 libertatem
2810 729 3021 785 arbitrii
3051 731 3226 802 qualis
3256 732 3399 790 futu-

1808 831 1900 870 rus
1955 818 2056 885 sit,
2111 819 2344 888 qualiter
2398 827 2454 875 et
2505 821 2737 892 quandiu
2790 823 3030 878 victurus
3091 823 3400 898 intelligere

1807 908 2025 976 poterit.

1888 1000 2065 1057 Ruina
2104 1012 2178 1057 est
2219 1003 2443 1057 hominis
2495 1003 2745 1058 devorare
2793 1017 3024 1071 sanctos,
3052 1015 3100 1060 et
3129 1017 3244 1078 post
3275 1020 3394 1066 vota

1809 1105 2110 1151 retractare.
2162 1093 2294 1149 Cum
2333 1103 2614 1166 peccatum
2651 1096 2722 1150 sit
2748 1095 2840 1150 ulli
2869 1096 3148 1152 hominum
3175 1114 3392 1166 nocere.

1809 1195 2015 1257 quanto
2046 1186 2218 1257 magis
2248 1195 2349 1253 est,
2385 1202 2507 1242 cum
2550 1187 2672 1256 quis
2711 1198 2929 1243 sanctos
2971 1187 3064 1243 Dei
3108 1189 3397 1247 offenderit

1807 1277 1922 1333 sive
1950 1276 2171 1341 laeserit,
2201 1285 2255 1330 et
2280 1278 2440 1348 quasi
2483 1277 2588 1333 vile
2615 1278 2943 1348 mancipium
2973 1295 3071 1349 pro
3097 1280 3252 1336 libitu
3283 1297 3396 1339 sum

1807 1356 2099 1441 voluptatis
2121 1385 2216 1426 eos
2239 1379 2475 1426 tractare
2517 1386 2626 1426 non
2671 1373 2930 1427 timuerit.
2961 1373 3240 1441 Quomodo
3261 1390 3395 1444 qua-

1806 1460 2056 1531 draginta
2082 1461 2185 1515 viri
2214 1459 2269 1514 in
2300 1460 2509 1516 actibus
2537 1460 2918 1530 Apostolorum
2956 1467 3306 1529 devoverunt,
3331 1481 3394 1524 se

1805 1566 1914 1606 non
1961 1551 2402 1616 manducaturos,
2445 1566 2619 1622 neque
2668 1553 2931 1610 bibituros
2971 1557 3144 1611 donec
3181 1557 3393 1613 occide-

1804 1650 1927 1696 rent
1961 1640 2206 1706 Paulum,
2239 1650 2294 1698 et
2329 1640 2534 1713 Pagani
2583 1659 2724 1714 saepe
2767 1654 2825 1698 ut
2869 1645 3099 1716 legimus
3140 1647 3242 1702 diis
3279 1649 3394 1705 suis

1803 1727 2238 1788 Christianorum
2277 1731 2541 1788 devorare
2578 1734 2915 1804 sanguinem.
2964 1735 3114 1791 Hunc
3153 1739 3390 1794 versicu-

1805 1819 1917 1876 lum
1938 1825 2160 1894 antiqua
2181 1823 2348 1879 editio
2360 1823 2517 1894 juxta
2540 1824 2703 1898 alium
2723 1842 2938 1881 sensum
2963 1829 3141 1895 posuit
3169 1829 3387 1884 dicens:

113 1918 165 1963 et
197 1909 386 1965 dilatat
417 1914 558 1968 labia
585 1931 704 1981 sua,
733 1933 795 1969 ne
825 1917 1228 1971 commisceam.
1268 1916 1325 1972 Si
1357 1919 1478 1988 quis
1509 1918 1694 1974 volue.
1723 1914 1771 1974 B
1800 1909 2104 1982 Muscipula
2145 1923 2220 1968 est
2264 1915 2372 1968 viro
2401 1916 2560 1970 citato
2589 1917 2791 1988 aliquid
2825 1920 2888 1971 de
2919 1919 3029 1972 suis
3059 1937 3384 1975 conservare.

112 2003 190 2057 rit
241 2005 348 2059 tuis
398 2007 618 2060 misceri
669 2008 920 2063 amicitiis
969 2018 1026 2063 et
1069 2009 1211 2064 hunc
1254 2009 1453 2064 videris
1499 2010 1694 2079 prioris

110 2093 280 2148 amici
342 2095 668 2164 pandentem
726 2106 971 2164 secreta,
1031 2097 1177 2152 hunc
1229 2097 1376 2152 velut
1429 2098 1692 2168 perfidum

112 2170 273 2242 cave.

187 2277 487 2334 Hereditas
530 2281 599 2334 ad
629 2296 786 2351 quam
825 2282 1104 2352 festinatur
1128 2283 1183 2336 in
1205 2283 1482 2352 principio,
1511 2284 1566 2335 in
1595 2298 1692 2337 no-

105 2374 326 2438 vissimo
355 2375 706 2430 benedictione
731 2379 942 2431 carebit.
980 2376 1080 2444 Qui
1109 2392 1205 2446 per
1236 2377 1477 2432 avaritiae
1509 2377 1695 2446 nequi-

106 2463 247 2518 tiam
277 2465 330 2518 in
353 2465 454 2520 hac
496 2465 606 2519 vita
635 2457 977 2536 multiplicari
1025 2474 1302 2536 appetunt,
1331 2467 1383 2519 in
1418 2464 1599 2520 futuro
1625 2466 1693 2520 ab

105 2563 318 2610 aeterno
343 2557 670 2627 patrimonio
699 2557 1009 2612 exhzercdes
1038 2557 1189 2611 fiunt.
1218 2556 1388 2611 Aliter
1414 2575 1425 2610 :
1454 2556 1693 2611 Heredi-

105 2657 193 2701 tas
215 2647 286 2700 ad
315 2665 471 2716 quant
497 2649 775 2717 festinatur
805 2650 859 2702 in
891 2650 1168 2718 principio,
1211 2651 1264 2703 in
1293 2648 1570 2702 novissimo
1608 2647 1692 2702 be-

105 2739 406 2792 nedictione
436 2739 647 2792 carebit.
681 2737 782 2806 Qui
816 2739 1040 2808 gradum
1071 2739 1346 2809 regiminis
1377 2738 1688 2808 priusquam

105 2828 342 2883 subesse
373 2830 643 2895 didicerit,
681 2840 1040 2901 praeposterus
1068 2831 1282 2900 accipit,
1313 2831 1368 2884 in
1400 2830 1690 2895 novissimo

101 2919 365 2974 mercede
402 2921 812 3002 benedictionis,
841 2937 959 2992 qua:
991 2922 1144 2978 bonis
1188 2921 1486 2979 rectoribus
1536 2925 1691 2978 debe-

105 3018 221 3076 tur,
251 3012 476 3068 carebit.
523 3013 622 3081 Qui
657 3017 721 3069 ad
761 3016 1114 3070 ministerium
1147 3017 1334 3071 altaris
1369 3017 1616 3072 indoctus
1637 3026 1691 3071 et

104 3107 434 3161 temerarius
469 3108 777 3172 accesserit,
810 3117 864 3162 et
891 3108 1004 3176 ipse
1042 3109 1095 3161 in
1125 3108 1208 3162 die
1248 3108 1537 3162 novissima
1566 3122 1690 3179 gra-

105 3193 244 3248 tiam
294 3197 760 3262 remunerationis,
810 3211 928 3266 qua:
969 3198 1105 3251 bene
1147 3197 1576 3251 ministrantibus
1607 3212 1691 3252 re-

1798 1999 1992 2057 Postea
2023 2011 2200 2058 autem
2243 2019 2406 2073 quam
2452 2013 2637 2059 votum
2665 2005 2793 2062 fecit
2816 2009 3188 2075 paenitentiam
3225 2012 3336 2081 agit
3367 2029 3380 2065 ;

1796 2090 2012 2158 et-quia
2045 2091 2311 2159 utrisque,
2347 2099 2402 2146 et
2429 2092 2509 2148 eis
2555 2092 2802 2149 videlicet
2841 2097 2930 2164 qui
2974 2112 3068 2150 sua
3097 2107 3220 2153 vota
3255 2115 3384 2155 con-

1796 2187 2066 2246 temnunt,
2104 2188 2158 2235 et
2192 2181 2271 2236 eis
2310 2183 2402 2251 qui
2432 2191 2490 2238 ut
2528 2198 2623 2238 sua
2664 2193 2790 2240 vota
2821 2187 3126 2257 compleant
3166 2199 3385 2246 sanctos

1793 2277 2212 2339 persequuntur,
2261 2271 2536 2328 damnatio
2579 2281 2751 2329 restat
2790 2283 3009 2340 acterna,
3059 2287 3205 2333 recte
3257 2280 3386 2333 sub-

1797 2359 1943 2415 ditur
1967 2378 1982 2416 :

1868 2450 2100 2522 Dissipat
2127 2453 2313 2522 impios
2343 2471 2434 2529 rea:
2459 2455 2663 2524 sapiens
2689 2466 2737 2510 et
2769 2467 2948 2510 curvat
2976 2475 3133 2528 super
3155 2475 3241 2514 eos
3273 2461 3383 2529 for-

1794 2541 1979 2595 nicem.
2010 2541 2173 2597 Moris
2201 2552 2380 2598 autem
2417 2544 2585 2600 fuisse
2636 2548 2980 2615 antiquorum
3011 2558 3069 2602 ut
3093 2551 3285 2620 adepta
3316 2553 3383 2606 de

1795 2625 1951 2688 hoste
1974 2636 2198 2691 victoria
2232 2635 2467 2693 fornices
2506 2639 2604 2693 sibi
2638 2623 2930 2710 erigerent,
2970 2641 3020 2696 in
3051 2643 3245 2712 quibus
3271 2644 3382 2698 vir-

1796 2731 1970 2780 tutum
2001 2743 2220 2780 suarum
2261 2729 2446 2783 laudes
2475 2729 2860 2796 describerent,
2906 2733 2958 2786 in
2999 2732 3173 2787 Saulis
3218 2749 3380 2802 opere

1791 2813 2034 2884 legimus.
2093 2816 2352 2871 Dominus
2389 2832 2516 2891 ergo
2549 2821 2661 2883 ilex
2701 2832 2883 2876 noster
2920 2838 3026 2876 non
3057 2822 3229 2876 solum
3273 2823 3376 2876 im-

1791 2911 2000 2980 piorum
2041 2904 2269 2964 «lcstruit
2315 2911 2368 2964 in
2423 2907 2528 2964 liite
2562 2910 2854 2972 malitiam,
2906 2911 2998 2966 sed
3043 2921 3097 2965 et
3127 2927 3379 2982 magnam

1793 3015 1915 3054 cum
1947 3002 2132 3056 electis
2163 3001 2276 3055 suis
2304 3001 2544 3068 ejusdem
2571 3000 2829 3071 triumphi
2862 3000 3089 3071 gloriam
3115 3011 3375 3070 perpetuo

1793 3093 2049 3148 celebrat.
2084 3093 2235 3146 llunc
2264 3107 2479 3146 versum
2506 3092 2727 3160 antiqua
2757 3092 3039 3147 translatio
3068 3093 3146 3146 sic
3173 3093 3336 3148 habet
3362 3111 3374 3144 :

1802 3181 2092 3235 Ventilator
2113 3183 2390 3252 impiorum
2417 3196 2507 3234 rea:
2535 3179 2762 3249 sapiens,
2807 3191 2854 3232 et
2884 3181 3122 3232 immittet
3160 3180 3265 3233 illis
3295 3198 3379 3234 ro-

101 3287 464 3356 pmmmimr’
503 3289 712 3358 perdet.
750 3260 942 3342 ‘po'lest
983 3297 1038 3342 ει
1082 3289 1153 3341 ηε
1203 3288 1392 3356 accipi,
1433 3289 1559 3357 quia
1598 3260 1761 3357 (ληίλο
1793 3282 1900 3326 lant
1934 3274 2212 3337 malorum,
2253 3272 2307 3326 id
2360 3279 2464 3337 est,
2511 3285 2727 3341 poenam
2778 3270 2923 3324 nullo
2974 3271 3080 3325 line
3126 3287 3380 3326 consum-

103 3376 162 3430 iu
214 3378 468 3446 praesenti
521 3393 647 3432 suas
699 3378 798 3432 ui"
837 3377 882 3429 ci
927 3376 1039 3429 vult
1086 3375 1330 3443 injurias,
1377 3377 1465 3430 hic
1491 3392 1687 3432 corona

101 3466 387 3537 patientiae
430 3468 482 3521 in
525 3467 704 3521 futuro
749 3467 974 3520 carebit.
1014 3464 1110 3518 Cui
1145 3465 1324 3520 sensui
1352 3465 1689 3535 potissimum

103 3559 328 3613 videtur
349 3559 637 3614 convenire
667 3558 807 3627 quod
842 3556 1120 3626 seduitur:

183 3649 268 3704 Ne
282 3653 459 3705 dicas:
479 3651 716 3704 Reddam
731 3651 952 3715 malum,
965 3661 1204 3720 exspecta
1218 3650 1500 3704 Dominum
1513 3662 1558 3704 et
1571 3652 1690 3704 libe—

103 3741 244 3794 rabit
273 3753 341 3795 te.
385 3742 537 3808 Quod
564 3743 727 3797 etiam
762 3741 1030 3796 versiculo
1058 3743 1304 3810 sequenti
1336 3743 1530 3797 astruit
1567 3759 1687 3797 cum

105 3832 242 3888 dicit
268 3851 282 3885 :

177 3923 516 3978 Abominatio
537 3934 611 3978 est
628 3924 766 3994 apud
789 3923 1065 3977 Dominum
1080 3924 1282 3992 pondus
1296 3931 1343 3976 et
1363 3922 1567 3992 pondus
1590 3933 1688 3975 sta-

106 4027 221 4071 tera
241 4018 448 4083 dolosa,
475 4035 578 4073 non
597 4029 670 4073 est
691 4019 898 4072 bonum.
923 4018 1125 4087 Duplex
1152 4033 1382 4087 namque
1407 4019 1614 4087 pondus
1636 4028 1701 4072 et

107 4114 377 4162 stateram
426 4109 586 4162 habet
613 4122 709 4161 suo
739 4108 792 4162 in
825 4109 985 4162 corde
1009 4108 1267 4173 dolosam,
1295 4109 1386 4177 qui
1414 4108 1540 4162 dum
1565 4123 1688 4177 pec-

101 4197 317 4253 caverit
357 4197 470 4267 ipse
511 4199 725 4253 veniam
752 4197 942 4266 petita
966 4198 1211 4264 Domino,
1249 4207 1303 4251 et
1342 4198 1688 4252 nihilominus

100 4287 356 4360 peccanti
398 4287 452 4341 in
492 4303 548 4342 se
595 4288 798 4342 homini
849 4303 914 4341 ac
950 4288 1250 4356 poenitenti,
1283 4288 1424 4356 quod
1448 4287 1689 4356 peccavit

101 4380 385 4435 dimittere
417 4394 521 4431 non
559 4379 712 4443 vult;
769 4394 889 4432 eum
937 4380 1028 4447 qui
1075 4380 1213 4434 Deus
1249 4389 1331 4434 est
1366 4378 1580 4434 ﬂeetere
1620 4379 1686 4433 ad

99 4473 478 4527 miserandum
522 4473 775 4542 precibus
804 4473 1041 4542 satagit,
1087 4488 1207 4526 cum
1251 4473 1362 4541 ipse
1392 4474 1552 4526 homo
1580 4473 1688 4526 exi-

97 4575 256 4619 stens
296 4549 459 4617 nullis
500 4565 770 4618 hominum
816 4563 1064 4631 precibus
1101 4561 1244 4618 ﬂecti
1286 4562 1350 4616 ad
1378 4564 1682 4617 misericor-

96 4660 253 4713 diam
280 4658 468 4726 possit.
499 4657 599 4723 Qui
621 4658 744 4726 jure
765 4657 919 4725 quasi
956 4656 1174 4725 iniquus
1199 4655 1526 4725 ponderator
1553 4655 1684 4708 abo-

98 4750 352 4803 minatur
373 4766 400 4800 a
427 4748 649 4801 Domino
670 4747 794 4816 quia
817 4762 942 4801 suas
965 4745 1186 4814 injurias
1209 4747 1502 4815 graviores,
1528 4762 1688 4815 quam

99 4837 327 4893 Domini
361 4846 718 4891 mensuratur.
751 4836 910 4892 Verbi
950 4839 1142 4907 gratia,
1198 4837 1382 4890 nolens
1412 4835 1686 4904 indulgere

98 4930 150 4981 ei
208 4928 308 4995 qui
353 4941 502 4980 suam
556 4943 776 4982 uxorem
826 4927 1033 4996 polluit,
1073 4935 1127 4980 et
1168 4927 1445 4995 postulans
1473 4927 1573 4980 sibi
1601 4927 1683 4979 in-

97 5016 326 5087 dulgeri
372 5031 491 5069 cum
547 5017 684 5072 forte
741 5019 1121 5086 desponsatam
1168 5015 1381 5070 Christo
1423 5016 1682 5085 virginem

98 5102 488 5168 maculaverit,
527 5105 608 5158 vel
647 5114 794 5160 certe
818 5107 1050 5160 animam
1079 5120 1230 5159 suam
1265 5105 1373 5158 Deo
1419 5105 1471 5157 in
1508 5105 1685 5172 bapti-

97 5203 291 5253 smate
343 5205 707 5250 consecratam
759 5197 936 5268 aliqua
992 5198 1244 5252 vitiorum
1299 5197 1460 5252 sorde
1511 5195 1684 5250 {teda-

99 5290 226 5344 veri
238 5299 276 5342 t.

174 5388 219 5438 Α
278 5384 497 5438 Domino
532 5386 829 5456 diriguntur
865 5403 1070 5456 gressus
1101 5388 1215 5440 viri.
1244 5385 1561 5454 Quicunque
1588 5387 1685 5440 ho-

98 5473 324 5528 minum
365 5489 579 5544 gressus
623 5483 828 5529 rectum
869 5473 971 5527 iter
1010 5475 1284 5538 incedunt,
1333 5490 1434 5527 non
1481 5475 1538 5528 lit
1582 5475 1683 5528 hoc

96 5562 365 5622 libCrtate
395 5565 611 5619 humani
641 5566 865 5629 arbitrii,
896 5566 988 5620 sed
1017 5567 1402 5635 gubernatione
1433 5565 1574 5621 illius
1598 5567 1680 5620 cui

100 5655 244 5713 dicit
270 5653 436 5708 Isaias
461 5673 472 5706 :
501 5655 692 5710 Omnia
726 5659 861 5709 enim
883 5672 1040 5726 opera
1089 5667 1287 5722 nostra,
1332 5667 1569 5727 operatus
1611 5664 1682 5710 est

105 5747 258 5802 nobis
285 5744 420 5817 (Isa.
453 5746 618 5816 xxvr).

185 5839 321 5904 Quis
355 5847 526 5890 autem
560 5837 823 5891 hominum
855 5838 1139 5908 intelligere
1163 5850 1325 5909 potest
1352 5841 1485 5893 viam
1509 5856 1676 5894 suam.

482 5929 752 5992 PATBOL.
795 5930 958 5992 CXI.

1792 3364 2062 3416 mandam.
2105 3361 2201 3416 Cui
2236 3361 2481 3416 videlicet
2511 3369 2644 3416 rotae
2673 3370 2863 3416 contra
2887 3370 2971 3416 est
3012 3377 3210 3417 corona
3256 3364 3383 3418 vitae

1790 3461 2022 3515 aeternae,
2049 3468 2213 3522 quam
2242 3454 2389 3506 misit
2413 3453 2556 3506 Deus
2582 3452 2928 3522 diligentibus
2954 3469 3030 3508 se.

1861 3543 2098 3598 Lucerna
2124 3542 2341 3598 Domini
2374 3543 2694 3612 spiraculum
2738 3544 2983 3608 hominis,
3022 3563 3138 3615 qua:
3165 3547 3373 3600 investi—

1789 3645 1876 3705 gat
1903 3635 2077 3688 omnia
2113 3643 2310 3689 secreta
2334 3635 2544 3689 ventris.
2580 3635 2754 3688 Divini
2785 3634 2996 3690 amatus
3026 3637 3371 3702 illuminatio,

1789 3742 1911 3780 cum
1929 3728 1984 3781 in
2000 3735 2179 3782 mente
2199 3727 2434 3782 hominis
2446 3726 2670 3789 venerit,
2689 3741 2809 3780 eam
2830 3727 3147 3797 sibimetipsi
3174 3727 3372 3782 illumi-

1790 3833 1926 3871 nans
1955 3817 2214 3882 ostendit,
2253 3833 2372 3887 qua:
2401 3826 2528 3872 ante
2582 3815 2814 3886 Spiritus
2864 3820 3034 3872 sancti
3079 3822 3366 3875 adventum

1790 3910 2143 3977 cogitationes
2167 3925 2362 3979 pravas
2391 3919 2443 3963 et
2469 3917 2684 3980 portare
2714 3918 2925 3978 poterat
2944 3919 2997 3964 et
3024 3926 3252 3979 pensare
3276 3928 3370 3966 ne-

1789 3997 2015 4052 sciebat.

1859 4086 2155 4141 Exsultatio
2197 4087 2450 4156 juvenum
2498 4088 2749 4155 fortitudo
2789 4107 2986 4154 eorum,
3043 4101 3091 4144 et
3144 4093 3371 4161 dignitas

1787 4192 1966 4230 senum
1995 4177 2230 4231 canities.
2264 4176 2528 4231 Canitiem
2555 4177 2873 4246 sapientiam
2907 4180 3056 4233 dicit.
3093 4179 3242 4234 Tunc
3290 4192 3369 4237 et-

1787 4272 1932 4324 enim
1971 4269 2202 4325 civitatis
2228 4267 2485 4338 cujusque
2507 4271 2641 4323 bene
2662 4270 2943 4335 ordinatae,
2971 4279 3096 4328 tunc
3127 4287 3215 4326 res
3245 4289 3368 4326 san-

1787 4368 1886 4413 cta:
1922 4358 2174 4413 Ecclesiae
2207 4365 2353 4412 recte
2379 4366 2634 4428 aguntur,
2663 4373 2784 4412 cum
2808 4368 2863 4413 et
2889 4359 3139 4416 fortiores
3168 4363 3366 4432 quique

1788 4451 1990 4504 viribus
2042 4449 2364 4504 necessariis
2417 4449 2670 4503 insistunt
2716 4451 2987 4520 operibus,
3037 4460 3092 4505 et
3129 4455 3370 4509 seniores

1794 4541 1996 4608 majore
2043 4542 2325 4612 prudentia
2373 4543 2580 4612 praediti
2611 4543 2676 4596 de
2717 4543 2784 4598 iis
2829 4559 2948 4613 quae
2986 4546 3192 4614 agenda
3243 4555 3368 4600 sunt

1795 4634 2086 4689 salubriter
2114 4634 2420 4690 consulunt.

1866 4745 2022 4799 Livor
2040 4745 2264 4800 vulneris
2291 4751 2544 4817 absterget
2575 4748 2735 4813 mala,
2768 4759 2815 4802 et
2846 4749 3014 4818 plaga:
3040 4750 3093 4801 in
3122 4753 3364 4802 secretio-

1795 4836 1934 4888 ribus
1960 4837 2170 4902 ventris.
2201 4834 2334 4889 Cum
2360 4837 2502 4890 enim
2529 4839 2764 4892 exterius
2791 4840 3120 4907 pcrcutimur
3146 4841 3210 4891 ad
3235 4857 3361 4908 pec-

1795 4935 2034 4986 catorum
2065 4934 2370 4980 nostrorum
2403 4928 2714 4982 memoriam
2772 4927 2916 4980 taciti
2963 4925 3246 4996 alllictique
3277 4945 3362 4980 rc-

1793 5033 2069 5081 vocamur,
2119 5027 2171 5070 et
2200 5031 2297 5085 per
2327 5018 2429 5072 hoc
2463 5020 2604 5087 quod
2644 5018 2774 5075 foris
2811 5022 3043 5089 patimur
3071 5023 3240 5091 magis
3283 5024 3363 5074 in-

1791 5120 1874 5162 tus
1903 5108 2046 5177 quod
2071 5107 2296 5164 fecimus
2329 5110 2589 5174 dolemus,
2621 5111 2803 5180 sicque
2854 5113 2934 5175 lit,
2988 5119 3045 5164 ut
3075 5113 3214 5167 inter
3241 5113 3356 5165 vul-

1788 5215 1915 5254 nera
1951 5208 2137 5268 aperta
2167 5201 2409 5270 corporis
2443 5203 2610 5269 magis
2639 5218 2736 5256 nos
2763 5203 2945 5256 abluat
2969 5203 3120 5272 plaga
3151 5213 3356 5258 secreta

1787 5292 2010 5356 ventris,
2038 5292 2162 5360 quia
2192 5300 2345 5345 sanat
2376 5293 2644 5362 nequitias
2691 5295 2840 5363 pravi
2873 5295 3050 5363 operis
3087 5295 3354 5348 occultum

1786 5383 1976 5438 vulnus
2025 5384 2238 5439 doloris.
2307 5384 2454 5439 Solet
2500 5387 2692 5456 quippe
2745 5389 2946 5441 ventris
3003 5389 3356 5457 appcllationc

1786 5491 1937 5531 mens
1978 5477 2166 5546 accipi,
2215 5479 2338 5546 quia
2372 5479 2508 5533 sicut
2558 5488 2740 5532 venter
2769 5481 3037 5534 consumit
3075 5495 3242 5540 escas,
3285 5481 3355 5532 ita

1786 5581 1936 5620 mens
1966 5569 2342 5635 pertractanda
2388 5569 2636 5638 excoquit
2665 5585 2851 5634 curas,
2903 5570 3038 5624 sicut
3067 5570 3356 5623 divisiones

1786 5669 2066 5722 aquarum,
2116 5656 2187 5708 ita
2219 5672 2310 5709 cor
2342 5656 2480 5726 regis
2525 5657 2578 5710 in
2606 5673 2762 5711 manu
2789 5657 2902 5712 Dei.
2945 5657 3124 5724 Quare
3147 5673 3239 5712 cor
3268 5672 3351 5709 re-

1787 5746 1887 5816 gis,
1925 5755 1979 5800 et
2008 5761 2112 5800 non
2161 5747 2335 5815 potius
2363 5748 2600 5802 onmium
2645 5750 2918 5803 hominum
2961 5749 3015 5803 in
3056 5764 3214 5802 manu
3262 5749 3353 5801 Dei

1788 5851 1905 5891 csse
1931 5836 2205 5904 perhibet,
2240 5853 2360 5892 cum
2390 5839 2647 5910 scriptum
2674 5840 2761 5907 sit,
2801 5840 2938 5906 Quia
2964 5841 3017 5893 in
3065 5855 3220 5892 manu
3244 5837 3355 5906 ejus

2847 5935 2921 5994 “2’s
