3910 6348
537 461 639 516 ’147

1216 455 1277 512 Β.
1305 450 1573 511 ’ΒΑΒΑΝΙ
1607 452 1828 509 MAURI
1863 450 2114 508 ARClIlE

2223 449 2534 508 MOGUNT.
2573 450 2859 508 OPERUM
2893 448 3073 509 PARS
3106 453 3193 510 Ill.

3702 452 3804 509 748

526 585 650 633 sunt
671 592 846 631 omnes
875 575 1007 645 ﬁnes
1027 582 1179 628 terra:
1208 571 1381 644 (Psal.
1411 573 1583 645 χειν),
1614 572 1717 628 nisi
1745 573 1885 627 forte
1906 585 2113 642 regem,
2140 570 2217 637 A,
2299 568 2395 622 Vir
2417 569 2510 639 qui
2534 570 2783 623 erraverit
2807 586 2841 624 a
2869 570 2952 623 via
2974 568 3249 635 doctrinae,
3276 568 3333 622 in
3359 575 3490 622 casta
3514 566 3808 638 gigantium

527 677 773 727 sanctum
820 683 1088 739 quemque
1112 666 1374 737 appellat,
1405 666 1499 737 qui
1524 666 1779 722 vitiorum
1805 648 1943 721 bella
1972 664 2026 718 in
2058 656 2116 718 se

528 765 644 834 ipse
677 762 895 818 vincere
921 770 977 817 et
1010 763 1269 817 virtutum
1295 760 1486 816 militia
1533 762 1683 817 novit
1720 761 1929 831 stipari.
1963 758 2116 815 Sicut

527 855 673 908 enim
710 851 970 908 Dominus
1000 851 1280 907 multiﬁdis
1322 857 1592 922 aquarum
1622 851 1976 907 divisionibus
2001 859 2113 905 ter--

526 958 711 998 rarum
747 942 882 998 ﬁnes
908 942 1015 1011 late
1046 940 1205 997 simul
1236 948 1290 995 et
1318 942 1464 997 aeris
1491 941 1700 1012 implet,
1743 942 1874 1013 tegit
1896 956 2111 1012 quoque

524 1032 683 1102 aquis
708 1033 987 1103 superiora
1011 1029 1311 1087 caelorum:
1354 1033 1427 1086 ita
1459 1032 1744 1104 corltegis
1793 1048 2114 1103 quocunque

523 1120 754 1177 voluerit
800 1120 1043 1176 inclinat.
1109 1120 1246 1189 Quia
1292 1122 1432 1177 sicut
1476 1121 1771 1179 divisiones
1813 1123 2113 1192 gratiarum

515 1212 676 1284 juxta
700 1210 1035 1267 voluntatem
1072 1227 1227 1266 suam
1257 1221 1313 1267 et
1339 1212 1546 1283 angelis
1591 1221 1645 1267 et
1679 1212 1987 1268 hominibus
2016 1212 2113 1267 tri-

518 1304 661 1370 buit,
700 1304 776 1359 ita
802 1305 967 1359 etiam
1008 1304 1172 1359 corda
1229 1312 1542 1360 sanctorum
1576 1304 1986 1374 quibuscumque
2020 1319 2115 1358 vo-

520 1391 702 1458 luerit,
730 1393 891 1466 digna
920 1394 1300 1452 donationibus
1323 1395 1520 1461 reddit,
1549 1409 1728 1465 neque
1752 1394 1914 1449 ullum
1946 1396 2112 1449 habet

518 1481 881 1555 Pelagianism
907 1484 1108 1553 locum,
1162 1500 1270 1556 quo
1298 1487 1505 1557 absque
1533 1486 1629 1541 Dei
1656 1485 1829 1556 gratia
1858 1485 1981 1557 quis
2006 1484 2113 1540 sal-

518 1589 621 1631 vus
644 1574 764 1630 ﬁeri
789 1562 982 1645 possit.

1104 1685 1332 1743 CAPUT
1368 1684 1512 1743 XXI.

588 1817 844 1873 Perversa
890 1820 975 1873 via
1022 1819 1123 1873 viri
1169 1818 1345 1873 aliena
1371 1829 1490 1873 est:
1530 1818 1620 1888 qui
1664 1826 1842 1887 autem
1878 1815 2107 1871 mundus

516 1916 613 1973 est,
659 1918 858 1963 rectum
913 1925 1042 1979 opus
1068 1910 1205 1979 ejus.
1254 1906 1407 1963 Juste
1453 1923 1635 1962 coram
1669 1906 1896 1961 Domino
1927 1907 2107 1961 vivere
2137 1921 2185 1982 Β

514 2000 798 2073 proprium
826 2008 910 2055 est
942 2000 1192 2054 humanae
1212 1999 1561 2063 conditionis,
1591 1999 1735 2052 unde
1783 1997 1910 2052 alibi
1941 1997 2109 2052 dicit:

520 2091 688 2146 Deum
710 2093 832 2144 time
850 2100 899 2159 et
921 2091 1175 2145 mandata
1194 2092 1311 2161 ejus
1352 2090 1587 2157 observa,
1619 2091 1717 2145 hoc
1736 2100 1813 2144 est
1835 2090 1972 2144 enim
1998 2106 2114 2144 ont-

516 2184 598 2237 nis
624 2182 777 2235 Immo
807 2182 999 2252 (Eccli.
1026 2181 1147 2254 xu).
1185 2182 1257 2235 At
1298 2183 1389 2251 qui
1418 2198 1673 2252 perverse
1718 2182 1852 2236 vivit
1883 2182 2115 2236 alienam

515 2271 760 2345 proiecto
801 2287 834 2326 a
870 2274 1108 2328 humana
1136 2280 1332 2327 natura
1378 2274 1523 2327 viam
1579 2272 1800 2327 incedit.
1848 2272 2116 2327 Perversa

516 2378 647 2435 ergo
676 2364 818 2418 actio
849 2364 1027 2418 aliena
1070 2372 1153 2418 est
1178 2371 1234 2417 et
1260 2372 1448 2419 contra
1480 2374 1751 2419 naturam.
1798 2363 1901 2431 Qui
1931 2372 2114 2417 autem

516 2456 752 2509 mundus
777 2455 930 2509 estin
949 2469 1133 2523 opere,
1167 2454 1254 2509 hie
1276 2466 1424 2510 recte
1444 2456 1587 2526 quod
1613 2471 1712 2526 per
1738 2464 1988 2509 naturam
2011 2455 2115 2510 ori-

515 2550 771 2623 ginaliter
796 2550 1048 2619 sumpsit,
1075 2550 1409 2620 exsequitur.

588 2641 780 2696 Melius
808 2652 881 2694 est
909 2642 1085 2694 sedere
1105 2641 1161 2694 in
1192 2641 1385 2709 angulo
1417 2639 1644 2694 domatis
1667 2658 1827 2710 quam
1855 2658 1975 2695 cum
1998 2656 2115 2694 mu-

514 2734 642 2789 liere
663 2734 894 2804 li.igiosa
918 2734 971 2787 in
1000 2720 1154 2786 ιιοῆιο
1177 2733 1460 2786 communi.
1498 2733 1647 2787 Adeo
1676 2750 1859 2787 verum
1889 2742 1971 2788 est
1998 2748 2112 2788 nic-

516 2825 622 2880 lius
644 2839 765 2879 esse
804 2832 861 2877 ut
890 2824 1079 2878 sedeas
1114 2824 1167 2876 in
1197 2823 1395 2893 angulo
1423 2821 1678 2887 domatis,
1727 2822 1779 2876 id
1810 2831 1896 2877 est
1927 2824 1982 2877 in
2023 2839 2113 2877 se-

515 2925 662 2972 creta
692 2915 974 2970 altitudine
1024 2915 1147 2969 vita:
1171 2914 1587 2969 continentioris
1615 2929 1779 2982 quam
1815 2930 1941 2970 eum
1988 2931 2111 2969 mu-

516 3009 649 3063 liere
677 3008 814 3061 mala
844 3009 898 3060 in
933 3008 1112 3071 domo,
1144 3022 1263 3076 qua:
1292 3007 1385 3061 tibi
1418 3007 1489 3061 sit
1517 3022 1640 3061 cum
1677 3006 1763 3060 illa
1784 3008 2109 3076 communis,

518 3109 578 3154 ut
599 3098 814 3154 etiamsi
841 3098 1043 3167 optima
1074 3098 1169 3151 tibi
1198 3097 1393 3152 mulier
1415 3098 1658 3152 ducenda
1690 3096 1969 3166 offeratur,
1997 3116 2113 3155 me-

518 3191 621 3244 lius
650 3192 721 3244 sit
746 3197 1057 3259 eontempto
1087 3188 1359 3243 connubio
1385 3195 1608 3259 propter
1637 3189 1957 3245 comitatum
1986 3190 2112 3263 agni

517 3281 767 3338 cmlibem
790 3281 991 3335 ducere
1016 3280 1203 3334 vitam.

591 3394 695 3460 Qui
723 3392 932 3446 obturat
970 3407 1153 3445 aurem
1178 3408 1331 3446 suam
1355 3391 1425 3445 ad
1446 3392 1727 3447 clamorem
1756 3394 2020 3465 pauperis,
2067 3404 2117 3450 et

518 3488 625 3555 ipse
648 3483 894 3537 clamabit
924 3493 972 3537 et
1002 3500 1107 3538 non
1140 3484 1477 3539 exaudietur.
1506 3484 1848 3541 Generaliter
1878 3487 1993 3543 lucc
2021 3503 2114 3542 ae-

517 3574 768 3644 cipienda
793 3574 1059 3629 sententia
1081 3615 1097 3641 ,
1129 3582 1185 3629 et
1212 3591 1321 3629 non
1360 3576 1426 3629 de
1453 3590 1624 3646 egeno
1657 3585 1867 3630 tantum
1893 3577 1974 3631 vel
1997 3560 2118 3633 ebr-

518 3666 776 3734 poraliter
808 3664 1045 3720 inﬁrmo.
1070 3662 1209 3719 Nam
1252 3673 1307 3720 et
1332 3665 1423 3735 qui
1456 3666 1508 3719 in
1554 3666 1879 3722 criminibus
1902 3668 2115 3733 alienis,

520 3774 630 3812 non
659 3756 852 3812 all‘ectu
884 3758 1272 3813 misericordia:
1323 3775 1449 3814 cum
1470 3760 1656 3814 dolore
1685 3761 1779 3815 sed
1819 3761 2118 3830 judicantis

518 3846 797 3901 invenitur
818 3855 1011 3901 tenere
1029 3860 1339 3912 censuram,
1365 3849 1604 3902 ostendit
1626 3864 1685 3901 se
1709 3851 1940 3904 necdum
1966 3850 2119 3905 vitio-

520 3953 640 3992 rum
670 3936 877 3992 feeibus
902 3937 1219 4007 eliquatum,
1258 3920 1435 4008 neque
1462 3940 1650 3995 auditu
1676 3941 1871 3997 divina:
1892 3941 2117 3995 misera-

521 4028 683 4083 tionis
707 4027 945 4082 existere
978 4028 1216 4099 dignum.

592 4145 788 4199 Munus
821 4143 1182 4196 absconditum
1223 4145 1511 4213 exstinguat
1562 4138 1714 4210 iras,
1758 4154 1805 4199 et
1838 4146 2035 4200 donum
2063 4148 2117 4201 in

520 4237 641 4290 sinu
670 4233 1085 4303 indignationem
1116 4234 1424 4286 nutximam.
1458 4234 1557 4299 Qui
1589 4233 1724 4287 iram
1770 4234 2001 4289 districti
2032 4235 2117 4303 jn-

522 4332 680 4396 dicis,
733 4345 897 4399 quam
947 4328 1222 4396 peccando
1282 4329 1501 4393 meruit,
1557 4328 1774 4398 placare
1823 4331 2115 4401 desiderat,

522 4424 895 4493 cleemosynas
920 4422 1011 4475 det
1063 4421 1384 4489 pauperibus
1407 4461 1422 4483 ,
1475 4428 1530 4475 et
1565 4422 1665 4476 hoc
1699 4422 1841 4475 nulla
1879 4424 2115 4477 delecta-

527 4513 673 4565 tione
700 4511 904 4565 favoris
931 4510 1171 4573 humani,
1211 4510 1304 4563 sed
1335 4519 1544 4563 tantum
1593 4526 1777 4568 amore
1823 4515 2118 4569 conditoris

523 4603 616 4673 qui
666 4603 909 4657 cordium
960 4601 1173 4655 occulta
1217 4601 1475 4668 respicit;
1532 4602 1610 4655 sic
1648 4604 1791 4657 enin.
1820 4604 1881 4657 lit
1920 4621 2117 4660 munus

523 4694 921 4758 absconditum,
953 4694 1031 4748 sic
1058 4694 1122 4746 ad
1144 4692 1495 4761 mitigandam
1521 4695 1816 4749 conditoris
1839 4696 1971 4749 iram
1998 4712 2117 4764 pro-

529 4790 747 4847 licuum,
790 4784 834 4838 si
864 4784 1010 4837 nullo
1045 4792 1284 4837 extet-ine
1315 4784 1685 4838 retributionis
1718 4786 1912 4839 intuitu
1940 4788 2114 4854 porri-

526 4888 704 4950 gatur,
738 4877 817 4931 sic
844 4876 1174 4945 implebitur,
1205 4877 1347 4945 quod
1380 4876 1491 4944 ipse
1518 4878 1813 4945 pl';t't:t‘pil:
1852 4877 1920 4929 'l'c
1942 4886 2115 4930 autem

527 4972 749 5040 faciente
778 4968 1179 5036 eleemosynam,
1223 4969 1415 5021 nesciat
1448 4970 1659 5021 sinistra
1691 4981 1782 5022 tua
1804 4970 1930 5039 quid
1955 4970 2114 5037 [iaciat

528 5059 713 5111 dextra
747 5066 837 5108 tua
865 5056 1077 5125 (Matth.
1106 5058 1206 5125 γι).

600 5148 865 5203 Gaudium
877 5148 1024 5217 justo
1046 5158 1119 5201 cst
1148 5149 1321 5217 facere
1333 5148 1621 5216 judicium,
1644 5158 1691 5201 ct
1712 5167 1873 5218 pavor
1896 5166 2117 5219 operan-

529 5241 666 5294 tibus
707 5238 1050 5309 iniquitatem.
1103 5239 1311 5293 Gaudet
1335 5239 1514 5309 justus
1552 5254 1675 5295 cum
1706 5242 1861 5295 bonis
1889 5241 2116 5296 desudat

530 5331 807 5399 Operibus,
841 5329 967 5398 quia
996 5339 1178 5399 sperat
1224 5345 1281 5383 se
1318 5340 1540 5399 propter
1590 5332 1706 5385 haec
1737 5332 1891 5386 bonis
1931 5350 2112 5388 remu.

533 5422 831 5474 nerandum
875 5437 993 5475 esse
1045 5421 1410 5488 perennibus;
1469 5432 1523 5475 at
1568 5440 1696 5477 vero
1745 5425 1956 5492 reprobi
1986 5426 2110 5479 dum

532 5512 671 5565 mala
701 5527 819 5580 quae
846 5513 1010 5566 Deum
1049 5514 1387 5583 prohibuisse
1420 5525 1634 5575 nol-unt,
1666 5516 1891 5579 faciunt,
1926 5532 2118 5584 quam-

532 5604 615 5658 vis
640 5619 749 5657 sua:
776 5604 1000 5659 luxuriae
1025 5607 1421 5674 perpetratione
1440 5609 1729 5662 carnaliter
1763 5610 2115 5675 delectentur,

534 5696 731 5749 mentis
755 5703 932 5751 tamen
976 5713 1175 5767 pavore
1212 5699 1423 5755 interno
1449 5716 1636 5755 carere
1670 5709 1957 5769 nequeunt,
1990 5702 2115 5768 quia

532 5800 591 5838 se
621 5784 761 5840 mala
789 5797 1047 5857 perpetuo
1075 5803 1326 5858 passuros
1352 5805 1450 5858 pm
1494 5792 1577 5846 his
1605 5808 1724 5860 quae
1750 5790 2115 5861 temporaliter

534 5877 674 5934 male
702 5875 964 5948 fecerunt,
992 5897 1099 5938 non
1121 5880 1419 5954 ambigunt.

2219 660 2643 735 commorabitur.
2676 658 2935 730 Gigantes
2959 659 3092 714 dicit
3128 659 3432 714 immundos
3471 658 3718 728 spiritus,
3747 658 3811 712 de

2193 753 2414 821 .quibus
2464 761 2520 806 et
2544 751 2609 805 Β.
2645 750 2789 805 Job:
2836 751 2973 805 Ecce
3022 752 3291 822 gigantes,
3336 750 3544 822 inquit,
3595 758 3808 821 gemunt

2216 848 2310 903 sub
2353 847 2503 918 aquis
2530 886 2544 911 ,
2595 857 2645 900 et
2689 845 2778 917 qui
2824 845 3063 898 habitant
3119 860 3237 898 cum
3282 844 3356 898 eis
3418 842 3564 914 (Iob.
3631 840 3806 911 xui),

2218 944 2271 998 id
2311 950 2396 996 est
2425 981 2441 1006 ,
2497 940 2715 1011 superbi
2762 947 2820 994 et
2857 938 2998 995 male
3045 938 3213 993 fortes
3254 937 3477 1008 spiritus
3518 934 3812 991 daemonio-

2216 1047 2356 1097 rum,
2407 1047 2529 1086 cum
2578 1030 2661 1085 bis
2694 1045 2829 1099 quos
2883 1031 3215 1098 deeeperunt
3273 1027 3582 1082 hominibus
3631 1026 3811 1097 poenis

2215 1125 2423 1180 subacti
2460 1132 2799 1195 torquentur,
2840 1124 3035 1179 horum
3072 1123 3217 1177 enim
3248 1123 3414 1180 emtui
3454 1122 3813 1189 sociabuntur

2213 1214 2414 1284 quique
2442 1229 2473 1267 a
2502 1213 2589 1268 via
2616 1212 2866 1268 veritatis
2906 1220 3245 1278 erraverunt,
3295 1214 3410 1283 ipso
3442 1210 3629 1282 judice
3678 1220 3816 1267 alte.

2214 1312 2413 1371 stante,
2449 1306 2543 1374 qui
2577 1319 2636 1361 se
2665 1304 2772 1359 illis
2801 1304 3073 1358 dicturum
3119 1319 3243 1359 esse
3272 1304 3525 1374 praedixit
3572 1318 3588 1358 :
3636 1302 3816 1358 Disce-

2213 1396 2321 1451 dite
2360 1414 2392 1450 a
2417 1412 2520 1462 me,
2552 1394 2838 1462 maledicti,
2866 1396 2922 1449 in
2959 1394 3135 1465 ignem
3165 1404 3449 1461 internum,
3479 1395 3569 1465 qui
3606 1410 3815 1464 pra’pa-

2214 1496 2361 1539 ratus
2390 1495 2463 1539 est
2504 1484 2713 1539 diabolo
2744 1494 2794 1539 et
2835 1483 3034 1553 angelis
3069 1483 3184 1554 ejus
3224 1482 3441 1555 (Hattlt.
3477 1482 3631 1555 xxv).

2284 1574 2392 1630 Pro
2415 1577 2565 1647 justo
2593 1578 2756 1631 datur
2782 1576 2995 1647 impius,
3025 1583 3071 1630 ct
3107 1592 3201 1646 pro
3232 1575 3382 1629 rectis
3410 1575 3646 1646 iniquus.
3672 1571 3815 1627 Justi

2212 1678 2267 1726 et
2293 1671 2424 1725 recti
2453 1684 2574 1726 esse
2594 1670 2739 1725 idem
2762 1669 3036 1734 videntur,
3062 1667 3157 1723 sed
3183 1667 3349 1723 distat
3376 1666 3517 1721 inter
3538 1666 3740 1735 impios
3761 1672 3815 1719 et

2212 1762 2458 1832 iniquos,
2490 1761 2631 1832 quod
2659 1761 2829 1831 iniqui
2852 1760 2963 1815 sint
2983 1775 3173 1816 onmes
3198 1761 3451 1832 reprobi,
3477 1758 3627 1829 impii
3660 1773 3811 1823 vero,

2212 1854 2309 1924 qui
2362 1854 2657 1924 majoribus
2696 1853 2957 1923 implicati
3002 1851 3298 1907 sceleribus
3325 1893 3340 1917 ,
3390 1851 3475 1907 vel
3527 1865 3810 1920 nunquam

2217 1960 2389 2000 sacra:
2415 1945 2671 2016 mysteria
2708 1944 2833 1998 ﬁdei
2863 1951 3207 2012 receperunt,
3238 1942 3324 1997 vel
3350 1952 3471 2013 post
3490 1951 3719 2012 accepta
3743 1941 3810 1996 ad

2217 2022 2543 2107 apostasiam
2581 2037 2881 2091 redierunt.
2933 2034 3086 2090 Unde
3114 2042 3294 2105 potest
3341 2033 3440 2089 hoc
3470 2034 3525 2089 in
3562 2034 3685 2088 loco
3717 2034 3813 2087 im-

2216 2128 2337 2198 pius
2364 2128 2542 2182 omnis
2571 2128 2810 2183 ﬁdelium
2851 2135 3171 2198 persecutor
3206 2126 3382 2182 dictus
3407 2127 3597 2196 accipi.
3640 2128 3811 2182 Porro

2218 2222 2524 2290 iniquorum
2573 2221 2832 2276 vocabulo
2877 2220 3200 2289 generaliter
3240 2235 3431 2274 omnes
3487 2218 3613 2273 mali
3664 2218 3811 2274 desi-

2216 2313 2389 2383 gnari.
2429 2313 2496 2365 Et
2542 2329 2641 2381 pro
2662 2311 2810 2379 justo
2839 2313 2998 2365 datur
3022 2311 3239 2381 impius,
3282 2325 3403 2366 cum
3433 2325 3533 2379 pro
3565 2319 3810 2380 martyre

2218 2415 2554 2476 persecutor,
2586 2404 2679 2475 qui
2705 2420 2831 2460 eum
2863 2405 3023 2458 morti
3056 2404 3201 2459 dedit
3237 2404 3477 2473 punitur.
3509 2402 3616 2457 Pro
3645 2403 3811 2457 rectis

2220 2497 2386 2567 iniqui
2410 2498 2501 2567 qui
2527 2508 2713 2552 eorum
2740 2495 3001 2565 iustitiam
3028 2496 3275 2550 videntes
3296 2493 3500 2548 imitari
3528 2491 3806 2548 nolebant.

2218 2588 2460 2643 Herodes
2507 2589 2796 2642 damnatur
2841 2603 2949 2641 non
2997 2596 3206 2641 tantum
3258 2600 3359 2656 pro
3405 2586 3807 2648 innocentibus,

2216 2698 2352 2751 quos
2383 2681 2544 2750 impie
2572 2681 2691 2733 neci
2722 2679 2965 2745 tradidit,
2996 2679 3090 2733 sed
3116 2688 3172 2732 et
3197 2686 3546 2749 augmentum
3578 2677 3807 2732 damna-

2220 2771 2378 2826 tionis
2410 2770 2624 2840 accipit,
2667 2770 2791 2839 quia
2833 2767 2993 2823 ﬁdem
3037 2784 3319 2841 magorum
3353 2768 3505 2838 sequi
3549 2769 3618 2823 ad
3661 2784 3811 2837 quae-

2216 2864 2441 2918 rendum
2468 2864 2753 2917 Dominum
2785 2862 2987 2927 noluit,
3017 2877 3139 2918 cum
3173 2874 3320 2918 esset
3354 2861 3575 2918 Judaaus
3600 2871 3655 2917 et
3684 2878 3811 2933 pro-

2214 2956 2502 3025 phetarum
2546 2955 2687 3010 dicta
2727 2965 3101 3027 cognosceret.
3152 2956 3288 3012 [line
3315 2957 3515 3012 etenim
3552 2957 3813 3011 Dominus

2218 3046 2335 3101 ait:
2367 3044 2563 3117 Regina
2597 3048 2779 3101 Austri
2816 3058 2990 3118 surget
3018 3047 3072 3101 in
3092 3047 3301 3117 judicio
3329 3064 3448 3102 cum
3479 3049 3813 3118 generatione

2216 3138 2317 3191 ista
2341 3178 2357 3203 ,
2400 3148 2449 3191 et
2476 3139 2838 3193 condemnabit
2869 3156 3017 3205 eam,
3046 3149 3152 3195 etc.
3185 3139 3337 3208 (Luc.
3378 3142 3480 3211 ιι.)
3530 3140 3646 3195 Non
3684 3142 3814 3211 quia

2218 3230 2334 3300 ipsa
2360 3245 2458 3285 sua
2481 3230 2681 3285 virtute
2704 3246 2769 3285 ac
2794 3233 3031 3302 potentia
3055 3232 3457 3298 condemnabit,
3482 3232 3578 3287 sed
3606 3233 3738 3303 quia
3761 3233 3814 3287 in

2216 3321 2333 3392 ejus
2361 3324 2766 3393 comparatione
2794 3324 3319 3390 condemnabuntnr,
3348 3325 3441 3393 qui
3466 3323 3816 3380 devotionem

2216 3414 2331 3486 ejus
2355 3416 2590 3472 scientes
2613 3457 2628 3482 ,
2653 3432 2776 3472 cum
2808 3416 2979 3471 multo
3002 3416 3218 3472 facilius
3245 3423 3502 3487 possent,
3534 3416 3817 3485 sapientia:

2217 3521 2403 3562 curam
2434 3506 2854 3561 dissimulabant
2881 3507 3103 3561 habere.

2292 3595 2589 3650 Thesaurus
2661 3596 3025 3651 desiderabilis
3080 3606 3128 3650 et
3178 3596 3350 3651 oleum
3402 3598 3458 3650 in
3511 3596 3818 3651 habitacula

2211 3687 2375 3757 justi,
2405 3688 2708 3757 imprudens
2743 3687 2899 3742 homo
2926 3688 3199 3758 dissipabit
3239 3688 3392 3743 illud.
3436 3687 3674 3743 Claritas
3720 3690 3819 3743 bo—

2218 3793 2409 3832 norum
2437 3791 2660 3847 operum
2697 3777 2927 3833 Domino
2948 3793 3163 3848 semper
3192 3779 3440 3844 amabilis
3462 3788 3517 3835 et
3538 3781 3815 3850 pinguedo

2219 3866 2521 3921 dileCIionis
2576 3866 2630 3919 in
2675 3874 2990 3921 sanctorum
3042 3867 3285 3923 Ecclesia
3337 3868 3586 3938 refulget.
3636 3870 3816 3933 Quem

2220 3957 2541 4013 versiculum
2578 3956 2639 4009 B.
2672 3972 2811 4027 papa
2839 3955 3134 4028 Gregorius
3169 3959 3224 4012 in
3258 3958 3496 4013 bomiliis
3534 3958 3816 4027 Evangelii

2212 4051 2367 4121 juxta
2398 4048 2679 4119 antiquam
2708 4048 3114 4103 translationem
3140 4049 3321 4119 posuit
3349 4066 3363 4101 :
3400 4048 3701 4102 Tltesaurus
3726 4049 3817 4101 dc-

2219 4139 2515 4195 sia’erabilis
2556 4141 2827 4211 requiescit
2856 4140 2910 4193 in
2935 4157 3025 4194 ore
3054 4140 3304 4209 sapientis
3328 4155 3347 4193 :
3380 4154 3565 4193 verum
3593 4139 3815 4208 reprobi

2220 4250 2326 4287 non
2351 4240 2556 4286 tantum
2586 4233 2815 4286 virtutes
2837 4246 2942 4285 non
2969 4229 3201 4300 assequi,
3228 4230 3318 4283 s’ed
3345 4230 3510 4284 etiam
3535 4230 3813 4298 perSequi,

2219 4332 2273 4378 et
2300 4332 2561 4391 quantum
2586 4322 2769 4375 valent
2794 4322 2849 4374 in
2880 4321 3037 4375 bonis
3056 4322 3285 4374 obruere
3314 4320 3592 4374 festinant.
3626 4319 3815 4373 Potest

2220 4429 2351 4470 sane
2379 4422 2433 4467 et
2465 4413 2553 4467 hie
2580 4427 2769 4466 versus
2797 4412 2863 4465 de
2893 4411 3133 4479 quolibet
3164 4419 3463 4479 martyrum
3498 4410 3671 4478 accipi
3704 4449 3719 4471 .
3758 4412 3812 4463 in

2222 4507 2374 4575 cujus
2412 4503 2742 4570 babitaeulo,
2774 4503 2825 4557 id
2852 4512 2955 4564 est,
2982 4518 3223 4572 corpore,
3256 4504 3433 4555 anima
3472 4512 3681 4565 sancta,
3716 4501 3813 4558 Dei

2143 4631 2196 4689 Ι)
2225 4598 2472 4652 vnlelieet
2502 4600 2785 4651 thesaurus
2813 4603 3079 4657 servetur,
3111 4595 3345 4649 abundet
3386 4603 3442 4649 et
3477 4595 3662 4652 unctio
3691 4612 3812 4663 gm-

2222 4690 2309 4744 tiae
2337 4688 2593 4758 spiritalis
2635 4706 2649 4741 :
2702 4699 2759 4741 at
2798 4695 3110 4757 perseeutor
3154 4686 3466 4756 imprudens
3502 4687 3809 4755 hujusmodi

2221 4783 2585 4837 habitaculum
2614 4782 2952 4850 disrumpere
2976 4779 3518 4850 potest.Tbesaurum
3543 4796 3696 4845 vero,
3717 4780 3808 4847 qui

2222 4874 2529 4929 babitaenlo
2572 4874 2851 4928 tenebatur
2884 4882 2940 4928 et
2980 4873 3156 4927 oleum
3202 4889 3541 4943 nequaquam
3590 4883 3810 4943 tangere

2222 4975 2398 5037 potest
2426 4984 2438 5018 :
2472 4967 2613 5018 unde
2639 4965 2898 5019 Dominus
2919 4965 3076 5019 docet
3105 4981 3209 5019 non
3234 4964 3408 5017 timeri
3432 4980 3529 5017 eos
3550 4966 3646 5031 qui
3671 4966 3811 5018 occi-

2223 5063 2356 5115 dunt
2396 5076 2612 5127 corpus,
2640 5067 2695 5139 et
2735 5067 2857 5127 post
2894 5060 2998 5113 hoc
3024 5073 3131 5111 non
3168 5057 3372 5111 habent
3409 5056 3649 5127 amplius
3682 5058 3811 5127 quid

2220 5152 2443 5203 iaciant.

2290 5240 2559 5293 Civitatem
2585 5240 2801 5308 fortium
2823 5239 3052 5292 ascendit
3074 5238 3278 5307 sapiens
3294 5247 3341 5292 et
3362 5239 3622 5294 destruxit
3647 5240 3811 5293 robur

2219 5335 2430 5403 ﬁducia!
2470 5336 2606 5402 ejus.
2650 5333 2941 5387 Civitatem
2984 5331 3197 5385 fortium
3228 5333 3484 5385 mundum
3523 5332 3681 5394 dicit,
3716 5334 3807 5402 qui

2218 5424 2487 5493 quondam
2524 5423 2901 5491 malignorum
2956 5421 3240 5490 spirituum
3300 5420 3569 5489 tyrannidi
3639 5422 3809 5475 stulte

2222 5514 2476 5571 subactus
2522 5514 2825 5578 serviebat,
2873 5514 3078 5567 habens
3116 5512 3365 5565 ﬁduciam
3401 5512 3525 5565 vita:
3552 5511 3613 5565 in
3656 5514 3809 5567 cultu

2221 5623 2406 5662 eorum
2446 5608 2538 5676 qui
2575 5622 2679 5660 non
2709 5614 2832 5660 sunt
2874 5605 2969 5670 dii,
3010 5604 3103 5657 sed
3132 5617 3293 5672 opera
3322 5618 3576 5657 manuum
3624 5604 3807 5659 horni-

2222 5716 2380 5765 num;
2437 5702 2577 5754 lianc
2609 5700 2882 5753 civitatem
2929 5698 3152 5752 intravit
3185 5696 3273 5750 ille
3312 5705 3473 5751 natus
3516 5696 3567 5749 in
3609 5712 3805 5758 carne,

2218 5791 2308 5861 qui
2342 5800 2424 5845 est
2450 5791 2547 5846 Dei
2575 5791 2748 5845 virtus
2771 5799 2826 5845 et
2863 5791 2957 5843 Dei
2987 5788 3269 5858 sapientia,
3298 5787 3679 5855 destruxitque
3709 5802 3811 5857 per

2217 5898 2343 5939 suos
2369 5882 2751 5953 plmdicatorcs
2784 5882 2986 5937 cultum
3020 5880 3277 5945 deorum,
3318 5878 3373 5934 in
3410 5878 3610 5949 quibus
3651 5879 3808 5934 fuere
