3910 6400
344 381 454 442 749

1097 384 1461 446 EXPOSITIO
1494 387 1563 443 1N
1600 385 1991 446 PROVERBIA
2033 391 2440 455 SALOMONIS.
2477 429 2547 441 —-
2584 399 2710 457 LIB.
2748 402 2812 458 ll.

3474 417 3578 475 750

342 497 535 600 conﬁsi
560 498 807 600 veritatis
840 500 1047 600 ignari,
1083 507 1245 600 atque
1271 504 1326 558 in
1355 502 1458 559 ﬁde
1483 504 1781 560 cmlestium
1819 503 1915 557 do-
1939 508 1994 569 Α
2015 520 2179 600 quam
2210 522 2498 581 parumper
2522 524 2896 585 conceperant.
2942 518 3261 579 lnnoeentes
3286 539 3413 582 vero
3436 528 3580 600 Apo-

342 590 456 645 cuit
490 590 792 648 habendam
824 610 945 651 esse
972 594 1219 650 ﬁduciam
1238 635 1252 659 ,
1284 610 1404 665 qua:
1424 610 1696 664 nunquam
1734 600 1917 665 posset

343 682 570 738 destrui.
623 684 729 741 Sed
767 694 822 742 et
851 687 1088 757 quotidie
1116 687 1387 742 civitatem
1416 687 1637 743 fortium
1672 685 1916 742 ascendit

340 773 560 842 sapiens
586 782 642 829 et
674 774 907 832 destruit
951 778 1115 832 robur
1144 776 1353 835 ﬁduciae
1382 778 1497 846 ejus
1516 818 1533 845 ,
1570 794 1692 833 cum
1721 776 1915 847 aliquis

340 862 517 920 ﬁdelis
541 866 750 933 doctor,
779 876 1092 939 argumenta
1115 869 1573 940 philosophorum,
1598 869 1684 924 vel
1703 867 1916 922 haereti-

339 969 546 1023 corum,
598 958 684 1012 vel
735 960 897 1037 etiam
943 968 1290 1015 contumaces
1330 961 1630 1016 carnalium
1685 959 1913 1014 fratrum

338 1047 799 1105 contradictiones
815 1088 831 1115 ,
857 1050 1053 1119 quibus
1079 1065 1175 1106 sua
1203 1051 1409 1108 scelera
1433 1050 1721 1107 defendere
1754 1058 1810 1106 et
1834 1050 1911 1104 al-

336 1131 540 1194 leviare
590 1138 869 1204 nituntur,
912 1141 1209 1196 assertione
1250 1141 1375 1197 ﬁdei
1427 1149 1483 1197 et
1534 1141 1909 1197 ecclesiastica

337 1228 709 1298 castigationis
747 1228 1027 1301 disciplina
1074 1231 1368 1304 redarguit,
1406 1239 1570 1302 atque
1602 1232 1908 1288 eviscerans

333 1320 574 1374 annulat.

408 1412 570 1467 Testis
600 1414 827 1470 mendax
848 1415 1033 1485 peribit
1060 1429 1078 1471 ἐ
1118 1416 1197 1470 air
1225 1415 1464 1471 obedienc
1486 1414 1717 1486 loquitur
1739 1416 1903 1469 uicto-

331 1502 486 1557 riam.
530 1503 631 1570 Qui
671 1520 729 1560 se
760 1506 871 1561 Deo
910 1506 1116 1562 servire
1154 1515 1406 1573 testatur,
1446 1522 1547 1563 nec
1576 1506 1734 1563 factis
1760 1508 1903 1563 dicta

328 1593 661 1662 exsequitur,
684 1595 906 1665 peribit;
938 1596 1029 1666 qui
1064 1604 1245 1652 autem
1283 1596 1512 1653 ﬁdeliter
1530 1606 1591 1652 ut
1615 1596 1898 1665 promittit,

323 1679 491 1754 jussis
533 1686 781 1741 subditur
809 1687 1023 1753 divinis,
1073 1687 1231 1756 hujus
1270 1687 1483 1758 loquela
1520 1687 1589 1742 ad
1619 1686 1901 1741 victoriam

328 1777 611 1847 pervenit:
644 1779 769 1847 quia
794 1778 1042 1859 dum‘per
1071 1779 1485 1845 inobedientiam
1514 1794 1607 1835 sua
1635 1777 1897 1834 desideria

2016 597 2137 652 stoli
2175 603 2602 667 pertransierunt
2646 607 2839 664 itinere
2879 618 3026 666 recto
3069 612 3418 682 professionis
3467 597 3574 690 quo

2014 700 2308 778 coeperant,
2353 705 2406 748 et
2429 694 2608 751 aﬁlicti
2634 706 2760 752 sunt
2788 700 3030 768 verbere,
3060 704 3305 771 vinculis,
3331 722 3570 777 carcere,

2011 788 2068 834 et
2112 780 2228 851 ipsa
2276 783 2441 839 etiam
2500 796 2672 843 morte
2721 790 3002 857 mulctati,
3054 802 3341 863 utrumque
3392 806 3571 853 autem

2011 871 2334 941 exemplum,
2376 874 2527 929 multi
2558 892 2728 946 usque
2766 895 2909 935 nunc
2933 889 2989 936 et
3014 880 3069 935 in
3100 886 3391 940 certamine
3424 887 3566 953 ﬁdei,

2013 968 2068 1013 et
2107 961 2162 1016 in
2186 965 2561 1022 communibus
2599 979 2893 1038 sequuntur
2915 973 3143 1028 actibus.
3177 973 3328 1031 Hunc
3353 992 3572 1034 versum

2011 1052 2213 1122 antiqui
2237 1054 2558 1126 interpretes
2582 1058 2940 1128 manifestius,
2968 1065 3062 1119 sed
3087 1064 3143 1120 in
3169 1065 3330 1121 alium
3352 1082 3569 1123 sensum

2011 1144 2414 1201 transtulerunt.
2446 1148 2669 1204 Astutus
2706 1150 2895 1206 videns
2920 1156 3376 1228 nequampuniri,
3414 1156 3570 1211 valde

2008 1230 2123 1300 ipse
2161 1235 2491 1307 disciplinam
2536 1237 2749 1309 accipit.
2786 1240 3104 1311 lusipientes
3141 1252 3317 1301 autem
3350 1254 3569 1316 praeter»

2006 1335 2197 1383 euntes
2220 1329 2416 1386 damno
2437 1332 2621 1387 alllicti
2646 1342 2790 1388 sunt.

2074 1415 2227 1471 Finis
2258 1419 2524 1474 modestia
2561 1421 2716 1475 timor
2742 1422 2985 1491 Domini,
3022 1425 3216 1481 divitia
3244 1434 3295 1481 et
3326 1427 3495 1497 gloria
3517 1439 3566 1483 et

2002 1505 2468 1562 vita.-Modestiam
2497 1509 2625 1564 dicit
2647 1511 3003 1567 constantiam
3032 1528 3253 1583 operum
3281 1518 3561 1585 bonorum,

2007 1598 2252 1653 timorem
2284 1614 2415 1655 vero
2436 1598 2645 1656 Domini
2676 1601 2845 1667 illum,
2877 1604 2970 1673 qui
3004 1614 3284 1673 permanet
3315 1607 3370 1659 in
3401 1622 3566 1663 sarcu-

2001 1682 2111 1738 lum
2142 1684 2341 1741 saeculi.
2382 1686 2519 1753 Quia
2564 1688 2816 1743 nimirum
2859 1691 3117 1760 perfectio
3162 1693 3421 1747 virtutum
3461 1704 3564 1761 est,

2003 1773 2069 1828 ad
2126 1773 2270 1830 hunc
2311 1776 2476 1830 animi
2521 1784 2720 1831 statum
2765 1783 3144 1849 conscendere,
3192 1798 3297 1853 qua
3336 1786 3566 1855 gratiam

326 1867 545 1923 vincere
569 1870 788 1939 satagit,
823 1848 1203 1939 per'justitiam
1232 1867 1430 1937 judicis
1454 1869 1794 1938 postmodum
1816 1867 1898 1921 vi-
1923 1848 1974 1908 Β
2000 1868 2296 1923 conditoris
2344 1868 2429 1923 vel
2474 1870 2529 1923 in
2574 1870 2785 1926 modico
2826 1873 3111 1930 timeamus
3131 1848 3447 1943 loti—“undere,
3488 1878 3563 1932 nil

323 1960 510 2013 ctoriaa
528 1960 760 2028 palmam
787 1960 1031 2030 percipit.

404 2046 498 2103 Vir
540 2050 731 2119 impius
771 2052 1060 2121 procaciter
1083 2050 1322 2121 obfirmat
1350 2035 1547 2105 cultum
1577 2068 1770 2116 suum;
1806 2050 1895 2121 qui

322 2149 498 2195 autem
524 2151 692 2196 rectus
722 2150 816 2208 est,
845 2143 1059 2212 corrigit
1086 2143 1221 2197 uiam
1257 2159 1427 2197 suam.
1456 2143 1622 2198 Judas
1642 2144 1769 2212 quia
1794 2144 1895 2196 im-

318 2229 443 2300 pius
487 2231 649 2286 corde
689 2240 846 2297 erat,
881 2232 1129 2301 quamvis
1171 2234 1286 2301 ipso
1330 2232 1556 2288 Domino
1598 2247 1658 2288 se
1704 2233 1888 2288 redar-

320 2331 517 2390 guente
541 2363 557 2387 ,
596 2322 767 2377 uoluit
812 2322 948 2377 mala
987 2332 1163 2393 empta
1197 2324 1554 2393 restringere;
1594 2338 1755 2392 porro
1792 2323 1893 2378 Pe-

319 2418 438 2464 trus
466 2412 593 2481 quia
621 2424 802 2467 rectus
824 2419 942 2466 erat
968 2414 1151 2478 corde,
1179 2412 1232 2466 id
1258 2420 1359 2478 est,
1389 2412 1724 2467 rectitudinis
1748 2426 1891 2466 ama-

319 2511 427 2570 tor,
458 2506 781 2575 respiciente
805 2521 863 2561 se
889 2506 1117 2560 Domino
1143 2520 1269 2560 mox
1291 2505 1604 2574 ptenitendo
1631 2504 1884 2568 correxit,

314 2597 459 2667 quod
490 2596 735 2665 negando
769 2596 1011 2665 deliquit.
1074 2594 1200 2650 Non
1243 2604 1317 2649 est
1359 2595 1639 2666 sapientia,
1682 2611 1785 2648 non
1811 2602 1887 2647 est

313 2684 607 2754 prudentia,
640 2702 744 2739 non
769 2694 845 2753 est
873 2683 1148 2739 consilium
1177 2691 1359 2738 contra
1388 2681 1689 2736 Dominum.
1732 2680 1886 2747 Quie-

313 2760 547 2845 cumque
567 2775 920 2831 consiliantur
945 2784 1001 2832 et
1023 2774 1237 2846 rapiunt
1264 2773 1503 2830 bieretici
1522 2811 1538 2839 ,
1566 2771 1698 2827 nihil
1722 2779 1806 2827 est
1830 2779 1885 2827 et

312 2879 509 2921 vanum
540 2876 596 2920 et
619 2867 823 2921 inutile.

384 2952 567 3023 Equus
597 2964 818 3024 paratur
843 2954 912 3008 ad
937 2954 1073 3009 diem
1096 2953 1238 3019 belli,
1263 2952 1521 3007 Dominus
1550 2961 1723 3007 autem
1744 2951 1886 3006 salu-

312 3052 417 3097 tem
446 3044 645 3097 tribuit.
671 3044 915 3099 Hominis
935 3044 1148 3113 quidem
1175 3051 1256 3098 est
1281 3044 1390 3097 Deo
1414 3042 1615 3106 devoti,
1642 3049 1883 3111 tempore

310 3136 701 3207 persecutionis
750 3137 989 3191 animum
1041 3149 1348 3206 praeparare
1378 3173 1394 3200 ,
1447 3148 1641 3203 corpus
1687 3131 1882 3187 oﬁ‘erre

1996 1965 2218 2029 prorsus
2245 1959 2361 2029 ejus
2395 1963 2666 2017 memoriae
2691 1976 3094 2034 praeponentes,
3124 1982 3243 2036 quin
3269 1967 3395 2022 alibi
3429 1970 3559 2022 elia-

1996 2050 2128 2105 ritas
2157 2059 2379 2106 vocatur
2401 2051 2635 2122 perfecta
2653 2094 2668 2119 ,
2700 2050 2846 2110 foras
2871 2056 3094 2111 mittens
3124 2058 3410 2123 timorem,
3448 2073 3559 2111 ser-

1992 2139 2153 2195 vilem
2178 2139 2460 2203 videlicet,
2490 2149 2547 2196 et
2571 2143 2910 2211 insipientem
2929 2184 2944 2210 ,
2981 2161 3087 2215 quo
3114 2147 3307 2202 metuit
3332 2147 3561 2216 quisque

1992 2247 2061 2287 ne
2112 2232 2250 2289 forte
2294 2236 2565 2304 peccando
2616 2237 2791 2305 poenis
2842 2246 3110 2293 mereatur
3157 2240 3348 2309 subigi.
3403 2238 3559 2306 Quod

1994 2328 2173 2376 autem
2204 2322 2492 2393 subjungit,
2538 2323 2736 2380 divitiae
2762 2335 2816 2380 et
2858 2326 3027 2396 gloria
3056 2335 3111 2381 et
3137 2326 3265 2392 vita,
3296 2326 3351 2380 in
3377 2325 3559 2381 futuro

1992 2409 2277 2478 signiﬁcat,
2310 2410 2432 2467 ﬁnis
2461 2427 2588 2482 ergo
2632 2414 2906 2469 modestiie
2938 2416 3096 2470 timor
3132 2416 3371 2480 Domini,
3414 2416 3558 2470 divi-

1992 2501 2080 2555 tiae
2119 2508 2173 2557 et
2209 2502 2377 2572 gloria
2414 2512 2469 2557 et
2496 2504 2625 2558 vita.
2658 2504 2792 2571 Quia
2820 2506 3070 2560 nimirum
3105 2505 3361 2575 perfectio
3380 2507 3555 2561 virtu-

1989 2597 2103 2645 tum
2129 2593 2291 2647 estin
2330 2594 2433 2649 hac
2474 2594 2600 2659 vita,
2635 2603 2695 2648 ut
2724 2596 3006 2650 timeamus
3046 2595 3329 2649 Dominum
3362 2596 3553 2653 timore
3598 2604 3603 2607 ‘

1989 2693 2193 2748 sancto,
2214 2684 2318 2738 hoc
2338 2691 2422 2739 est
2447 2684 2656 2739 sincera
2679 2684 2826 2740 illum
2844 2685 3125 2741 dilectione
3148 2686 3409 2753 colamus,
3433 2686 3553 2743 ﬁnis

1987 2774 2244 2829 virtutum
2267 2776 2321 2829 in
2345 2775 2544 2841 futuro,
2586 2784 2644 2830 ut
2666 2778 2876 2831 divitias
2898 2777 3225 2831 hazreditatis
3252 2778 3548 2846 promissae,

1986 2864 2136 2932 regni
2164 2864 2398 2919 caelestis
2419 2865 2662 2934 gloriam,
2678 2874 2731 2921 et
2750 2867 2912 2920 vitam
2934 2868 3049 2921 sine
3074 2866 3178 2922 ﬁne
3194 2868 3552 2937 percipiamus

1985 2967 2016 3006 a
2032 2953 2274 3007 Domino.
2305 2954 2450 3009 Unde
2468 2950 2659 3009 Petrus
2679 2956 2770 3009 ait.
2795 2956 2965 3022 Quem
2979 2971 3101 3011 cum
3122 2957 3361 3011 videritis
3380 2956 3554 3011 exsul-

1987 3046 2168 3100 tabitis
2193 3046 2375 3100 lintitia
2400 3046 2744 3101 inenarrabili
2783 3054 2838 3101 et
2864 3046 3178 3117 gloriﬁcata,
3215 3054 3551 3116 reportantes

1985 3134 2148 3191 linem
2174 3136 2297 3191 ﬁdei
2322 3147 2515 3190 vestrae
2544 3137 2772 3190 salutem
2797 3137 3096 3190 animarum
3123 3144 3440 3191 vestrarum.

312 3195 628 3280 discrimini.
678 3223 783 3279 Sed
805 3224 970 3279 divini
998 3195 1083 3278 εὲι
1108 3195 1399 3291 αᾶίυιοι-ίίζ
1430 3230 1490 3276 ιιι
1512 3195 1688 3291 coepto
1711 3221 1880 3276 labori
1907 3195 1959 3262 Ο
2057 3226 2218 3279 Arma
2257 3236 2303 3279 et
2344 3225 2509 3295 gladii
2538 3226 2592 3279 in
2629 3227 2711 3280 aia
2738 3226 2965 3295 perversi
2999 3237 3168 3280 custos
3195 3227 3383 3279 anima:
3414 3242 3545 3291 sua,

310 3317 498 3388 agonis
522 3318 746 3373 victoria
769 3304 1022 3387 salusque
1052 3317 1321 3371 succedat.

383 3406 573 3460 Helius
619 3416 692 3461 est
745 3423 930 3461 nomen
981 3407 1170 3459 bonum
1227 3420 1387 3476 quam
1439 3403 1635 3456 divitia:
1680 3402 1877 3457 multis.

308 3499 513 3555 Nomen
552 3500 749 3554 bonum
772 3499 925 3564 dicit,
956 3513 1063 3553 non
1102 3496 1245 3566 quo'd
1271 3512 1303 3550 a
1328 3495 1500 3550 turbis
1529 3494 1672 3563 vulgi
1713 3494 1881 3563 impe-

308 3589 421 3650 riti.
450 3593 542 3644 sed
568 3591 710 3659 quod
754 3588 989 3643 ﬁdelium
1023 3586 1270 3657 quamvis
1292 3600 1587 3656 paucorum
1630 3586 1877 3640 testimo-

308 3682 402 3735 nio
424 3680 686 3735 laudetur.
721 3678 907 3749 Neque
929 3678 1073 3733 enim
1111 3677 1309 3731 bonum
1343 3676 1543 3730 habere
1568 3690 1764 3730 nomen
1794 3688 1880 3728 re—

308 3770 469 3841 fugit,
499 3770 591 3825 sed
621 3786 652 3824 a
677 3770 833 3825 bonis
860 3768 1032 3823 solum
1061 3766 1335 3836 quaerebat
1361 3764 1606 3828 laudari,
1643 3766 1733 3833 qui
1758 3764 1835 3818 ait
1859 3782 1875 3818 :

308 3858 369 3914 Si
420 3858 589 3913 adhuc
640 3859 931 3913 hominibus
974 3854 1252 3926 placerem,
1300 3850 1495 3907 Christi
1549 3869 1725 3907 servus
1773 3869 1877 3907 non

307 3964 493 4004 essem.
544 3947 750 4003 Nomen
804 3963 933 4017 ergo
978 3948 1176 4001 bonum
1223 3952 1305 3999 est
1350 3958 1546 3997 nomen
1603 3944 1877 4013 religionis

308 4040 453 4110 quod
483 4039 685 4093 divitiis
711 4036 1070 4092 mundialibus
1095 4038 1219 4108 jure
1255 4038 1555 4107 praefertur.
1586 4034 1720 4089 Nam
1748 4042 1802 4088 et
1831 4034 1877 4088 si

310 4132 564 4185 mundum
609 4130 729 4198 quis
775 4130 1075 4184 lucraretur
1114 4132 1446 4194 universum,
1497 4128 1691 4183 merito
1736 4126 1877 4181 hunc

304 4230 695 4285 contemneret,
740 4230 947 4274 tantum
983 4228 1045 4274 ut
1085 4235 1281 4275 nomen
1308 4219 1425 4289 ejus
1462 4220 1784 4274 scriberetur
1821 4218 1876 4271 in

307 4314 466 4379 caelo,
497 4313 720 4383 ejusque
753 4314 1012 4369 memoria
1037 4322 1091 4367 et
1116 4312 1256 4367 inter
1280 4313 1500 4383 angelos
1522 4320 1578 4367 et
1606 4312 1747 4367 inter
1778 4311 1875 4366 bo-

306 4408 480 4463 mines
504 4416 718 4464 sanctos
750 4406 1006 4473 ﬁgeretur
1029 4413 1247 4462 interna.

377 4499 544 4569 Super
563 4508 831 4567 argentum
856 4508 901 4551 et
926 4514 1117 4551 aurum
1151 4499 1321 4567 gratia
1344 4498 1495 4551 bona.
1524 4496 1671 4550 Illam
1708 4493 1871 4562 signi-
1891 4532 1948 4593 Β

306 4593 432 4646 ﬁcat
472 4591 731 4659 gratiam,
769 4604 889 4643 cum
919 4590 1040 4657 quis
1065 4605 1163 4658 pro
1200 4590 1341 4643 bono
1373 4604 1534 4659 opere
1568 4588 1813 4641 laudatur
1838 4601 1869 4640 a

305 4681 479 4736 bonis.
510 4681 676 4735 Immo
704 4696 801 4749 pro
827 4679 1035 4735 collatis
1068 4681 1117 4734 ei
1144 4681 1295 4735 donis
1322 4681 1666 4744 meritorum,
1706 4679 1871 4748 glori-

304 4769 499 4825 ficatur
516 4768 673 4822 Pater
696 4769 787 4838 qui
816 4771 868 4823 in
895 4770 1046 4824 ctelis
1068 4778 1169 4823 est.

376 4858 528 4911 Dives
553 4868 600 4911 et
626 4875 823 4927 pauper
842 4858 1169 4912 obviuverunt
1192 4858 1310 4922 sibi,
1336 4861 1602 4927 utriusque
1631 4868 1869 4927 operator

302 4952 381 5002 cst
403 4944 675 4999 Dominus.
701 4943 884 5015 Neque
900 4944 1118 5007 divitem
1142 4955 1359 5015 propter
1378 4946 1591 4999 divitias
1613 4947 1864 5011 honores,

303 5050 479 5106 neque
513 5035 689 5103 inopia
723 5049 1011 5104 pauperem
1044 5036 1335 5104 despicias,
1381 5037 1473 5091 sed
1500 5038 1601 5091 hoc
1632 5038 1684 5090 in
1716 5046 1868 5090 utro—

304 5144 413 5200 que
436 5129 625 5183 merito
651 5141 927 5192 venerare,
962 5128 1087 5196 quia
1118 5143 1250 5197 opus
1286 5136 1409 5182 sunt
1452 5129 1711 5194 divinum,
1741 5129 1866 5199 quia

307 5220 380 5275 ad
407 5220 694 5289 imaginem
732 5219 825 5273 Dei
852 5227 907 5273 et
931 5220 1331 5274 similitudinem
1355 5219 1501 5273 facti.

376 5307 610 5363 Callidus
658 5310 794 5364 videt
845 5308 1039 5363 malum
1091 5320 1138 5363 et
1192 5310 1460 5364 abscondit
1504 5326 1576 5375 se,
1624 5311 1865 5363 innocens

302 5402 601 5471 pertransiit
624 5411 671 5456 et
698 5402 912 5473 amictus
934 5412 1007 5457 est
1036 5402 1247 5457 damno.
1275 5403 1421 5458 Multi
1449 5419 1514 5457 ex
1538 5404 1867 5473 principibus

301 5491 648 5547 crediderunt
694 5494 749 5548 in
798 5494 1101 5549 Dominum.
1130 5483 1253 5550 'Sed
1295 5505 1514 5565 propter
1568 5496 1869 5550 Pharisaaos

303 5596 413 5637 non
455 5582 849 5639 conﬁtebantur
871 5592 931 5639 ut
960 5584 1028 5641 de
1074 5601 1339 5657 synagoga
1387 5604 1491 5642 non
1523 5586 1865 5662 ejicerentur.

303 5669 443 5738 Quia
465 5672 605 5726 enim
630 5681 785 5728 erant
816 5674 1015 5740 callidi,
1038 5676 1290 5730 videbant
1316 5676 1513 5730 malum
1544 5676 1870 5745 persecutio-

308 5758 421 5826 uis,
447 5761 589 5829 quod
621 5762 955 5831 imminebat,
984 5774 1039 5820 ct
1058 5765 1454 5822 absconderunt
1477 5766 1633 5820 ﬁdem
1655 5766 1869 5835 pietatis

1986 3314 2137 3385 longe
2175 3315 2365 3369 recedit
2400 3316 2464 3369 ab
2498 3317 2591 3369 eis.
2642 3314 2933 3384 Dupliciter
2961 3315 3392 3385 intelligendum,
3422 3316 3550 3384 quia

1984 3407 2224 3476 perversi
2250 3413 2304 3459 et
2330 3405 2526 3459 armati
2553 3413 2681 3460 sunt
2706 3418 2916 3473 semper
2946 3405 3012 3457 ad
3038 3404 3332 3460 nocendum
3360 3403 3547 3471 proxi-

1984 3496 2110 3560 mis,
2137 3496 2305 3549 verbo
2334 3495 2418 3548 vel
2457 3508 2620 3562 opere
2646 3493 2895 3557 scelesto,
2924 3502 2979 3546 et
3024 3494 3166 3561 ipsos
3211 3506 3421 3559 semper
3452 3506 3544 3560 pa-

1981 3592 2099 3640 rata
2141 3591 2419 3654 exspectat
2461 3582 2591 3637 ultio
2622 3581 2788 3637 divini
2836 3580 3113 3635 examinis‘
3143 3578 3243 3644 Qui
3280 3592 3403 3632 vero
3431 3578 3547 3630 ani-

1980 3689 2124 3730 mam
2151 3688 2302 3729 suam
2330 3672 2385 3726 in
2414 3679 2674 3727 aeternum
2702 3669 2898 3725 salvari
2931 3676 3203 3738 procurat,
3232 3666 3385 3733 longe
3408 3664 3545 3719 refu-

1982 3767 2059 3836 git
2085 3766 2153 3820 ab
2178 3763 2487 3833 bujusmodi
2513 3763 2677 3817 armis
2706 3771 2760 3816 et
2795 3761 2983 3831 gladiis
3004 3801 3019 3825 ,
3054 3760 3177 3828 quia
3212 3768 3267 3813 et
3309 3767 3543 3812 mentem

1980 3871 2306 3925 manumque
2350 3870 2530 3918 suam,
2565 3869 2595 3906 a
2633 3851 2997 3922 proximorum
3026 3850 3240 3903 laesione
3282 3847 3539 3912 refrenat,

1978 3954 2033 4003 et
2067 3962 2135 4002 ne
2170 3944 2630 4000 animadversione
2657 3939 2885 3996 districti
2910 3938 3105 4010 judicis
3136 3938 3250 4006 ipse
3293 3936 3536 4002 feriatur,

1977 4036 2180 4091 intenta
2211 4043 2385 4091 mente
2409 4041 2694 4104 priecavet.

2048 4126 2385 4181 Proverbium
2410 4134 2483 4179 est
2509 4140 2527 4179 :
2554 4123 2861 4177 Adolescens
2875 4122 3037 4190 juxta
3053 4120 3215 4183 viam;
3242 4119 3395 4171 etiam
3418 4133 3535 4169 cum

1975 4221 2220 4283 senuerit,
2252 4232 2353 4270 non
2388 4217 2573 4269 recedit
2611 4215 2677 4267 ab
2704 4232 2784 4268 ea.
2812 4214 3032 4268 Constat
3070 4211 3349 4280 plerosque
3377 4224 3537 4265 sene-

1976 4315 2119 4364 ctute
2166 4306 2392 4361 Domino
2417 4306 2647 4359 donante
2676 4302 2873 4357 mutari
2910 4317 2943 4354 a
2992 4301 3156 4364 vitiis,
3184 4314 3301 4367 quae
3329 4297 3538 4352 adoles-

1973 4405 2158 4452 centes
2185 4396 2502 4458 habuerant,
2532 4401 2586 4447 et
2608 4406 2641 4448 e
2662 4401 2850 4447 contra
2885 4391 3163 4445 nonnullos
3188 4390 3278 4442 illo
3302 4405 3359 4442 se
3383 4389 3536 4443 dese-

1974 4498 2167 4553 rente,
2218 4488 2470 4542 deserere
2510 4485 2650 4539 circa
2704 4484 2911 4538 senium
2964 4483 3189 4535 virtutes
3239 4480 3433 4548 quibus
3480 4478 3536 4531 In

1977 4578 2329 4634 adolescentia
2371 4576 2690 4631 videbantur
2738 4572 3009 4637 illustrari,
3059 4570 3152 4625 sed
3195 4570 3317 4640 quia
3367 4568 3535 4623 multo

1977 4669 2169 4738 saepius
2194 4668 2418 4735 quisque
2452 4680 2632 4719 mores
2658 4663 2851 4732 quibus
2877 4664 2946 4714 ab
2979 4658 3330 4713 adolescentia
3361 4657 3535 4731 imbu—

1979 4769 2063 4814 tus
2087 4766 2190 4822 est,
2220 4758 2275 4811 in
2302 4757 2563 4826 reliquum
2593 4755 2717 4807 vita:
2752 4762 2957 4823 tempus
2993 4751 3208 4819 exsequi
3233 4749 3530 4814 consuevit,

1976 4849 2313 4920 proverbium
2342 4861 2463 4901 esse
2495 4844 2643 4908 dicit,
2665 4843 2789 4911 quia
2816 4843 2954 4912 quod
2979 4842 3289 4896 adolescens
3309 4841 3535 4909 quisque

1976 4940 2217 5009 coeperit,
2251 4939 2303 4990 in
2331 4943 2544 4991 senecta
2581 4950 2687 4987 non
2734 4932 3037 4994 mutaverit,
3070 4936 3389 5008 nontamen
3418 4929 3534 4996 ipse

1976 5047 2185 5100 semper
2214 5031 2286 5084 ita
2314 5027 2529 5083 evenire
2554 5024 2837 5081 conﬁrmat
2867 5041 2881 5076 :
2914 5022 3115 5076 idcirco
3139 5029 3318 5075 autem
3349 5019 3535 5089 hujus-

1974 5122 2117 5176 modi
2154 5118 2492 5191 proverbium
2531 5115 2709 5185 ponit,
2760 5121 2815 5166 ut
2844 5112 3112 5191 auditores
3140 5124 3267 5164 suos
3294 5126 3324 5162 a
3363 5109 3535 5178 prima

1973 5220 2129 5265 aetate
2153 5186 2440 5263 virtutibus
2458 5207 2672 5261 studere
2690 5186 3025 5274 persuadeat,
3053 5215 3121 5255 ne
3142 5199 3280 5255 forte
3302 5198 3356 5253 in
3382 5213 3536 5253 sene-

1974 5310 2121 5357 ctute
2165 5316 2270 5354 non
2308 5300 2514 5368 possint
2541 5296 2747 5351 discere
2779 5293 2981 5357 studia,
3018 5291 3212 5361 quibus
3255 5289 3313 5343 in
3352 5297 3533 5343 tenera

1975 5403 2133 5449 aetate
2160 5391 2448 5461 mancipari
2479 5390 2831 5459 despexeram
2865 5404 2877 5439 :
2912 5399 3035 5445 nam
3061 5392 3116 5438 et

2099 5506 2205 5618 guo
2228 5504 2380 5613 εεῶιθι
2400 5511 2479 5554 est
2496 5503 2678 5552 imbuta
2698 5510 2875 5549 recens
2890 5497 3110 5548 servabit
3126 5494 3326 5546 odorem

2144 5576 2249 5616 ests
2323 5579 2352 5614 u
2375 5601 2390 5618 ,
3151 5588 3155 5593 .

2144 5576 2249 5616 ests
2270 5576 2352 5614 diu
2374 5601 2390 5624 ,
3151 5588 3155 5593 τ

1975 5680 2031 5727 et
2069 5670 2251 5725 Gmca
2298 5676 2483 5723 narrat
2528 5664 2749 5721 historia
2796 5659 3187 5723 Alexandrum,
3231 5654 3537 5727 potentissi-

1978 5779 2121 5817 mum
2161 5775 2341 5833 regem
2372 5760 2625 5831 orbisque
2654 5755 3004 5819 domitorem,
3045 5759 3099 5807 ct
3126 5751 3179 5805 in
3222 5746 3459 5804 moribus
3482 5752 3537 5799 et
