3910 6338
423 382 523 436 751

1022 381 1082 434 Β.
1121 379 1377 435 RABANI
1417 378 1638 436 MAURI
1671 378 1991 436 ARCHIEP.
2031 376 2340 437 MOGUNT.
2380 375 2670 436 OPERUM
2693 375 2888 432 PARS
2921 376 3008 430 lli.

3565 373 3674 429 753

422 491 478 546 in
503 489 713 546 incessu
734 490 984 546 Leonidis
1003 491 1278 561 paedagogi
1303 489 1386 543 sui
1411 504 1517 544 non
1547 488 1787 558 potuisse
1805 501 1992 543 carere
2017 494 2071 553 Α
2097 489 2306 546 ﬁdelem
2330 490 2460 554 odit,
2487 489 2750 558 perimat:
2772 487 2935 542 timeo
2964 485 3031 540 ad
3058 485 3387 542 exercendas
3411 485 3676 539 virtutum

420 581 586 647 vitiis,
613 582 806 652 quibus
835 581 1090 652 parvulus
1116 581 1291 640 adhuc
1320 579 1496 641 fuerat
1524 579 1774 634 infectus.

490 668 643 724 Diues
667 669 982 740 pauperibus
1010 669 1279 737 imperat:
1315 676 1362 721 et
1397 667 1485 737 qui
1513 667 1697 736 accipit
1728 673 1988 732 mutuum,

417 773 595 813 seruus
623 765 698 811 est
732 756 1034 826 fenerantis.
1063 755 1222 809 Patet
1242 755 1400 825 juxta
1424 755 1678 820 litteram,
1705 755 1799 809 sed
1833 762 1890 809 et
1914 754 1994 809 di-

421 851 557 906 vites
578 849 869 905 virtutibus
895 850 948 903 in
981 847 1185 916 judicio
1213 846 1410 903 occulti
1438 845 1761 916 inspectoris
1789 844 1994 914 princi-

418 953 614 1015 pantur
638 943 738 1008 eis,
789 943 896 996 imo
936 955 1126 995 eorum
1174 940 1227 994 in
1263 938 1443 992 futuro
1481 934 1692 1004 iudices
1728 935 1990 1000 existunt,

418 1038 511 1108 qui
538 1037 798 1097 virtutum
824 1035 1024 1089 divitiis
1052 1041 1260 1088 carent.
1285 1033 1354 1086 Et
1378 1031 1472 1100 qui
1497 1030 1720 1085 verbum
1741 1028 1995 1084 salutaris

419 1129 676 1186 doctrinae
718 1127 913 1198 accipit
939 1142 970 1181 a
1008 1127 1249 1191 doctore,
1290 1139 1482 1180 servus
1509 1132 1593 1179 est
1633 1123 1873 1194 ejusdem
1903 1123 1997 1176 do-

417 1219 605 1282 ctoris,
636 1217 691 1273 id
717 1228 822 1284 est,
856 1217 1065 1273 debitor
1097 1215 1356 1286 implendi
1381 1215 1566 1270 omnia
1605 1230 1726 1286 qua:
1759 1213 1848 1269 ille
1882 1219 1996 1268 ina-

418 1308 626 1379 gisterii
655 1307 892 1363 cmlestis
919 1305 1042 1375 jure
1069 1296 1330 1377 praecipit.

488 1391 593 1458 Qui
634 1392 854 1446 seminat
897 1391 1224 1462 iniquitatem
1261 1399 1412 1446 metet
1456 1389 1619 1444 mala.
1656 1387 1877 1448 Certum
1914 1396 1998 1443 est

417 1482 542 1553 quia
574 1483 621 1538 is
647 1483 738 1552 qui
768 1482 853 1537 vel
882 1484 1048 1538 verbo
1070 1482 1152 1538 vel
1177 1481 1426 1551 exemplo
1448 1481 1607 1537 docet
1632 1481 1992 1551 iniquitatem,

419 1572 645 1642 recipiet
669 1573 980 1628 vindiclam.
1045 1571 1149 1627 Sed
1179 1572 1318 1641 quia
1336 1572 1580 1640 sequitur
1605 1589 1618 1624 :

491 1664 558 1716 Et
599 1663 742 1734 uirga
777 1663 871 1717 ira:
910 1679 1021 1717 sua:
1051 1662 1518 1727 consummabitur,
1570 1661 1716 1717 illam
1762 1663 1996 1717 maxime

418 1752 754 1822 iniquitatem
772 1754 985 1808 videtur
1003 1753 1183 1808 dicere
1205 1767 1326 1822 qua:
1350 1753 1542 1808 immiti
1561 1761 1616 1806 et
1636 1753 1796 1822 impia
1818 1761 1997 1807 mente

2097 578 2336 633 actiones
2373 578 2424 632 in
2461 577 2734 648 publicum
2780 575 3052 648 progredi,
3092 591 3160 631 ne
3184 575 3322 632 forte
3347 591 3434 631 me
3461 575 3543 630 vel
3572 591 3673 631 an-

2097 669 2235 738 tiqui
2261 669 2431 724 hostis
2458 668 2756 724 adversitas
2784 668 3001 739 gravior
3032 677 3180 723 tenet
3205 668 3412 740 [Forte,
3455 667 3674 741 tentet],

2096 756 2180 812 vel
2199 757 2362 812 etiam
2385 754 2546 813 hamo
2570 757 2793 827 quilibet
2818 773 3108 828 perversus
3131 774 3254 814 cum
3279 774 3496 818 suorum
3518 759 3679 814 turba

2096 845 2369 912 derideat,
2418 847 2676 902 conviciis
2704 847 3015 914 confundat,
3069 848 3278 918 injuriis
3309 847 3528 914 alliciat,
3583 851 3682 903 aut

2096 935 2236 990 sicut
2260 936 2454 991 multos
2474 935 2765 1004 justorum,
2805 937 2932 1006 quia
2958 938 3025 992 ab
3054 937 3170 1008 ejus
3208 938 3319 993 vita
3349 938 3679 1003 discordem,

2098 1026 2380 1082 tormentis
2400 1036 2457 1081 et
2468 1035 2642 1082 morte
2655 1036 2956 1082 consumat.
2974 1026 3076 1082 Leo
3088 1069 3101 1094 ,
3118 1028 3308 1099 inquit,
3328 1029 3478 1097 foris,
3496 1029 3551 1081 in
3565 1043 3680 1081 rne-

2097 1115 2184 1169 dio
2209 1114 2501 1185 platearum
2517 1118 2826 1172 occidendus
2847 1134 2985 1184 sum,
3007 1120 3151 1189 quod
3170 1129 3355 1190 aperte
3368 1129 3451 1175 est
3472 1120 3676 1185 dicere,

2096 1214 2155 1260 et
2179 1207 2343 1262 verba
2372 1217 2428 1262 et
2459 1222 2623 1278 opera
2650 1209 2932 1275 virtutum,
2962 1210 3052 1264 ubi
3085 1211 3294 1266 ostendi
3323 1211 3466 1267 foras
3494 1226 3678 1282 cmpe-

2101 1297 2241 1362 rint,
2279 1298 2460 1352 statim
2494 1299 2797 1368 persecutio
2824 1299 2910 1355 vel
2948 1301 3227 1356 hominum
3255 1302 3338 1356 vel
3387 1302 3676 1372 spirituum

2098 1386 2466 1448 committatur
2494 1387 2908 1454 immundorum,
2950 1405 3052 1456 nec
3095 1390 3244 1446 valeo
3283 1391 3674 1446 tentationib‘us

2099 1478 2368 1543 resistere,
2401 1478 2579 1535 sedin
2609 1478 2741 1548 ipsis
2766 1479 2890 1534 boni
2913 1481 3173 1549 propositi
3204 1481 3386 1535 vincar
3416 1481 3666 1550 inceptis.

2169 1567 2343 1623 Fouea
2366 1567 2628 1638 profunda
2667 1585 2724 1623 os
2749 1568 2963 1625 alienis:
3004 1569 3089 1622 cui
3124 1571 3288 1623 iratus
3313 1579 3387 1623 est
3415 1569 3673 1624 Dominus

2099 1659 2288 1713 incidet
2313 1659 2368 1712 in
2405 1657 2572 1719 illam.
2618 1658 2719 1725 Qui
2757 1659 2916 1714 verba
2940 1660 3024 1714 vel
3065 1661 3245 1715 oscula
3276 1662 3578 1716 meretricis
3603 1662 3673 1715 li-

2099 1751 2291 1804 benter
2343 1749 2701 1819 amplectitur,
2753 1752 2906 1820 quasi
2942 1752 3161 1821 januam
3199 1751 3311 1820 jam
3358 1753 3676 1824 gehennalis

417 1844 712 1914 peragitur,
739 1853 798 1898 ut
827 1856 942 1909 est,
979 1844 1263 1898 latrocinia
1291 1857 1565 1908 exercere,
1603 1843 1847 1898 homines
1883 1857 1998 1897 ser-
2025 1835 2073 1894 B
2099 1841 2276 1911 pulsat
2304 1841 2501 1911 abyssi,
2533 1841 2749 1912 citoque
2778 1850 3050 1912 mergetur
3071 1843 3117 1897 si
3137 1844 3325 1912 pedem
3351 1852 3540 1899 cautus
3566 1859 3674 1898 non

417 1933 551 1988 vitio
587 1947 854 2005 premere,
901 1933 1182 1988 tormentis
1218 1932 1443 1998 laniare,
1496 1942 1670 1987 morte
1707 1933 1995 2002 perimere,

417 2023 611 2078 bovem
633 2023 807 2078 viduae
834 2039 932 2092 pro
957 2023 1182 2093 pignore
1207 2022 1439 2087 auferre,
1465 2022 1634 2092 ipsam
1661 2022 1727 2076 de
1749 2021 2000 2075 adversa-

419 2115 520 2180 rio,
561 2128 683 2170 cum
710 2114 912 2184 possit,
948 2113 1223 2169 vindicare
1254 2127 1363 2168 non
1411 2113 1548 2167 velle
1580 2130 1606 2166 .:
1641 2112 1766 2168 talis
1799 2113 1998 2171 etenim

420 2206 614 2261 merito
648 2206 796 2277 virga
840 2206 934 2260 irae
977 2220 1088 2260 suae
1137 2203 1633 2268 consummabitur,
1679 2204 1825 2273 quia,
1863 2203 2000 2257 sicut

419 2295 680 2352 Dominus
714 2297 820 2360 ait,
861 2310 1049 2349 omnes
1084 2295 1174 2364 qui
1209 2294 1515 2364 acceperint
1553 2294 1787 2364 gladium
1817 2293 1996 2363 gladio

418 2386 701 2459 peribunt,
737 2387 790 2441 id
820 2395 935 2449 est,
967 2386 1058 2455 qui
1094 2386 1292 2455 injuste
1331 2385 1383 2438 in
1421 2384 1556 2440 alios
1584 2381 1844 2450 saeviunt,
1883 2386 1999 2454 ipsa

419 2475 629 2532 saevitia
655 2475 872 2530 sibimet
911 2474 1191 2528 interitum
1229 2473 1608 2539 consciscunt,
1643 2488 1835 2528 verum
1871 2473 1998 2543 quia

421 2568 633 2623 dixerat
653 2567 720 2622 de
747 2566 913 2636 impio
941 2566 1186 2635 sequitur
1213 2579 1245 2620 e
1272 2573 1460 2619 contra
1483 2563 1551 2618 de
1578 2564 1666 2634 pio
1694 2586 1706 2618 :

493 2659 597 2724 Qui
618 2674 815 2727 pronus
842 2667 916 2711 est
946 2657 1014 2710 ad
1046 2655 1491 2721 misericordiam,
1527 2655 1854 2712 benedicetur
1887 2671 1905 2708 :
1935 2655 1999 2708 de

419 2749 641 2821 panibus
666 2748 775 2801 suis
803 2747 945 2801 dedit
983 2747 1225 2817 pauperi.
1266 2745 1400 2798 Huic
1431 2743 1608 2798 simile
1637 2752 1720 2798 est
1748 2743 1878 2797 illud
1906 2743 1996 2812 ju-

422 2841 558 2898 dicis
585 2839 847 2908 ejusdem,
872 2839 964 2908 qui
991 2837 1371 2892 misericordes
1391 2836 1459 2889 ab
1485 2835 1662 2904 impiis
1688 2835 1999 2890 discernens

425 2932 535 2986 ait:
576 2929 754 2984 Venite
776 2970 790 2994 ,
817 2929 1070 2983 benedicti
1111 2926 1292 2981 Patris
1316 2928 1449 2995 mei,
1476 2927 1732 2996 possidete
1754 2938 1997 2996 paratum

423 3021 562 3076 uobis
598 3035 811 3090 regnum
846 3037 878 3072 a
904 3017 1274 3071 constitutione
1301 3016 1482 3072 mundi
1510 3029 1527 3066 :
1554 3017 1676 3085 quia
1711 3017 1921 3079 esui-ivi,
1949 3025 1997 3069 et

423 3112 639 3167 dedistis
668 3111 795 3164 mihi
824 3109 1176 3172 manducare,
1209 3115 1315 3162 etc.
1352 3107 1585 3162 Possunt
1612 3116 1793 3162 autem
1829 3121 1995 3177 panes

2101 1937 2348 2003 retrahit,
2380 1939 2424 1995 si
2469 1938 2851 1996 non‘membra
2898 1953 3096 1997 caetera
3142 1959 3174 1997 a
3219 1944 3412 2000 vicinia
3461 1946 3679 2005 cohibet

2099 2027 2266 2172 favi?
2283 2031 2532 2099 poenalis,
2561 2032 2618 2088 in
2643 2048 2802 2103 quam
2832 2032 3010 2089 nullus
3032 2034 3255 2090 omnino
3284 2036 3389 2091 nisi
3417 2035 3558 2091 (ilius
3582 2037 3678 2092 ita:

2101 2119 2115 2171 i
2159 2135 2189 2172 a
2229 2120 2354 2172 itur.

2101 2119 2354 2174 illabitur.

2171 2206 2408 2262 Stultitia
2430 2210 2674 2281 colligata
2707 2221 2781 2265 est
2814 2212 2870 2265 in
2891 2211 3044 2266 corde
3062 2214 3230 2282 pueri,
3261 2224 3308 2268 et
3338 2218 3485 2286 virga
3518 2217 3679 2270 disci-

2098 2297 2254 2388 plina:
2288 2299 2530 2369 purgabit
2557 2316 2694 2355 eam.
2751 2300 2942 2356 Multos
2976 2303 3221 2357 novimus
3243 2320 3440 2374 pueros
3473 2308 3682 2388 sapien-

2101 2387 2174 2441 tia
2194 2389 2447 2457 praeditos
2475 2405 2490 2443 :
2545 2406 2669 2444 nam
2701 2399 2756 2445 et
2777 2389 3040 2448 Jeremias
3062 2407 3195 2462 puer
3215 2387 3524 2464 prephetiae
3553 2413 3672 2469 my-

2099 2478 2323 2532 sterium
2347 2480 2617 2549 suscepit;
2651 2488 2706 2535 et
2728 2480 2913 2536 Daniel
2951 2482 3139 2536 scribit
3169 2485 3307 2552 quod
3349 2486 3488 2539 dedit
3534 2486 3676 2540 Deus

2098 2569 2272 2636 pueris
2294 2569 2668 2624 abstinentibus
2689 2571 2975 2638 scientiam,
3013 2582 3062 2625 et
3092 2573 3419 2642 disciplinam
3454 2576 3508 2628 in
3537 2577 3676 2630 omni

2098 2660 2248 2714 verbo
2268 2669 2316 2714 et
2341 2663 2617 2731 sapientia.
2651 2662 2802 2718 Unde
2829 2673 2994 2719 restat
3013 2665 3312 2736 intelligere
3337 2668 3461 2735 quia
3483 2683 3677 2736 pueros

2101 2751 2205 2805 hoc
2237 2750 2352 2806 loco
2399 2766 2504 2805 non
2548 2759 2706 2806 aetate
2754 2753 2848 2808 sed
2897 2769 3057 2809 sensu
3092 2756 3344 2824 parvulos
3395 2756 3672 2826 signiticet,

2100 2841 2284 2912 quales
2309 2857 2430 2897 esse
2457 2841 2676 2897 vetabat
2712 2843 3001 2914 Apostolus
3048 2860 3142 2901 eos
3168 2847 3361 2916 quibus
3401 2848 3474 2900 ait
3503 2871 3515 2899 ;
3561 2846 3676 2900 No-

2101 2933 2189 2986 lite
2215 2934 2363 3003 pueri
2414 2935 2542 3003 efﬁci
2576 2935 2806 2989 sensibus
2832 2977 2846 3002 ,
2896 2937 2984 2990 sed
3015 2938 3216 2991 malitia
3264 2938 3469 3008 parvuli
3520 2950 3679 2991 estote

2102 3020 2154 3092 (Ι
2177 3019 2299 3075 Cor.
2334 3021 2469 3093 le).
2499 3023 2813 3092 Hujusmodi
2843 3027 2984 3080 enim
3014 3043 3231 3096 pueros,
3263 3031 3312 3082 id
3345 3043 3446 3094 est,
3473 3030 3679 3083 animos

2103 3111 2343 3167 stultitiae
2367 3113 2448 3166 vel
2485 3113 2737 3170 lasciviae.
2761 3116 2842 3170 vel
2870 3117 3078 3172 inertiae
3111 3119 3318 3173 deditos
3345 3135 3563 3174 necesse
3599 3128 3681 3175 est

421 3203 514 3274 qui
547 3201 767 3272 pauperi
791 3201 1011 3263 dantur,
1039 3213 1146 3252 non
1169 3196 1342 3251 solum
1364 3196 1607 3250 alimenti
1628 3195 1880 3260 carnalis,
1905 3197 2000 3250 sed
2027 3178 2073 3240 (ἶ
2098 3203 2322 3275 juvenili
2349 3201 2627 3274 disciplina
2651 3207 2926 3277 castigari,
2958 3217 3012 3263 et
3037 3209 3103 3263 ad
3118 3209 3323 3278 justum
3349 3210 3473 3264 vita:
3504 3209 3683 3266 trami-

421 3292 588 3348 etiam
621 3291 880 3347 doctrinae
919 3289 1207 3360 spiritalis,
1243 3303 1350 3358 qua
1377 3288 1556 3342 anima
1586 3296 1882 3354 recreatur,
1923 3289 2004 3342 in-

424 3382 608 3452 telligi.

996 3469 1224 3526 CAPUT
1259 3467 1422 3524 XXII.

497 3560 646 3630 Ejice
660 3561 944 3614 derisorem
966 3568 1012 3613 et
1035 3561 1191 3612 exibit
1209 3575 1328 3613 cum
1340 3576 1400 3612 eo
1412 3559 1672 3628 jurgium,
1703 3559 2003 3613 cessabunt-

425 3667 524 3723 que
551 3666 723 3704 causa:
770 3659 816 3704 et
856 3649 1202 3703 contumelice.
1266 3649 1412 3717 Ejice
1463 3648 1795 3714 haereticum,
1847 3664 2007 3718 quem

427 3743 701 3813 corrigere
726 3757 830 3795 non
855 3750 1031 3810 potes,
1052 3741 1120 3795 de
1154 3740 1430 3806 Ecclesia;
1484 3749 1539 3794 et
1571 3755 1693 3795 cum
1737 3740 1811 3794 illi
1846 3740 2005 3796 liber-

429 3841 595 3889 tatem
620 3833 940 3903 praedicandi
966 3821 1273 3898 abstuleris,
1306 3831 1581 3887 catholicae
1607 3833 1727 3902 paci
1750 3832 2008 3886 auxilium

430 3933 676 3998 praestas.

505 4017 606 4081 Qui
639 4016 810 4086 diligit
846 4017 1018 4070 cordis
1047 4015 1382 4082 munditiam,
1434 4024 1644 4086 propter
1682 4017 1907 4086 gratiam
1931 4017 2010 4070 la-

437 4111 637 4163 biorum
659 4125 874 4162 suorum
927 4109 1131 4163 habebit
1179 4109 1404 4162 amicum
1432 4125 1620 4178 regem.
1668 4107 1769 4174 Qui
1814 4111 2012 4164 mundo

434 4200 595 4255 corde
625 4207 772 4253 recta
804 4197 1063 4268 praedicat
1112 4198 1253 4252 inter
1283 4197 1401 4252 illos
1427 4198 1888 4262 annumerabitur,
1946 4199 2013 4253 de

434 4288 627 4359 quibus
653 4289 829 4343 eidem
871 4288 984 4357 regi
1010 4295 1065 4342 et
1089 4287 1350 4342 conditori
1389 4287 1708 4342 saeculorum
1744 4286 2010 4355 Propheta

435 4381 648 4435 dicebat
675 4393 690 4432 :
731 4376 866 4434 Ili/ti
886 4387 1062 4431 autem
1087 4379 1238 4430 nimis
1265 4377 1596 4444 honoriﬁcati
1620 4387 1777 4442 sunt;
1817 4394 1940 4432 nam
1967 4379 2012 4433 si

435 4471 527 4540 qui
553 4469 781 4540 gratiam
797 4467 1056 4522 labiorum
1085 4475 1231 4522 recta
1252 4466 1594 4536 praedicando
1609 4454 2009 4536 praemonstrat,

435 4559 614 4614 cordis
647 4566 829 4612 autem
864 4557 1181 4610 munditiam
1223 4556 1492 4610 custodire
1526 4557 1855 4622 dissimulat,
1913 4574 2010 4613 ne-

438 4655 709 4721 quaquam
737 4649 859 4702 talis
883 4647 1068 4702 aeterni
1115 4647 1256 4716 regis
1297 4647 1535 4701 amicitia
1573 4647 1676 4703 frui
1712 4664 1869 4719 posse
1912 4666 2012 4720 pu-

438 4740 633 4794 tandus
655 4747 756 4792 est.

513 4829 666 4882 Oculi
681 4827 894 4880 Domini
917 4827 1211 4880 custodiunt
1227 4828 1518 4894 scientiam,
1545 4839 1591 4883 et
1614 4830 2016 4900 supplantantur

440 4920 594 4975 verba
639 4919 825 4987 iniqui.
860 4917 1102 4987 Superna
1133 4916 1396 4986 inspectio
1443 4920 1676 4973 custodit
1717 4934 1929 4989 semper
1962 4921 2015 4974 in

442 5010 682 5066 Ecclesia
711 5008 992 5063 scientiam
1031 5008 1274 5062 veritatis
1307 5023 1469 5077 quam
1499 5009 1697 5074 docuit,
1732 5010 1891 5064 verba
1914 5025 2011 5063 au-

443 5111 555 5156 tem
587 5101 1006 5177 hareticorum,‘
1032 5099 1196 5153 immo
1217 5099 1392 5154 omnis
1415 5115 1591 5154 sermo
1617 5100 1805 5169 pietati
1831 5107 1886 5154 et
1923 5099 2008 5168 ju-

446 5193 608 5249 stitia:
648 5191 979 5256 contrarius,
1021 5191 1146 5259 quia
1177 5189 1400 5245 Domino
1439 5201 1658 5258 regente
1701 5207 1808 5246 non
1838 5205 2014 5245 serva-

446 5291 557 5350 tur,
592 5297 718 5338 cum
739 5297 838 5337 suo
867 5289 1082 5335 auctore
1108 5281 1456 5336 subvertitur.

521 5375 660 5429 Dicit
684 5377 864 5445 piger:
911 5373 1013 5428 Leo
1047 5373 1204 5447 foris,
1239 5373 1296 5427 in
1335 5374 1504 5428 medio
1553 5373 1845 5444 platearum
1881 5374 2018 5428 occi-

447 5465 650 5523 dendus
692 5481 828 5518 sum.
889 5464 1029 5518 Dicit
1061 5478 1199 5532 saepe
1243 5463 1295 5517 in
1350 5464 1528 5518 animo
1571 5479 1671 5519 suo
1717 5465 1783 5528 is,
1816 5464 1907 5534 qui
1953 5463 2019 5518 ad

454 5557 655 5629 agenda
678 5556 820 5611 bona
847 5567 1008 5625 opera
1035 5555 1182 5624 piger
1213 5562 1313 5617 est,
1345 5554 1412 5608 ad
1434 5554 1787 5608 confitendam
1831 5554 2011 5619 tidem,

453 5661 615 5715 quam
645 5646 804 5701 corde
832 5651 999 5710 tenet,
1031 5643 1250 5699 timidus
1275 5658 1289 5696 :
1316 5643 1430 5698 Non
1458 5646 1626 5699 audeo
1653 5643 1832 5707 fidem,
1858 5657 2017 5711 quam

455 5736 600 5804 novi,
625 5737 767 5791 lotus
797 5734 1056 5807 proﬁteri,
1103 5749 1169 5790 ne
1194 5749 1281 5789 me
1310 5749 1615 5804 persecutor
1636 5735 1852 5804 impius,
1895 5734 2020 5801 quia

2038 4516 2091 4575 D

2106 3304 2214 3349 tem
2242 3295 2562 3363 prudentum
2603 3296 2780 3366 rigore
2804 3297 3040 3364 perduci.

2179 3384 2282 3449 Qui
2312 3385 2663 3438 calumniatur
2695 3402 2972 3455 pauperem
2999 3397 3054 3439 ut
3084 3397 3270 3457 augeat
3296 3389 3508 3444 divitias
3534 3407 3677 3455 suas,

2107 3474 2248 3527 dabit
2279 3474 2384 3542 ipse
2413 3473 2606 3543 ditiori’
2630 3483 2679 3528 et
2718 3474 2899 3543 egebit.
2951 3473 3174 3530 Constat
3219 3479 3344 3546 quia
3373 3493 3593 3547 rapaces
3629 3488 3685 3534 et

2107 3579 2226 3632 qua:
2255 3564 2578 3633 pauperibus
2606 3563 2885 3629 auferunt,
2932 3574 2986 3618 et
3012 3582 3132 3635 qua:
3167 3566 3316 3636 juste
3361 3569 3684 3629 videbantur

2108 3659 2402 3729 possidere,
2450 3660 2654 3728 pariter
2686 3661 2865 3713 omnia
2889 3661 3139 3729 perdunt,
3185 3676 3307 3716 cum
3334 3662 3389 3716 in
3435 3663 3688 3718 examine

2109 3748 2338 3804 districti
2361 3747 2557 3816 judicis
2590 3764 2781 3820 pcenas
2834 3764 2931 3819 pro
2981 3750 3065 3804 his
3115 3766 3234 3820 quae
3281 3764 3494 3820 gessere
3542 3752 3686 3810 reci-

2109 3839 2280 3908 piunt.
2323 3839 2427 3894 Sed
2453 3848 2506 3894 et
2528 3840 2574 3894 is
2594 3841 2684 3908 qui
2708 3856 2998 3910 pauperem
3020 3841 3209 3909 spiritu
3233 3841 3458 3898 fratrem
3483 3845 3690 3906 calum-

2111 3930 2310 3994 niatur,
2335 3929 2620 3983 virtutibus
2646 3927 2763 3996 ejus
2791 3923 3141 3996 detrahendo,
3173 3942 3233 3986 ut
3255 3947 3351 4002 per
3377 3933 3689 4001 bujusmodi

2111 4020 2556 4089 vituperationem
2589 4021 2842 4075 animose
2914 4021 3167 4088 divitias,
3221 4037 3355 4092 quas
3415 4024 3689 4080 desiderat

2113 4118 2325 4180 augeat,
2367 4110 2420 4164 id
2467 4117 2567 4176 est,
2624 4109 2849 4180 gloriam
2894 4109 3068 4165 laudis
3119 4112 3365 4166 humana:
3401 4113 3685 4182 majorem,

2113 4197 2266 4268 quasi
2313 4199 2550 4252 sanctior
2599 4198 2870 4267 accipiat,
2925 4200 3118 4255 merito
3153 4200 3274 4256 talis
3328 4201 3690 4258 calumniator

2114 4289 2374 4358 quidquid
2401 4290 2555 4342 bonae
2585 4288 2812 4343 actionis
2838 4289 3039 4345 habere
3077 4291 3378 4356 videbatur,
3411 4293 3610 4347 amittit
3635 4300 3691 4348 et

2115 4393 2146 4430 a
2173 4377 2351 4437 fructu
2378 4377 2635 4431 virtutum
2662 4392 2861 4432 vacuus
2892 4378 2944 4430 in
2973 4378 3078 4432 fine
3108 4379 3362 4434 manebit.

2188 4465 2303 4520 Huc
2347 4481 2519 4536 usque
2542 4467 2797 4536 pertingit
2826 4466 3010 4521 titulus
3038 4467 3418 4523 Parabolarum
3448 4470 3692 4526 Salomo-

2118 4560 2196 4612 nis
2231 4558 2321 4627 qui
2365 4573 2524 4626 supra
2552 4559 2757 4627 positus
2785 4568 2884 4614 est.
2939 4559 3016 4612 Ex
3038 4575 3149 4636 quo
3181 4576 3377 4615 novum
3405 4563 3692 4619 locutionis

2118 4665 2285 4719 genus
2313 4650 2570 4719 probatur
2599 4651 2970 4718 assumpsisse,
3004 4658 3064 4702 ut
3088 4665 3150 4703 ea
3181 4666 3300 4720 quae
3317 4652 3565 4705 dicentur
3584 4668 3691 4707 non

2118 4739 2271 4808 quasi
2298 4738 2364 4791 ad
2394 4737 2554 4791 alium
2583 4753 2738 4806 quem
2764 4738 2979 4792 doceret
3009 4738 3289 4807 loquendo,
3319 4741 3412 4794 sed
3433 4740 3579 4794 velut
3600 4757 3684 4795 sev

2119 4845 2240 4884 cum
2271 4827 2414 4883 solus
2443 4828 2810 4884 ratiocinando
2836 4829 3081 4883 videatur
3107 4827 3275 4882 effari.
3323 4830 3502 4895 Quare
3538 4831 3660 4886 vide

2121 4922 2245 4977 licet
2270 4921 2649 4975 Parabolarum
2677 4921 2880 4990 primus
2907 4928 2989 4975 est
3021 4920 3315 4976 versiculus
3344 4939 3357 4974 :
3402 4921 3576 4976 Filius
3601 4939 3677 4976 u-

2117 5013 2261 5081 piens
2286 5009 2514 5077 laatiﬁcat
2542 5022 2764 5079 patrem,
2799 5009 2941 5078 ﬁlius
2972 5027 3086 5064 vero
3107 5011 3297 5064 stultus
3324 5015 3584 5066 mastitia-
3611 5023 3691 5068 est

2119 5101 2274 5153 matri
2295 5116 2445 5162 suae;
2480 5100 2700 5154 ultimus
2735 5099 2837 5154 iste
2865 5099 2932 5152 ad
2956 5115 3113 5168 quem
3148 5115 3317 5169 usque
3352 5100 3692 5170 explanando

2120 5192 2475 5260 pervenimus.
2525 5191 2662 5245 Hinc
2711 5191 2777 5245 ad
2806 5192 3041 5260 priorem
3065 5191 3312 5260 loquendi
3356 5195 3570 5248 modum
3597 5210 3692 5250 re-

2122 5278 2350 5335 vertitur
2371 5289 2429 5334 ut
2455 5280 2757 5349 specialiter
2786 5281 2853 5334 ad
2879 5294 2999 5334 eum
3029 5295 3190 5350 quem
3215 5282 3446 5336 instruet
3468 5285 3690 5340 verbum

2122 5369 2305 5434 faciat,
2347 5369 2488 5438 quod
2522 5369 2596 5422 ita
2623 5368 2847 5438 incipit:

2191 5458 2396 5512 Inclina
2427 5476 2605 5511 aurem
2639 5469 2782 5512 tuam
2810 5469 2858 5513 et
2893 5461 3018 5514 audi
3050 5461 3201 5515 verba
3228 5461 3560 5531 sapientum:
3587 5479 3687 5533 ap—

2122 5567 2252 5620 pone
2274 5560 2444 5604 autem
2465 5567 2554 5604 cor
2583 5561 2727 5604 tuum
2752 5551 2819 5604 ad
2845 5551 3132 5605 doctrinam
3159 5568 3350 5607 meam.
3374 5553 3692 5610 Pulchrum-

2123 5657 2226 5709 que
2247 5642 2453 5695 initium
2481 5642 2631 5711 ponit
2659 5656 2806 5696 nova:
2843 5639 3142 5696 locutionis.
3181 5641 3247 5696 Ut
3277 5659 3462 5698 aurem
3487 5644 3694 5713 pariter

2127 5733 2191 5786 ad
2219 5733 2536 5788 audiendum
2564 5740 2618 5787 et
2649 5747 2741 5788 cor
2762 5747 3026 5803 apponere
3048 5732 3115 5788 ad
3144 5732 3542 5804 intelligendum
3568 5747 3690 5806 qua:
