3910 6346
179 347 283 408 733

930 335 1290 395 EXPOSITIO
1316 335 1396 401 IN
1435 332 1825 392 PROVERBIA
1867 329 2278 389 SALOMONIS.
2321 360 2390 371 —
2426 330 2556 391 LIB.
2597 329 2660 384 Il.

3338 318 3445 401 γει

180 460 451 534 sapienter
477 457 786 527 loquantur,
819 468 941 508 eum
972 466 1131 522 quem
1157 450 1334 505 erudit
1367 448 1552 519 iubeat
1579 465 1591 500 :
1627 445 1760 512 Qua:
1789 447 1838 509 Α
1866 446 2007 500 hunc
2043 446 2095 499 in
2120 444 2208 499 die
2234 427 2507 534 novissimi
2537 440 2804 534 examinis
2831 455 3023 534 coram
3050 440 3326 509 apostolis,
3355 441 3447 513 qui

179 555 398 628 pulchra
427 554 523 606 erit
549 551 661 615 tibi,
697 565 815 603 cum
839 546 1120 602 servaveris
1146 559 1261 598 eam
1289 543 1343 597 in
1365 551 1539 597 ventre
1562 551 1675 603 tuo,
1714 547 1762 592 et

181 641 882 708 redundabitinlabiistuis
911 651 960 692 ι.
1005 677 1021 691 .
1066 676 1081 690 .
1124 675 1140 691 .
1179 676 1193 690 .
1237 675 1251 689 .
1295 678 1308 690 .
1351 675 1364 687 .
1405 676 1416 689 .
1462 674 1475 688 .
1518 674 1532 688 .
1575 675 1587 687 .
1631 673 1643 686 .
1689 671 1703 684 .
1747 671 1762 686 .

181 822 368 879 Potest
391 821 460 878 de
496 820 734 891 quolibet
767 831 1006 889 paupere
1029 817 1114 872 vel
1138 831 1310 890 egeno
1339 815 1539 886 accipi,
1568 815 1634 871 de
1660 829 1767 884 quo

184 914 386 970 dictum
409 931 428 970 :
459 911 572 966 Tibi
609 912 746 967 enim
785 909 1061 965 derelictus
1110 918 1185 964 est
1212 925 1442 980 pauper,
1481 906 1680 980 pupillo
1709 915 1767 959 tu

184 1009 286 1064 eris
307 1006 520 1077 adjutor
543 1019 562 1058 :
599 1017 790 1060 verum
810 1003 935 1074 quia
960 1003 1205 1073 sequitur
1230 1021 1244 1056 :

255 1100 326 1155 Et
354 1100 573 1172 conﬁget
591 1117 676 1155 eos
700 1101 789 1170 qui
816 1099 1125 1170 confixerint
1149 1100 1384 1154 animam
1407 1101 1544 1171 ejus,
1573 1097 1766 1154 melius

185 1191 252 1248 de
277 1191 368 1246 illo
391 1190 720 1262 intelligitur,
751 1191 844 1262 qui
867 1205 990 1245 cum
1012 1190 1161 1246 dives
1179 1199 1344 1258 esset,
1368 1205 1576 1262 pauper~
1593 1189 1767 1245 factus

183 1295 269 1341 est
296 1300 395 1357 pro
417 1285 604 1351 nobis,
647 1299 747 1340 nec
779 1284 954 1340 solum
979 1287 1268 1356 pauperari
1311 1295 1373 1340 ut
1415 1302 1516 1342 nos
1544 1286 1762 1352 ditaret,

185 1375 280 1431 sed
305 1375 490 1440 etiam,
521 1381 582 1429 ut
632 1389 732 1430 nos
757 1375 1069 1440 redimeret,
1113 1376 1357 1446 crucifigi
1390 1377 1639 1449 dignatus
1663 1386 1765 1433 est.

183 1463 443 1521 Prohibet
493 1480 621 1536 ergo
650 1464 914 1534 sapientia
948 1480 1075 1520 suos
1105 1467 1396 1533 auditores,
1428 1468 1684 1524 -Domino
1713 1469 1769 1523 in

183 1569 350 1611 carne
405 1555 719 1626 praedicanti
779 1555 1086 1612 violentiam
1148 1567 1485 1630 mortemque
1544 1559 1766 1628 inferre,

184 1649 313 1718 quia
342 1648 598 1702 nimirum
626 1657 806 1703 certus
835 1657 1000 1704 restet
1027 1650 1277 1705 interitus
1301 1651 1400 1716 eis,
1438 1652 1529 1720 qui
1570 1653 1622 1726 in
1674 1668 1768 1708 ac-

184 1745 358 1793 torem
384 1736 508 1791 vitaa
527 1752 718 1791 manus
742 1738 955 1792 mittere
984 1753 1088 1793 non
1113 1739 1408 1793 timuerint.

263 1826 389 1882 Noli
414 1845 521 1882 esse
564 1831 763 1884 amicus
789 1831 986 1885 homini
1017 1831 1266 1886 iracundo
1285 1873 1300 1898 ,
1347 1851 1510 1904 neque
1538 1836 1771 1892 ambules
1798 1811 1847 1871 Β

182 1936 303 1974 cum
333 1921 439 1973 viro
480 1919 701 1989 furioso,
748 1938 810 1975 ne
839 1921 973 1990 forte
1000 1922 1172 1977 discas
1203 1925 1414 1978 semitas
1442 1926 1575 1995 ejus,
1609 1936 1657 1980 et
1685 1943 1806 1981 su-‘

183 2028 301 2065 mas
329 2011 638 2064 scandalum
664 2012 858 2087 anima:
889 2021 1012 2066 tute.
1044 2012 1109 2066 Et
1130 2014 1244 2068 haec
1269 2003 1392 2070 cum
1412 2015 1478 2071 de
1502 2017 1648 2071 omni
1678 2018 1799 2072 ira-'

183 2099 366 2154 cundo
409 2100 494 2154 vel
527 2099 729 2157 furioso
757 2102 967 2171 possint
994 2103 1319 2173 generaliter
1345 2107 1538 2176 accipi,
1586 2107 1660 2161 nil
1693 2119 1776 2162 ta-

180 2205 310 2245 men
339 2189 585 2260 prohibet
613 2192 919 2261 specialiter
956 2195 1126 2264 accipi
1164 2196 1229 2250 de
1273 2196 1413 2262 illis,
1467 2199 1557 2268 qui
1589 2207 1777 2253 contra

184 2278 514 2335 salvatorem
536 2290 591 2334 et
616 2281 906 2351 discipulos
935 2284 1052 2354 ejus
1072 2300 1269 2341 vesana
1301 2297 1482 2343 mente
1505 2289 1776 2358 furebant,

184 2384 219 2424 ι
252 2384 481 2439 quorum
509 2371 747 2426 amicitia
779 2380 832 2427 et
857 2375 1115 2429 comitatu
1143 2378 1521 2446 prohibentur,
1561 2384 1780 2451 quicun-

185 2475 310 2530 que.
325 2460 378 2514 in
401 2474 525 2514 eum
556 2463 840 2518 credentes
866 2479 1054 2519 curam
1081 2480 1191 2521 suae
1219 2465 1408 2523 salutis
1431 2470 1681 2540 agebant,
1714 2488 1782 2529 ne

185 2567 259 2607 ex
285 2553 483 2607 vicinia
511 2568 798 2624 pravorum
821 2557 984 2612 etiam
1018 2559 1117 2629 ipsi
1146 2560 1424 2629 perirent:
1469 2563 1611 2633 quod
1631 2563 1782 2621 Iudas

186 2641 468 2699 Iscariotis
504 2659 632 2700 casu
672 2644 788 2701 ﬁeri
830 2662 987 2717 posse
1034 2651 1318 2721 probatum
1353 2660 1454 2708 est.
1503 2652 1782 2711 Generali-

185 2741 278 2790 ter
303 2743 481 2790 autem
510 2736 817 2802 dicendum,
845 2729 972 2810 quia
1000 2742 1138 2796 sicut
1161 2742 1386 2812 perfecti
1431 2745 1783 2815 viri-perver-

187 2840 284 2881 sos
311 2827 589 2896 proximos
615 2843 720 2888 non
752 2828 948 2889 debent
976 2829 1162 2902 fugere
1181 2873 1196 2898 ,
1237 2833 1362 2903 quia
1394 2834 1513 2890 illos
1543 2850 1685 2906 saepe
1710 2835 1778 2890 ad

189 2918 574 2973 rectitudinem
603 2921 844 2986 trahunt,
883 2932 936 2976 et
963 2922 1062 2992 ipsi
1097 2923 1164 2978 ad
1187 2927 1601 2995 perversitatem
1647 2944 1786 2983 nun-

190 3024 360 3081 quam
384 3011 702 3093 trahuntur,
742 3013 814 3067 ita
844 3013 1042 3069 infirmi
1083 3017 1282 3087 quique
1331 3021 1645 3094 societatem
1693 3021 1786 3077 de-

1865 551 1986 591 cum
2012 534 2229 590 Christo
2275 532 2531 586 mundum
2551 528 2845 600 iudicaturi
2882 528 3165 594 sedebunt,
3197 545 3318 584 esse
3339 535 3450 584 sta—

1866 634 2070 689 turum,
2099 622 2226 693 quia
2254 621 2508 678 videlicet
2531 636 2718 676 eorum
2742 620 2891 690 jussa
2921 619 3240 684 servaverit,
3275 633 3451 689 nequc

1867 716 1921 771 in
1948 723 2101 786 parte
2151 710 2468 783 igndbilium
2495 712 2776 767 doctorum
2807 725 3037 780 quorum
3073 709 3339 766 cavcfecit
3363 725 3451 766 er-

1870 824 2047 864 rorem
2080 826 2091 859 :
2135 807 2239 861 hoc
2268 817 2352 861 est
2378 848 2392 870 ,
2456 805 2522 859 ad
2563 797 2834 859 sinistram
2855 804 3054 876 judicis
3103 819 3222 861 esse
3247 821 3451 876 ponen-

1868 898 2013 953 dum.

2430 985 2659 1042 CAF'UT
2701 985 2884 1042 XXIII.

1942 1099 2166 1165 Quando
2193 1099 2386 1154 sederis
2411 1109 2470 1155 ut
2501 1101 2742 1155 comedas
2762 1118 2878 1159 cum
2905 1102 3155 1172 principe,
3183 1101 3456 1171 diligenter

1870 1191 2078 1244 attende
2114 1207 2230 1260 qua:
2262 1191 2431 1260 posita
2476 1193 2578 1245 sint
2619 1191 2688 1244 ad
2727 1192 2916 1261 faciem
2969 1202 3145 1261 tuam,
3197 1202 3243 1246 et
3285 1201 3456 1246 statue

1871 1280 2092 1335 cultrum
2117 1282 2170 1336 in
2194 1291 2398 1352 gutture
2420 1293 2527 1346 tuo,
2552 1283 2598 1337 si
2613 1293 2786 1337 tamen
2813 1283 2968 1337 habes
2996 1283 3049 1337 in
3063 1292 3314 1353 potestate
3339 1282 3458 1335 ani-

1871 1389 2008 1427 mam
2042 1383 2207 1426 tuam.
2230 1371 2334 1425 Per
2365 1373 2674 1444 allegoriam
2698 1382 2894 1428 cuncta
2931 1373 3203 1428 dicuntur.
3232 1372 3458 1440 Quando

1871 1464 2077 1520 sederis
2108 1464 2174 1518 ad
2204 1462 2484 1532 legendum
2531 1480 2652 1518 cum
2699 1465 2987 1536 magistro,
3039 1474 3098 1518 ut
3142 1480 3278 1534 pane
3304 1461 3458 1518 verbi

1870 1555 2156 1620 reﬁciaris,
2188 1540 2472 1626 diligenter
2492 1557 2726 1626 intellige
2753 1573 2872 1626 quae
2894 1557 3096 1627 scripta
3121 1565 3247 1611 sunt
3269 1564 3323 1610 et
3350 1556 3461 1611 dis—

1872 1649 2166 1713 cretionem
2196 1644 2366 1704 sacra:
2389 1648 2635 1703 lectionis
2665 1649 2717 1702 in
2750 1657 2838 1702 tua
2864 1649 3132 1704 locutione
3158 1663 3415 1704 conserva
3441 1663 3458 1714 ;

1874 1740 1921 1795 si
1950 1748 2127 1794 tamen
2159 1739 2284 1794 talis
2311 1755 2394 1806 es,
2442 1747 2756 1812 tantumque
2794 1741 3058 1806 eruditus,
3108 1740 3199 1810 qui
3226 1741 3279 1794 in
3304 1747 3458 1820 pote-

1875 1837 2013 1884 state
2071 1830 2272 1884 habeas
2329 1830 2562 1884 animam
2621 1838 2793 1897 tuam,
2853 1845 2954 1885 nec
3005 1830 3156 1899 quasi
3213 1830 3463 1884 indoctus

1877 1934 2060 1979 mente
2081 1932 2172 1979 tua
2195 1924 2596 1980 circumferaris
2628 1923 2775 1978 omni
2805 1931 2968 1978 vento
2994 1923 3273 1978 doctrinm.
3327 1920 3463 1993 Gut-

1878 2020 1966 2067 tur
2013 2029 2248 2083 namque
2295 2029 2394 2084 pro
2445 2013 2656 2084 loquela
2701 2014 2899 2083 posuit,
2944 2014 3072 2083 quia
3123 2027 3226 2066 vox
3258 2012 3310 2066 in
3345 2020 3466 2082 gut-

1880 2109 1999 2157 ture
2022 2111 2124 2166 est,
2159 2102 2360 2158 cultum
2388 2118 2486 2172 pro
2522 2102 2865 2167 discretione,
2902 2102 3026 2172 quia
3050 2102 3204 2165 cibos
3230 2117 3352 2156 cum
3384 2116 3456 2155 re

1881 2191 2098 2246 ﬁcimur
2127 2192 2300 2247 cultro
2351 2201 2566 2248 secante
2594 2209 2962 2263 pmparamus
3010 2212 3021 2246 :
3083 2203 3138 2248 et
3183 2193 3377 2248 sedens
3405 2209 3457 2247 u.

1848 2276 1850 2279 ’
1881 2282 2123 2337 comedat
2173 2282 2405 2337 cultrum
2435 2284 2486 2337 in
2515 2291 2731 2354 gutture
2770 2298 2870 2338 suo
2895 2283 3104 2348 statuit,
3138 2283 3353 2352 quando
3396 2281 3465 2348 is,

1881 2373 1974 2443 qui
1996 2373 2174 2428 divina
2203 2374 2421 2429 sedulus
2447 2375 2759 2439 meditatur,
2785 2374 2999 2444 eloquio
3029 2375 3257 2429 discreta
3287 2390 3354 2428 ex
3373 2388 3468 2428 ore

1882 2462 2047 2518 verba
2089 2463 2385 2534 depromit,
2437 2481 2536 2520 nec
2591 2465 2693 2519 alia
2739 2466 2934 2535 saepius
2979 2466 3034 2519 in
3085 2465 3264 2536 lingua
3305 2481 3466 2535 quam

1885 2551 2120 2607 cmlestis
2146 2553 2348 2609 oraculi
2391 2555 2530 2609 dicta
2587 2555 2836 2610 revolvit.
2892 2554 3007 2610 Hoc
3037 2563 3215 2610 autem
3246 2556 3363 2626 ejus
3389 2568 3464 2611 est

1886 2641 2089 2710 facere,
2135 2645 2226 2713 qui
2257 2645 2311 2699 in
2340 2654 2606 2716 potestate
2632 2646 2797 2701 habet
2833 2647 3068 2701 animam
3103 2663 3278 2712 suam,
3311 2633 3467 2704 idest

1886 2733 2217 2790 immobilem
2264 2735 2406 2791 inter
2431 2751 2646 2791 errores
2687 2736 2985 2791 fallentium
3016 2737 3339 2815 sapientium
3388 2753 3472 2793 sa-

1884 2824 2084 2894 pientis
2113 2825 2277 2879 animi
2329 2833 2527 2881 statum
2559 2842 2775 2882 servare
2804 2827 3011 2893 didicit,
3062 2827 3202 2883 unde
3251 2836 3306 2884 et
3329 2837 3476 2884 recte

1887 2914 2160 2987 subjungit
2188 2935 2200 2970 :

1961 3006 2046 3062 Ne
2069 3008 2331 3064 desideres
2377 3010 2441 3064 de
2463 3011 2588 3065 cibis
2617 3011 2751 3081 ejus,
2784 3012 2838 3064 in
2866 3029 2967 3082 quo
2990 3022 3063 3066 est
3089 3013 3241 3082 partis
3263 3008 3477 3067 menda-

189 3100 327 3156 bent
352 3101 623 3159 declinare
651 3120 962 3174 pravorum,
1004 3123 1072 3162 ne
1117 3108 1278 3175 mala,
1329 3127 1449 3181 qua;
1476 3111 1786 3182 frequenter
1831 3181 1843 3182 ί
1887 3100 1973 3154 cii.
2007 3099 2158 3167 Quod
2181 3111 2264 3156 est
2291 3112 2477 3173 aperte
2505 3104 2704 3168 dicere,
2742 3120 2807 3158 ne
2832 3104 3104 3159 desideres
3122 3105 3240 3176 ejus
3268 3105 3480 3161 auscul-

191 3193 468 3262 aspiciunt
501 3202 555 3248 et
593 3195 864 3265 corrigere
889 3212 996 3253 non
1031 3197 1249 3263 valent,
1308 3200 1470 3255 etiam
1510 3201 1784 3258 delecten—

1899 3201 2009 3248 tare
2042 3197 2405 3263 sermonibus,
2458 3198 2549 3255 (tui
2581 3196 2862 3252 dulcedine
2915 3191 3318 3253 mendaciorum
3349 3199 3481 3268 dog-

194 3292 292 3338 tur
316 3284 536 3339 imitari.

273 3374 404 3429 Noli
441 3393 553 3432 esse
580 3394 700 3433 cum
731 3379 812 3434 his
849 3382 940 3450 qui
965 3381 1194 3452 deﬁgunt
1231 3399 1421 3438 manus
1449 3401 1590 3450 suas,
1623 3395 1671 3440 et
1696 3388 1788 3458 qui

191 3468 358 3526 vades
383 3485 437 3522 se
464 3469 686 3539 offerunt
715 3487 809 3540 pro
847 3471 1052 3536 debitis,
1099 3474 1144 3526 si
1185 3474 1320 3527 enim
1348 3491 1452 3528 non
1475 3475 1626 3530 habet
1651 3477 1790 3531 unde

193 3557 461 3625 restituat,
507 3561 634 3630 quid
656 3577 830 3615 causa
857 3572 931 3616 est
961 3571 1014 3615 ut
1037 3562 1186 3616 tollat
1212 3564 1586 3632 operimentum
1616 3566 1680 3620 de
1699 3583 1791 3620 cu-

194 3649 299 3704 bili
324 3660 432 3702 tuo.
460 3647 577 3704 Noli
604 3664 724 3705 esse
747 3666 872 3705 cum
897 3651 981 3706 his
1006 3652 1094 3721 qui
1119 3666 1177 3707 se
1198 3667 1318 3706 cum
1342 3663 1523 3708 essent
1546 3655 1701 3710 liberi
1727 3673 1792 3712 ac

192 3738 422 3794 sibimet
458 3747 714 3795 vacantes
740 3738 980 3811 deligunt
1012 3741 1066 3796 in
1099 3757 1229 3797 cura
1278 3743 1466 3798 salutis
1505 3745 1790 3815 malorum,

196 3833 537 3905 spondentes
584 3849 641 3888 se
687 3834 953 3891 rationem
998 3830 1096 3905 pro
1125 3851 1311 3891 eorum
1373 3838 1655 3895 animabus
1690 3840 1794 3896 Do-

195 3928 357 3982 mino
395 3928 700 3983 reddituros
735 3945 748 3982 :
802 3929 848 3983 si
879 3929 1022 3983 enim
1051 3929 1178 3996 ille,
1227 3945 1326 3999 pro
1376 3947 1480 4000 quo
1526 3932 1793 4001 spondisti

195 4032 317 4073 non
339 4018 500 4072 habet
530 4018 669 4072 bona
698 4032 883 4088 opera,
915 4018 1110 4088 quibus
1141 4011 1192 4072 te
1230 4019 1425 4074 librum
1456 4035 1520 4075 ac
1545 4037 1793 4077 securum

195 4106 420 4171 reddat,
450 4115 554 4160 tuae
597 4107 923 4177 sponsionis,
951 4109 1080 4177 quid
1108 4109 1204 4163 tibi
1233 4110 1364 4165 utile
1391 4119 1492 4176 est,
1517 4113 1714 4183 ut.ipse
1741 4113 1795 4168 in

197 4199 294 4255 die
320 4199 505 4268 judicii
531 4214 630 4269 pro
666 4200 783 4270 ejus
810 4200 988 4254 anima
1008 4200 1312 4268 iudiceris?
1349 4203 1674 4276 amittasque
1701 4207 1798 4261 ha-

195 4290 380 4346 bitum
407 4288 632 4358 iustitia:
660 4307 768 4364 quo
793 4293 1012 4348 indutus
1036 4308 1157 4349 esse
1195 4294 1486 4360 videbaris,
1535 4311 1598 4350 ac
1625 4297 1798 4352 nudus

199 4382 276 4437 ab
319 4391 638 4437 ornamento
689 4383 947 4439 virtutum
977 4385 1212 4441 existere
1254 4387 1643 4456 comproberis,
1670 4389 1797 4458 quia

199 4475 358 4548 quod
388 4476 612 4530 Domino
640 4484 774 4530 teste
809 4476 1079 4546 pollicitus
1113 4492 1190 4542 es,
1212 4477 1438 4547 implere
1456 4480 1794 4549 nequiveras.

199 4565 331 4623 Hoc
369 4574 548 4621 autem
572 4566 773 4621 dictum
798 4577 900 4633 est,
953 4583 1060 4623 non
1100 4584 1206 4638 quo
1228 4584 1414 4624 curam
1443 4573 1797 4644 regendarum

199 4661 539 4726 animarum,
571 4675 694 4716 cum
719 4661 816 4716 tibi
842 4661 1162 4733 regulariter
1189 4663 1441 4734 imposita
1480 4663 1661 4730 fuerit,
1681 4679 1798 4720 sus-

198 4753 397 4824 cipere
423 4766 530 4806 non
560 4751 778 4817 debeas,
813 4753 908 4806 sed
948 4767 1016 4807 ne
1051 4753 1250 4830 passim
1281 4753 1426 4808 nullo
1458 4753 1679 4824 iubente
1707 4755 1800 4810 do-

199 4843 386 4901 ctoris
447 4842 543 4897 tibi
593 4857 656 4898 ac
706 4841 949 4914 praesulis
1004 4840 1235 4896 ofﬁcium
1277 4843 1598 4898 temerarius
1643 4859 1798 4898 usur-

199 4949 335 5007 pes.

286 5023 376 5080 Ne
397 5028 800 5096 transgrediaris
823 5027 1070 5081 terminos
1099 5027 1340 5098 antiquos
1369 5043 1496 5097 quos
1520 5037 1804 5097 posuerunt

203 5127 393 5191 patres
426 5118 529 5171 tui.
553 5116 633 5173 Ne
661 5119 1075 5189 transgrediaris
1101 5118 1357 5174 terminos
1379 5114 1524 5184 fidei,
1556 5134 1689 5188 quos
1717 5135 1804 5174 ca-

206 5209 410 5264 tholici
440 5209 507 5264 ab
531 5209 683 5264 initio
704 5217 944 5263 statuere
970 5211 1239 5265 doctores.

298 5301 494 5355 Vidisti
520 5302 687 5355 virum
723 5301 943 5355 velocem
985 5304 1037 5355 in
1067 5319 1215 5372 opere
1240 5318 1356 5367 suo,
1398 5317 1573 5355 coram
1602 5300 1806 5372 regibus

204 5395 401 5457 stabit,
435 5412 527 5448 nec
554 5393 667 5448 .erit
692 5403 811 5448 ante
837 5394 1106 5464 ignobiles.
1157 5395 1538 5464 Quemcunque
1566 5395 1804 5450 velocem

205 5487 426 5542 videris
455 5487 510 5540 in
537 5502 700 5557 opere
744 5502 862 5550 suo,
899 5487 950 5540 id
1002 5494 1103 5551 est,
1161 5487 1215 5541 in
1261 5499 1423 5556 Opere
1449 5487 1606 5549 bono,
1663 5487 1806 5556 quod

207 5575 340 5646 ejus
382 5584 499 5630 erat
546 5577 742 5642 facere,
773 5585 1047 5632 strenuum
1094 5583 1254 5646 atque
1294 5577 1577 5632 sollicitum
1602 5617 1617 5642 ,
1669 5572 1806 5632 scito

1892 3295 2097 3341 matum
2128 3289 2402 3344 auditores
2433 3305 2559 3344 suos
2591 3289 2778 3344 fallere
2800 3292 3094 3346 consuevit.

1967 3375 2096 3430 Noli
2132 3377 2373 3434 laborare
2402 3390 2457 3434 ut
2487 3381 2691 3434 diteris.
2741 3381 2967 3437 Divitias
2998 3383 3238 3437 scientiae
3279 3381 3480 3455 signiﬁ-

1895 3474 2002 3532 cat,
2047 3482 2180 3536 quas
2220 3467 2358 3522 ultra
2413 3485 2720 3524 mensuram
2759 3472 3078 3541 capacitatis
3110 3480 3308 3527 nostra:
3339 3487 3485 3542 qua)-

1893 3570 2013 3611 rere
2038 3557 2406 3628 prohibemur.

1968 3645 2071 3703 Sed
2091 3650 2381 3718 prudentia:
2411 3661 2517 3706 tua:
2554 3669 2686 3721 pone
2710 3653 2942 3707 modum.
2974 3653 3126 3709 Illum
3151 3656 3402 3713 videlicet
3420 3657 3486 3713 de

1895 3757 2003 3812 quo
2039 3757 2201 3812 supra
2235 3744 2435 3798 dictum
2479 3752 2597 3799 est:
2663 3743 2746 3800 Ne
2792 3748 3194 3815 transgrediaris
3238 3750 3483 3805 terminos

1897 3835 2156 3904 antiquos,
2185 3851 2314 3904 quos
2334 3845 2617 3904 posuerunt
2642 3845 2813 3905 patres
2838 3838 2937 3901 tui,
2966 3837 3068 3891 hoc
3093 3845 3196 3903 est,
3224 3840 3484 3896 terminos

1897 3926 2036 3980 datae
2062 3941 2090 3978 a
2116 3927 2368 3997 patribus
2385 3927 2624 3982 veritatis
2651 3935 2707 3981 et
2731 3927 2871 3982 ﬁdei.

1969 4015 2053 4070 Ne
2083 4018 2253 4086 erigas
2281 4017 2459 4070 oculos
2489 4028 2606 4072 tuos
2636 4019 2704 4071 ad
2735 4036 2853 4087 opes
2883 4037 3013 4091 quas
3045 4020 3234 4076 habere
3259 4024 3362 4076 non
3388 4039 3486 4094 po-

1898 4118 1993 4175 tes,
2029 4111 2154 4180 quia
2181 4109 2376 4179 facient
2401 4111 2500 4165 sibi
2527 4128 2760 4182 pennas,
2806 4115 2955 4183 quasi
3002 4114 3212 4184 aquila',
3251 4125 3298 4168 et
3345 4115 3487 4170 vola-

1901 4200 2026 4253 bunt
2046 4201 2101 4254 in
2128 4200 2330 4255 calum.
2378 4201 2454 4256 Ne
2486 4204 2663 4272 erigas
2690 4213 2924 4259 mentem
2951 4216 3096 4258 tuam
3141 4207 3208 4260 ad
3238 4222 3484 4277 perscru-

1900 4293 2062 4346 tanda
2093 4291 2393 4348 divinitatis
2432 4309 2632 4348 arcana
2675 4311 2795 4365 quae
2845 4305 3132 4365 penetrare
3162 4313 3267 4352 non
3311 4309 3485 4370 potes,

1900 4384 2017 4438 haec
2037 4383 2180 4438 enim
2201 4383 2514 4440 cmlestibus
2541 4386 2712 4441 solum
2744 4387 2950 4442 civibus
2980 4397 3181 4458 patent.

1975 4473 2058 4528 Ne
2082 4477 2322 4530 comedas
2351 4467 2469 4530 eum
2503 4478 2732 4531 homine.
2757 4478 2952 4543 invido,
2977 4489 3024 4531 et
3048 4496 3110 4533 ne
3126 4479 3390 4534 desideres
3415 4481 3486 4535 ci-

1903 4563 1992 4619 bos
2026 4565 2164 4635 ejus,
2190 4569 2436 4636 quoniam
2475 4568 2528 4620 in
2550 4567 2944 4622 similitudinem
2975 4568 3127 4622 arioli
3153 4578 3200 4623 et
3229 4571 3489 4640 conjecto-

1903 4655 1976 4710 ris
2001 4657 2223 4710 testimat
2250 4658 2390 4727 quod
2417 4658 2642 4728 ignorat.
2683 4657 2760 4713 Ne
2788 4659 2855 4714 de
2901 4657 3198 4729 Scripturis
3225 4676 3350 4715 cum
3383 4662 3490 4715 hae-

1903 4748 2075 4804 retico
2114 4748 2373 4818 loquaris,
2419 4750 2510 4818 qui
2538 4747 2743 4804 invidet
2786 4750 3033 4804 humanm
3072 4751 3254 4816 saluti,
3283 4750 3491 4819 malens

1903 4838 2153 4910 decipere
2198 4853 2360 4908 quam
2408 4839 2637 4910 corrigi,
2691 4840 2942 4908 quoniam
2989 4841 3128 4895 sicut
3181 4840 3382 4896 ariolus
3435 4854 3492 4897 et

1903 4933 2176 5002 coniector
2205 4933 2538 4989 somniorum
2559 4934 2788 4988 aestimat
2814 4935 2956 5004 quod
2988 4936 3230 5005 ignorat,
3279 4936 3353 4990 ita
3383 4937 3493 4991 hae—

1905 5021 2126 5087 reticus,
2169 5025 2263 5093 qui
2305 5041 2412 5079 non
2450 5023 2715 5094 intelligit,
2763 5024 2815 5078 in
2845 5023 3140 5094 Scripturis
3171 5034 3333 5096 prout
3362 5025 3492 5080 libet

1907 5115 2254 5184 interpretari
2284 5117 2579 5186 praesumit.

1980 5206 2205 5263 Comede
2244 5219 2291 5263 et
2324 5210 2454 5276 bibe,
2487 5210 2613 5263 dicit
2641 5209 2754 5274 tibi,
2791 5219 2838 5263 et
2869 5226 3013 5264 mens
3043 5211 3158 5280 ejus
3185 5227 3288 5264 non
3315 5220 3390 5264 est
3419 5218 3495 5265 te-

1909 5315 2046 5353 cum.
2082 5298 2338 5364 Securus,
2370 5301 2563 5370 inquit,
2595 5301 2740 5355 disce
2769 5309 2826 5355 et
2852 5316 2973 5372 age,
3006 5317 3126 5373 qua:
3143 5302 3333 5368 doceo,
3369 5318 3492 5358 cum

1911 5391 2025 5460 ipse
2054 5391 2139 5445 his
2189 5407 2308 5460 quae
2337 5390 2492 5446 docet
2520 5391 2680 5446 fidem
2707 5401 2909 5446 certam
2935 5407 3041 5446 non
3070 5392 3289 5458 habeat,
3317 5392 3496 5448 sciens

1914 5496 1973 5536 se
1999 5483 2065 5537 de
2089 5482 2252 5538 corde
2278 5497 2375 5538 suo
2399 5484 2634 5546 ﬁnxisse,
2663 5499 2782 5553 quae
2813 5484 3048 5540 doceret.

1986 5571 2140 5629 Cibos
2159 5593 2286 5646 quos
2315 5577 2610 5630 comederas
2631 5593 2829 5631 evomes
2851 5587 2898 5631 et
2925 5577 3104 5647 perdes
3127 5575 3371 5647 pulchros
3392 5591 3500 5629 seru-

294 5688 323 5731 ά
355 5689 625 5772 Lacunam
677 5691 834 5772 hanc,
877 5706 942 5745 ex
998 5690 1198 5772 scripto
1262 5688 1556 5772 exemplari
1628 5689 1876 5761 supplere
1925 5703 2030 5745 non
2063 5689 2369 5760 potuimus;
2414 5690 2557 5760 quod
2608 5705 2728 5760 qua:
2784 5690 2838 5744 in
2888 5689 3059 5746 altero
3091 5689 3265 5745 latere
3295 5690 3497 5761 scripta

213 5772 384 5819 erant
419 5763 641 5817 alterius
673 5761 996 5831 scripturam
1023 5761 1386 5816 obl‘uscarent.
