3910 6370
389 331 500 398 785

1070 341 1132 398 Β.
1174 340 1430 425 mem
1465 341 1688 400 IAURl
1723 339 1961 401 suasu

2081 342 2393 404 IOGUNT.
2431 343 2717 404 οΡΕιιωί
2753 345 2934 407 PARS
2970 347 3062 408 ΠΙ.

3566 357 3671 415 788

389 468 570 510 mones
595 458 731 509 tuos.
763 421 976 512 Sensus
998 469 1286 528 perversos
1303 422 1454 526 quos
1489 455 1557 511 ab
1599 453 1868 512 be'reticis
1904 454 1986 511 di-
2011 455 2065 517 Α
2156 454 2401 512 Gaudeat
2428 463 2577 528 pater
2607 464 2751 524 tuus,
2793 466 2846 513 et
2870 467 3041 515 mater
3067 468 3164 516 tua
3180 463 3426 531 exsultet,
3454 467 3548 536 qui
3578 476 3670 538 gs-

390 541 627 608 diceras.
676 557 906 603 necesse
931 554 1016 603 est
1055 554 1116 603 ut
1151 545 1238 603 vel
1265 560 1364 617 per
1385 546 1762 616 paenitentiam
1812 544 1988 602 corri-

389 630 598 704 gerulus
626 631 868 701 deseras,
895 635 981 691 vel
1001 642 1126 707 post
1149 642 1382 692 mortem
1400 651 1502 706 pro
1518 635 1603 692 bis
1624 649 1816 706 paruas
1835 633 1986 690 luere

390 728 647 809 cogaris,
691 728 999 799 perdasque
1039 741 1316 809 sermones
1369 726 1748 793 confessionis,
1786 725 1985 797 quibus

392 821 473 876 eis
501 807 925 892 praedicantibus
963 807 1242 878 humiliter
1283 816 1312 873 ί
1360 818 1560 876 νθιιὰιω
1603 831 1724 876 esse
1757 823 1984 888 putave-

393 927 502 968 P88.

463 1005 532 1060 In
553 1005 772 1061 auribus
810 1000 1169 1078 insipientium
1216 1012 1282 1062 ne
1326 1006 1558 1078 aquaria
1629 1006 1755 1078 quia
1803 1005 1978 1076 despi-

387 1095 523 1150 cient
569 1094 866 1151 doctrinam
915 1095 1108 1168 eloquii
1158 1097 1256 1157 tui.
1303 1095 1325 1153 l
1360 1096 1443 1153 uie
1485 1096 1664 1155 simile
1706 1104 1795 1155 est
1846 1097 1979 1155 illud

387 1187 702 1259 Evangelii:
739 1186 917 1242 Nolite
946 1187 1076 1255 dare
1112 1198 1330 1246 sanetur.
1375 1188 1590 1243 canibus
1621 1205 1783 1261 neque
1801 1189 1979 1246 mitta-

384 1278 454 1333 tis
480 1272 795 1348 margaritas
821 1285 1016 1333 vestras
1034 1288 1154 1333 ante
1173 1295 1379 1350 porcos,
1404 1287 1511 1335 etc.
1526 1277 1603 1349 (ll
1611 1281 1740 1334 atth.
1765 1278 1885 1353 vn).
1918 1279 1976 1336 Si

384 1384 515 1442 ergo
558 1384 723 1439 supra
780 1369 1091 1437 admonuit,
1158 1385 1227 1426 ne
1280 1369 1666 1449 haereticorum
1715 1371 1976 1433 doctrinis

383 1460 744 1528 auscultares,
783 1461 860 1516 ita
887 1477 1033 1526 nunc
1076 1460 1329 1520 hortatur
1354 1477 1424 1518 ne
1452 1478 1638 1520 amore
1683 1477 1838 1518 vana:
1855 1449 1974 1536 glo-

381 1552 480 1608 ria:
525 1554 812 1620 seductus,
833 1547 1136 1612 immundis
1186 1549 1500 1613 hominibus
1538 1553 1744 1627 passim
1771 1569 1970 1618 arcana

2089 548 2204 601 nuit
2231 556 2301 602 te.
2343 540 2586 602 Gaudeat
2609 545 2752 603 Deus
2782 547 2947 605 Pater
2971 549 3040 606 de
3065 557 3156 606 tua
3174 550 3406 622 iustitia,
3440 556 3673 628 gaudeat

2086 645 2142 692 et
2165 637 2408 692 Ecclesia
2433 645 2628 704 mater,
2657 637 2752 698 sed
2780 647 2837 694 et
2858 643 3114 700 sacerdos
3129 643 3226 712 qui
3249 652 3304 702 te
3320 660 3422 716 per
3437 650 3671 718 gratiam

2085 725 2337 819 baptismi
2375 728 2739 819 regeneravit,
2765 729 2967 799 quique
3010 737 3064 790 te
3093 733 3329 792 erudivit
3353 749 3386 789 a
3417 737 3672 819 parvulo,

2085 818 2152 873 de
2181 816 2286 877 tuis
2305 818 2462 876 bonis
2487 817 2788 889 gratuletur
2809 820 3085 903 operibus.

2155 906 2255 967 Cui
2275 909 2392 963 nte?
2412 910 2570 983 cujus,
2593 911 2870 981 patri,th
2897 910 3171 979 Quaeritur
3197 913 3523 985 disputando
3547 917 3670 988 qui-

2081 999 2183 1055 bus
2231 1001 2508 1056 hominum
2555 1003 2853 1067 sceleribus
2899 1005 3137 1061 maxima
3166 1022 3197 1062 a
3226 1006 3456 1065 Domino
3501 1026 3666 1081 ptem

2081 1091 2362 1159 servetur?
2403 1094 2787 1165 et-respondct
2831 1095 2946 1165 ipse
2995 1086 3384 1165 ratiocinandi),
3416 1102 3543 1170 quia
3581 1102 3668 1158 his

2079 1181 2284 1253 absque
2310 1183 2462 1241 omni
2505 1184 2797 1251 dubietate,
2835 1187 2928 1256 qui
2955 1202 3055 1258 per
3082 1188 3455 1251 ebriositatem
3484 1191 3666 1247 devol-

2078 1284 2279 1334 vuntur
2294 1276 2367 1331 ad
2392 1275 2683 1341 luxuriam.
2711 1277 2826 1344 Cui,
2855 1279 3049 1350 inquit,
3072 1282 3188 1337 ne?
3206 1283 3360 1353 cujus
3380 1267 3524 1354 patri
3544 1285 3665 1341 ore?

2076 1383 2154 1423 ore
2181 1374 2443 1425 aeternum
2469 1368 2747 1440 interitum
2775 1356 3038 1438 nominat,
3064 1386 3173 1442 quo
3203 1371 3466 1432 Dominus
3497 1390 3512 1429 ε
3546 1373 3660 1442 Vc,

2076 1457 2273 1529 inquit,
2302 1459 2503 1530 homini
2531 1459 2610 1514 illi
2640 1477 2732 1532 per
2759 1477 2915 1533 quem
2941 1462 3252 1524 scandalum
3279 1463 3413 1528 venit
3437 1463 3669 1536 (Matth;

2074 1549 2254 1622 xvm).
2296 1549 2512 1608 Patrem
2541 1559 2721 1618 autem
2753 1549 2869 1622 ejus
2905 1553 2994 1609 cui
3022 1570 3097 1608 ne
3126 1553 3426 1621 immineat,
3454 1555 3540 1612 vel
3562 1557 3663 1613 bo-

379 1639 629 1703 veritatis
656 1647 893 1717 ingeras.
2074 1643 2276 1716 minem
2319 1644 2450 1700 dicit
2473 1660 2504 1700 a
2530 1660 2637 1715 quo
2663 1647 2910 1718 exempla
2945 1648 3100 1718 pravi
3142 1649 3324 1720 operis
3351 1648 3484 1708 foris
3511 1651 3661 1722 quis—-

453 1735 540 1814 Ne
569 1738 796 1811 attingas
837 1738 1084 1811 terminos
1117 1739 1485 1810 parvulorum,
1511 1748 1560 1801 et
1585 1756 1772 1813 agrum
1799 1741 1971 1814 pupil-
2072 1750 2179 1809 que
2199 1744 2262 1791 ut
2278 1746 2532 1807 peccaret
2555 1737 2780 1809 accepit,
2802 1738 2888 1794 vel
2907 1747 3056 1796 certe
3079 1738 3374 1807 diabolum,
3395 1743 3489 1813 qui
3512 1742 3660 1801 intus

378 1829 554 1884 lorum
588 1847 653 1905 ne
675 1832 947 1886 introeas:
987 1831 1466 1904 propinquus‘enim
1493 1851 1672 1890 eorum
1694 1835 1846 1906 fortis
1867 1845 1963 1892 est.
1988 1825 2043 1898 Β
2070 1827 2126 1888 in
2153 1829 2315 1885 corde
2341 1829 2490 1888 virus
2513 1825 2783 1901 pestiferae
2810 1820 3181 1902 suggeStioniS'
3199 1831 3427 1898 infudit;
3457 1834 3523 1888 de
3546 1849 3660 1906 quo

375 1919 447 1976 Et
473 1923 582 1993 ipse
594 1920 858 1992 judicabit
898 1931 1078 1982 contra
1108 1906 1162 1977 te.
1186 1940 1403 1981 causam
1451 1925 1684 1987 illorum.
1743 1925 1970 1999 Propiu»
2067 1918 2269 1977 Iudaeis
2295 1919 2499 1978 dictum
2519 1931 2604 1983 est
2634 1938 2648 1976 ε
2687 1919 2787 1978 V08
2814 1937 2888 1978 ea?
2906 1927 3054 1994 patre
3078 1922 3289 1980 diabolo
3311 1924 3458 1991 cuit,
3487 1933 3538 1980 et
3560 1924 3657 1980 do-

377 2028 543 2084 quum
569 2014 918 2086 parvulorum
943 2021 1001 2068 et
1043 2014 1374 2086 pupillorum
1397 2016 1684 2076 Dominum
1709 2017 1966 2092 appellat,
2068 2011 2263 2075 sideris
2284 2013 2452 2086 patris
2474 2014 2628 2069 vestri
2652 2013 2826 2084 facere
2848 2014 3020 2072 vultis.

374 2107 502 2178 quia
527 2123 652 2165 cum
673 2115 821 2164 esset
857 2107 913 2168 in
937 2123 1127 2174 carne,
1174 2124 1474 2181 pauperum
1506 2111 1678 2183 magis
1708 2126 1873 2182 quam
1893 2112 1969 2167 di-
2136 2101 2238 2160 Cui
2267 2105 2542 2164 rimlcui
2570 2103 2772 2175 fossae?
2799 2104 2980 2171 Rixm,
3007 2104 3136 2176 quia
3161 2106 3506 2164 concordiam
3531 2122 3651 2164 ser-

371 2198 544 2256 vitum
572 2213 801 2255 consors
840 2196 958 2257 ﬁeri
997 2199 1253 2271 dignatus
1277 2209 1380 2257 est.
1419 2199 1670 2272 Alioquin
1701 2200 1972 2259 idemDo-
2067 2187 2387 2267 vare-pacis
2434 2196 2637 2269 nescit.
2666 2211 2828 2278 quem
2872 2198 3112 2257 ebrietas
3154 2212 3349 2258 sensus
3391 2199 3652 2271 impotem

372 2291 557 2347 minus
592 2298 678 2348 est
719 2293 984 2361 omnium,
1027 2292 1266 2362 divesin
1314 2308 1527 2361 omnes,
1575 2295 1670 2365 qui
1713 2295 1968 2353 invocant
2069 2287 2342 2359 reddidit:
2369 2286 2554 2355 iovem,
2581 2287 2709 2358 Quia
2751 2290 2952 2359 passim
2987 2291 3044 2348 in
3086 2289 3370 2346 volutabra
3398 2292 3652 2348 vitiorum

371 2379 544 2439 illum.
582 2380 818 2438 Possunt
865 2391 1048 2462 autem
1103 2393 1466 2455 congruenter
1506 2387 1855 2456 parvulorum
1902 2402 1966 2454 ac

368 2467 942 2546 pupillorum‘nomine
963 2473 1039 2531 illi
1071 2474 1366 2554 designari,
1394 2475 1462 2531 de
1480 2477 1679 2548 quibus
1704 2478 1967 2536 Dominus

369 2569 450 2633 ait
476 2583 491 2623 :
527 2567 710 2625 Videte
730 2585 794 2624 ne
812 2571 1155 2718 cxtemnatis
1181 2587 1348 2627 unum
1377 2571 1442 2626 de
1469 2571 1683 2642 pupillis
1711 2572 1851 2639 istis,
1870 2574 1986 2645 qui-

369 2663 427 2717 in
445 2678 527 2717 me
546 2660 788 2718 credunt.
898 2663 974 2718 ’ω
999 2662 1138 2718 enim
1169 2662 1309 2718 vobis
1344 2664 1472 2718 auia
1490 2663 1666 2718 anaeli
1697 2681 1878 2718 eorum
1907 2666 1964 2718 in

368 2663 427 2717 in
445 2678 527 2717 me
546 2660 788 2719 credunt.
839 2649 974 2720 Dico
999 2649 1138 2718 enim
1169 2662 1309 2718 vobis
1344 2664 1472 2734 quia
1490 2663 1666 2736 angeli
1697 2681 1878 2720 eorum
1907 2666 1964 2720 in

367 2753 510 2811 cretis
535 2769 737 2825 semper
759 2754 931 2810 vident
951 2753 1141 2824 faciem
1156 2751 1339 2810 Patris
1365 2755 1487 2819 mei,
1512 2756 1601 2827 qui
1622 2757 1678 2811 in
1696 2755 1838 2812 catis
1863 2765 1959 2813 est.

369 2829 608 2912 Quorum
634 2860 788 2917 agros
810 2853 860 2900 et
896 2845 1149 2900 terminos
1186 2843 1279 2916 qui
1303 2843 1556 2923 attigerit,
1602 2846 1838 2914 hocest,
1868 2848 1963 2919 qui

366 2937 836 3025 conversationem
880 2952 1068 2993 eorum
1096 2938 1297 2994 bonam
1335 2934 1690 3010 inquietando
1735 2939 1958 3020 luerit,

358 3029 626 3105 judicium
653 3028 869 3087 Domini
906 3044 1008 3087 non
1036 3029 1229 3088 evadit.

439 3120 566 3178 Non
595 3121 873 3182 temuletur
893 3138 985 3176 cor
1008 3130 1158 3177 tuum
1205 3131 1522 3193 peceatores,
1558 3111 1651 3178 sed
1677 3121 1733 3176 in
1773 3122 1957 3180 timore

2065 2381 2311 2448 omnium
2337 2381 2533 2436 cadere
2553 2395 2660 2436 non
2683 2381 2939 2451 trepidat,
2960 2383 3056 2453 qui
3077 2383 3221 2439 inter
3239 2385 3379 2440 bona
3402 2385 3655 2455 malaque

2067 2472 2375 2527 discernere
2398 2471 2550 2541 quasi
2580 2480 2976 2544 mentecaptus
3023 2475 3257 2546 ignorat,
3289 2475 3434 2529 illam
3465 2477 3654 2546 scpis-

2065 2563 2202 2622 sime
2229 2562 2439 2626 loream
2457 2564 2714 2628 ebriosus
2753 2563 2964 2631 incidit,
2997 2564 3064 2626 de
3087 2579 3196 2636 qua
3218 2565 3506 2637 prafatum
3531 2575 3648 2622 est:

2064 2653 2242 2712 Fovea
2269 2656 2404 2711 enim
2431 2655 2697 2727 profunda
2716 2637 3082 2726 estmeretriz,
3105 2667 3155 2713 et
3177 2668 3364 2730 puteus
3390 2668 3652 2730 angustus

2063 2746 2240 2804 aliena
2269 2742 2451 2819 (Prov.
2475 2745 2658 2816 nm).
3007 2813 3012 2817 ε
3275 2790 3277 2792 ,

2134 2836 2232 2894 Cui
2269 2831 2593 2894 sine'causa
2638 2834 2897 2910 vulnera!
2935 2837 3025 2894 cui
3072 2837 3296 2909 ηιΜο
3337 2836 3654 2893 oculorum?

2062 2929 2300 2990 Vulnera
2341 2928 2464 2988 sine
2487 2939 2690 3004 causa,
2716 2928 2844 2999 quia
2887 2928 3041 2986 multi
3084 2928 3210 2985 vino
3238 2928 3380 2984 ultra
3422 2928 3645 2984 modo.

2060 3022 2298 3093 impleti,
2328 3021 2550 3084 vulnera
2599 3037 2696 3093 per
2742 3030 3007 3079 tumorem
3039 3021 3093 3076 in
3120 3021 3379 3077 membris
3422 3036 3651 3093 accepe-

2061 3123 2205 3180 runt,
2235 3129 2354 3185 qum
2375 3113 2522 3174 nulla
2543 3113 2658 3184 fere
2685 3117 2848 3170 cauSa
2875 3114 3246 3183 pertulerunt;
3269 3106 3648 3183 sull'u'sioocu-

599 3176 711 3270 ἔξω
739 3176 853 3270 ,διὰ
870 3213 985 3280 die,
1013 3215 1138 3286 quia
1400 3176 1544 3284 φηςι
1651 3176 1952 3281 "Diiunge;
1981 3176 2030 3244 θ
2051 3176 2268 3274 lorum;
2290 3177 2420 3276 quia
2451 3181 2840 3280 immoderatus
2861 3176 2974 3260 vini
3000 3176 3313 3260 haustus'et
3358 3179 3647 3278 caliginem

364 3315 416 3363 et
437 3305 760 3377 pmstolatio
783 3315 876 3361 tua
901 3322 1007 3361 non
1040 3304 1330 3385 auferetur.
1377 3303 1436 3361 Si
1471 3313 1585 3360 tota
1615 3305 1724 3370 die,
1755 3304 1822 3385 id
1847 3313 1955 3377 est,

364 3404 482 3453 toto
521 3405 764 3468 tempore
791 3411 900 3467 quo
926 3397 981 3452 in
1025 3396 1209 3455 muli
1254 3393 1416 3466 hujus
1444 3395 1566 3454 luce
1598 3384 1874 3464 consistis,
1901 3405 1960 3456 et

363 3497 711 3561 peccatorum
735 3485 985 3560 exempla
1013 3489 1186 3544 vitare
1208 3529 1223 3554 ,
1250 3497 1308 3546 et
1336 3489 1624 3548 Dominum
1660 3491 1853 3547 timere
1878 3506 1960 3562 sa-

365 3580 592 3651 tegeris,
633 3581 846 3636 habetis
882 3575 1044 3651 spem
1069 3581 1241 3642 beata:
1261 3579 1640 3668 retributionis
1685 3581 1739 3637 in
1785 3581 1960 3641 novis-

364 3673 525 3728 simo.
570 3670 684 3728 Hoc
708 3681 812 3738 est,
845 3687 968 3728 cum
993 3672 1061 3728 ad
1083 3671 1247 3742 hujus
1271 3671 1397 3730 vita!
1427 3672 1588 3730 ﬁnem
1615 3674 1954 3744 perveneris,

365 3763 484 3834 ipso
509 3763 674 3820 etiam
714 3771 1028 3830 attestante,
1068 3764 1161 3834 qui
1184 3764 1282 3829 ait,
1315 3763 1446 3822 Esto
1485 3763 1657 3839 ﬁdelis
1683 3781 1846 3837 usque
1885 3766 1957 3820 ad

364 3865 607 3922 mortem,
633 3864 683 3910 et
701 3855 838 3926 dabo
868 3855 962 3910 tibi
989 3870 1237 3914 coronam
1264 3857 1404 3912 vitae.

439 3945 568 4001 Noli
597 3961 708 4001 esse
737 3947 793 4000 in
822 3947 1068 4001 conviviis
1091 3955 1424 4018 peccatorum
1442 3987 1458 4014 ,
1485 3964 1651 4021 neque
1678 3949 1734 4004 in
1759 3964 1958 4005 comes-

362 4037 654 4095 sationibus
683 4053 866 4093 eorum
891 4037 984 4108 qui
1016 4054 1200 4093 carnes
1227 4039 1298 4094 ad
1327 4040 1634 4096 vescendum
1659 4041 1952 4110 conferunt.

365 4130 571 4187 Carnes
615 4131 683 4186 ad
724 4130 1054 4191 vescendum
1103 4128 1351 4186 conferre
1389 4133 1571 4190 estin
1600 4131 1957 4188 collocutionc

365 4221 732 4293 derogationis
765 4221 1003 4278 vicissim
1031 4219 1401 4292 proximorum
1425 4223 1536 4281 vita
1563 4221 1777 4297 [Forte,
1798 4223 1954 4297 vitia]

365 4314 567 4380 dicere,
595 4313 664 4369 de
694 4328 925 4385 quorum
950 4329 1111 4384 pinna
1143 4329 1269 4370 mox
1297 4315 1546 4373 subditur
1571 4334 1584 4373 :

440 4404 580 4471 Quia
620 4412 863 4461 bacantu
910 4404 1139 4475 potibus,
1168 4415 1217 4460 et
1256 4405 1440 4461 dantes
1478 4407 1734 4478 symbolo,
1765 4424 1952 4464 consu~

2057 3299 2304 3370 plurimis
2329 3298 2480 3354 visus
2505 3296 2810 3368 corporalis
2832 3305 2889 3353 et
2915 3296 3211 3352 caecitatem
3237 3298 3427 3369 genuit
3457 3311 3650 3356 senm

2059 3388 2358 3456 interioris.

2133 3481 2324 3542 Nonne
2349 3481 2431 3539 bis
2451 3479 2554 3551 qui
2574 3488 2851 3538 morantur
2873 3481 2931 3536 in
2950 3481 3068 3537 uino
3085 3489 3136 3536 et
3157 3481 3370 3539 student
3395 3479 3648 3536 calicibus

2057 3573 2367 3645 epotandis?
2398 3570 2515 3632 Non
2543 3578 2692 3629 vetat
2717 3571 2903 3632 bibere
2928 3571 3114 3628 vinum
3129 3570 3208 3625 ad
3238 3571 3642 3638 necessitatem,

2059 3664 2155 3721 sed
2181 3664 2384 3728 morari
2405 3663 2548 3719 ultra
2567 3649 2786 3735 tempus
2806 3669 2862 3720 et
2891 3662 3184 3736 utilitatem
3201 3661 3260 3717 in
3284 3657 3413 3718 vino
3441 3672 3497 3719 et
3518 3677 3644 3718 eva-

2059 3755 2285 3820 cuandis
2329 3753 2648 3812 alterutrum
2699 3765 2912 3811 certare
2966 3753 3226 3809 calicibus
3248 3793 3265 3819 ,
3310 3753 3466 3823 juxta
3496 3751 3644 3809 ‘illud

2055 3841 2207 3903 Isaize
2233 3860 2247 3900 :
2279 3841 2373 3901 Vw
2395 3842 2488 3915 qui
2527 3829 2906 3914 potentee'sstis
2947 3843 3018 3901 ad
3047 3843 3327 3911 bibendum
3364 3837 3562 3910 uinum,
3589 3853 3644 3900 α

2054 3932 2153 3987 viri
2173 3931 2337 4006 fortes
2356 3933 2434 3988 ad
2462 3920 2782 4003 miscendam
2804 3924 3102 3993 ebrietatem
3135 3932 3270 4006 (Ira.
3292 3934 3369 4008 v).

2128 4021 2283 4080 Oculi
2308 4025 2388 4080 tui
2417 4022 2661 4086 videbunt
2695 4022 2993 4102 extraneas,
3023 4033 3073 4082 et
3102 4035 3368 4084 mtuum
3399 4024 3646 4097 loquatur

2054 4133 2312 4187 perversa.
2343 4116 2672 4179 consuetum
2693 4125 2750 4173 et
2771 4132 2910 4189 pene
2927 4117 3176 4175 naturale
3198 4126 3282 4174 est
3301 4119 3492 4174 vilium
3520 4123 3647 4188 post

2055 4205 2332 4273 ebrietatis
2359 4221 2587 4268 venena
2624 4205 2826 4266 diffusa
2864 4208 2922 4269 in
2959 4208 3440 4278 cordeipnlierum
3483 4198 3646 4280 sequi

2054 4297 2572 4368 concupiscentiam.
2593 4299 2896 4382 comitante
2933 4300 3103 4358 etiam
3127 4290 3398 4372 pravitate
3425 4317 3492 4361 se
3516 4311 3645 4357 tur-

2051 4392 2296 4464 pitudine
2319 4383 2633 4454 verborum.
2868 4402 2870 4404 '

365 4504 596 4591 meatur,
645 4503 695 4550 et
741 4493 983 4563 vestietur
1023 4496 1215 4591 pannis
1263 4477 1586 4554 dormitalio.
1608 4497 1946 4569 Symbolum
1977 4530 2027 4591 Β
2092 4581 2104 4591 ι
2125 4487 2195 4561 Εἰ
2229 4487 2333 4591 erit
2357 4487 2494 4542 σίου(
2519 4477 2784 4590 dormiens
2803 4486 2865 4591 in
2890 4485 3063 4591 me'dio
3102 4485 3259 4591 muri,
3286 4492 3339 4540 et

257 4595 272 4624 κ
364 4583 614 4642 Graecum
643 4598 839 4649 nomen
879 4592 963 4640 est
991 4592 1047 4640 et
1069 4583 1454 4657 interpretatur
1475 4585 1714 4654 collatio,
1735 4596 1820 4643 est
1855 4604 1950 4644 au-

366 4687 480 4735 tem
507 4678 724 4736 collatio
769 4694 1102 4755 sermonum,
1137 4681 1280 4736 sicut
1304 4681 1358 4737 in
1387 4680 1630 4748 consiliis
1678 4681 1950 4749 solet,iest

365 4778 424 4827 et
457 4770 831 4841 pecuniarum,
858 4771 974 4830 sive
1021 4771 1252 4828 aliarum
1288 4781 1583 4838 rerum-ut
1623 4781 1678 4830 et
1710 4789 1950 4846 praesens

365 4859 519 4919 locus
544 4863 724 4924 docet.
768 4862 991 4919 Potibus
1032 4877 1162 4935 ergo
1195 4871 1415 4928 vacant,
1438 4863 1538 4934 qui
1567 4865 1634 4920 de
1657 4865 1949 4936 opprobrio

366 4951 558 5009 aliena
601 4954 746 5010 vitae
769 4969 829 5012 se
855 4954 1145 5014 inebriant‘.
1177 4952 1491 5026 Symbolum
1524 4970 1655 5012 vero
1688 4955 1818 5011 dare
1841 4964 1947 5023 est,

367 5045 512 5102 sicut
546 5045 913 5117 unusquisque
953 5044 1089 5103 solet
1126 5061 1225 5116 pro
1257 5054 1414 5118 parte
1438 5062 1536 5123 sua
1565 5047 1714 5106 cibos
1751 5042 1945 5106 ad've-

368 5136 648 5202 scendum,
679 5137 752 5191 ita
791 5135 845 5191 in
881 5135 1312 5192 confabulatione
1347 5137 1757 5194 detractationis
1783 5134 1949 5195 verba

367 5227 648 5299 conferre,
677 5227 774 5288 sed
813 5236 1071 5286 vacantes
1108 5228 1326 5298 potibus
1361 5237 1422 5291 et
1468 5231 1656 5288 dantes
1705 5232 1947 5301 symbolo

367 5329 777 5388 consumantur,
801 5319 930 5392 quia
952 5319 1101 5379 sicut
1125 5313 1390 5390 scriptum
1414 5330 1497 5379 est
1520 5341 1534 5378 :
1561 5320 1746 5378 Omnis
1772 5323 1948 5379 detra-

368 5418 542 5467 ctator
579 5411 952 5467 eradicabitur.
985 5409 1225 5470 Vestitur
1259 5419 1440 5470 autem
1469 5415 1664 5484 pannis
1687 5401 1948 5470 dormita-

369 5502 470 5569 tio,
494 5502 621 5574 quia
651 5502 960 5572 despectum
1001 5511 1058 5561 et
1092 5504 1308 5575 inopem
1334 5519 1367 5560 a
1393 5505 1604 5562 cunctis
1630 5505 1787 5562 bonis
1821 5521 1949 5578 ope-

368 5593 531 5649 ribus
559 5607 707 5649 mors
745 5607 843 5649 sua
886 5592 1141 5662 inveniet,
1167 5611 1330 5667 quem
1365 5595 1455 5652 hic
1499 5597 1568 5654 ad
1608 5597 1798 5655 alienae
1824 5599 1949 5654 vitae

369 5684 698 5756 exquirenda
721 5685 951 5754 crimina
974 5686 1386 5754 detractationis
1413 5705 1524 5753 suae
1543 5690 1950 5764 languorm-

368 5773 534 5840 pavit.
797 5777 801 5783 ’

2048 4581 2190 4652 pitus
2205 4578 2527 4650 gubernator.
2544 4577 2742 4638 amisso
2765 4577 2934 4635 clauo.
2960 4576 3020 4633 lu
3045 4576 3223 4633 medio
3246 4577 3386 4632 mari
3411 4576 3642 4644 dormit,

2049 4671 2226 4744 quiin
2259 4669 2419 4741 huius
2455 4670 2640 4731 mundi
2669 4669 3056 4734 tentationihus
3103 4669 3312 4739 positus
3352 4670 3646 4738 providere

2050 4772 2231 4822 motus
2259 4763 2580 4822 irruentium
2608 4763 2863 4821 vitiorum
2901 4761 3058 4833 quasi
3089 4750 3433 4816 imminentes
3460 4764 3640 4820 unda.

2049 4872 2170 4912 rum
2219 4845 2464 4915 cumulos
2503 4851 2760 4924 negligit,
2782 4860 2838 4908 et
2862 4851 3020 4923 quasi
3053 4841 3641 4933 sopitusgubernator

2050 4945 2262 5000 clavum
2313 4944 2532 5009 amittit,
2558 4943 2773 5014 quando
2807 4957 2959 4998 mens
2997 4941 3064 4998 ad
3105 4941 3400 5013 regendam
3437 4954 3639 4997 navem

2053 5035 2297 5106 corporis
2324 5033 2562 5092 studium
2589 5031 2966 5097 sollicitudinis
2991 5030 3188 5101 perdit.

2125 5140 2196 5199 Et
2217 5143 2357 5198 dices
2377 5157 2398 5199 :
2435 5139 2848 5197 Verberauerunt
2875 5156 2973 5204 me,
3006 5141 3098 5197 sed
3124 5156 3231 5196 non
3248 5138 3435 5207 dolui;
3458 5147 3637 5196 traxe

2055 5241 2175 5289 runt
2197 5248 2298 5300 me,
2324 5240 2370 5287 et
2397 5247 2492 5303 ego
2519 5246 2623 5286 non
2654 5229 2793 5301 sensi
2813 5231 3059 5302 :quando
3085 5230 3345 5303 evigilat»
3372 5239 3420 5285 et
3445 5246 3638 5288 rursu

2052 5327 2173 5382 vina
2195 5325 2468 5396 reperiam.
2486 5322 2602 5381 Vos
2622 5322 2865 5393 percussi
2889 5330 2946 5378 et
2955 5321 3275 5378 dormientis
3285 5321 3636 5393 exprimitur,

2054 5430 2208 5471 meus
2232 5415 2429 5487 quippe
2458 5429 2490 5469 a
2514 5427 2650 5470 cura
2683 5410 3056 5470 sollicitudinis
3081 5412 3355 5468 dormiens
3379 5409 3640 5467 verbera-

2055 5516 2145 5565 tur
2176 5514 2234 5563 et
2276 5521 2380 5562 nou
2403 5505 2568 5570 dolet,
2595 5503 2721 5574 quia
2764 5503 2906 5560 sicut
2948 5503 3286 5558 imminentia
3331 5500 3477 5557 mata
3522 5515 3638 5560 non

2055 5596 2348 5669 prospicit,
2374 5595 2454 5651 sic
2482 5609 2582 5650 nec
2605 5609 2730 5673 qua
2768 5593 3162 5665 perpetraverit
3197 5593 3460 5665 agnoscit.
3491 5591 3639 5670 Trn-

2055 5672 2205 5751 bitttr
2231 5692 2284 5745 et
2305 5697 2644 5760 nequaquam
2671 5684 2855 5754 sentit,
2883 5682 3013 5756 quia
3032 5697 3132 5756 per
3156 5679 3441 5748 illecebras
3468 5681 3639 5740 vitio-

2055 5793 2178 5838 rum
2204 5777 2438 5847 ducitur,
2465 5791 2567 5836 nes
2588 5784 2772 5835 amen
2791 5777 2864 5836 ad
2882 5777 2968 5837 sul
2988 5779 3292 5838 custodiam
3313 5777 3638 5849 uincimur.
