3910 6342
453 224 560 282 759

1130 223 1189 278 Β.
1232 223 1487 279 RABANI
1526 223 1747 282 MAURI
1783 225 2101 282 ARCHIEP.
2144 228 2450 288 MOGUNT.
2493 231 2778 288 OPERUM
2816 231 2994 289 PARS
3033 234 3116 290 Ill.

3625 241 3733 295 760

524 341 786 407 Quoniam
818 351 1022 410 repente
1060 350 1336 411 consurget
1363 341 1585 411 perditio
1627 359 1826 407 eorum,
1855 351 1904 397 et
1931 343 2044 396 rui-
2071 357 2123 418 Α
2149 363 2331 415 agrum
2365 358 2534 416 tuum,
2565 362 2620 406 ut
2645 366 2826 424 postea
2870 358 3095 426 aedifices
3133 363 3348 414 domum
3375 370 3540 415 tuam.
3592 360 3741 429 Quid

455 449 578 486 nam
608 433 876 502 utriusque
917 433 1034 502 quis
1074 431 1238 485 nouit.
1295 430 1587 501 Utriusque
1627 432 1760 487 dicit
1784 441 1840 486 et
1864 432 2045 486 detra-

2147 444 2231 490 est
2255 447 2555 506 praeparato
2583 457 2748 513 opere
2787 460 2975 516 agrum
2999 446 3286 518 diligenter
3311 465 3562 507 exercere
3580 493 3595 516 ,
3627 452 3738 508 nisi

450 522 648 586 hentis,
677 531 732 578 et
757 522 874 594 ejus
899 523 988 592 qui
1023 521 1096 576 illi
1130 521 1355 576 favendo
1400 524 1717 602 commistus
1757 531 1858 588 est,
1887 524 2045 579 dero-
2146 527 2344 582 evulsis
2393 529 2690 600 iniquitatis
2747 537 3010 602 sentibus,
3058 540 3323 595 actionem
3372 552 3613 598 nostram
3667 542 3739 599 ad

447 614 691 685 gantium
719 614 934 668 Christo
964 612 1289 683 principum,
1314 621 1369 668 et
1399 600 1612 685 decepti
1643 616 1710 670 ab
1735 616 1814 670 eis
1838 616 2040 685 populi,

444 702 804 760 lacerantium
834 704 994 759 fidem
1019 705 1507 760 hmresiarcharum
1539 717 1595 762 et
1620 707 2042 763 auscultantium

447 795 553 851 illis
574 796 902 851 auditorum.

520 887 651 943 Hac
683 906 887 960 quoque
911 889 1252 959 sapientibus.
1284 888 1638 958 Subauditur,
1675 892 1857 963 ignota
1889 904 2038 962 sunt,

445 979 662 1049 quando
712 979 1063 1049 repmborum
1111 981 1371 1052 quisque,
1402 983 1494 1052 qui
1543 981 1748 1056 [Forte,
1783 986 2041 1041 redundat

443 1069 580 1124 illud
624 1069 735 1141 qui]
783 1072 1066 1138 repentino
1105 1072 1329 1127 interitu
1378 1075 1620 1144 rapiatur
1647 1089 1678 1128 e
1708 1075 1922 1141 saeculo,
1956 1077 2039 1132 vel

443 1165 560 1218 haec
584 1179 798 1234 quoque
823 1164 1159 1233 sapientibus
1181 1173 1312 1220 sunt
1331 1166 1693 1229 observanda,
1716 1181 1835 1236 quae
1857 1167 2037 1233 docui,

444 1271 510 1310 ne
545 1256 942 1310 detractoribus
971 1258 1449 1327 commisceantur.
1482 1256 1618 1324 Quia
1651 1259 1755 1313 hoc
1790 1259 2039 1327 speciali-

441 1356 525 1402 ter
566 1349 696 1402 vitio
729 1357 898 1404 totum
940 1364 1079 1420 pene
1125 1365 1293 1420 genus
1338 1351 1676 1420 periclitatur
1715 1351 2034 1406 humanum.

445 1437 596 1493 Unde
624 1441 798 1494 eidem
831 1442 964 1496 vitio
992 1441 1195 1496 mederi
1221 1441 1408 1497 volens
1436 1443 1626 1497 beatus
1661 1441 1824 1497 Pater
1853 1443 2040 1512 Augu-

439 1533 633 1598 stinus,
667 1535 766 1589 bos
798 1537 851 1589 in
875 1551 972 1589 sua
1003 1551 1188 1590 mensa
1219 1535 1518 1592 versiculos
1549 1535 1678 1590 fecit
1707 1535 1942 1591 describi
1971 1549 1987 1591 :

623 1645 854 1712 Qtt_l_sqnls
879 1654 1004 1696 amat
1025 1648 1168 1697 dictis
1193 1649 1446 1699 absentum
1466 1660 1676 1712 carpere
1694 1651 1862 1712 vitam,

684 1708 820 1756 Hanc
843 1721 1064 1760 mensam
1088 1712 1287 1760 vetitam
1306 1711 1502 1759 noverit
1523 1722 1635 1761 esse
1670 1711 1783 1762 sibi.

435 1809 592 1864 Hunc
642 1812 981 1866 versiculum
1020 1814 1241 1881 antiqua
1283 1813 1448 1868 editio
1483 1813 1828 1870 manifestius
1861 1816 2030 1872 dicit:

437 1899 567 1955 Hier
616 1901 734 1956 dico
776 1903 918 1957 vobis
965 1905 1277 1972 sapientiam
1325 1905 1745 1975 agnoscentibus,
1778 1907 1921 1975 quod
1948 1924 2034 1964 se-

433 1994 716 2062 quentium
764 1996 1160 2050 sententiarum
1206 2011 1313 2050 non
1360 1996 1658 2066 incongrue
1701 2007 1882 2068 potest
1913 2015 2034 2056 esse

432 2083 781 2153 principium.

504 2174 827 2252 Cognoscere
873 2194 1151 2247 personam
1195 2181 1250 2233 in
1287 2179 1495 2248 judicio
1539 2196 1644 2234 non
1688 2188 1763 2234 est
1815 2180 2028 2236 bonum.

434 2264 606 2334 Supra
639 2282 824 2336 regem
858 2267 1049 2322 timere
1078 2269 1260 2323 docuit
1282 2276 1337 2323 et
1368 2285 1512 2324 nunc
1549 2285 1839 2339 personam
1871 2271 1925 2325 in
1945 2270 2034 2339 ju-

430 2355 572 2410 dicio
597 2371 928 2427 cognoscere
952 2365 1121 2422 vetat,
1146 2359 1290 2413 unde
1316 2358 1610 2429 colligitur,
1639 2360 1764 2430 quia
1789 2360 1859 2413 ita
1884 2361 2035 2428 prin-

429 2445 640 2514 cipibus
663 2447 901 2500 debitum
927 2448 1170 2516 obsequii
1195 2448 1511 2518 temporalis‘
1526 2449 1798 2517 subjectos
1818 2457 2033 2520 oportet

430 2537 841 2606 impendcrc,ut
862 2556 1137 2610 nunquam
1161 2541 1480 2595 reverentiae
1500 2540 1586 2596 vel
1610 2541 1821 2596 timoris
1843 2556 2030 2599 eorum

429 2640 679 2701 respectu
706 2648 736 2686 a
769 2633 856 2686 via
888 2634 1138 2688 veritatis
1163 2634 1494 2690 exorbitent.

500 2721 668 2776 Labia
705 2723 1099 2778 deosculabitur
1126 2726 1216 2795 qui
1254 2734 1394 2779 recta
1438 2725 1725 2794 respondit.
1770 2723 2030 2780 Osculum

429 2815 578 2886 pacis
601 2825 656 2868 ct
681 2816 883 2870 amoris
908 2825 993 2870 est
1017 2817 1250 2886 signum,
1277 2816 1368 2885 qui
1392 2830 1522 2886 ergo
1553 2824 1701 2870 recta
1723 2815 2028 2886 respondit,

431 2908 572 2961 labia
623 2907 1047 2971 deosculabitur,
1075 2907 1199 2976 quia
1242 2907 1551 2976 quicunque
1594 2906 1836 2976 neglecta
1865 2920 2028 2961 acce-

428 2999 610 3073 ptione
635 3014 990 3069 personarum
1023 2997 1134 3054 sola
1171 2997 1397 3068 justitize
1424 2997 1589 3053 verba
1619 2998 1888 3066 sequitur,
1921 2998 2024 3053 iste

2146 617 2354 690 frugem
2385 623 2757 681 retributionis
2778 628 3062 684 excolere?
3087 630 3155 684 Et
3182 631 3309 701 quid
3349 642 3430 687 est
3453 643 3573 704 post
3615 635 3738 704 agri

2145 713 2462 768 exercitium
2511 717 2577 771 ad
2621 718 2910 775 mdiﬂcium
2952 723 3143 778 domus
3188 725 3386 789 redire,
3437 727 3540 781 nisi
3585 727 3739 798 quod

2142 802 2460 875 plerumque
2479 822 2548 862 ex
2568 809 2725 865 bonis
2749 813 3004 882 operibus
3028 815 3288 885 discimus
3315 827 3573 886 quantam
3602 820 3739 874 vitae

2143 895 2463 952 munditiam
2492 907 2546 955 et
2567 901 2621 955 in
2643 903 2969 973 cogitatione
2995 918 3396 972 construamus,
3422 908 3506 964 ille
3531 911 3740 982 quippe

2141 987 2279 1042 bene
2325 991 2524 1044 mentis
2567 991 2788 1048 domum
2828 995 3094 1062 aedificat,
3127 999 3219 1068 qui
3259 1000 3490 1070 primum
3539 1017 3739 1072 agrum

2141 1081 2385 1150 corporis
2407 1097 2436 1136 a
2459 1083 2625 1152 spinis
2645 1086 2900 1142 vitiorum
2927 1097 3140 1159 purgat,
3165 1106 3233 1146 ne
3263 1092 3308 1146 si
3340 1091 3737 1148 desideriorum

2141 1181 2322 1228 sentes
2352 1173 2406 1228 in
2438 1177 2617 1232 carnis
2654 1193 2785 1250 agro
2813 1180 3104 1248 proficiant
3133 1182 3282 1238 intus
3311 1191 3422 1238 tota
3461 1185 3734 1239 virtutum

2140 1261 2346 1319 fabrica
2368 1263 2510 1320 fame
2531 1268 2658 1323 boni
2689 1279 3041 1326 excrescente
3068 1272 3402 1332 destruatur.

2210 1356 2294 1412 Ne
2342 1358 2414 1413 sis
2462 1361 2606 1415 testis
2647 1361 2845 1430 frustra
2893 1373 3074 1418 contra
3122 1367 3421 1436 proximum
3473 1379 3640 1429 tuum,
3671 1384 3738 1422 ne

2139 1449 2297 1505 lactes
2332 1467 2641 1524 quemquam
2685 1454 2835 1509 labiis
2863 1458 2984 1521 tuis,
3020 1459 3257 1513 ne‘dicas
3303 1461 3562 1530 quomodo
3607 1461 3735 1529 fecit

2138 1541 2269 1595 mihi
2301 1543 2496 1612 faciam
2527 1548 2594 1610 ei,
2625 1554 2728 1600 etc.
2775 1545 2900 1602 ll:ec
2931 1548 2997 1602 ad
3034 1551 3358 1604 exercitium
3383 1553 3498 1621 agri
3529 1552 3734 1615 nostri,

2139 1629 2194 1685 id
2225 1640 2310 1687 est
2336 1634 2404 1688 ad
2447 1635 2650 1690 cultum
2680 1637 2836 1691 bonae
2866 1639 3096 1693 actionis
3140 1641 3434 1709 pertinent,
3465 1642 3730 1696 innocen-

2063 1724 2112 1784 B
2139 1729 2247 1778 tem
2277 1725 2527 1780 videlicet
2547 1727 2855 1796 proximum
2880 1727 3015 1783 falso
3041 1729 3353 1784 testimonio
3380 1746 3485 1785 non
3509 1729 3731 1795 laedere,

2139 1813 2385 1882 peccanti
2414 1813 2632 1870 cuilibet
2657 1815 2905 1870 ﬁduciam
2929 1816 3157 1886 amplius
3179 1818 3436 1887 peccandi
3460 1819 3732 1875 adulando

2139 1919 2245 1958 non
2268 1904 2537 1970 tribuere,
2557 1905 2754 1960 malum
2774 1922 2872 1976 pro
2899 1905 3039 1963 nialo
3059 1923 3166 1963 non
3187 1909 3435 1964 reddere.
3471 1907 3565 1965 Sic
3584 1911 3730 1967 enim

2139 1993 2198 2047 fit
2228 2002 2286 2046 ut
2315 2009 2438 2048 cum
2466 1996 2672 2063 primos
2699 2006 2851 2051 actus
2881 1998 3123 2052 exterius
3158 2000 3296 2054 bene
3337 2002 3726 2070 composueris,

2136 2083 2479 2152 postmodum
2521 2087 2589 2139 ad
2635 2087 2913 2142 interioris
2961 2102 3177 2158 quoque
3211 2089 3449 2144 hominis
3479 2092 3730 2147 excolen-

2137 2174 2260 2229 dam
2290 2175 2609 2230 munditiam
2652 2180 2950 2249 pertingas,
2975 2187 3030 2233 et
3055 2180 3212 2250 quasi
3239 2189 3362 2250 post
3405 2182 3729 2237 exercitium

2136 2267 2252 2336 agri
2297 2269 2462 2323 etiam
2507 2271 2704 2325 mentis
2750 2271 3118 2326 habitaculum
3164 2274 3269 2343 piis
3311 2275 3732 2345 cogitationibus

2135 2369 2332 2410 ornare
2359 2397 2372 2420 ,
2416 2356 2686 2428 altiusque
2735 2369 3054 2415 construere
3101 2362 3370 2430 incipias;
3410 2364 3557 2433 quod
3605 2365 3730 2432 quia

2138 2446 2351 2518 reprobi
2378 2446 2556 2504 facere
2585 2450 2950 2517 dissimulant,
2983 2461 3129 2508 recte
3160 2453 3409 2509 subditur
3435 2474 3447 2508 :

2211 2536 2319 2591 Per
2343 2554 2528 2608 agrum
2555 2538 2780 2595 hominis
2809 2542 2945 2612 pigri
2967 2544 3185 2597 transiri
3205 2553 3254 2597 et
3274 2562 3368 2614 per
3396 2547 3601 2600 vineam
3631 2545 3731 2600 viri

2133 2629 2302 2695 stulti,
2319 2639 2365 2684 et
2389 2647 2502 2685 ecce
2526 2640 2691 2686 totum
2717 2633 3035 2703 repleverant
3060 2637 3267 2701 urticae,
3291 2649 3609 2706 aperuerant
3633 2656 3726 2692 su-

2131 2723 2391 2794 perﬁciem
2420 2723 2532 2793 ejus
2563 2725 2746 2793 spinw.
2777 2723 2882 2780 Per
2923 2741 3110 2798 agrum
3134 2728 3458 2797 vineamque
3497 2730 3636 2799 pigri
3662 2744 3730 2788 ac

2133 2813 2282 2868 stulti
2310 2813 2543 2868 transire
2584 2823 2666 2870 est
2692 2815 2978 2884 cujuslibet
3016 2818 3184 2872 vitam
3211 2818 3532 2888 negligentis
3559 2820 3727 2890 inspi~

2132 2919 2276 2966 cere,
2306 2920 2469 2973 quam
2499 2905 2687 2960 urtica:
2729 2905 2814 2960 vel
2853 2906 3022 2976 spina:
3051 2908 3280 2978 replent,
3309 2910 3436 2978 quia
3474 2910 3529 2964 in
3559 2911 3723 2968 corde

2133 2996 2516 3066 negligentium
2540 2997 2841 3068 prurientia
2873 3007 3087 3053 terrena
3110 3000 3372 3055 desideria
3395 3010 3450 3054 et
3476 3003 3725 3072 punctio-

445 3091 532 3162 gtsi
584 3091 967 3161 insipientibus
1010 3091 1192 3162 gravis
1238 3091 1377 3146 forte
1405 3091 1620 3145 videtur
1661 3097 1716 3144 et
1747 3083 2094 3158 austerus,C
2127 3101 2224 3142 nes
2270 3086 2534 3157 pullulant
2580 3087 2857 3152 vitiorum,
2888 3087 3042 3157 juxta
3089 3089 3235 3158 quod
3277 3090 3540 3159 scriptum
3591 3099 3719 3148 est:

446 3183 629 3238 nultos
659 3191 862 3247 tamen,
887 3197 1008 3236 cum
1037 3183 1233 3252 quibus
1253 3197 1442 3251 pacem
1467 3182 1685 3248 habeat,
1709 3183 2022 3250 prudentes,

433 3272 628 3330 multos
657 3273 746 3342 qui
774 3288 868 3326 sua
896 3273 1037 3326 dicta
1060 3286 1180 3326 eum
1206 3285 1391 3326 amore
1422 3269 1837 3340 amplectentur,
1873 3269 2025 3324 inve-

429 3363 570 3426 niet,
605 3377 747 3431 saepe
790 3363 953 3416 etiam
999 3361 1119 3416 illos
1148 3377 1286 3432 quos
1316 3360 1666 3415 adversantes
1711 3360 1822 3415 suis
1857 3360 2022 3414 rectis

429 3455 824 3510 assertionibus
873 3453 1214 3521 toleraverat,
1249 3467 1542 3509 conversos
1575 3451 1919 3523 postmodum
1952 3453 2019 3508 ad

432 3543 656 3598 meliora
690 3544 896 3598 amicos
919 3544 1143 3613 recipiet
1169 3552 1223 3598 et
1251 3538 1446 3600 s'ocios.

504 3633 761 3703 Prwpara
809 3636 940 3704 foris
999 3652 1127 3705 opus
1179 3645 1359 3701 tuum,
1413 3644 1460 3690 et
1517 3635 1792 3706 diligenter
1844 3649 2025 3689 exerce

2133 3179 2200 3233 In
2223 3178 2495 3232 desideriis
2520 3187 2596 3232 est
2624 3180 2790 3232 omnis
2823 3181 3040 3234 otiosus.

2203 3268 2270 3322 Et
2318 3269 2547 3323 maceria
2591 3268 2822 3338 lapidum
2854 3269 3120 3324 destructa
3155 3278 3290 3324 erat.
3315 3269 3550 3329 Maceria
3587 3270 3724 3341 lapi-

2129 3361 2254 3416 dum
2302 3360 2357 3413 in
2396 3360 2554 3414 vinea
2583 3360 2667 3415 vel
2706 3375 2835 3431 agro
2883 3360 3030 3415 stulti
3063 3361 3340 3416 destructa
3380 3362 3567 3430 jacet:
3599 3375 3721 3414 cum

2128 3456 2303 3518 empta
2325 3448 2587 3504 virtutum
2609 3449 2927 3508 munimina,
2954 3449 3036 3502 vel
3068 3449 3412 3518 improbitate
3441 3448 3718 3503 hominum

2129 3540 2394 3596 malorum
2441 3539 2695 3609 deceptus
2723 3539 2808 3593 vel
2837 3539 3237 3594 immundbrum
3267 3539 3556 3608 spirituum
3584 3553 3712 3610 per-

2134 3633 2387 3689 suasione
2410 3631 2604 3687 callida
2627 3633 2856 3702 quisque
2889 3632 3167 3705 negligens
3192 3632 3392 3704 perdit.

1648 3917 1951 3996 LIBER
2013 3915 2493 3994 TERTIUS.

1001 4202 1229 4260 CAPUT
1278 4201 1440 4257 XXV.

505 4302 607 4357 Hae
653 4316 855 4373 quoque
895 4295 1160 4368 parabolae
1205 4294 1541 4360 Salomonis,
1570 4311 1702 4362 quas
1734 4293 2020 4348 transtule-

2200 4201 2380 4259 Gloria
2417 4202 2630 4257 Domini
2667 4204 2835 4258 celare
2865 4205 3097 4270 verbum,
3128 4213 3175 4258 et
3200 4204 3369 4275 gloria
3411 4223 3586 4276 regum
3633 4209 3716 4264 in-

2130 4297 2381 4365 vestigare
2410 4310 2720 4348 sermonem.
2749 4293 2935 4349 Gloria
2975 4295 3185 4349 Domini
3215 4304 3297 4349 est
3335 4296 3387 4349 in
3425 4312 3586 4351 carne
3619 4313 3717 4369 ap.-

425 4406 552 4454 rttnt
581 4363 682 4451 viri
715 4363 955 4448 Esechim
999 4390 1132 4460 regis
1177 4387 1343 4442 Juda.
1379 4386 1520 4440 Hinc
1549 4400 1690 4440 novo
1718 4385 1908 4439 ordine
1935 4385 2017 4440 lo-
2050 4363 2101 4422 Ῐ)
2129 4363 2364 4458 parentis
2415 4385 2769 4440 humanitatis
2818 4401 2928 4441 sua:
2979 4386 3152 4456 magis
3197 4402 3360 4455 quam
3415 4363 3716 4448 divinitatis

426 4489 519 4560 qui
569 4486 775 4556 incipit,
807 4493 866 4537 ut
900 4498 1006 4536 non
1052 4481 1194 4535 sicut
1228 4478 1379 4548 prius
1416 4469 1574 4546 quasi
1602 4477 1669 4530 ad
1708 4477 2022 4530 audientem

428 4579 655 4632 verbum
696 4574 875 4637 faciat,
908 4572 1004 4627 sed
1033 4584 1215 4625 secum
1259 4570 1391 4639 ipse,
1421 4568 1550 4638 quid
1598 4568 1739 4622 ratio
1779 4567 2023 4622 veritatis

431 4669 648 4729 habeat,
681 4663 1007 4733 diSputando
1049 4664 1377 4729 pertractet:
1407 4659 1460 4713 in
1500 4658 1696 4727 quibus
1744 4667 1923 4713 tamen
1947 4658 2023 4712 le-

428 4773 560 4828 gens
587 4755 818 4825 quisque
864 4753 947 4806 vel
990 4752 1236 4816 audiens,
1265 4751 1393 4822 quid
1441 4759 1719 4820 appetere,
1753 4748 1883 4818 quid
1933 4764 2023 4804 ca-

429 4865 556 4903 vere
605 4849 820 4911 debeat,
868 4845 1208 4913 apertissime
1255 4843 1551 4910 dignoscat.
1609 4843 1754 4909 Quas
1802 4841 2021 4910 quidem

430 4937 718 5010 parabolas
757 4937 859 4990 viri
890 4936 1137 4989 Ezechias
1167 4935 1508 4990 transtulisse
1533 4935 1862 4999 referuntur,
1893 4935 2030 5004 quia

429 5027 676 5082 fortassis
708 5027 774 5081 ad
800 5027 916 5096 ejus
945 5039 1113 5093 usque
1160 5033 1401 5093 tempora
1449 5025 1704 5093 dispersa:
1749 5025 2023 5080 habeban-

431 5130 519 5177 tur
545 5136 574 5173 a
606 5119 850 5190 pluribus
875 5159 888 5181 ,
923 5126 1080 5187 prout
1107 5133 1171 5172 ex
1201 5132 1296 5170 ore
1341 5117 1726 5186 sapientissimi
1763 5119 1904 5188 regis
1936 5133 2020 5173 se-

432 5211 537 5265 mel
587 5211 762 5264 dictas
814 5215 1170 5277 exceperant;
1220 5207 1312 5261 sed
1357 5223 1453 5277 per
1505 5206 1824 5262 industriam
1881 5209 2022 5264 illius

430 5299 670 5354 colleetze
700 5301 754 5352 in
781 5314 946 5353 unum
978 5307 1032 5352 et
1078 5299 1130 5351 in
1176 5297 1337 5368 hujus
1365 5297 1528 5350 libelli
1559 5306 1685 5350 sunt
1712 5313 1908 5368 corpus
1937 5301 2022 5352 in-

431 5400 610 5446 sertae.
647 5390 951 5444 Notandum
997 5405 1128 5444 sane
1173 5391 1298 5460 quia
1347 5390 1398 5443 in
1432 5389 1517 5444 his
1547 5390 1820 5459 parabolis
1851 5392 2022 5446 multo

434 5492 562 5537 sunt
587 5482 741 5551 plura
769 5496 930 5550 quam
961 5481 1015 5534 in
1045 5482 1255 5535 caeteris
1281 5495 1378 5551 per
1405 5480 1714 5550 allegoriam
1749 5481 1909 5546 dicta,
1952 5498 2020 5538 ex

433 5574 718 5629 collatione
765 5573 1012 5628 videlicet
1055 5587 1236 5628 rerum
1264 5588 1385 5642 quae
1428 5573 1614 5643 figuris
1661 5580 1802 5642 aptae
1837 5573 2021 5629 viden-

438 5672 544 5721 tur.

2128 4489 2378 4536 naturam
2427 4478 2735 4532 mortalium
2781 4476 2952 4532 oculis
3007 4476 3312 4541 ostendere,
3341 4485 3396 4532 et
3426 4492 3483 4532 se
3530 4478 3714 4547 potius

2126 4585 2348 4640 operum
2391 4568 2666 4624 miraculis
2713 4583 2775 4623 ac
2815 4567 3058 4639 mysticis
3102 4565 3492 4629 locationibus,
3541 4582 3713 4641 quam

2127 4662 2328 4732 apertis
2373 4660 2764 4716 assertionibus
2795 4659 3044 4722 verbum,
3075 4657 3126 4712 id
3171 4666 3253 4712 est
3278 4657 3373 4710 Dei
3398 4655 3592 4712 Filium
3622 4656 3709 4712 fa-

2126 4755 2250 4809 teri.
2287 4753 2440 4809 Unde
2469 4752 2638 4806 multo
2679 4751 2872 4820 sapius
2898 4750 2952 4804 in
2999 4747 3288 4819 Evangelio
3320 4747 3486 4801 lilium
3513 4762 3570 4802 se
3603 4748 3709 4802 ho-

2125 4845 2286 4900 minis
2306 4858 2470 4914 quam
2495 4841 2689 4896 Filium
2713 4840 2808 4895 Dei
2831 4839 3100 4909 appellare
3123 4838 3421 4892 consuevit.
3452 4836 3518 4891 Et
3539 4837 3708 4908 gloria

2127 4933 2362 4988 fidelium
2404 4931 2520 4999 ejus
2548 4929 2928 5000 discipulorum
2962 4937 3044 4982 est
3090 4927 3372 4998 diligenter
3402 4927 3520 4997 ejus
3549 4928 3707 4983 inve-

2125 5026 2322 5095 stigare
2345 5037 2671 5086 sermonem,
2700 5036 2806 5089 quo
2845 5032 2902 5073 se
2942 5017 3110 5072 Deum
3139 5018 3302 5072 etiam
3335 5018 3424 5072 ubi
3459 5027 3709 5087 patenter

2124 5131 2231 5170 non
2261 5115 2408 5178 dicit,
2438 5113 2662 5183 mystiw
2688 5107 2973 5179 signiﬁcat.
3007 5106 3174 5174 Quale
3213 5114 3298 5162 est
3327 5107 3454 5160 illud
3480 5125 3492 5160 :
3518 5107 3628 5176 Ego
3655 5117 3709 5162 et

2126 5203 2289 5258 Pater
2329 5221 2488 5257 unum
2535 5217 2712 5256 sumus
2740 5199 2919 5270 (Joan.
2952 5196 3027 5268 χ),
3060 5205 3113 5252 et
3143 5204 3339 5251 caetera
3371 5194 3702 5264 hujusmodi.

2125 5297 2364 5370 Denique
2385 5295 2566 5350 celans
2591 5292 2738 5348 verbi
2765 5291 3118 5346 :eternitatem
3143 5297 3198 5342 et
3217 5288 3559 5357 praetendens
3581 5303 3706 5344 car-

2125 5392 2207 5446 nis
2237 5390 2626 5452 inﬂrmitatem,
2649 5388 2722 5440 ait
2746 5404 2758 5439 :
2781 5383 2948 5450 Quem
2986 5400 3066 5436 me
3108 5381 3285 5433 dicunt
3329 5382 3560 5435 homines
3589 5397 3704 5437 esse

2123 5481 2292 5550 ﬁlium
2326 5478 2588 5533 hominis?
2617 5474 2798 5545 (Ioan.
2833 5473 2932 5544 Vl.)
2978 5471 3076 5527 Cui
3117 5485 3304 5541 regum
3339 5471 3570 5525 eximius
3609 5469 3700 5524 in-

2124 5573 2387 5640 vestigato
2433 5567 2549 5637 ejus
2578 5580 2857 5630 sermone,
2890 5578 3049 5632 quem
3079 5570 3238 5615 antea
3285 5562 3480 5630 szepius
3511 5558 3699 5614 audie-

2124 5670 2210 5717 rat
2232 5660 2547 5731 respondit:
2576 5657 2652 5712 Tu
2676 5674 2728 5712 es
2755 5654 2991 5711 Christus
3014 5651 3185 5706 Filius
3217 5651 3315 5705 Dei
3344 5653 3444 5705 ιιίυὶ
3471 5646 3654 5723 (Ibid.)
3677 5687 3698 5714 ,
