3910 6338
199 262 299 319 761

955 265 1325 324 EXPOSITIO
1362 268 1430 323 ΙΝ
1467 269 1860 328 PROVERBIA
1903 273 2310 335 SALOMONIS.
2345 311 2418 322 -—
2454 279 2583 336 LIB.
2626 281 2714 337 lli.

3367 283 3470 343 763

201 392 301 433 nec
335 391 553 448 parvam
579 378 680 432 hac
699 381 1111 451 mvestigatione
1141 383 1341 437 meruit
1365 383 1610 452 gloriam.
1646 384 1780 440 Nam
1810 390 1862 450 Α
1886 405 2015 460 pore
2039 407 2157 458 suo,
2181 394 2306 464 quia
2334 395 2424 463 qui
2449 395 2671 451 verbum
2693 395 2787 451 Dei
2809 403 3108 469 opportune
3137 402 3283 455 novit
3311 400 3469 470 juxta

200 473 446 541 protinus
494 471 948 528 audivit:Beatus
996 491 1084 540 es,
1133 474 1317 529 Simon
1359 474 1630 545 Barjona,
1672 486 1778 532 etc.

201 561 418 633 (Matth.
452 562 589 626 xvr.)

270 654 468 710 Calum
508 672 736 722 sursum,
768 667 818 710 et
845 665 982 710 terra
1013 660 1281 723 deorsum,
1312 667 1358 712 et
1382 675 1473 712 cor
1499 676 1675 729 regum
1704 660 1785 712 in-

200 745 498 801 scrutabile.
534 746 684 801 Sicut
707 755 762 800 et
783 747 1008 802 altitudo
1030 748 1153 803 coeli
1175 757 1230 804 et
1254 748 1591 818 profunditas
1623 759 1784 804 terrae

201 839 394 908 conjici
416 839 482 894 ab
502 839 809 894 hominibus
837 854 942 894 non
971 848 1165 908 potest,
1193 839 1266 894 ita
1296 841 1522 895 scientia
1554 842 1783 912 prophe-

199 933 380 980 tarum
410 936 465 981 et
486 927 871 996 apostolorum,
897 928 989 998 qui
1019 944 1217 984 arcana
1249 931 1548 985 divinitatis
1578 930 1782 1002 Spiritu

197 1015 473 1070 revelante
514 1026 900 1086 cognoverunt,
927 1026 1126 1074 nostra:
1174 1018 1481 1091 fragilitatis
1510 1021 1783 1090 capacita-

199 1111 312 1160 tem
345 1106 694 1160 transcendit.

269 1198 436 1267 Aufer
465 1199 753 1269 rubiginem
785 1201 849 1254 de
891 1210 1127 1272 argento,
1172 1211 1220 1257 et
1249 1204 1548 1272 egredietur
1575 1220 1666 1257 vas
1687 1221 1785 1274 pu-

197 1289 485 1344 rissimum.
541 1289 708 1345 Aufer
744 1291 938 1348 litterae
984 1292 1328 1362 superﬁciem
1382 1296 1447 1349 de
1494 1309 1647 1349 sacro
1676 1294 1785 1349 elo-

194 1381 321 1450 quio
369 1388 424 1434 et
473 1381 716 1437 invenies
767 1397 983 1437 sensum
1011 1384 1382 1454 purissimum
1433 1387 1533 1441 sub
1577 1386 1784 1441 vilitate

194 1469 390 1526 littera:
423 1473 780 1536 reconditum,
825 1484 878 1528 et
912 1474 1011 1529 sub
1059 1476 1360 1530 carnalium
1397 1477 1581 1548 ﬁguris
1622 1493 1784 1534 caere-

193 1563 502 1616 moniarum
534 1564 800 1633 spiritalia
835 1564 1054 1621 latuisse
1079 1568 1356 1638 mysteria.

264 1651 431 1719 Aufer
454 1653 769 1722 impietatem
815 1655 878 1709 de
921 1655 1064 1710 vultu
1101 1659 1264 1728 regio,
1301 1669 1350 1713 et
1379 1661 1784 1732 ﬁrmabiturju-

1887 481 2215 536 audientium
2262 485 2615 552 capacitatem
2666 485 2985 555 praedicare,
3032 490 3191 544 modo
3226 491 3467 560 exempla

1885 585 1948 625 ac
1972 570 2114 625 dicta
2139 570 2380 636 Patrum,
2407 588 2504 642 per
2525 589 2755 644 quorum
2783 577 3084 633 custodiam
3123 580 3190 634 ad
3230 581 3470 650 requiem

1884 663 2195 733 pervenitur
2223 671 2500 730 aeternam,
2546 664 2700 732 juxta
2731 666 2966 722 litteram
3016 669 3260 740 replicat,
3309 671 3471 729 modo

1885 752 2162 807 suaviores
2193 753 2242 805 in
2269 753 2354 807 his
2381 769 2633 808 sensuum
2657 757 2978 825 spiritalium
3017 757 3244 826 fructus,
3272 762 3468 831 quibus

1883 841 1970 910 pia
1999 842 2332 898 audientium
2353 842 2618 900 desideria
2645 857 2852 917 pascat,
2881 858 3090 905 remoto
3119 850 3288 907 literae
3316 852 3466 908 vela-

1884 934 2027 988 mine
2058 934 2262 1003 pandit.

1957 1025 2173 1081 Inauris
2232 1044 2391 1083 aurea
2441 1039 2488 1082 et
2517 1033 2869 1102 margaritum
2909 1031 3135 1103 fulgens,
3166 1036 3254 1104 qui
3293 1035 3469 1107 arguit

1883 1117 2165 1186 sapientem
2191 1127 2236 1172 et
2257 1136 2436 1173 aurem
2458 1120 2797 1188 obedientem.
2829 1121 2996 1178 [lecte
3017 1124 3234 1179 humilis
3257 1127 3471 1181 auditor

1884 1209 2058 1263 inauri
2085 1221 2426 1280 comparatur
2455 1228 2656 1279 aureas,
2695 1215 2820 1283 quia
2860 1217 2984 1270 dum
3025 1217 3256 1272 libenter
3285 1219 3462 1274 incre-

1883 1301 2032 1371 panti
2063 1316 2127 1356 ac
2174 1303 2387 1358 docenti
2435 1319 2618 1359 aurem
2676 1307 3071 1372 accommodat,
3097 1309 3208 1377 jam
3259 1325 3377 1365 sese
3401 1310 3471 1367 ad

1883 1393 2282 1463 percipiendam
2304 1395 2604 1452 claritatem
2629 1398 2904 1468 sapientiae
2919 1399 3156 1455 caelestis
3177 1415 3467 1472 praeparat,

1878 1484 1991 1555 jam
2015 1501 2260 1555 supernae
2288 1487 2423 1541 lucis
2458 1488 2651 1543 visioni
2683 1490 2985 1560 appropiat,
3017 1500 3166 1550 recte
3209 1495 3472 1564 magister

1883 1578 2127 1634 eruditus
2160 1580 2452 1652 margarito
2504 1580 2728 1651 fulgenti
2778 1582 3140 1652 assimulatur,
3187 1585 3312 1656 quia
3341 1586 3472 1644 dum

1883 1670 2314 1726 emendationem
2358 1687 2590 1738 morum,
2633 1672 2759 1726 dum
2802 1687 3157 1741 supernorum
3187 1677 3470 1733 scientiam

188 1739 338 1845 ff“?
381 1742 606 1845 fhmm‘f
651 1744 783 1845 ejuf-
839 1744 1379 1845 Aglernimpi_e‘3_tem_
1422 1752 1778 1845 persequendi
1807 1747 1854 1806 Β
1883 1762 2313 1817 desiderantibus
2341 1778 2404 1818 ac
2432 1764 2517 1845 pie
2558 1739 2923 1833 quaarentihus
2966 1765 3159 1821 animis
3203 1768 3464 1835 ostendit,

189 1829 531 1887 Christianos
573 1833 638 1888 de
667 1835 850 1888 animo
901 1834 1046 1889 Sauli
1093 1837 1178 1891 vel
1227 1838 1449 1894 alterius
1497 1839 1782 1910 cujuslibet

188 1922 565 1977 azmulatorum
591 1923 744 1994 legis,
775 1932 829 1979 et
875 1941 998 1980 cum
1025 1925 1300 1983 Christum
1341 1931 1636 2000 praedicare
1671 1947 1781 1987 cte-

185 2015 392 2086 perint,
428 2013 733 2070 ﬁrmabitur
757 2016 988 2087 justitia,
1013 2019 1270 2074 cathedra
1309 2021 1566 2077 doctrinae
1593 2039 1780 2078 eorum

189 2105 395 2178 [Forte,
421 2106 583 2178 ejus],
618 2123 778 2177 quam
806 2109 956 2177 prius
979 2124 1132 2164 suam
1160 2108 1364 2182 [Forte,
1390 2113 1509 2186 sua]
1543 2114 1783 2185 impelle-

186 2193 280 2249 bat
310 2196 576 2265 impietas,
609 2199 843 2267 quandiu
869 2199 1093 2269 justitia:
1118 2201 1211 2255 Dei
1241 2212 1602 2274 repugnantes
1626 2220 1780 2260 suam

185 2303 506 2359 praeponere
553 2290 889 2360 satagebant.
953 2291 1086 2347 Item
1147 2294 1300 2362 aufer
1353 2297 1668 2364 impietatem
1717 2297 1780 2350 de

187 2380 334 2434 vultu
368 2381 506 2451 regis
561 2391 608 2434 et
650 2382 950 2454 ﬁrmabitur
998 2383 1203 2447 iustitia
1252 2366 1468 2437 thronus
1498 2385 1658 2454 ejus;
1689 2387 1780 2454 qui

183 2472 331 2526 enim
357 2481 596 2541 prwsunt
626 2473 837 2547 populis
885 2473 928 2527 si
967 2474 1136 2529 velint
1181 2474 1394 2530 ﬁrmum
1424 2491 1543 2532 esse
1590 2477 1780 2532 solium

183 2581 366 2630 suum,
394 2580 608 2635 semper
636 2565 908 2620 hilaritate
931 2575 986 2621 et
1007 2566 1182 2638 gratia
1209 2567 1394 2637 plenos
1426 2569 1604 2624 vultus
1631 2570 1782 2624 exhi-

181 2655 371 2720 beant,
395 2672 462 2710 ne
484 2672 584 2726 per
605 2658 970 2728 arrogantiam
994 2657 1279 2728 rigidiores
1307 2657 1486 2714 effecti
1523 2661 1778 2716 mussita-

183 2747 390 2803 tionem
418 2748 664 2803 incidant
693 2749 886 2819 plebis.

255 2840 342 2894 Ne
382 2840 643 2910 gloriosus
673 2857 931 2910 apparens
972 2857 1150 2895 coram
1192 2859 1326 2914 rege,
1355 2853 1402 2897 et
1431 2847 1487 2898 in
1521 2844 1637 2898 loco
1668 2862 1781 2900 ma-

180 2950 407 3004 gnorum
435 2951 496 2987 ne
524 2935 840 3001 constiterit,
874 2923 929 2990 et
951 2945 1167 2992 caetera.
1214 2937 1474 3007 Superius
1497 2939 1780 3010 praesulem

181 3025 416 3089 monuit,
453 3040 597 3079 nunc
623 3025 914 3092 Subditum,
953 3041 1077 3080 nam
1128 3027 1266 3081 sicut
1294 3027 1368 3081 illi
1417 3028 1573 3094 dixit,
1605 3038 1666 3083 ut
1689 3030 1778 3084 hi-

182 3115 329 3171 lares
349 3116 531 3172 vultus
551 3117 801 3172 ostendat
829 3119 1107 3188 subjectis,
1139 3119 1212 3172 ita
1240 3119 1382 3174 hunc
1409 3120 1681 3185 admouet,
1709 3136 1777 3177 ne
1803 3111 1848 3175 C

179 3207 234 3262 in
271 3217 567 3278 conspectu
597 3208 859 3277 majorum
888 3225 1148 3281 arrogans
1177 3220 1455 3279 appareat,
1485 3213 1578 3267 sed
1599 3214 1777 3282 potius

179 3298 232 3354 in
255 3299 518 3353 mediocri
547 3299 756 3369 positus
797 3299 917 3354 loco
957 3301 1207 3369 superius
1235 3303 1448 3355 evocari
1479 3313 1772 3369 mereatur,

178 3391 266 3445 cui
297 3399 384 3444 est
402 3389 574 3444 simile
601 3390 731 3445 illud
756 3391 1095 3445 Dominicum
1121 3408 1135 3444 :
1168 3390 1298 3445 Cum
1329 3393 1577 3446 invitatus
1606 3393 1772 3462 fueris

177 3481 248 3534 ad
289 3482 523 3550 nuptias,
555 3498 659 3549 non
701 3481 996 3535 discumbas
1037 3483 1095 3535 in
1116 3484 1284 3552 primo
1314 3482 1444 3548 loco,
1477 3492 1584 3538 etc.
1618 3483 1771 3555 (Luc.

179 3579 316 3648 xiv).
353 3577 648 3633 Possumus
687 3586 870 3632 autem
890 3577 951 3631 'in
982 3591 1109 3648 rege
1137 3585 1192 3631 et
1216 3577 1456 3648 principe
1487 3577 1773 3635 Dominum

177 3670 545 3742 signiﬁcatum
573 3670 894 3742 intelligere,
924 3672 978 3726 in
1009 3671 1163 3741 cujus
1185 3679 1473 3741 conspectu
1507 3687 1604 3727 nos
1635 3687 1776 3728 sem-

174 3775 270 3832 per
294 3760 570 3815 humiliari
602 3775 824 3816 necesse
869 3769 974 3827 est,
1021 3769 1275 3818 monente
1304 3762 1545 3831 apostolo
1592 3762 1771 3829 Petro,

173 3852 267 3922 qui
302 3851 384 3905 ait
423 3869 437 3905 :
497 3851 868 3906 Humiliamini
921 3852 1080 3922 igitur
1119 3853 1212 3906 sub
1256 3855 1451 3922 potenti
1485 3871 1646 3908 manu
1674 3850 1773 3910 Dei

172 3951 231 3998 ut
259 3960 349 3997 vos
372 3943 561 3997 exultet
583 3944 637 3995 in
661 3952 886 4013 tempore
914 3945 1226 3999 uisitationis
1258 3945 1310 4017 (I
1337 3944 1485 4002 Petr.
1512 3948 1588 4019 v).

245 4033 383 4102 Quae
407 4035 646 4089 viderunt
687 4036 827 4089 oculi
847 4037 945 4102 tui,
978 4054 1040 4091 ne
1075 4038 1315 4108 proferas
1358 4040 1414 4094 in
1429 4041 1611 4112 jurgio
1648 4043 1769 4108 cito,

173 4143 236 4181 ne
279 4133 462 4196 postea
498 4127 774 4180 emendare
806 4144 908 4180 non
954 4129 1142 4197 passis,
1189 4146 1307 4184 cum
1358 4131 1772 4189 dehonestaveris

172 4219 404 4272 amicum
426 4227 595 4271 tuum.
649 4219 713 4272 Et
740 4219 793 4273 in
816 4219 1106 4290 Evangelio
1143 4218 1440 4277 Dominus:
1497 4221 1556 4276 Si
1583 4239 1769 4293 pecca-

170 4312 316 4375 verit,
351 4311 548 4379 inquit,
603 4311 655 4364 in
682 4319 730 4365 te
775 4311 940 4380 frater
985 4321 1125 4377 tuus,
1178 4313 1308 4366 vade
1351 4322 1398 4367 et
1429 4315 1628 4385 corrige
1653 4331 1769 4369 eum

167 4404 305 4459 inter
329 4413 380 4459 te
405 4413 455 4458 et
490 4405 662 4473 ipsum
686 4403 876 4467 solum,
901 4411 1004 4459 etc.
1040 4403 1256 4471 (Matth.
1279 4405 1455 4478 xvm).

1883 1858 2038 1927 quasi
2063 1873 2226 1912 auo-20
2251 1860 2487 1925 ornatui,
2520 1857 2779 1927 majorem
2821 1860 3039 1930 insuper
3067 1861 3469 1932 gratioremque

1883 1947 2142 2020 fulgorem
2167 1965 2392 2020 gemmae
2414 1950 2656 2005 ardentis
2678 1951 2936 2004 annectit.

1956 2040 2105 2095 Sicut
2150 2041 2316 2111 frigus
2349 2043 2478 2095 nivis
2519 2042 2575 2096 in
2601 2040 2684 2095 die
2731 2042 2932 2106 messis,
2964 2041 3040 2095 ita
3074 2041 3272 2112 legatus
3297 2039 3470 2111 ﬁdelis

1880 2132 1928 2186 ei
1956 2133 2045 2202 qui
2066 2132 2205 2185 misit
2250 2149 2390 2197 eum,
2436 2133 2666 2187 animam
2693 2134 2808 2202 ejus
2844 2133 3157 2202 requiescere
3187 2132 3333 2203 facit.
3365 2131 3469 2187 Im-

1881 2231 2168 2294 portunum
2194 2223 2404 2278 videtur
2446 2223 2771 2278 omnimodis
2820 2231 3062 2294 tempore
3109 2225 3318 2288 messis,
3351 2222 3472 2277 nin-

1883 2329 2026 2386 gere.
2065 2313 2202 2368 Nam
2224 2322 2279 2370 et
2317 2313 2456 2368 infra
2483 2315 2747 2397 legimps:
2784 2313 3056 2388 Quomodo
3085 2316 3176 2369 nia:
3212 2324 3394 2369 testate
3415 2323 3469 2369 et

1879 2406 2067 2477 pluvia:
2094 2407 2148 2460 in
2199 2423 2383 2472 messe,
2428 2407 2503 2460 sic
2547 2406 2789 2461 indecens
2834 2416 2908 2460 est
2954 2406 3330 2476 stultogloria.
3359 2404 3463 2466 Sed

1885 2497 2148 2552 tamenin
2197 2497 2606 2554 ferventissimis
2631 2498 2956 2574 .Palzestiuae
3004 2501 3313 2570 regionibus
3358 2516 3468 2556 non

1883 2602 2072 2657 parum
2118 2586 2436 2641 delectabile
2486 2597 2569 2642 est
2617 2587 2962 2653 metentibus,
3010 2587 3054 2642 si
3092 2588 3270 2644 subito
3300 2587 3469 2662 frigus

1883 2678 2150 2748 quomodo
2174 2677 2228 2731 in
2256 2678 2558 2743 nivesolet,
2593 2678 2865 2745 adveniat,
2891 2679 3033 2748 quod
3063 2679 3310 2749 incendia
3330 2678 3471 2740 solis

1883 2769 2214 2839 aliquantum
2245 2769 2547 2840 refrigeret,
2579 2770 2831 2824 sudorem
2878 2769 3240 2826 laborantium
3270 2779 3466 2842 tergat,

1883 2862 2134 2916 ardentes
2160 2869 2421 2932 temperet
2448 2860 2735 2916 anhelitus.
2758 2860 2858 2916 Cui
2876 2871 3023 2916 recte
3045 2862 3232 2932 frigori
3259 2863 3468 2935 legatus

1883 2952 2211 3007 assimilatur
2237 2949 2426 3015 ﬁdelis,
2466 2951 2592 3020 quia
2644 2958 2880 3006 mentem
2931 2950 3047 3020 ejus
3086 2953 3178 3023 qui
3222 2968 3280 3009 se
3321 2955 3468 3011 misit

1883 3043 2175 3114 prudenter
2209 3041 2418 3112 agendo
2462 3050 2734 3111 repausat.
2774 3041 3000 3111 Mystice
3047 3050 3228 3097 autem
3256 3042 3467 3114 legatus

1882 3133 2052 3188 ﬁdelis
2076 3134 2264 3189 doctor
2286 3142 2366 3187 est
2388 3133 2722 3198 catholicus;
2751 3133 2843 3202 qui
2887 3141 3067 3188 autem
3112 3134 3281 3189 mittit
3317 3151 3463 3204 eum,

1881 3227 2157 3283 Dominus.
2187 3226 2358 3281 Porro
2384 3226 2500 3281 dies
2523 3225 2716 3281 messis
2745 3226 2800 3279 in
2827 3233 2959 3280 aestu
2990 3234 3200 3296 tempus
3219 3235 3305 3281 est
3331 3239 3470 3296 pra-

1881 3319 2166 3375 dicationis
2196 3318 2359 3374 inter.
2382 3317 2595 3374 furores
2645 3315 3105 3387 persequentium,
3138 3318 3203 3373 de
3250 3333 3357 3388 quo
3386 3317 3470 3374 dl-

1878 3420 2021 3464 ctum
2048 3418 2168 3464 est:
2197 3409 2384 3463 Messis
2410 3409 2619 3480 quidem
2638 3407 2826 3471 multa,
2856 3409 3084 3478 operarii
3112 3419 3282 3463 autem
3307 3408 3466 3480 pauci

1878 3500 2092 3573 (Matth.
2116 3500 2214 3571 1x).
2267 3499 2456 3570 Frigus
2511 3499 2651 3554 nivis
2702 3498 2757 3553 in
2807 3512 2985 3553 messe
3013 3497 3343 3569 aliquantula
3383 3507 3466 3556 est

1877 3593 2030 3663 quies
2060 3591 2464 3662 prtedicantium
2520 3606 2549 3645 a
2599 3589 2974 3659 persecutione
3023 3586 3460 3660 repugnantium,

1878 3691 2024 3738 recte
2047 3697 2176 3753 ergo
2204 3682 2401 3737 dicitur
2427 3701 2438 3734 :
2493 3679 2641 3735 Sicut
2689 3681 2856 3751 frigus
2908 3680 3037 3735 nivis
3065 3680 3119 3734 in
3148 3681 3232 3736 die
3256 3669 3461 3749 messis,

1877 3775 1950 3829 ita
1975 3775 2176 3844 legatus
2213 3775 2384 3843 ﬁdelis
2414 3776 2462 3829 ei
2504 3776 2594 3844 qui
2621 3774 2763 3828 misit
2792 3788 2930 3837 eum,
2959 3774 3190 3827 animam
3217 3773 3360 3827 illius
3382 3790 3462 3828 re-

1874 3868 2133 3938 quiescere
2157 3868 2302 3936 facit.
2336 3867 2472 3934 Quia
2499 3867 2639 3922 sicut
2658 3866 2891 3937 optabile
2911 3875 2995 3922 est
3015 3865 3463 3936 praedicatoribus

1874 3960 2044 4025 verbi,
2075 3975 2199 4015 cum
2229 3960 2296 4014 ab
2323 3959 2622 4014 infidelium
2650 3958 2822 4013 rabie'
2849 3957 2989 4013 forte
3045 3957 3246 4027 aliquid
3301 3956 3461 4014 refri-

1875 4051 2009 4124 gerii
2038 4050 2325 4120 accipiunt,
2358 4065 2460 4105 nec
2481 4048 2711 4105 facultas
2735 4048 2962 4104 docendi
2988 4057 3234 4118 negatur.
3256 4047 3332 4102 ita
3354 4046 3459 4118 ipsi

1874 4145 1967 4215 qui
1991 4146 2055 4199 ad
2083 4145 2484 4214 praedicandum
2514 4157 2606 4198 eos
2635 4142 2783 4197 misit
2823 4141 3053 4195 Domino
3100 4147 3311 4209 gratum
3337 4153 3460 4195 esse

1875 4241 2106 4296 constat,
2138 4248 2260 4287 cum
2287 4239 2592 4302 susceptam
2622 4231 2690 4285 ab
2731 4244 2796 4285 eo
2827 4228 3150 4300 legationem
3175 4229 3341 4284 etiam
3377 4229 3460 4283 in-

1874 4332 1955 4378 ter
1975 4324 2197 4378 adversa
2224 4321 2604 4378 obsistentium
2629 4319 2862 4374 ﬁdeliter
2881 4317 3168 4388 complent.
3193 4318 3456 4387 Denique,

1875 4423 1935 4467 ut
1960 4413 2130 4468 Lucas
2180 4412 2370 4477 refert,
2411 4412 2642 4467 reversis
2669 4426 2700 4464 a
2733 4409 3132 4480 praedicationis
3179 4408 3354 4472 ofﬁcio
3379 4410 3459 4465 di—

241 4480 395 4568 biala
424 4530 587 4567 aurea
615 4515 670 4566 in
692 4513 835 4567 lectis
862 4515 1137 4584 argenteis,
1182 4516 1268 4584 qui
1293 4514 1526 4584 loquitur
1557 4515 1766 4569 verbum
1796 4474 1850 4534 Β
1876 4504 2118 4575 εοίρυὶὶε,
2146 4502 2423 4557 CXSUItanS
2471 4500 2674 4571 Spiritu
2720 4505 2907 4554 sancto
2953 4498 3096 4552 Patri
3125 4499 3326 4569 gratias
3350 4499 3454 4555 ob-

167 4605 220 4658 in
238 4613 472 4673 tempore
514 4619 631 4656 suo.
667 4601 834 4658 Sacra
859 4603 1071 4673 eloquia
1101 4604 1403 4658 rectissime
1433 4603 1586 4660 lectis
1624 4620 1766 4660 com-

165 4702 435 4765 parantur
485 4693 776 4764 argenteis,
833 4692 985 4749 lectis
1033 4692 1299 4757 videlicet,
1355 4693 1480 4761 quia
1525 4693 1765 4762 requiem

165 4795 433 4858 praastant
481 4786 761 4840 animabus
813 4785 1182 4850 audientium;
1235 4785 1506 4853 argenteis
1559 4792 1759 4851 autem,

167 4879 294 4948 quia
318 4875 600 4946 splendida
632 4875 834 4946 fulgent
856 4875 1146 4930 virtutibus
1171 4873 1410 4928 Patrum.
1450 4873 1601 4934 Unde
1628 4875 1761 4930 scri-

167 4975 320 5038 ptum
351 4974 472 5029 est;
510 4964 721 5035 eloquia
752 4966 965 5020 Domini
1004 4964 1212 5034 eloquia
1260 4974 1428 5029 casta,
1480 4974 1760 5035 argentum

169 5057 291 5127 igne
321 5054 713 5109 examinatum.
770 5055 1010 5122 Quorum
1063 5055 1275 5109 ornatui
1327 5054 1588 5110 lectorum
1621 5055 1759 5110 mala

168 5145 486 5218 superaddit
545 5160 727 5209 aurea,
785 5147 1031 5216 quisquis
1082 5146 1268 5201 eadem
1320 5145 1498 5200 divina
1548 5146 1760 5216 eloquia

168 5238 335 5295 etiam
364 5234 696 5305 spiritalibus
723 5235 879 5304 plena
921 5236 1168 5291 sensibus
1209 5244 1263 5290 et
1304 5236 1576 5306 mysteriis
1599 5251 1761 5307 expo-

169 5327 348 5382 nendo
375 5327 728 5379 demonstrat.
777 5323 876 5390 Qui
927 5324 1181 5379 nimirum
1227 5339 1414 5378 sensus
1452 5332 1574 5392 apte
1619 5324 1757 5378 mala

170 5421 458 5480 vocantur,
490 5415 614 5484 quia
661 5415 724 5468 de
751 5415 944 5467 arbore
968 5414 1113 5480 vitm,
1151 5414 1202 5468 id
1231 5423 1332 5479 est,
1359 5412 1458 5467 Dei
1496 5414 1756 5483 sapientia

172 5514 296 5562 sunt
319 5505 462 5568 orti;
487 5515 611 5574 apte
633 5520 794 5559 aurea
815 5503 976 5568 mala,
1001 5504 1129 5573 quia
1150 5504 1394 5558 notitiam
1412 5518 1756 5573 amoremque

173 5604 451 5668 perpetuae
489 5596 754 5651 claritatis
793 5597 1063 5651 mentibus
1108 5595 1410 5651 infundunt.
1461 5595 1599 5650 Mala
1626 5612 1754 5668 ergo

173 5700 333 5741 aurea
356 5686 410 5740 in
442 5685 596 5741 lectis
625 5686 890 5755 argenteis
911 5685 1001 5755 qui
1032 5685 1270 5754 loquitur
1295 5687 1519 5742 verbum
1540 5687 1593 5742 in
1620 5697 1753 5745 tem-

1873 4595 2012 4660 tulit,
2053 4595 2279 4650 dicens:
2332 4591 2592 4660 Conﬁteor
2632 4590 2746 4655 tibi,
2788 4586 2970 4655 Pater,
3016 4587 3236 4643 Domine
3263 4587 3379 4644 caeli
3402 4598 3454 4645 et

1871 4693 2044 4748 ιρι-ηε,
2075 4690 2177 4737 etc.
2214 4681 2362 4752 (Luc.
2382 4678 2460 4749 χ).

1943 4774 2122 4828 Nubes
2143 4782 2191 4827 et
2216 4781 2416 4837 ventus,
2453 4779 2501 4825 et
2528 4769 2722 4841 pluvia!
2759 4786 2862 4824 non
2897 4777 3185 4839 sequentes,
3229 4769 3311 4822 vir
3342 4768 3452 4840 glo-

1868 4865 2034 4919 riosus
2060 4872 2107 4916 et
2136 4863 2392 4932 promissa
2429 4878 2534 4916 non
2561 4860 2838 4932 complens.
2872 4858 3008 4915 Huic
3033 4858 3208 4914 simile
3235 4859 3451 4915 videtur

1867 4955 2007 5025 quod
2035 4955 2280 5025 superius
2329 4955 2404 5008 ait
2430 4973 2442 5008 :
2495 4969 2556 5007 ne
2581 4954 2748 5023 jactes
2767 4968 3078 5023 quemquam
3107 4951 3259 5006 labiis
3299 4951 3398 5005 tuis
3425 4964 3445 5004 :

1867 5050 1960 5106 sed
1987 5058 2042 5104 et
2065 5050 2151 5105 ille
2176 5049 2476 5105 versiculus
2502 5048 2806 5118 specialiter
2835 5049 2939 5104 hoc
2967 5049 3207 5104 continet
3228 5061 3297 5102 ne
3325 5061 3447 5117 pro-

1864 5141 2124 5197 mittendo
2153 5142 2428 5196 hominem
2458 5141 2718 5209 suscipias
2747 5149 2926 5196 etnon
2959 5137 3274 5210 complenda
3301 5136 3444 5191 deci-

1861 5232 2014 5303 pias:
2069 5233 2172 5288 iste
2196 5247 2325 5286 vero
2373 5230 2670 5285 versiculus
2720 5239 2773 5286 et
2815 5231 2917 5285 hoc
2945 5230 3219 5285 continere
3244 5232 3440 5297 potest,

1861 5332 1914 5378 et
1943 5324 2071 5378 illud
2100 5323 2249 5395 quod
2279 5323 2407 5378 dicit
2435 5322 2720 5392 Apostolus
2744 5320 2831 5393 (ΙΙ
2860 5320 2993 5399 Tim.
3017 5320 3097 5391 tu)
3133 5337 3146 5373 :
3180 5317 3444 5373 Habentes

1861 5416 2079 5484 speciem
2103 5415 2330 5484 pietatis,
2362 5413 2599 5466 virtutem
2625 5420 2797 5465 autem
2821 5411 2934 5482 ejus
2964 5418 3225 5478 negantes.

1934 5505 2200 5560 Patientia
2227 5505 2446 5558 lenietur
2495 5504 2750 5574 princeps,
2800 5501 3069 5571 etlingua
3109 5499 3290 5577 'mollis
3323 5513 3445 5554 con-

1863 5597 2050 5666 fringet
2082 5596 2350 5648 duritiam.
2378 5593 2510 5650 Cum
2540 5593 2826 5648 Dominum
2855 5591 3127 5662 peccando
3147 5587 3438 5653 offendisti,

1859 5696 2012 5759 potes
2043 5694 2217 5740 tamen
2268 5687 2384 5756 ejus
2417 5685 2611 5740 mereri
2667 5682 3026 5745 clementiam,
3081 5681 3126 5734 si
3172 5679 3440 5749 patienter
