3910 6348
377 269 482 327 ’763

1042 265 1106 321 Β.
1152 260 1408 321 MBAN!
1446 261 1668 320 MAUR]
1704 256 2028 317 ARCHIEP.
2068 255 2379 317 MOGUNT.
2420 254 2709 314 OPERUM
2743 254 2925 313 PARS
2960 253 3052 313 Ill.

3565 256 3668 314 ’164

379 386 628 450 adversa,
659 395 780 453 quae
799 380 897 437 tibi
923 392 1022 450 pro
1042 377 1284 448 peccatis
1303 354 1636 448 irrogantur,
1662 374 1976 447 pertuleris,
1994 372 2060 441 ,Α
2081 371 2230 429 tinus
2255 380 2309 427 et
2333 372 2558 429 ebullit:
2589 380 2643 429 et
2664 365 2922 443 perversa
2946 386 3101 428 mens
3129 374 3345 445 quando
3362 388 3465 446 per
3492 375 3668 431 incre'

377 477 679 547 humilique
737 471 1108 530 satisfactione
1140 470 1399 526 duritiam
1454 469 1730 526 domueris
1782 475 1978 524 contu-

377 570 568 627 maciae
592 566 811 640 prioris.

452 658 560 715 Mel
598 654 861 721 invenisti,
909 652 1118 708 comede
1150 651 1293 723 quod
1344 651 1533 723 suﬁ'icit
1568 648 1683 716 tibi,
1734 664 1799 703 ne
1844 647 1980 719 forte

378 743 649 809 saturatas
693 763 899 802 evomas
948 744 1100 799 illud.
1156 743 1506 800 Dulcedinem
1554 742 1810 798 invenisti
1866 756 1980 797 coe-

376 841 566 898 lestem
589 837 893 894 intellectus
906 851 1026 906 quas
1046 835 1367 906 spiritalium
1389 843 1605 905 patrum
1625 832 1803 889 ollieio
1823 833 1979 904 quasi

377 931 925 1003 prudentissimarum
953 930 1137 999 apium
1164 929 1260 984 tibi
1305 929 1489 984 labore
1534 928 1840 984 ministrata
1872 936 1976 994 est,

376 1024 499 1079 vide
525 1037 654 1093 ergo
682 1037 751 1076 ne
786 1021 840 1075 in
879 1034 944 1075 ea
973 1019 1095 1089 plus
1124 1035 1317 1091 sapere
1364 1029 1590 1091 appetas
1628 1036 1792 1090 quam
1818 1035 1981 1091 opor-

377 1120 453 1168 tet
478 1128 688 1184 sapere,
737 1126 807 1167 ne
839 1110 967 1166 dum
1023 1120 1233 1166 summa
1291 1110 1613 1183 intelligere
1646 1110 1785 1165 ultra
1836 1111 1981 1166 vires

377 1207 597 1277 quieris,
624 1205 788 1261 etiam
818 1218 938 1274 qum
976 1203 1114 1258 bene
1144 1202 1490 1258 intellexeras
1514 1202 1732 1276 amittas
1759 1219 1772 1255 :
1801 1206 1981 1272 potest

377 1305 557 1351 autem
586 1296 639 1350 in
668 1296 773 1351 hoc
811 1293 1079 1350 versiculo
1107 1295 1286 1365 typice
1315 1294 1521 1350 dictum
1552 1292 1803 1364 intelligi,
1833 1292 1980 1362 quod

377 1389 431 1445 in
457 1389 701 1459 sequenti
725 1387 1008 1457 Subjicitur
1032 1405 1045 1440 :

451 1481 715 1537 Subtrahe
762 1480 945 1553 pedem
996 1489 1143 1535 tuum
1192 1481 1258 1533 de
1308 1479 1462 1533 domo
1512 1478 1740 1549 proximi
1790 1478 1888 1544 tui,
1917 1494 1981 1533 ne

375 1573 586 1645 quando
617 1572 840 1625 satiatus
872 1570 1041 1624 oderit
1069 1580 1138 1624 te.
1167 1569 1299 1639 ~Etsi
1329 1569 1481 1625 enim.
1527 1567 1762 1638 proximi
1803 1565 1982 1635 cujus-

375 1664 507 1726 libet
554 1663 935 1718 allocutionem
983 1661 1065 1716 vel
1094 1660 1455 1715 visitationem
1502 1659 1661 1725 melle
1684 1657 1981 1715 dulciorem

377 1756 606 1819 invenis,
640 1754 834 1809 melius
868 1761 1049 1807 tamen
1079 1758 1163 1806 est
1208 1761 1268 1806 ut
1313 1750 1489 1805 rarius
1518 1749 1790 1806 veniendo
1811 1749 1981 1805 facias

377 1862 500 1902 eum
552 1861 766 1917 semper
816 1854 968 1900 tuum
1021 1843 1246 1915 diligere
1306 1842 1635 1906 adventum,
1697 1856 1861 1912 quam
1920 1849 1983 1896 ut

376 1938 461 1992 vel
490 1953 594 1991 una
620 1938 740 1991 vice
765 1935 968 1990 tamdiu
1019 1949 1143 1989 cum
1192 1933 1285 1988 illo
1331 1932 1694 1998 maneasgvel
1724 1933 1884 1988 toties
1914 1932 1980 1987 ad

376 2041 498 2083 eum
536 2025 748 2093 venias,
771 2026 945 2081 donec
972 2031 1027 2080 te
1072 2024 1257 2079 videre
1294 2022 1545 2079 fastidiat
1568 2030 1625 2079 et
1649 2038 1719 2079 ne
1765 2024 1977 2091 redeas,

373 2125 601 2190 quaerat.

446 2210 587 2265 Dens
606 2210 871 2281 putridus,
899 2208 947 2265 et
967 2227 1054 2280 pes
1072 2208 1268 2285 lassus,
1284 2209 1374 2281 qui
1394 2217 1567 2281 sperat
1595 2226 1753 2280 super
1776 2208 1981 2280 inﬁdeli

378 2303 436 2354 in
457 2300 543 2354 die
589 2304 867 2371 angustia.
897 2309 947 2354 et
974 2302 1177 2354 amittit
1192 2301 1413 2368 pallium
1442 2300 1497 2353 in
1518 2300 1603 2355 die
1641 2302 1874 2371 frigoris.
1913 2300 1981 2355 Et

376 2391 644 2448 Jeremias
673 2394 749 2448 ait
776 2412 788 2446 :
822 2392 1136 2447 Maledictus
1158 2392 1247 2463 qui
1291 2409 1434 2464 spem
1456 2410 1608 2457 suam
1630 2395 1775 2464 ponit
1801 2394 1858 2447 in
1880 2394 1979 2448 Ito-

377 2487 538 2549 mine,
560 2494 606 2539 et
632 2485 780 2552 ponit
803 2500 1013 2538 carnem
1041 2484 1312 2543 brachium
1333 2474 1632 2552 suumaQui
1663 2493 1809 2541 recte
1832 2486 1979 2542 denti

375 2576 595 2647 putrida
623 2584 678 2630 ct
708 2576 828 2645 pedi
853 2575 1001 2630 lasso
1031 2583 1399 2645 comparatur,
1425 2576 1555 2645 quia
1586 2576 1676 2646 qui
1709 2575 1839 2632 illud
1862 2576 1982 2632 uni-

378 2682 500 2723 cum
530 2667 767 2723 hominis
790 2667 1013 2733 bonum,
1041 2666 1147 2722 hoc
1173 2676 1278 2734 est,
1307 2667 1584 2725 adhaerere
1613 2669 1743 2736 Deo,
1776 2685 1981 2742 ponere

377 2760 432 2816 in
460 2761 689 2816 Domino
707 2760 821 2816 Deo
850 2776 999 2832 spem
1024 2776 1180 2815 suam
1225 2762 1420 2827 nescit,
1448 2761 1549 2817 iste
1585 2777 1684 2818 nec
1713 2762 1837 2818 vitae
1863 2779 1981 2832 per-

378 2852 560 2921 cipere
586 2853 786 2917 cibum,
810 2852 918 2907 ‘nec
945 2852 1013 2906 ad
1052 2853 1391 2908 mansionem
1438 2863 1617 2925 potest
1658 2856 1981 2911 desiderata;

355 2942 572 2998 .salutis
596 2944 926 3014 pertingere,
958 2950 1012 2998 et
1042 2942 1166 2999 talis
1197 2944 1399 2999 amittit
1426 2946 1645 3015 pallium
1685 2948 1739 3001 in
1779 2946 1864 3019 die
1889 2948 1984 3002 tri-

382 3034 550 3106 goris,
574 3033 703 3105 quia
746 3034 848 3088 etsi
880 3034 933 3089 in
985 3036 1281 3091 serenitate
1327 3036 1452 3091 vita:
1481 3037 1765 3106 praesentis
1792 3037 1979 3093 habitu

2075 470 2349 541 pationem
2372 468 2663 539 corripitur
2683 478 2774 522 aut
2799 482 2895 538 per
2915 461 3312 538 praedicationis
3332 468 3672 526 dulcedinem

2075 563 2220 618 bona
2250 561 2531 626 suadetur,
2555 561 2623 616 de
2646 559 2991 629 correptione
3018 557 3077 612 fit
3100 557 3362 625 deterior,
3388 568 3445 615 et
3473 560 3597 616 inde
3616 559 3674 617 in

2077 652 2525 710 murmurationis
2553 651 2897 721 iniquitatem
2928 649 3274 704 succenditur
3312 653 3455 707 unde
3492 650 3677 708 debuit

2079 748 2146 803 ab
2172 747 2459 817 iniquitate
2488 746 2782 816 compesci.

2150 835 2207 891 Si
2228 837 2499 891 esuriverit
2533 838 2778 893 inimicus
2818 847 2963 905 tuus,
2996 840 3113 895 ciba
3142 837 3337 901 illum;
3389 835 3434 890 si
3462 836 3674 901 sitierit,

2079 927 2149 982 da
2177 928 2255 982 illi
2285 944 2476 998 aquam
2501 928 2690 984 bibere.
2724 928 2792 985 Et
2812 929 2880 984 de
2910 930 3284 1001 corporalibus
3307 926 3601 991 alimentis,
3623 932 3679 980 et

2080 1022 2148 1077 de
2180 1020 2516 1091 spiritalibus
2544 1030 2725 1090 potest
2756 1022 3002 1090 intelligi.

2150 1109 2365 1166 Prunas
2409 1113 2547 1166 enim
2587 1114 2925 1183 congregabis
2956 1130 3111 1183 super
3140 1122 3295 1181 caput
3334 1112 3473 1184 ejus,
3499 1120 3547 1165 et
3571 1110 3683 1168 Do-

2080 1203 2254 1257 minus
2281 1203 2456 1257 reddet
2501 1204 2616 1257 tibi.
2650 1203 2766 1259 Non
2803 1204 2870 1259 de
2897 1199 3164 1260 incendiis
3213 1219 3495 1274 plenarum
3526 1203 3680 1270 dicit,

2081 1310 2258 1365 neque
2285 1295 2431 1351 enim
2455 1295 2680 1352 doceret
2705 1304 2757 1352 te
2778 1295 3041 1367 sapientia
3066 1304 3127 1350 ut
3146 1295 3285 1350 bona
3312 1295 3538 1349 inimico
3562 1309 3685 1364 per-

2083 1388 2305 1444 ditionis
2354 1387 2473 1457 ejus
2525 1403 2689 1444 causa
2741 1388 3101 1452 ministrares,
3152 1388 3245 1443 sed
3292 1402 3495 1458 prunas
3524 1401 3685 1455 super

2084 1487 2245 1549 caput
2274 1478 2413 1547 ejus,
2447 1479 2700 1534 ardorem
2749 1478 3036 1533 cbaritatis
3082 1479 3137 1533 in
3164 1478 3331 1533 corde
3375 1476 3496 1545 ejus
3524 1476 3685 1548 signi-

2085 1569 2232 1635 ﬁcat,
2256 1571 2317 1625 fit
2336 1571 2481 1626 enim
2503 1585 2889 1641 nonnunquam
2927 1579 2987 1623 ut
3008 1571 3259 1626 inimicus
3279 1570 3490 1625 crebris
3511 1570 3685 1623 victus

2083 1663 2362 1721 beneﬂciis
2390 1665 2640 1720 odiorum
2670 1667 2850 1736 rigore
2892 1665 3099 1720 mollito
3139 1666 3378 1729 calorem
3417 1666 3471 1719 in
3502 1673 3683 1719 mente

2008 1732 2055 1792 Β
2083 1757 2368 1814 charitatis
2396 1757 2651 1828 excipiat,
2700 1732 2765 1813 ac
2815 1759 2882 1812 de
2931 1758 3152 1813 inimico
3201 1755 3411 1812 amicus
3454 1755 3594 1820 fieri,
3628 1762 3682 1808 et

2084 1864 2208 1905 eum
2231 1864 2393 1919 quem
2422 1846 2620 1918 injuste
2640 1849 2853 1914 oderat,
2884 1849 3032 1921 juste
3056 1849 3343 1904 redamare
3368 1848 3609 1918 incipiat.

2164 1942 2358 1998 Ventus
2382 1942 2558 2014 aquilo
2586 1944 2804 2013 dissipat
2836 1941 3061 2012 pluvias,
3092 1950 3142 1996 et
3172 1941 3334 2011 facies
3377 1942 3544 1995 tristis
3582 1938 3685 1993 lin-

2082 2050 2241 2106 guam
2273 2033 2654 2089 detrahentem.
2718 2031 2775 2086 Si
2826 2031 2988 2087 hilari
3040 2032 3191 2086 vultu
3224 2032 3462 2087 audieris
3505 2032 3685 2086 detra—

2082 2126 2324 2188 hentem,
2375 2133 2433 2179 tu
2479 2123 2556 2178 illi
2604 2123 2705 2178 das
2750 2121 2995 2178 fomitem
3042 2122 3405 2187 detrahendi;
3461 2122 3507 2178 si
3554 2123 3685 2177 v'ero

2084 2218 2224 2273 tristi
2284 2217 2430 2272 vultu
2461 2217 2577 2272 haec
2624 2215 2829 2281 audias,
2882 2219 2943 2271 u't
2986 2215 3124 2271 dixit
3167 2216 3387 2287 quidam
3433 2215 3520 2271 vir
3560 2214 3684 2281 Dei,

2083 2308 2245 2364 discit
2289 2323 2394 2364 non
2441 2308 2674 2364 libenter
2708 2308 2888 2364 dicere
2912 2349 2928 2376 ,
2979 2308 3126 2379 quod
3171 2308 3421 2366 didicerit
3474 2322 3581 2363 non
3610 2305 3682 2363 li-

2082 2399 2278 2459 benter
2307 2400 2502 2455 audiri.

2158 2488 2351 2544 Melius
2391 2499 2466 2545 est
2499 2490 2679 2545 sedere
2729 2492 2785 2545 in
2837 2489 3031 2561 angulo
3081 2489 3308 2545 domatis
3361 2506 3519 2561 quam
3562 2506 3684 2547 cum

2082 2579 2300 2636 muliere
2344 2580 2570 2651 litigiosa
2601 2582 2658 2635 in
2705 2580 2860 2635 domo
2890 2582 3172 2635 communi.
3221 2580 3463 2637 Domatis
3506 2590 3562 2638 et
3582 2598 3683 2637 ex-

2084 2671 2262 2726 celsus
2284 2680 2339 2726 et
2368 2682 2613 2727 secretus
2640 2680 2723 2727 est
2751 2672 2924 2737 locus,
2950 2672 3095 2742 quod
3123 2673 3267 2727 enim
3291 2674 3449 2728 doma
3471 2671 3685 2740 Grece,

2083 2763 2274 2820 Latine
2324 2765 2523 2820 dicitur
2544 2773 2773 2830 tectum,
2813 2765 3047 2834 denique
3094 2765 3150 2819 in
3200 2756 3443 2832 Actibus,
3471 2772 3686 2835 aposto-

2082 2854 2257 2909 lorum
2288 2854 2380 2909 ubi
2410 2854 2605 2910 Petrus
2629 2854 2682 2908 in
2708 2855 2991 2924 superiora
3019 2854 3087 2909 ad
3117 2855 3383 2909 orandum
3414 2855 3682 2921 ascendit,

2083 2963 2183 3017 pro
2205 2947 2580 3018 superioribus
2600 2946 2653 3001 in
2676 2945 2868 3002 Graec
2894 2947 3051 3002 doma
3076 2947 3337 3017 scriptum
3360 2956 3462 3009 est,
3492 2946 3688 3001 melius

2085 3048 2171 3096 est
2217 3055 2347 3112 ergo
2373 3040 2430 3095 in
2486 3039 2770 3095 altl'udine
2815 3040 3079 3095 virtutum
3110 3056 3333 3097 manere
3376 3042 3684 3111 quempiam

381 3124 660 3196 religionis
689 3125 905 3180 videtur
929 3125 1171 3194 indutus,
1214 3127 1518 3184 ubi-tamen
1562 3128 1981 3200 districtiojusti
2007 3087 2056 3154 ϐ
2090 3087 2319 3186 liberum
2347 3147 2378 3186 a
2404 3130 2637 3187 vinculis
2662 3131 2901 3196 uxoreis,
2945 3139 3002 3186 et
3023 3147 3054 3186 a
3088 3131 3268 3188 saeculi
3306 3087 3468 3202 bujlus
3508 3087 3688 3187 secre-

375 3215 568 3287 judicii
600 3218 865 3288 ingruerit
893 3218 1068 3274 nudus
1099 3220 1423 3276 omnimodis
1447 3221 1516 3277 ab
1540 3230 1732 3277 ornatu
1758 3223 1984 3294 iustitia:

379 3308 614 3380 parebit,
647 3323 749 3363 nec
772 3323 960 3364 eorum
991 3312 1267 3367 consortio
1291 3312 1508 3384 dignus,
1541 3315 1606 3369 de
1635 3316 1833 3385 quibus
1856 3318 1986 3372 scri-

380 3408 532 3472 ptum
560 3410 681 3455 est:
728 3398 924 3454 Beatus
955 3403 1046 3471 qui
1090 3401 1271 3474 vigilat
1313 3414 1363 3458 et
1408 3405 1633 3459 custodit
1678 3407 1984 3463 vestimenta

384 3509 505 3559 sua,
542 3510 605 3547 ne
652 3494 825 3548 nudus
868 3494 1097 3550 ambulet
1124 3482 1173 3550 et
1215 3497 1425 3553 videant
1465 3500 1843 3571 turpitudinem
1866 3501 1982 3573 ejus

386 3583 572 3656 (Apoc.
594 3584 729 3655 xw).

460 3674 677 3729 Acetum
707 3676 763 3729 in
787 3676 946 3742 nitro,
966 3677 1071 3747 'qui
1094 3685 1272 3732 cantat
1295 3680 1533 3734 carmina
1555 3681 1703 3735 cordi
1736 3682 1979 3752 pessimo.

386 3765 599 3822 Nitrum
622 3781 653 3821 a
682 3766 857 3822 Nitria
882 3769 1186 3838 provincia,
1231 3769 1323 3825 ubi
1368 3772 1606 3827 maxime
1649 3774 1798 3828 nasci
1826 3773 1983 3841 solet,

385 3870 583 3912 nomen
609 3856 831 3926 accipit,
855 3873 955 3913 nec
980 3853 1211 3915 multum'
1226 3873 1257 3913 a
1280 3859 1412 3915 salis
1436 3860 1774 3917 Ammoniaei
1801 3862 1983 3932 specie

388 3950 575 4006 distat.
603 3949 736 4003 Nam
765 3950 905 4005 sicut
937 3950 1105 4005 salem
1136 3950 1191 4005 in
1227 3950 1611 4009 littore‘maris
1640 3953 1825 4009 fervor
1849 3971 1981 4011 con-

388 4044 503 4099 iicit
546 4042 697 4110 solis,
733 4044 979 4098 durando
1025 4044 1077 4097 in
1111 4053 1322 4115 petram
1366 4060 1536 4115 aquas
1583 4046 1987 4116 marinasquas

391 4137 567 4207 major
594 4137 680 4192 vis
700 4144 1005 4203 ventorum,
1034 4132 1118 4192 vel
1165 4138 1334 4207 ipsius
1371 4139 1542 4222 maris
1580 4138 1784 4205 fervor,
1816 4140 1869 4194 in
1899 4140 1989 4196 lit-

393 4237 511 4283 tora
543 4228 803 4282 ulteriora
849 4228 1185 4298 proiecerit;
1229 4230 1303 4284 ita
1351 4230 1405 4285 in
1436 4229 1632 4297 Nitria,
1660 4232 1752 4287 ubi
1794 4238 1986 4287 testate

392 4318 587 4391 pluvia!
614 4318 935 4389 prolixiores
981 4318 1227 4373 tellurem
1259 4320 1570 4386 infundunt,
1618 4322 1800 4377 adurit
1823 4323 1988 4377 ardor

392 4408 585 4464 sideris
601 4416 802 4472 tantus,
818 4409 909 4478 qui
928 4408 1075 4477 ipsas
1087 4424 1254 4478 aquas
1268 4409 1529 4479 pluviales
1539 4425 1637 4479 per
1652 4411 1986 4465 latitudinem

395 4501 685 4555 arenarum
717 4506 1021 4569 concoquat
1058 4499 1112 4553 in
1133 4507 1368 4569 petram,
1395 4500 1495 4554 sali
1520 4501 1740 4570 quidem
1765 4500 1851 4554 vel
1871 4500 1985 4571 gla-

396 4592 501 4648 cici
530 4600 753 4661 aspectu
785 4592 1143 4659 simillimam,
1193 4592 1289 4647 sed
1330 4592 1405 4647 nil
1451 4593 1614 4663 gelidi
1666 4594 1879 4665 rigoris,
1910 4594 1985 4649 nil

395 4682 512 4739 falsi
538 4684 747 4753 saporis
775 4683 1105 4748 habentem;
1138 4698 1258 4752 qua:
1301 4692 1500 4750 tamen,
1533 4685 1689 4755 juxta
1735 4694 1985 4742 naturam

397 4776 525 4831 salis
569 4777 623 4829 in
654 4782 903 4829 caumate
930 4764 1150 4840 durare,
1198 4782 1255 4828 at
1305 4775 1357 4828 iu
1389 4775 1639 4831 nubilosa
1667 4791 1793 4831 aere
1821 4774 1987 4832 ﬂuere

398 4880 463 4920 ae
492 4865 758 4935 liqueﬁeri
784 4864 957 4919 solet:
990 4864 1129 4918 hanc
1156 4863 1418 4935 indigena:
1441 4874 1717 4924 sumentes
1747 4878 1983 4934 servant,

396 4965 454 5011 et
489 4956 580 5010 ubi
627 4972 761 5025 opus
808 4956 1082 5011 exstiterit
1124 4972 1227 5027 pro
1265 4957 1514 5028 jumento
1561 4967 1805 5013 utuntur.
1839 4959 1992 5016 Unde

399 5044 584 5101 Judezc
613 5048 859 5116 peccanti
884 5047 1014 5102 dicit
1038 5049 1302 5120 propheta
1330 5067 1343 5102 :
1373 5046 1432 5103 Si
1470 5049 1661 5105 laveris
1691 5061 1739 5104 te
1762 5051 1917 5116 nitro,
1942 5060 1992 5105 et

400 5140 830 5211 multiplicaveris
882 5139 975 5193 tibi
1023 5142 1236 5195 herbam
1286 5142 1479 5207 borith,
1532 5142 1801 5197 maculata
1850 5159 1904 5198 es
1934 5144 1997 5198 in

401 5233 678 5299 iniquitate
721 5242 836 5298 tua,
880 5232 1005 5286 dicit
1038 5233 1295 5289 Dominus
1327 5234 1485 5288 Deus.
1526 5233 1769 5304 Crepitat
1806 5246 1987 5291 autem

402 5323 460 5380 in
494 5340 633 5395 aqua
663 5323 931 5395 quomodo
957 5324 1075 5378 calx
1098 5324 1241 5389 viva,
1271 5334 1327 5379 et
1353 5325 1467 5395 ipsa
1490 5326 1706 5394 quidem
1730 5326 1986 5394 disperit;

403 5414 498 5473 sed
528 5429 719 5482 aquam
772 5414 1027 5469 laVationi
1082 5413 1311 5470 habilem
1365 5416 1560 5471 reddit.
1597 5416 1761 5486 Cujus
1796 5426 1990 5472 natura

403 5506 487 5562 cui
517 5505 590 5559 sit
616 5515 739 5574 apta
763 5506 946 5577 figura:
975 5523 1205 5563 cernens
1249 5492 1528 5575 Salomon;
1552 5510 1629 5564 ait
1652 5527 1672 5563 .-
1697 5510 1910 5563 Acetum
1935 5511 1992 5565 in

406 5598 564 5661 nitro,
588 5608 636 5652 ct
664 5598 759 5681 qui
798 5607 977 5653 cantat
1006 5600 1242 5681 carmina
1283 5601 1428 5655 cordi
1460 5602 1725 5671 pessimo;
1776 5610 1991 5658 acetum

406 5688 604 5763 quippe
632 5676 967 5746 simittatur
991 5676 1295 5758 iu'uitrum,
1327 5690 1585 5749 fervescit
1621 5693 1825 5751 nitrum
1862 5708 1991 5769 pro-

2086 3229 2200 3277 tum
2232 3222 2538 3288 desideriis,
2589 3237 2753 3292 quam
2805 3236 2929 3278 cum
2959 3223 3195 3278 carnalis
3247 3238 3344 3278 usu
3393 3222 3689 3293 voluptatis

2086 3312 2417 3383 quotidiauis
2441 3305 2660 3367 nefariae
2688 3312 2932 3367 mulieris
2955 3313 3297 3369 contumeliis
3324 3312 3487 3370 allici.

2114 3442 2115 3445 η
2156 3404 2308 3475 Aqua
2349 3404 2545 3475 frigida
2585 3404 2779 3458 animte
2827 3404 3046 3470 sitienti,
3084 3413 3134 3459 et
3164 3405 3379 3461 nuntius
3420 3406 3583 3459 bonus
3612 3405 3684 3461 de

2085 3503 2227 3550 terra
2254 3495 2561 3565 longinqua.
2590 3494 2735 3550 Dicit
2753 3494 3089 3550 Psalmista:
3133 3494 3285 3551 Sicut
3329 3512 3509 3550 cervus
3547 3495 3689 3549 desi-

2086 3584 2235 3639 derat
2259 3585 2328 3638 ad
2350 3654 2357 3657 π
2369 3585 2538 3654 fontes
2568 3600 2847 3655 aquarum,
2870 3586 2947 3639 ita
2977 3585 3239 3640 desiderat
3261 3586 3440 3639 anima
3476 3602 3592 3640 mea
3614 3586 3688 3641 ad

2087 3683 2153 3739 te,
2182 3675 2345 3730 Deus.
2396 3675 2547 3745 Aqua
2587 3689 2716 3745 ergo
2764 3671 2957 3743 frigida
2987 3690 3108 3745 quae
3160 3675 3396 3743 sitientis
3436 3678 3688 3733 ardorem

2089 3766 2404 3834 restringat,
2454 3771 2509 3820 et
2560 3764 2782 3821 nuntius
2819 3766 2931 3834 qui'
2960 3765 3027 3821 de
3075 3766 3231 3837 longe
3277 3767 3503 3823 veniens
3548 3782 3690 3823 nova

2087 3856 2344 3925 quislibet
2376 3864 2433 3910 et
2482 3854 2759 3925 inopinata
2814 3854 3008 3926 gaudia
3060 3864 3241 3926 portet
3294 3856 3685 3913 assimilantur.

2090 3945 2225 4013 Quia
2253 3954 2310 4001 et
2334 3945 2563 4001 dulcedo
2598 3947 2795 4001 divinat
2818 3945 3043 4001 visionis
3075 3946 3311 4001 animam
3357 3948 3447 4003 diu
3478 3946 3690 4007 deside—

2088 4048 2302 4091 rantem
2327 4038 2655 4105 consolatur,
2686 4046 2849 4108 atque
2870 4040 2939 4095 ab
2968 4047 3105 4095 aestu
3128 4040 3477 4109 praesentium
3515 4041 3691 4097 tribu-

2088 4130 2352 4185 lationum
2403 4131 2629 4186 liberam
2655 4132 2853 4197 reddit,
2880 4141 2934 4187 et
2961 4131 3137 4203 angeli
3176 4132 3418 4202 quotidie
3448 4134 3514 4188 de
3536 4141 3688 4190 terra

2086 4219 2401 4293 longinqua,
2436 4224 2537 4279 hoc
2577 4231 2682 4290 est,
2713 4225 2780 4278 de
2814 4238 3046 4294 superna
3076 4224 3250 4294 patria
3292 4225 3694 4283 descendentes

2089 4315 2144 4370 in
2190 4317 2472 4381 mundum,
2507 4301 2684 4387 justus
2726 4316 2813 4371 vel
2862 4318 3004 4374 inter
3032 4319 3359 4374 tentationes
3394 4333 3489 4389 spe
3522 4320 3689 4375 caele-

2094 4408 2255 4461 stium
2286 4407 2541 4471 roborant
2570 4408 2655 4464 vel
2700 4408 2865 4464 finitis
2893 4396 3253 4466 teutationum
3296 4411 3689 4467 certaminibus

2092 4499 2159 4555 ad
2184 4498 2417 4570 palmam
2444 4508 2719 4569 perpetuae
2748 4501 3120 4557 retributionis
3147 4503 3429 4557 inducunt.

2165 4586 2311 4643 Fons
2336 4588 2577 4643 turbatus
2602 4589 2751 4659 pede,
2782 4600 2830 4643 et
2851 4607 2980 4644 vena
3007 4602 3273 4660 corrupta,
3291 4593 3472 4660 justus
3493 4592 3690 4647 cadens

2093 4696 2271 4735 coram
2292 4680 2473 4749 impio.
2497 4679 2641 4735 Fons
2669 4689 2725 4735 et
2753 4695 2887 4735 vena
2910 4681 3035 4736 vita:
3060 4691 3143 4736 est
3170 4696 3231 4736 os
3256 4693 3309 4736 et
3328 4683 3519 4752 lingua‘
3530 4682 3688 4749 justi,

2093 4773 2185 4843 qui
2217 4774 2566 4831 meditabitur
2595 4774 2914 4845 sapientiam
2950 4784 3004 4829 et
3040 4774 3287 4845 loquetur
3321 4774 3609 4845 judicium.
3632 4784 3694 4831 et

2096 4864 2142 4919 si
2178 4865 2381 4919 bunca
2407 4864 2625 4919 diabolo
2679 4866 2921 4935 superari
2967 4873 3131 4935 atque
3174 4866 3228 4920 in
3281 4880 3467 4921 casum
3513 4865 3691 4939 redigi

2096 4957 2405 5027 contigerit,
2445 4956 2639 5011 merito
2683 4955 2803 5011 fons
2835 4958 3083 5013 turbatus
3124 4956 3436 5012 adversario
3462 4956 3690 5012 concul-

2095 5054 2253 5101 rante
2296 5054 2352 5100 et
2395 5061 2530 5100 vena
2576 5046 2775 5102 dicitur
2819 5061 2941 5101 esse
2988 5055 3263 5116 corrupta.
3301 5046 3491 5100 Evenit
3537 5047 3691 5101 enim

2094 5152 2255 5207 saepe,
2301 5145 2362 5192 ut
2408 5138 2500 5207 qui
2533 5136 2725 5206 majori
2759 5137 2984 5192 scientia
3034 5138 3242 5207 prmditi
3292 5136 3589 5208 fulgebant,
3618 5137 3691 5192 ad

2092 5232 2342 5287 ultimum
2373 5230 2493 5302 plus
2528 5230 2769 5285 volentes
2800 5243 3013 5299 sapere,
3043 5244 3204 5299 quam
3253 5227 3531 5298 fragilitati
3588 5230 3691 5282 hu-

2100 5340 2272 5379 manae
2294 5337 2611 5379 concessum
2640 5330 2742 5387 est,
2786 5322 2841 5376 in
2881 5321 3202 5390 insipientia:
3230 5319 3441 5375 foveam
3464 5319 3690 5375 decide.

2099 5423 2240 5479 rent,
2263 5416 2405 5469 unde
2426 5415 2819 5483 consequenter
2845 5411 3156 5483 adjnngitur
3186 5408 3211 5463 :’

2169 5507 2318 5564 Sicut
2338 5510 2427 5579 qui
2452 5506 2551 5561 mel
2582 5506 2803 5560 comedit
2830 5504 3070 5568 multum,
3119 5518 3224 5557 non
3251 5516 3325 5556 est
3367 5501 3415 5555 ei
3451 5500 3645 5555 bonum
3670 5515 3692 5564 ;

2096 5600 2171 5655 sic
2197 5600 2288 5669 qui
2327 5607 2589 5653 scrutator
2610 5606 2685 5650 est
2724 5596 3035 5667 majestatis,
3079 5595 3401 5665 opprimetur
3428 5610 3460 5646 a
3492 5592 3689 5662 gloria.

2099 5690 2335 5750 Dulcedo
2374 5690 2521 5748 enim
2564 5688 2741 5745 mellis
2781 5687 2829 5744 si
2870 5687 3157 5761 plusquam
3204 5682 3427 5741 necesse
3456 5694 3563 5752 est,
3595 5699 3696 5740 su-
