3910 6320
149 277 254 337 ’165

929 276 1292 336 EXPOSITIO
1329 275 1399 332 ΙΝ
1433 272 1823 378 PROVERBlA
1863 272 2275 337 SALOMONIS.
2310 285 2384 326 -ἐ-
2417 282 2544 342 LIB.
2583 284 2671 344 lli.

3318 291 3420 349 786

145 398 333 464 mitur,
356 397 498 452 unde
525 395 756 472 delectat
781 411 842 452 os
891 397 1017 453 inde
1047 398 1154 452 vita
1203 397 1539 453 comedentis
1573 409 1729 452 neca-
1752 395 1808 457 Α
1831 396 1990 450 ciaris
2015 399 2062 451 ei
2081 400 2288 456 similis.
2311 403 2580 468 Responde
2597 407 2758 462 stulto
2769 409 2934 480 juxta
2951 407 3227 465 stultitiam
3246 427 3418 482 suam,

146 498 255 554 tur,
285 487 457 543 dulcis
483 488 681 556 quippe
707 495 794 545 est
835 487 1116 558 requisitio
1160 486 1481 556 majestatis,
1509 487 1603 542 Sed
1638 487 1730 557 qui

141 577 262 649 plus
285 579 427 633 hanc
460 577 690 632 scrutari
721 577 943 648 appetit,
968 589 1131 648 quam
1155 577 1505 632 humanitatis
1530 570 1732 647 agnitio

141 669 428 738 permittit,
446 667 559 739 ipsa
587 669 728 724 hunc
745 667 862 736 ejus
883 667 1052 739 gloria
1068 669 1265 739 premit
1284 691 1296 722 ;
1316 668 1442 738 quia
1464 667 1608 723 velut
1627 667 1730 722 mel

142 772 413 832 sumptum
440 762 792 817 immoderate
813 765 1206 833 perscrutantis
1232 779 1448 820 sensum
1471 765 1598 819 dum
1623 775 1731 820 nos

143 853 354 922 capitur
380 855 596 924 rumpit.
623 853 739 908 Non
761 854 862 908 hoc
887 863 1066 909 autem
1084 855 1255 910 solum
1273 856 1500 926 quisque
1519 856 1732 926 sapiens

145 930 423 1002 attendere
460 936 645 1011 debet:
684 961 750 1002 ne
779 946 967 1002 altiora
994 964 1051 1004 se
1078 960 1304 1018 quierat,
1330 958 1387 1006 et
1409 965 1476 1004 ne
1507 949 1728 1006 fortiora

143 1051 200 1091 se
259 1048 534 1094 scrutatus
582 1041 672 1104 sit,
735 1056 923 1094 verum
971 1041 1136 1096 etiam
1181 1057 1250 1097 ne
1302 1057 1366 1098 ea
1403 1058 1539 1112 -qu:e
1583 1055 1728 1099 recte

143 1131 346 1188 utiliter
373 1135 514 1189 scire
537 1133 728 1203 potuit,
755 1134 1123 1190 immoderatis
1148 1136 1487 1190 sermonibus
1516 1136 1730 1192 sibimet

144 1228 320 1282 minus
361 1227 513 1281 utilia
561 1227 770 1293 reddat,
809 1227 949 1282 unde
976 1228 1151 1282 adhuc
1195 1237 1318 1298 apte
1361 1229 1723 1284 subnectitur:

214 1319 364 1377 Sicut
409 1322 530 1376 urbs
577 1332 757 1390 patens
782 1331 829 1375 et
875 1321 1065 1392 absque
1092 1337 1381 1376 murorum
1411 1323 1628 1388 ambitu,
1654 1325 1729 1378 ita

140 1413 219 1468 ivir
237 1415 328 1484 qui
360 1431 462 1484 non
490 1423 650 1484 potest
673 1415 725 1468 in
753 1414 1007 1480 loquendo
1031 1415 1266 1485 cohibere
1287 1417 1524 1485 spiritum
1552 1433 1724 1471 suum.

143 1504 295 1561 Sicut
322 1508 465 1562 enim
499 1522 708 1561 murum
738 1507 938 1575 silentii
978 1523 1085 1562 non
1114 1508 1294 1572 habet,
1341 1491 1493 1577 patet
1523 1509 1725 1564 inimici

132 1594 334 1668 jaculis
383 1598 579 1653 civitas
629 1599 844 1664 mentis,
900 1608 957 1654 et
1005 1615 1128 1654 cum
1161 1615 1219 1658 se
1264 1614 1362 1668 per
1389 1601 1551 1655 verba
1577 1609 1730 1655 extra

139 1691 490 1760 semetipsum
522 1690 688 1761 ejicit,
717 1701 958 1762 apertam
1009 1707 1067 1746 se
1119 1691 1429 1747 adversario
1471 1691 1727 1757 ostendit,

1838 504 1901 541 ne
1922 490 2022 542 sibi
2047 492 2253 562 sapiens
2281 508 2390 549 esse
2415 499 2671 552 videatur.
2713 499 2830 555 Non
2876 502 2992 557 haec
3019 502 3253 558 invicem
3293 503 3422 561 sibi-

1835 591 1947 638 met
1976 588 2250 642 eontraria
2278 590 2478 646 debent
2515 593 2708 660 videri,
2740 609 2846 649 non
2893 596 3219 664 respondere
3260 595 3426 652 stulto

1828 673 1987 743 juxta
2017 678 2300 735 stultitiam
2327 681 2467 751 ejus,
2494 692 2549 740 et
2576 687 2907 756 respondere
2931 687 3096 742 stulto
3119 687 3273 758 juxta
3297 686 3425 744 stul-

1834 767 2008 825 titiam
2036 770 2174 840 ejus,
2221 783 2514 846 utrumque
2541 779 2686 834 enim
2727 795 2826 850 pro
2868 763 3258 851 temporum'et
3299 794 3424 851 per-

1833 878 2089 920 sonarum
2113 868 2428 925 diversitate
2455 857 2775 936 concordat,
2801 874 2927 928 dum
2977 881 3033 941 et
3071 873 3266 928 stultus
3292 886 3421 927 oon-

1831 955 2112 1022 temnitur,
2145 958 2269 1021 quia
2310 975 2417 1014 non
2445 956 2635 1038 recipit
2664 963 3003 1030 sapientiam,
3032 972 3086 1018 et
3126 947 3292 1018 stulta
3327 976 3418 1017 su—

1829 1048 2016 1114 perbia
2041 1049 2149 1104 alia
2187 1051 2458 1106 decutitur
2501 1035 2750 1119 stultitia,
2793 1052 2948 1122 juxta
2997 1054 3136 1123 quod
3171 1062 3227 1109 et
3271 1051 3422 1125 Apo-

1830 1141 2001 1222 stolys
2029 1142 2196 1197 dicit:
2249 1141 2449 1197 Factus
2495 1160 2609 1197 sum
2653 1146 2922 1223 insipiens,
2960 1161 3045 1199 vos
3076 1160 3156 1198 me
3186 1144 3421 1214 coegislis

1832 1236 1919 1311 (ll
1942 1237 2066 1293 Cor.
2090 1240 2210 1310 xu).
3273 1229 3282 1236 ’

1902 1328 2135 1382 Claudus
2172 1329 2404 1399 pedibus,
2452 1340 2502 1386 et
2540 1331 2868 1402 iniquitatem
2912 1331 3105 1396 bibens,
3137 1330 3226 1401 qui
3262 1329 3421 1384 mittit

1831 1419 1984 1475 verba
2027 1436 2119 1490 per
2161 1420 2399 1474 nuntium
2449 1421 2684 1475 stultum.
2715 1421 2900 1476 Potest
2942 1420 3083 1475 forte
3121 1421 3338 1475 evenire
3362 1428 3423 1475 ut

1831 1511 2048 1581 sapiens
2077 1511 2306 1580 quilibet
2345 1511 2566 1568 stultum
2623 1512 2675 1565 in
2722 1511 3044 1580 legationem
3096 1511 3295 1575 mittat,
3328 1527 3423 1565 ne-

1831 1601 2009 1677 sciens
2040 1603 2166 1671 quia
2217 1603 2412 1658 stultus
2445 1612 2547 1666 est.
2597 1617 2700 1657 nec
2750 1610 2931 1657 tamen
2979 1605 3094 1674 ipse
3145 1602 3422 1672 sapientiai

1836 1710 1948 1751 suae
1975 1694 2200 1766 gloriam
2253 1695 2462 1764 perdat,
2500 1696 2554 1749 in
2600 1709 2666 1749 eo
2712 1695 2856 1764 quod
2885 1697 2966 1749 de'
3004 1677 3186 1763 ignoto
3220 1695 3419 1750 bonum

139 1776 301 1851 quam
333 1753 484 1859 tanto
518 1753 606 1839 ille
637 1753 766 1838 sine
783 1782 967 1838 labore
1013 1790 1254 1850 superat,
1296 1790 1499 1852 quanto
1528 1790 1582 1837 et
1611 1753 1725 1853 ipsa
1760 1753 1807 1812 Β
1835 1753 2270 1853 ᾳυοίινθυᾱὶθτειί
2301 1753 2564 1862 credidit._
2587 1753 2822 1840 Claudiis
2855 1793 2937 1840 est
2981 1753 3208 1856 pedibus
3233 1793 3287 1838 et
3318 1784 3421 1840 iui-

137 1887 263 1944 qua:
288 1875 524 1930 vincitur
573 1882 763 1931 contra
814 1874 1162 1944 semetipsam
1207 1889 1303 1944 per
1329 1872 1726 1945 multiloquium

135 1962 370 2036 pugnat;

716 2075 944 2134 CAPUT
979 2074 1170 2134 XXVI.

210 2169 487 2236 Quomodo
516 2171 608 2228 nix
637 2170 691 2224 in
718 2159 896 2225 testate
930 2180 977 2224 et
1013 2169 1200 2239 pluvia:
1228 2170 1285 2223 in
1326 2184 1510 2235 messe,
1545 2170 1620 2223 sic
1645 2169 1728 2227 ine

135 2263 327 2320 decens
350 2273 425 2317 est
456 2263 613 2316 stulto
631 2263 822 2334 gloria.
854 2263 922 2317 Et
947 2263 1036 2318 hic
1063 2247 1363 2316 versiculus
1392 2277 1460 2330 ne
1499 2261 1727 2320 indoctis

135 2354 319 2410 honor
349 2352 576 2409 docendi
606 2352 978 2424 committatur
1009 2359 1328 2422 praemonet,
1371 2352 1463 2421 nix
1495 2366 1728 2420 namque

135 2454 354 2511 testate,
382 2453 436 2500 et
480 2445 674 2515 pluvia
703 2452 830 2498 sunt
876 2444 929 2498 in
980 2457 1155 2498 messe
1180 2443 1584 2512 persecutiones
1611 2443 1731 2496 infi-

136 2539 365 2603 delium,
409 2539 462 2609 in
491 2546 734 2610 tempore
777 2536 1176 2607 praedicationis
1217 2535 1573 2608 Evangelicte,
1611 2551 1729 2606 quas

137 2639 268 2686 dum
293 2630 574 2702 graviores
623 2628 761 2684 forte
809 2629 1064 2686 insistunt
1111 2637 1165 2694 et
1194 2628 1428 2694 calorem
1457 2628 1512 2684 in
1545 2629 1730 2686 multis

135 2719 442 2795 impediunt
489 2717 814 2789 dilectionis,
874 2727 928 2773 et
981 2718 1162 2789 fruges
1210 2718 1348 2774 bene
1399 2719 1750 2791 operationis,

135 2808 366 2868 ftedant.
397 2809 604 2884 Quibus
649 2818 796 2886 recte
843 2808 1032 2881 gloria,
1079 2824 1198 2879 quas
1247 2809 1411 2880 stulto
1434 2810 1728 2883 confertur,

136 2913 263 2955 esse
311 2899 504 2954 similis
535 2907 902 2964 asseveratnr,
941 2899 1064 2970 quia
1109 2900 1154 2954 si
1208 2900 1423 2960 indocto
1471 2901 1728 2956 cathedra

137 2991 366 3046 docendi
398 2989 653 3044 tribuitur
697 3005 850 3060 aeque
889 3006 988 3060 per
1032 2991 1135 3046 hoc
1163 2984 1402 3047 Ecclesia
1429 3001 1489 3046 ut
1536 2993 1727 3048 inlide~

135 3079 273 3136 lium
323 3080 698 3150 persecutione
747 3079 974 3144 laeditur,
1015 3081 1156 3150 quod
1211 3095 1330 3136 esse
1383 3081 1725 3145 verissimum

134 3174 354 3230 Arianae
391 3173 728 3243 tempestatis
751 3172 1030 3228 calamitas
1059 3174 1329 3244 probavit.

151 3326 158 3336 ,
206 3264 362 3322 Sicut
390 3265 595 3321 avis.ad
649 3265 755 3320 alia
797 3266 1146 3332 transvolans,
1195 3276 1244 3319 et
1275 3283 1458 3336 passer
1502 3267 1730 3344 quolibet

133 3360 358 3424 uadens,
378 3359 452 3414 sic
476 3357 804 3412 meledictum
828 3358 1025 3427 {rustra
1053 3346 1312 3428 prolatum
1349 3359 1402 3412 in
1418 3362 1728 3434 quempiam

134 3451 484 3520 superveniet.
514 3447 688 3503 Verba
711 3449 926 3520 quidem
947 3457 1092 3504 recte
1114 3450 1301 3507 avibus
1324 3458 1724 3524 comparantur,

134 3543 268 3613 quia
298 3541 537 3596 sanando
584 3555 682 3608 per
725 3555 851 3595 aera
895 3541 1226 3597 transvolant
1269 3541 1338 3596 ab
1357 3557 1452 3596 ore
1479 3538 1730 3606 videlicet

135 3635 414 3706 loquentis
437 3634 502 3688 ad
533 3637 692 3688 aures
711 3649 882 3702 usque
900 3634 1189 3699 audientis,
1218 3633 1313 3690 sed
1343 3634 1544 3694 distant
1569 3635 1620 3696 in
1641 3649 1726 3700 eo,

137 3729 273 3802 quia
301 3735 480 3798 potest
510 3725 650 3788 lteri,
673 3733 732 3779 ut
755 3725 870 3780 avis
892 3725 1136 3798 quolibet
1156 3726 1345 3782 volans
1372 3741 1437 3784 eo
1466 3727 1568 3782 loci
1596 3727 1731 3784 resi-

136 3819 292 3883 deat,
329 3817 418 3872 ubi
459 3815 531 3870 nil
573 3815 622 3871 ei
651 3822 815 3870 certa
834 3815 1179 3870 necessitatis
1205 3823 1300 3869 aut
1325 3814 1576 3869 utilitatis
1603 3830 1728 3885 sup-

136 3918 315 3982 petat,
342 3907 504 3962 verba
535 3914 714 3961 autem
757 3921 878 3975 quas
927 3905 1201 3975 loquimur
1240 3921 1344 3960 non
1375 3905 1615 3975 quolibet
1642 3906 1726 3960 di-

136 4016 328 4074 spersa
363 4000 416 4053 in
442 4008 659 4055 ventum
693 3996 937 4054 dillluunt
983 4007 1144 4068 atque
1169 4006 1520 4060 evanescunt,
1547 3999 1640 4053 sed
1672 3999 1726 4054 in

137 4101 419 4166 auctorem
447 4103 599 4143 suum
629 4095 822 4150 cuncta
851 4094 1210 4152 revertuntur,
1240 4094 1295 4142 et
1319 4087 1400 4141 vel
1438 4087 1574 4142 bene
1599 4104 1727 4159 pro.

136 4181 249 4237 lata
275 4181 474 4250 juvant
518 4179 846 4248 loquentem,
891 4177 979 4233 vel
1020 4177 1161 4232 male
1186 4177 1330 4232 edita
1374 4187 1619 4245 gravant,
1652 4177 1726 4242 ita

134 4284 200 4330 ut
227 4288 331 4344 pro
362 4271 508 4325 omni
539 4270 703 4325 etiam
730 4270 905 4324 otioso
949 4269 1115 4324 verbo
1163 4268 1424 4322 rationem
1453 4269 1506 4324 in
1541 4267 1728 4337 dieju-

135 4367 266 4430 dicii
298 4365 523 4420 reddere
552 4375 824 4430 cogamur,
875 4360 1076 4431 quanto
1125 4368 1306 4415 autem
1338 4360 1525 4431 .magls
1560 4346 1728 4416 male-'

133 4458 308 4520 dicta,
330 4469 438 4509 non
463 4452 634 4508 solum
658 4467 720 4506 ea
743 4467 862 4522 quze
883 4437 1149 4516 malitiosa
1175 4460 1354 4508 mente
1376 4453 1427 4507 in
1456 4453 1722 4529 insontem

127 4545 471 4617 iaculantur,
498 4559 686 4599 verum
717 4544 881 4598 etiam
931 4543 1038 4607 illa,
1093 4559 1212 4614 qua:
1256 4543 1418 4599 stulta
1446 4544 1722 4616 negligen-

135 4639 272 4694 tiuin
301 4634 688 4698 consuetudine
713 4626 915 4703 passim
965 4634 1026 4688 in
1057 4634 1324 4707 quoslibet
1350 4635 1718 4705 proferuntur,

133 4743 248 4784 non
278 4727 444 4781 alium
471 4726 564 4781 sed
599 4725 770 4794 ipsum
801 4722 1167 4796 [maledicum]
1197 4725 1527 4793 opprimunt,
1554 4731 1728 4794 neque

131 4820 285 4876 enim
337 4815 582 4871 maledici
624 4830 848 4884 regnum
879 4815 973 4869 Del
1006 4814 1372 4884 possidebunt.
1403 4814 1518 4869 Non
1545 4824 1725 4870 autem

133 4909 258 4966 sine
289 4921 451 4963 causa
478 4905 629 4970 dicit,
662 4905 1007 4960 maledictum
1036 4903 1237 4973 frustra
1264 4903 1553 4974 prolatum,
1598 4904 1726 4974 quia

132 5008 222 5056 est
249 5006 310 5053 et
330 4996 669 5050 maledictum
710 5010 815 5049 non
857 4993 1056 5050 frustra
1090 4993 1377 5064 prolatum,
1407 4993 1499 5047 sed
1519 4992 1728 5064 justitia

133 5089 340 5144 divina:
369 5083 723 5139 districtionis
750 5086 829 5138 ira
863 5085 913 5138 in
944 5084 1139 5154 impios
1167 5083 1442 5147 emissum,
1475 5090 1532 5137 ut
1553 5091 1641 5138 est
1665 5082 1737 5137 il-'

132 5180 230 5237 lud
261 5177 372 5234 divi
416 5175 565 5232 Petri
616 5175 672 5230 in
723 5174 999 5229 Simonem
1052 5174 1300 5245 Magum:
1355 5171 1589 5226 Pecunia
1636 5184 1726 5226 tua

134 5281 312 5326 tecum
355 5267 420 5322 sit
468 5267 524 5320 in
570 5251 910 5335 perditionem
938 5263 1076 5334 (Act.
1121 5262 1258 5334 vnn).
1301 5261 1366 5330 Et
1406 5275 1468 5315 ea
1514 5277 1633 5330 qua:
1666 5263 1725 5316 in

135 5367 420 5433 apostatas
477 5356 794 5411 haereticos
831 5353 1209 5435 Ecelesiastica
1263 5352 1726 5408 animadversione

135 5449 494 5526 proferuntur
531 5449 896 5502 anathemata.
929 5446 1002 5499 De
1031 5445 1224 5514 quibus
1269 5443 1525 5519 Dominus
1549 5443 1723 5498 eidem

137 5543 399 5616 Ecclesiae
421 5541 552 5596 dicit
575 5557 588 5594 :
643 5538 976 5608 Quwcunque
999 5534 1296 5608 alligaveris
1321 5551 1474 5607 super
1503 5541 1725 5602 terram,

136 5647 298 5700 erunt
326 5635 489 5708 ligata
518 5641 567 5688 et
590 5633 646 5688 in
672 5630 833 5687 calis.

217 5731 304 5798 Ns
332 5728 642 5790 resvondeas
662 5724 821 5782 stulto
837 5724 1000 5804 juxta
1021 5722 1300 5783 stultitiam
1325 5737 1502 5792 suam,
1531 5735 1596 5779 us
1613 5721 1726 5800 ιβτ-

1829 1875 2091 1945 quitatem
2121 1877 2338 1941 bibens,
2359 1875 2486 1945 quia
2517 1883 2572 1930 et
2597 1865 2778 1945 operis
2822 1875 2946 1931 boni
2990 1873 3125 1930 foris
3149 1875 3420 1930 incessum

1831 1967 2032 2042 amisit,
2095 1975 2151 2022 et
2217 1967 2477 2024 interiora
2533 1967 2620 2024 sui
2680 1981 2871 2024 sensus
2920 1969 3118 2041 haustu
3176 1966 3421 2024 stultitia

1831 2053 2082 2114 inebriat.

1901 2147 2048 2205 Sicut
2068 2150 2156 2222 qui
2185 2151 2344 2205 mittit
2389 2150 2614 2222 lapidem
2654 2152 2708 2205 in
2756 2167 2993 2207 acervum
3035 2151 3308 2217 Mercurii,
3341 2151 3420 2206 ita

1826 2242 1917 2314 qui
1942 2241 2120 2296 tribuit
2163 2243 2428 2312 insipienti
2464 2229 2730 2298 honorem.
2760 2243 2860 2310 Qui
2891 2243 3186 2314 insipienti,
3219 2243 3272 2298 id
3310 2249 3416 2312 est,

1830 2336 2086 2390 hatretico
2113 2336 2373 2390 honorem
2399 2336 2626 2392 docendi
2645 2335 2880 2402 confert,
2902 2351 3011 2391 non
3038 2337 3216 2392 minus
3241 2335 3414 2392 delin-

1831 2426 1967 2495 quit,
1993 2441 2152 2496 quam
2192 2426 2286 2497 qui
2313 2427 2442 2491 deos
2471 2442 2537 2482 ac
2564 2425 2786 2483 delubra
2809 2425 3050 2498 gentium
3079 2429 3226 2484 cultu
3253 2441 3417 2484 vene-

1833 2526 1986 2572 ratur
2009 2518 2178 2574 inani.

1902 2608 2177 2675 Quomodo
2193 2608 2239 2663 si
2266 2608 2418 2679 spina
2448 2618 2697 2664 nascatur
2735 2607 2791 2663 in
2821 2625 2980 2663 manu
3018 2609 3304 2676 temulenti,
3339 2609 3415 2664 sic

1831 2698 2082 2769 parabola
2121 2699 2176 2752 in
2207 2715 2294 2752 ore
2333 2697 2632 2752 stultorum.
2683 2697 2846 2768 Spina
2876 2699 2929 2752 in
2981 2714 3144 2752 manu
3174 2698 3416 2754 nascitur

1831 2787 2129 2851 temulenti,
2159 2802 2282 2842 cum
2313 2787 2368 2841 in
2409 2789 2664 2858 operibus
2691 2787 2816 2858 ejus
2844 2789 2934 2857 qui
2963 2789 3272 2843 carnalibus
3294 2803 3414 2844 ser-

1830 2879 1909 2934 vit
1933 2878 2200 2934 illecebris
2225 2878 2546 2947 punctiones
2600 2877 2850 2932 oriuntur
2899 2877 3188 2941 scelerum,
3218 2876 3415 2946 qulbus

1832 2980 1980 3025 recte
2021 2968 2296 3039 parabola,
2329 2983 2489 3038 quam
2537 2969 2734 3024 stultus
2774 2969 3027 3039 proponit
3060 2968 3411 3024 assimilatas.

1831 3061 1968 3130 Quia
1989 3062 2089 3117 etsi
2113 3062 2275 3116 verba
2304 3059 2606 3130 prudentiae
2626 3059 2820 3128 stultus
2840 3061 3022 3115 dicere
3051 3061 3216 3125 novit,
3248 3062 3302 3117 in
3325 3058 3412 3115 hil

1832 3163 2012 3210 tamen
2038 3154 2290 3209 vitiorum
2322 3152 2660 3224 punctiones,
2693 3153 2886 3221 quibus
2910 3151 2996 3206 vel
3037 3153 3295 3221 seipsum,
3321 3151 3412 3210 vel

1827 3246 2134 3318 proximum
2160 3245 2381 3309 laceret,
2407 3244 2580 3298 vitare
2607 3257 2718 3297 non
2761 3243 2949 3309 novit;
2991 3255 3138 3312 saepe
3175 3257 3410 3313 namque

1829 3337 2018 3391 doctor
2041 3335 2356 3404 imprudens
2388 3335 2441 3389 in
2480 3350 2546 3395 eo
2576 3335 2720 3403 quod
2766 3333 2905 3388 bona
2946 3333 3092 3398 dicit,
3134 3341 3227 3388 aut
3257 3347 3412 3388 suam

1829 3427 2038 3482 occulte
2086 3427 2298 3482 laudem
2346 3427 2414 3482 ab
2462 3425 2770 3482 hominibus
2819 3432 2916 3479 aut
2959 3425 3409 3496 vituperationem

1827 3518 2020 3599 quierit
2042 3517 2293 3572 aliorum.

1901 3610 2049 3665 Sicut
2095 3610 2242 3664 canis
2283 3610 2372 3679 qui
2411 3609 2783 3664 revertiturad
2829 3609 3078 3663 vomitum
3117 3623 3288 3671 suum,
3334 3607 3414 3662 sic

1827 3701 2128 3772 imprudens
2146 3700 2236 3772 qui
2278 3702 2432 3754 iterat
2465 3699 2741 3755 stultitiam
2768 3716 2937 3755 suam.
2969 3698 3130 3755 Canis
3170 3715 3290 3754 cum
3310 3713 3408 3755 vo-

1829 3792 1927 3845 mit
1962 3789 2205 3860 profecto
2246 3791 2426 3848 cibum
2463 3789 2566 3860 ‘qui
2597 3800 2786 3863 pectus
2830 3788 3186 3858 deprimebat,
3229 3787 3404 3860 jecit;

1827 3882 1921 3936 sed
1953 3896 2074 3936 cum
2101 3881 2169 3936 ad
2198 3882 2458 3937 vomitum
2495 3882 2784 3937 revertitur
2819 3882 2963 3935 unde
2997 3879 3260 3950 levigatus
3294 3877 3411 3934 fue-

1827 3980 1932 4037 rat,
1957 3987 2147 4027 rursus
2181 3979 2462 4037 oneratur,
2495 3982 2550 4027 et
2591 3972 2684 4042 qui
2727 3971 2926 4025 amissa
2972 3970 3257 4041 plangunt,
3283 3982 3412 4039 proq-

1827 4062 1970 4117 fecto
1999 4063 2294 4133 nequitiam
2323 4064 2388 4119 de
2414 4078 2521 4134 qua
2551 4063 2692 4118 male
2715 4062 2895 4118 satiati
2936 4060 3173 4126 fuerant,
3209 4070 3260 4138 et
3286 4063 3408 4131 quo

1827 4157 2023 4212 mentis
2072 4157 2260 4210 intima
2316 4155 2690 4225 deprimebat,
2744 4152 3050 4208 confitendo
3095 4149 3403 4222 projiciunt,

1826 4258 1985 4316 quam
2008 4253 2128 4316 post
2151 4243 2546 4300 confessionem
2565 4244 2693 4308 dum
2725 4252 2984 4314 appetunt
3008 4251 3310 4298 restituunt.

1907 4336 2094 4392 Vidisti
2124 4337 2382 4390 hominem
2400 4337 2683 4406 sapientem
2727 4335 3247 4405 sibieideri,'magis
3302 4332 3398 4390 illo

1789 4470 1799 4501 μ
1826 4446 1966 4501 spem
1995 4428 2200 4483 habebit
2250 4429 2520 4501 insipiens.
2557 4427 2670 4482 Hoc
2699 4441 2976 4496 exponens
3001 4426 3260 4481 Dominus
3288 4426 3400 4480 ait:

1829 4524 1895 4578 In
1915 4523 2170 4593 judicium
2207 4537 2301 4591 ego
2323 4521 2379 4574 in
2400 4521 2538 4574 ltunc
2565 4515 2820 4574 mundum
2846 4519 2982 4584 veni,
3005 4528 3062 4572 ut
3081 4519 3169 4588 qui
3195 4534 3298 4575 non
3325 4519 3408 4572 si-

1830 4591 1955 4668 dent
1997 4591 2231 4678 videant,
2259 4621 2308 4665 et
2330 4611 2418 4682 qui
2453 4611 2627 4664 vident
2651 4611 2773 4664 ειεθὶ
2800 4609 2933 4678 [iant
2965 4607 3149 4680 (Joan.
3181 4608 3278 4673 Ix).
3313 4607 3409 4661 Di-

1829 4705 1898 4759 cit
1918 4705 2064 4775 piger
2089 4717 2106 4755 :
2131 4702 2319 4757 Leana
2341 4703 2397 4756 in
2416 4702 2518 4768 via,
2543 4701 2621 4755 leo
2643 4701 2697 4754 in
2710 4699 3004 4753 itineribus.
3037 4698 3189 4753 Sicut
3213 4697 3404 4752 ostium

1829 4798 2047 4852 vertitur
2076 4796 2132 4850 in
2159 4795 2368 4848 cardine
2405 4794 2524 4858 suo,
2577 4793 2652 4845 ita
2677 4793 2822 4862 piger
2856 4793 2912 4844 in
2949 4776 3080 4844 lecto
3103 4806 3222 4843 suo.
3255 4787 3405 4844 Multi

1832 4905 1955 4946 cum
1979 4888 2201 4942 verbum
2223 4884 2616 4940 exhortationis
2636 4882 2860 4936 audiunt
2881 4889 3176 4936 caueantur
3202 4879 3269 4934 de
3296 4877 3406 4934 dia-

1831 4982 1952 5038 bolo
1970 5023 1984 5046 ,
2008 4980 2268 5042 dicentes,
2301 4977 2436 5032 velle
2455 4977 2669 5047 quidem
2691 4990 2750 5030 se
2769 4966 2910 5028 viam
2925 4972 3150 5041 justitite
3192 4970 3398 5041 incipe-

1831 5089 1909 5139 re,
1937 5074 2030 5128 sed
2060 5071 2306 5143 impediri
2337 5087 2366 5125 a
2395 5069 2615 5132 Satana,
2633 5083 2701 5122 ne
2717 5068 2856 5122 hanc
2889 5065 3149 5136 perlicere
3176 5064 3389 5136 possint.

1829 5167 2014 5236 sicque
2055 5163 2362 5235 huiusmodi
2407 5159 2773 5216 excusationis
2817 5155 3159 5212 sermonibus
3189 5169 3389 5225 semper

1829 5261 1883 5316 in
1913 5258 2052 5313 lecto
2080 5257 2162 5312 sui
2200 5254 2435 5325 torporis
2461 5253 2600 5307 sicut
2623 5251 2820 5306 ostium
2847 5249 2900 5303 in
2929 5246 3148 5303 cardine
3185 5255 3394 5301 vertun-

1833 5359 2012 5415 tur,et
2039 5350 2198 5406 modo
2221 5349 2370 5426 exire
2391 5347 2460 5402 ad
2481 5341 3006 5419 openndum,modo
3030 5341 3096 5394 ad
3117 5339 3405 5409 quiescen-

1833 5445 1958 5499 dum
1990 5443 2166 5499 redire
2190 5447 2569 5514 proponentes,
2607 5439 2662 5492 in
2688 5436 2804 5493 suis
2828 5436 3010 5507 jacere
3050 5433 3406 5504 pravitatibus

1833 5549 2107 5604 nunquam
2151 5533 2432 5587 desistunt.
2451 5559 2457 5567 -
2920 5530 2927 5537 '
3165 5525 3167 5527 ’
3248 5580 3252 5583 ,

1907 5625 2206 5696 Sapientior
2225 5621 2322 5678 sibi
2373 5621 2518 5692 piger
2551 5618 2756 5678 videtur
2782 5625 2972 5688 septem
2999 5614 3121 5670 viris
3145 5613 3406 5685 loquenti-

1833 5717 1929 5781 bus
1947 5715 2249 5775 sententias.
2291 5711 2513 5786 Septem
2536 5708 2685 5768 viros
2712 5706 2996 5781 loquentes
3017 5704 3322 5765 sententias
3341 5703 3404 5766 il-
