3910 6354
443 322 550 379 767

1097 314 1158 373 Β.
1203 313 1460 373 MBAN]
1496 313 1719 372 MAURI
1757 314 2080 373 ARCHIEP.
2124 314 2435 374 MOGNNT.
2476 314 2762 372 OPERUM
2798 314 2978 371 PARS
3013 315 3100 371 ΠΙ.

3623 314 3731 374 768

445 441 527 498 los
580 439 730 505 dicit,
763 437 856 509 qui
880 433 1184 508 septiformi
1207 434 1430 504 spiritus
1469 435 1643 505 gratia
1675 433 1818 505 pleni
1865 448 2037 489 sacrae
2064 435 2117 498 Α
2144 435 2220 490 cit
2292 434 2574 502 illicitum,
2640 445 2697 490 ut
2759 443 2844 490 est
2909 450 3063 494 amor
3122 435 3456 491 adulterinus
3510 438 3603 507 qui
3661 440 3732 494 ob

447 529 744 598 Scriptum
765 526 919 582 nobis
941 524 1228 580 scientiam
1262 523 1725 602 ministraverunt,
1753 523 1950 594 quibus
1976 538 2037 580 se

447 622 832 693 sapientiorem
861 617 1065 674 stultus
1092 618 1414 684 arbitratur,
1462 619 1593 688 quia
1620 631 1764 690 saepe
1786 617 2032 674 nonnulli

444 713 583 769 adeo
605 719 842 768 mentem
867 710 936 766 ab
959 709 1184 780 agendis
1219 709 1306 764 his
1355 724 1475 780 quae
1501 709 1766 766 Dominus
1784 710 2036 782 pmipit

448 804 774 875 desipientes
799 810 1073 868 avertunt,
1127 810 1190 857 ut
1216 817 1285 856 ne
1309 801 1426 857 haec
1455 803 1677 873 quidem
1714 803 1897 858 omnia
1945 803 2034 859 vel

447 912 608 968 posse
660 895 730 951 ab
777 893 1019 960 homine,
1060 892 1148 949 vel
1180 893 1377 950 debere
1423 894 1634 965 impleri
1681 895 2031 961 contendant,

446 994 504 1040 et
569 985 724 1057 quasi
787 984 1144 1054 sapientiores
1205 984 1328 1050 his,
1406 985 1498 1054 qui
1546 984 1752 1039 .divina
1815 984 2036 1056 eloquia

449 1077 805 1148 scripserunt,
863 1091 930 1131 ea
965 1075 1240 1131 hominem
1291 1074 1474 1131 facere
1519 1091 1627 1130 non
1666 1089 1826 1146 posse
1879 1082 2036 1130 autu-

447 1178 633 1236 mant,
683 1184 803 1240 qua:
846 1167 922 1223 illi
974 1168 1212 1224 dictante
1258 1166 1466 1238 Spiritu
1516 1175 1704 1224 sancto
1760 1167 2034 1223 hominem

446 1261 629 1330 facere
680 1259 995 1329 jusserunt,
1059 1261 1168 1317 imo
1215 1263 1379 1316 etiam
1428 1276 1549 1332 qua:
1614 1259 1813 1316 multos
1863 1261 2032 1316 hami-

443 1369 544 1412 nes
580 1354 806 1425 iuvante
835 1353 1069 1426 Spiritus
1099 1353 1341 1424 ejusdem
1366 1353 1540 1423 gratia
1563 1352 1857 1424 perfecisse
1876 1366 2038 1407 mon-

444 1450 709 1503 strarunt.

516 1531 665 1589 Sicut
687 1535 777 1606 qui
797 1535 1137 1607 apprehendit
1163 1536 1382 1590 auribus
1409 1552 1612 1600 canem,
1652 1551 1728 1606 sic
1769 1535 1862 1606 qui
1887 1543 2039 1590 tran-

442 1625 510 1679 sit
550 1633 600 1678 et
643 1626 918 1696 impatiens
960 1628 1326 1681 commiscetur
1384 1629 1514 1681 rixa:
1553 1624 1816 1680 alterius.
1894 1627 2040 1681 Dicit

442 1714 737 1785 Apostolus
773 1734 788 1770 :
825 1714 954 1770 Noli
994 1715 1162 1772 verbis
1183 1717 1524 1781 contendere,
1544 1717 1613 1770 ad
1646 1715 1779 1771 nihil
1803 1725 1878 1770 est
1907 1717 2038 1772 utile

2139 528 2222 585 sui
2295 527 2684 597 turpitudinem
2731 527 2940 583 ;merito
3003 521 3344 598 sapientibus
3407 545 3474 585 ne
3534 529 3730 586 redar-

2139 626 2334 691 guatur
2389 619 2756 674 absconditur.
2812 617 2910 674 Cui
2959 618 3083 690 jure
3125 619 3416 676 manifesta
3453 623 3734 694 correptio

2137 708 2447 782 praefertur,
2527 710 2654 781 quia
2698 711 2901 780 absque
2965 709 3075 764 ulla
3130 712 3556 769 contradictione
3607 728 3732 769 me-

2140 803 2243 858 lius
2273 811 2359 858 est
2397 803 2705 874 quempiam
2734 801 3002 858 desiderio
3025 802 3335 874 corrigendi
3362 803 3606 860 clanculo
3652 805 3733 845 At.

2140 895 2326 966 ligere.

2212 985 2436 1041 Meliora
2455 993 2576 1041 sunt
2608 987 2823 1042 uulnera
2849 985 3135 1058 diligentis,
3179 1003 3338 1058 quam
3382 982 3735 1057 fraudulenta

2139 1078 2359 1132 odientis
2406 1079 2606 1133 oscula.
2646 1077 2838 1134 Melius
2881 1085 2966 1132 est
2999 1092 3031 1132 a
3081 1077 3332 1144 Domino,
3380 1078 3470 1148 qui
3514 1093 3616 1132 nos
3673 1085 3737 1132 ut

2139 1162 2280 1225 ﬁliOs
2325 1177 2482 1239 pater
2525 1170 2743 1230 erudire
2792 1169 3076 1226 consuevit
3120 1169 3344 1224 vulnera
3375 1167 3734 1224 aﬂlictionum

2139 1261 2369 1333 perpeti,
2391 1276 2554 1331 quam
2575 1260 2774 1317 diaboli
2797 1261 3188 1316 blandimentis
3213 1260 3410 1330 decipi,
3427 1261 3517 1330 qui
3541 1268 3601 1314 ut
3629 1274 3736 1316 nos

2140 1354 2348 1410 cmlesti
2379 1355 2697 1410 haereditate
2725 1355 2923 1425 privet,
2937 1355 3139 1410 nostris
3169 1353 3353 1410 favere
3377 1353 3514 1410 solet
3538 1353 3739 1409 errati-

2139 1442 2261 1505 bus,
2285 1441 2441 1511 quasi
2471 1441 2588 1495 leve
2610 1442 2680 1496 sit
2702 1441 2924 1507 malum,
2953 1441 3098 1512 quod
3128 1442 3359 1512 agimus,
3382 1451 3436 1495 et
3463 1441 3606 1495 ultra
3625 1454 3741 1496 mo-

2140 1528 2267 1583 dum
2295 1537 2639 1598 peccatorum
2661 1541 2976 1585 nostrorum
3008 1531 3236 1585 saeviens
3262 1530 3540 1584 tribulatio
3569 1544 3736 1600 quam

2139 1621 2370 1676 Domino
2401 1622 2747 1693 dispensante
2778 1623 3091 1678 toleramus.

2210 1712 2401 1766 Anima
2428 1721 2669 1766 saturata
2699 1713 2926 1768 calcabit
2947 1713 3146 1783 favum,
3193 1723 3240 1767 et
3290 1714 3479 1768 anima"
3497 1715 3739 1770 esuriens

444 1807 546 1862 nisi
585 1806 654 1860 ad
696 1807 1080 1882 subversionem
1107 1807 1436 1862 audientium
1488 1805 1576 1878 (11
1625 1806 1761 1862 Tim.
1785 1808 1870 1880 ιι).
1901 1807 2033 1876 Qui-
2061 1805 2293 1866 Betiam
2359 1820 2597 1859 amarum
2650 1821 2744 1874 pro
2792 1803 2944 1858 dulce
2999 1813 3190 1859 sumet.
3252 1805 3447 1860 Anima
3505 1805 3740 1863 divitu-

445 1899 662 1967 cunque
727 1912 859 1970 ergo
906 1897 1134 1968 simplex
1181 1907 1265 1954 est
1322 1913 1485 1953 sensu
1536 1906 1593 1953 et
1637 1899 1848 1954 duobus
1892 1898 2038 1954 inter

446 2003 508 2045 se
550 1989 897 2059 jurgantibus
943 1988 1184 2044 mordaci
1233 2003 1484 2044 sermone
1533 1997 1691 2059 capta
1743 1987 1908 2044 fuerit
1941 2003 2039 2042 au-

445 2079 615 2136 ricula
645 2079 782 2151 ejus,
823 2079 934 2136 cito
989 2080 1180 2152 incipit
1210 2090 1267 2137 et
1291 2081 1406 2151 ipse
1454 2081 1610 2152 quasi
1658 2082 1808 2137 canis
1833 2081 2037 2137 latrare

446 2181 501 2228 et
519 2172 897 2228 contentiones
919 2187 1203 2243 generare,
1239 2172 1332 2228 sed
1358 2172 1463 2229 hoc
1486 2173 1702 2243 sapiens
1724 2173 2037 2231 omnimodo

444 2265 601 2320 vitat.
1489 2322 1491 2329 .

529 2353 695 2409 Verba
731 2357 1034 2411 susurronis
1091 2358 1243 2428 quasi
1285 2356 1567 2428 simplicia,
1619 2367 1669 2412 et
1702 2359 1818 2429 ipsa
1857 2375 2037 2429 perve-

446 2447 598 2501 niunt
661 2447 730 2501 ad
788 2448 1042 2503 interiora
1083 2449 1299 2503 ventris.
1356 2447 1722 2505 Susurronem
1793 2449 2037 2507 incento-

444 2555 562 2595 rem
600 2539 712 2596 litis
760 2549 816 2596 et
879 2540 1174 2613 hilinguem
1231 2541 1488 2613 appellat,
1529 2542 1622 2613 qui
1673 2541 1895 2598 simulat
1918 2543 2039 2597 lau-

445 2631 569 2687 dem
607 2625 937 2700 verborum,’
954 2642 1009 2690 et
1051 2634 1246 2704 qumrit
1282 2634 1495 2702 audire,
1544 2635 1687 2691 unde
1737 2635 1916 2706 jurgia
1951 2650 2037 2693 se-

443 2722 631 2781 minet.

996 2817 1227 2877 CAPUT
1266 2818 1481 2876 XXVII.

518 2905 604 2962 Ne
635 2907 875 2979 glorieris
896 2910 953 2965 in
985 2912 1294 2977 crastinum,
1321 2913 1571 2982 ignorans
1597 2911 1723 2982 quid
1750 2927 2034 2981 superuen-

447 3009 569 3060 tura
595 3005 768 3076 pariat
792 3005 923 3059 dies.
953 3002 1030 3058 Ne
1053 3019 1278 3059 securus
1322 3004 1398 3060 sis
1427 3003 1717 3074 aliquando
1753 3004 1820 3060 de
1848 3003 2033 3062 futuro

445 3107 710 3169 tempore,
729 3096 856 3166 quia
882 3096 983 3150 etsi
1006 3095 1168 3151 hodie
1190 3104 1244 3150 te
1261 3096 1492 3150 Domino
1515 3096 1721 3152 servire
1736 3096 2031 3167 conspicis,

2141 1898 2233 1968 qui
2274 1896 2474 1952 habent
2517 1896 2943 1952 consolationem
2989 1912 3142 1951 suam
3184 1905 3239 1952 et
3289 1897 3487 1966 quibus
3532 1898 3737 1954 dicitur

2141 2005 2172 2044 a
2202 1988 2431 2043 Domino
2461 2004 2473 2040 :
2512 1985 2606 2041 γω
2633 1988 2774 2042 vobis
2795 1989 2884 2058 qui
2913 1989 3140 2042 saturati
3162 1990 3307 2053 estis,
3336 1989 3462 2059 quia
3493 1989 3738 2046 esurietis

2142 2079 2293 2152 (Luc.
2348 2078 2447 2151 vt),
2496 2079 2707 2149 spernit
2740 2079 2980 2134 auditam
3011 2078 3254 2134 caelestis
3279 2079 3434 2150 regni
3485 2079 3734 2137 dulcedi-

2140 2187 2300 2237 nem;
2333 2171 2511 2226 anima
2545 2179 2726 2225 autem
2755 2185 2964 2236 eorum,
3014 2172 3108 2242 qui
3152 2173 3400 2226 esuriunt
3458 2185 3513 2227 et
3545 2173 3738 2229 sitiunt

2134 2263 2422 2335 justitiam,
2465 2263 2629 2319 etiam
2687 2265 2912 2319 adversa
2959 2264 3296 2336 saeculiopro
3344 2267 3576 2322 Domino
3630 2268 3739 2325 imo

2141 2356 2314 2426 ipsam
2341 2362 2571 2410 mortem
2596 2355 2805 2429 perpeti
2829 2354 2984 2410 dulce
3010 2354 3195 2422 habet,
3228 2356 3408 2411 sciens
3431 2371 3493 2412 se
3521 2372 3620 2427 per
3641 2372 3737 2428 po—

2142 2447 2322 2503 culum
2358 2446 2732 2503 amaritudinis
2759 2446 2827 2502 ad
2857 2447 3053 2519 gaudia
3076 2456 3352 2520 perpetuat
3393 2449 3592 2506 salutis
3616 2465 3735 2507 esse

2140 2547 2304 2593 ventu
2312 2553 2446 2592 ram.

2214 2628 2364 2684 Sicut
2390 2629 2499 2682 avis
2526 2629 2908 2699 transmigrans
2938 2629 3003 2683 de
3024 2629 3148 2684 nido
3171 2647 3291 2697 suo,
3315 2632 3391 2686 sic
3434 2634 3516 2686 vir
3542 2635 3635 2704 qui
3656 2649 3739 2689 rs-

2141 2719 2328 2791 linquit
2373 2720 2542 2774 locum
2591 2735 2764 2774 suum.
2816 2718 2970 2774 Sicut
3015 2721 3131 2777 avis
3172 2736 3293 2791 qua:
3335 2723 3524 2778 nidum
3577 2740 3736 2783 suum

2140 2811 2384 2883 uegligit,
2409 2826 2510 2866 ova
2550 2810 2662 2866 sive
2693 2810 2869 2881 pullos
2889 2826 3026 2882 quos
3045 2812 3256 2867 foverat
3289 2812 3522 2868 aliarum
3552 2816 3733 2872 avium

2139 2904 2228 2960 vel
2273 2904 2630 2959 animantium
2667 2904 2845 2973 raptui
2881 2904 3129 2970 dimittit,
3187 2905 3267 2961 sic
3309 2907 3573 2962 nimirum
3621 2908 3733 2977 ille,

2141 2999 2235 3069 qui
2263 2997 2564 3054 custodiam
2587 2998 2849 3054 virtutum
2870 2998 2926 3053 in
2950 2999 3146 3069 quibus
3164 2999 3488 3072 proﬁciebat
3507 3002 3736 3069 deserit,

2142 3095 2452 3170 earumdem
2483 3095 2748 3150 virtutum
2776 3109 2912 3165 quas
2941 3095 3147 3150 habere
3173 3095 3461 3152 videbatur
3491 3097 3731 3154 immun-

445 3188 623 3260 qualis
638 3202 759 3243 esse
795 3187 847 3240 in
872 3185 1113 3241 futurum
1140 3186 1340 3256 possis,
1374 3185 1646 3255 quomodo
1675 3185 1846 3240 vitam
1876 3185 2035 3243 linire
2063 3181 2127 3271 Co
2143 3187 2225 3244 dis
2253 3186 2532 3256 spiritibus
2567 3186 2679 3256 ipse
2708 3187 2953 3256 proditor
2978 3187 3180 3251 existit,
3217 3189 3358 3244 unde
3400 3188 3538 3244 alias
3564 3190 3732 3246 dicit:

443 3293 668 3350 prorsus
695 3277 996 3350 praevidere
1029 3292 1137 3332 non
1155 3276 1324 3332 vales.
1358 3275 1558 3332 Beatus
1583 3277 1730 3331 enim
1751 3277 1914 3333 homo
1940 3279 2035 3349 qui

444 3383 659 3441 semper
691 3378 776 3425 est
812 3369 1061 3440 pavidus.

517 3458 683 3517 Grave
711 3470 788 3515 est
839 3477 1050 3528 saxum,
1090 3471 1140 3515 et
1179 3477 1402 3516 onerosa
1432 3477 1613 3526 arena,
1659 3460 1749 3516 sed
1775 3461 1858 3516 ira
1886 3443 2037 3518 stulti

443 3561 664 3626 utroque
712 3553 944 3625 gravior.
995 3552 1170 3611 Grave
1208 3554 1426 3626 quidem
1480 3550 1615 3610 satis
1649 3561 1732 3608 est
1766 3569 2040 3628 quemque

446 3645 531 3701 vel
559 3660 666 3700 uno
711 3645 894 3714 aliquo
921 3645 1149 3700 crimine
1180 3644 1395 3715 capitali
1442 3645 1595 3714 quasi
1627 3643 1872 3715 pondere
1917 3639 2037 3696 saxi

447 3743 692 3812 reprimi,
719 3742 803 3797 vel
841 3742 997 3811 quasi
1034 3743 1217 3813 granis
1240 3756 1419 3796 arenae
1474 3742 1773 3796 innumeris
1799 3740 2039 3810 peccatis

447 3832 739 3890 levioribus
763 3833 1014 3898 onerari,
1044 3834 1139 3888 sed
1161 3841 1394 3903 utroque
1420 3833 1639 3904 gravior
1663 3833 1744 3886 ira
1755 3840 1839 3887 est
1861 3831 2036 3898 stulti,

445 3923 573 3994 quia
599 3923 854 3978 nimirum
879 3923 995 3979 hac
1021 3937 1128 3992 quo
1155 3923 1357 3979 certius
1396 3937 1558 3992 quam
1585 3922 1694 3977 sint
1714 3920 1855 3976 mala
1883 3930 2039 3992 pate-

445 4021 626 4079 scunt,
670 4028 737 4068 eo
781 4013 963 4068 acrius
1013 4012 1252 4068 animum
1287 4021 1349 4067 ut
1392 4013 1726 4083 castigentur
1780 4027 2038 4082 compun-

447 4115 598 4179 gunt,
651 4105 731 4160 ira
771 4119 902 4159 vero
943 4105 1068 4174 quia
1127 4119 1234 4160 non
1294 4103 1594 4174 corporale,
1653 4104 1747 4158 sed
1792 4104 2038 4174 spiritale

447 4203 534 4252 est
577 4195 794 4261 vitium,
834 4209 940 4264 quo
975 4195 1154 4249 minus
1196 4195 1636 4265 deprehenditur,
1696 4210 1762 4250 eo
1806 4195 2037 4264 amplius

453 4295 663 4358 gravat,
719 4287 862 4342 unde
905 4301 1014 4342 non
1065 4285 1309 4342 absolute
1356 4273 1514 4353 iram,
1573 4285 1667 4342 sed
1711 4285 1850 4340 iram
1885 4286 2039 4343 stulti

452 4377 624 4442 dicit,
680 4391 810 4430 saxo
872 4385 928 4431 et
982 4389 1146 4430 arena
1188 4376 1533 4446 graviorem,
1587 4391 1712 4430 nam
1764 4377 2040 4447 sapientes

453 4469 726 4540 quomodo
790 4477 945 4523 actus
999 4482 1126 4522 suos
1190 4482 1254 4522 ac
1315 4481 1636 4532 sermones,
1703 4469 1777 4522 ita
1834 4471 2036 4525 mentis

453 4533 670 4631 quoque
711 4569 890 4616 motus
935 4559 1166 4615 solerter
1205 4559 1518 4614 examinare
1548 4566 1603 4614 et
1635 4558 1904 4630 castigare
1928 4568 2040 4615 sat-
2064 4533 2119 4596 Ῑ)

452 4661 636 4724 agunt

519 4743 612 4800 Ira
656 4763 760 4800 non
787 4745 941 4800 habet
978 4743 1418 4808 misericordiam,
1453 4760 1544 4796 nec
1578 4759 1851 4813 erumpens
1889 4743 2041 4813 furor

445 4845 494 4892 et
521 4837 770 4907 impetum
800 4837 1047 4890 concitati
1075 4835 1212 4906 ferre
1245 4834 1380 4906 quis.
1392 4835 1618 4906 poterit?
1647 4832 1764 4889 Non
1794 4833 1862 4889 de
1887 4835 2034 4889 omni

451 4925 536 4984 ira
559 4927 708 4981 dicit.
747 4925 883 4981 Nam
932 4927 1000 4980 de
1026 4926 1314 4981 mitissimo
1351 4940 1414 4980 ac
1465 4927 1711 4980 modesto
1761 4924 1880 4978 viro
1905 4924 2039 4979 scri-

450 5026 603 5092 ptum
631 5029 732 5081 est,
760 5019 886 5088 quia
914 5019 1037 5071 exiit
1060 5035 1091 5070 a
1123 5015 1403 5070 Pharaone
1441 5019 1609 5071 iratus
1641 5017 1798 5070 nimis
1836 5016 2034 5088 (Exod.

451 5109 553 5182 ιι),
595 5109 688 5164 sed
713 5109 792 5162 ira
841 5107 1012 5172 stulti,
1062 5107 1215 5177 cujus
1255 5107 1308 5160 in
1331 5106 1520 5176 priore
1546 5107 1817 5161 versiculo
1845 5108 2037 5162 memi-

449 5209 623 5266 nerat,
675 5215 796 5270 qum
840 5199 932 5254 ubi
971 5198 1325 5254 excanduerit
1371 5213 1494 5253 mox
1551 5197 1760 5252 viscera
1813 5197 2037 5266 pietatis

452 5295 651 5349 amittit
688 5302 744 5347 et
767 5291 936 5346 furori
953 5301 1164 5346 tantum
1193 5306 1291 5346 suo
1319 5292 1467 5346 novit
1492 5290 1644 5345 frena
1667 5290 1870 5344 laxare.
1897 5289 2041 5345 Alio-

455 5385 584 5454 quin
618 5385 684 5438 de
713 5384 829 5437 utili
855 5399 917 5438 ac
949 5383 1256 5439 necessaria
1277 5383 1355 5437 ira
1388 5381 1590 5436 dictum
1619 5381 1934 5446 est,melior
1953 5393 2038 5438 est

451 5475 534 5532 ira
564 5476 699 5540 risu,
729 5475 852 5543 quia
882 5488 982 5546 per
1006 5475 1280 5530 tristitiam
1309 5473 1489 5528 vultus
1511 5473 1805 5541 corrigitur
1827 5474 2041 5530 animus

450 5571 834 5641 delinquentis.

525 5664 815 5719 Melior’est
842 5667 1122 5737 manifesta
1153 5667 1408 5736 correptio
1441 5682 1598 5736 quam
1638 5681 1790 5718 amor
1830 5665 2045 5719 abscon-

452 5770 614 5812 auus.
665 5756 919 5812 Amorem
949 5757 1324 5816 absconditum
1370 5757 1472 5812 hoc
1519 5757 1640 5813 loco
1669 5771 1908 5812 amorem
1931 5757 2043 5830 ,ἀί-

2143 3276 2202 3333 Si
2225 3277 2438 3348 spiritus
2465 3286 2770 3348 potestatem
2799 3278 3040 3332 habentis
3066 3279 3357 3332 ascenderit
3382 3297 3542 3350 super
3563 3291 3636 3346 te,
3653 3281 3736 3338 lo-

2141 3384 2260 3422 cum
2297 3377 2444 3422 tuum
2472 3385 2536 3422 ne
2564 3367 2849 3433 dimiseris,
2878 3368 3022 3438 quod
3051 3376 3138 3424 est
3177 3377 3362 3438 aperte
3411 3370 3600 3427 dicere
3629 3388 3644 3426 :
3670 3367 3734 3430 Si

2130 3449 2402 3532 principis
2430 3460 2636 3523 mundi,
2665 3460 2719 3515 id
2744 3468 2829 3515 est
2847 3459 3066 3525 diaboli,
3092 3461 3321 3515 tentatio
3355 3461 3454 3516 tibi
3475 3460 3620 3518 forte
3650 3462 3734 3518 iu-

2143 3551 2361 3616 stiterit,
2387 3558 2577 3606 caveto
2601 3550 2863 3612 sollicitus
2887 3565 2957 3605 ne
2987 3565 3018 3604 a
3044 3550 3185 3605 bona
3197 3551 3516 3621 operatione
3540 3553 3628 3608 cui
3652 3553 3734 3608 in-

2143 3647 2376 3702 sudabas
2395 3641 2660 3700 'desistas.

2216 3737 2408 3793 Melior
2417 3747 2492 3792 est
2517 3739 2716 3791 vicinus
2734 3738 2916 3807 juxta,
2947 3753 3104 3806 quam
3124 3737 3291 3808 frater
3314 3739 3519 3808 procul.
3547 3739 3737 3796 Melior

2146 3831 2237 3885 tibi
2292 3838 2376 3885 est
2423 3830 2633 3884 vicinus
2662 3829 2874 3899 aliquis,
2937 3829 3029 3899 qui
3071 3829 3170 3884 tibi
3210 3830 3452 3884 animum
3484 3830 3732 3886 fraterna

2143 3922 2401 3978 societate
2426 3923 2720 3988 connectit,
2743 3936 2905 3991 quam
2935 3917 3226 3992 germanus
3250 3920 3440 3986 frater,
3493 3923 3585 3992 qui
3608 3921 3738 3990 jura

2143 4013 2268 4068 ﬁdei
2309 4022 2365 4067 et
2414 4013 2634 4084 pietatis
2683 4012 2992 4068 communia
3052 4021 3230 4068 tecum
3290 4013 3494 4067 habere
3549 4012 3736 4085 negle-

2141 4103 2262 4158 xit:
2296 4104 2436 4172 quod
2489 4103 2749 4158 Dominus
2800 4104 2854 4158 in
2899 4103 3161 4174 parabola
3190 4103 3455 4157 vulnerati
3503 4117 3532 4156 a
3564 4101 3740 4158 latro-

2143 4189 2304 4249 nibus
2356 4193 2472 4263 ejus
2503 4195 2593 4262 qui
2644 4195 3004 4270 descendebat
3052 4193 3122 4248 ah
3177 4192 3514 4249 Hierusalem
3555 4195 3612 4248 in
3644 4191 3738 4250 Ie-

2143 4285 2319 4351 richo,
2349 4293 2404 4339 et
2428 4283 2758 4341 Samaritani
2781 4285 2874 4356 qui
2909 4299 3097 4340 curam
3122 4285 3234 4355 egit
3268 4285 3414 4339 illius
3443 4281 3738 4343 manifeste

2143 4375 2408 4450 probavit.

2217 4466 2322 4533 Qui
2351 4467 2605 4522 benedicit
2651 4468 2890 4538 proximo
2919 4484 3040 4534 suo,
3085 4484 3204 4523 voce
3237 4468 3429 4538 grandi
3461 4467 3526 4521 de
3579 4477 3739 4523 nocte

2145 4576 2459 4630 consurgens
2506 4559 2837 4614 maledicenti
2876 4560 3063 4614 similis
3093 4569 3191 4616 est.
3215 4560 3360 4616 Voce
3393 4559 3578 4631 grandi
3604 4576 3741 4630 pro-

2144 4653 2293 4708 ximo
2316 4652 2610 4716 benedicit,
2634 4651 2723 4720 qui
2755 4666 2881 4705 cum
2911 4651 3097 4705 favore
3118 4649 3605 4721 superﬂuaelaudis
3633 4666 3737 4706 ex-

2145 4744 2304 4807 tollit,
2343 4743 2427 4798 vel
2459 4742 2617 4797 malis
2649 4741 2902 4797 videlicet
2943 4742 3154 4796 actibus
3187 4742 3303 4812 ejus
3334 4751 3525 4795 contra
3562 4741 3739 4809 justi-

2143 4839 2274 4893 tiam
2304 4835 2549 4898 favendo,
2590 4834 2673 4888 vel
2701 4835 2841 4889 bona
2892 4833 3012 4904 plus
3027 4834 3176 4904 justo
3194 4833 3487 4899 laudando,
3520 4834 3616 4888 sed
3644 4833 3740 4890 hic

2143 4929 2484 4984 maledicenti
2517 4927 2868 4993 assimilatur,
2901 4928 3026 4998 quia
3075 4928 3372 4998 plurimum
3396 4926 3545 4982 laedit
3571 4941 3732 4992 eum,

2144 5022 2229 5076 cui
2258 5019 2526 5074 laudando
2549 5019 2662 5073 sive
2692 5019 2748 5072 in
2794 5018 2938 5073 mala
2980 5018 3192 5072 actione
3220 5017 3601 5073 confidentiam
3633 5017 3741 5071 tri-

2142 5109 2282 5172 buit,
2329 5124 2423 5164 seu
2456 5108 2508 5162 in
2539 5122 2701 5178 opere
2720 5094 2885 5161 'recto
2927 5105 3326 5176 simplicitatem
3369 5105 3488 5175 puri
3542 5104 3742 5161 cordis

2143 5199 2359 5266 minuit,
2392 5209 2450 5254 ut
2479 5197 2730 5253 videlicet
2766 5196 2966 5251 bonum
2993 5195 3136 5266 quod
3163 5210 3410 5266 superna:
3455 5194 3738 5251 mercedis

2142 5292 2337 5346 intuitu
2390 5291 2672 5346 inchoarat
2729 5289 3059 5344 transitoria:
3124 5287 3298 5343 laudis
3353 5302 3538 5347 amore
3588 5301 3737 5343 con-

2143 5390 2392 5439 summet.
3018 5377 3020 5379 ’

2213 5476 2438 5531 Ferrum
2465 5477 2604 5546 ferro
2628 5475 2856 5540 acuitur,
2877 5475 3092 5528 ethomo
3118 5481 3335 5527 exacuet
3357 5471 3544 5540 faciem
3571 5470 3741 5526 amici

2143 5570 2248 5624 sui.
2276 5568 2421 5623 Satis
2465 5569 2604 5621 bona
2638 5575 2722 5622 est
2757 5565 3138 5622 consolatio-et
3183 5563 3469 5618 consilium
3509 5561 3736 5633 sapien-

2146 5671 2279 5726 tum,
2312 5661 2401 5730 qui
2431 5661 2628 5729 ubique
2675 5674 2733 5714 se
2773 5659 3003 5713 invicem
3033 5656 3384 5712 'consulendo
3426 5658 3735 5722 instruunt,

2147 5753 2374 5809 Ferrum
2423 5752 2561 5822 ferro
2596 5753 2821 5806 acuitur.
2873 5748 3124 5805 lnfernus
3151 5757 3206 5803 et
3236 5749 3472 5819 perditio
3498 5761 3603 5801 non
3642 5758 3742 5803 re-
