3910 6336
138 377 244 434 789
878 372 1245 433 EXPOSITIO
1281 372 1352 429 IN
1385 371 1778 429 PBOVERBIA
1817 370 2222 430 SALOMONIS.
2261 405 2328 416 —
2364 375 2493 432 LIB.
2532 375 2644 433 ΠΜ
3254 385 3358 441 770

132 493 445 564 plebuntur,
491 487 738 545 similiter
764 495 820 544 et
847 488 988 544 oculi
1015 488 1291 542 hominum
1317 484 1680 550 insatiabiles;
1711 487 1765 546 Α
1788 483 1919 539 locis
1935 483 2182 539 excelsis.
2209 482 2538 554 Sequestrati
2563 492 2687 540 sunt
2705 485 2829 556 agni
2847 486 2914 542 ad
2937 487 3358 559 dexteram,he-

133 579 331 637 inferni
371 587 641 632 tormenta
688 593 796 632 non
840 577 1189 646 replehunmr
1234 575 1520 629 terminum
1558 575 1696 630 acci-
1797 577 1850 632 di
1879 577 1948 632 ad
1991 576 2286 640 sinistram,
2314 576 2435 645 agni
2485 575 2567 654 ad:
2604 577 2976 636 vestimentum
3019 582 3181 651 regis,
3230 584 3357 654 quia

132 672 349 744 piendo,
383 670 632 726 similiter
653 679 706 725 et
725 670 1055 724 intentiones
1075 683 1193 737 (una:
1211 669 1442 722 humana
1459 667 1693 736 rapiunt,

133 762 466 817 insatiabiles
507 771 632 817 sunt
661 761 716 815 in
761 760 1030 816 desiderio
1068 758 1347 829 peccandi,
1371 759 1460 828 qui
1502 766 1555 812 et
1576 758 1695 814 ideo

131 851 250 906 sine
302 851 408 905 line
449 865 639 921 poenas
684 850 854 915 luunt,
879 848 1007 918 quia
1033 848 1362 903 voluntatem
1391 847 1695 904 habuerunt

129 941 248 998 sine
270 939 374 994 ﬁne
401 939 679 1010 peccandi,
710 939 755 993 si
785 946 1034 992 naturam
1063 938 1321 993 haberent
1345 937 1460 992 sine
1485 937 1590 992 ﬁne
1610 938 1694 992 vi-

125 1031 307 1087 vendi.
354 1029 640 1099 Diligenter
669 1043 888 1098 agnosce
940 1026 1139 1080 vultum
1160 1028 1356 1098 pecoris
1379 1027 1454 1080 tui
1480 1035 1693 1098 tuosque

124 1138 305 1192 greges
352 1120 644 1175 considera.

200 1213 322 1267 Non
353 1213 489 1266 enim
526 1211 734 1264 habebis
771 1211 969 1281 jugiter
1019 1219 1342 1280 potestatem,
1387 1209 1476 1262 sed
1500 1226 1691 1266 corona

124 1305 385 1359 tribuetur
411 1306 465 1358 in
500 1304 828 1374 generatione
861 1303 1269 1372 generationum.
1304 1299 1515 1356 Pastori
1561 1302 1691 1357 dici-

123 1403 212 1449 tur
250 1394 519 1448 Ecclesiaa.
561 1394 856 1463 Diligenter
889 1391 1086 1445 adhibe
1136 1406 1321 1445 curam
1369 1391 1448 1446 eis
1499 1392 1693 1461 quibus

120 1490 176 1538 te
224 1497 456 1552 praeesse
504 1483 809 1552 contigerit,
871 1494 1104 1552 agnosce
1170 1482 1377 1536 animos
1435 1491 1690 1552 actusque

119 1573 484 1645 singulorum,
548 1582 602 1628 et
661 1574 706 1628 si
754 1574 882 1643 quid
937 1574 1010 1628 in-
1057 1567 1136 1630 eis
1193 1574 1313 1629 vitii
1363 1575 1689 1632 sordidantis

119 1665 409 1731 inveneris,
451 1666 612 1743 citius
652 1666 916 1736 castigare
955 1675 1244 1732 memento,
1299 1681 1405 1723 non
1447 1667 1590 1722 enim
1632 1677 1686 1723 tu

1799 666 1910 737 ipse
1965 666 2101 722 dixit
2129 683 2142 719 ε
2170 663 2479 719 Inltabitabo
2526 650 2582 720 ίὶι
2636 667 2711 720 eis
2766 667 2852 738 (ιι
2907 667 3030 723 Cor.
3073 650 3169 742 vi),
3209 650 3350 729 hiatu

1796 770 1892 825 pro
1917 758 2091 828 pretio
2113 766 2443 826 structorum,
2463 773 2595 829 quos
2616 769 2900 830 noverunt,
2919 763 3133 835 ignibus
3153 780 3355 822 venun.

1796 845 2005 903 dantur.

2344 937 2570 995 CAPUT
2601 935 2831 996 XXVIII.

1868 1024 2024 1097 Fugit
2065 1027 2254 1097 impius
2301 1030 2502 1085 nemine
2538 1043 2886 1101 persequente.
2931 1032 3032 1100 Qui
3054 1049 3161 1090 non
3188 1043 3272 1090 est
3294 1035 3352 1090 in

1793 1115 1899 1171 ﬁde
1931 1104 2106 1183 fortis,
2154 1120 2362 1175 etiamsi
2396 1121 2572 1178 nullus
2593 1133 2907 1192 persecutor
2945 1124 3179 1192 insistat,
3221 1143 3353 1182 nun-

1791 1221 1953 1276 quam
1988 1205 2291 1278 [Redundat
2335 1218 2631 1281 nunquam,
2685 1211 2764 1266 vel
2800 1211 3068 1282 legendum
3105 1231 3352 1270 nonnun-

1792 1294 1974 1367 quam]
2004 1300 2194 1366 sponte
2232 1296 2390 1352 ﬁdem
2431 1300 2644 1366 deserit,
2675 1301 2996 1371 quandovel
3034 1302 3348 1369 latrociniis,

1789 1383 1874 1440 vel
1932 1384 2221 1455 periuriis,
2275 1387 2360 1441 vel
2411 1386 2882 1458 fornicationibus,
2939 1389 3024 1444 vel
3074 1391 3347 1448 veneﬁciis

1790 1473 2018 1543 aliisque
2056 1475 2360 1544 huiusmodi
2384 1477 2680 1534 sceleribus
2704 1493 2762 1534 se
2805 1479 2858 1534 in
2881 1478 3084 1535 inﬁdeli
3122 1479 3349 1534 similem

1790 1562 1984 1620 reddit.

1858 1652 2042 1706 Justus
2085 1661 2257 1708 autem
2291 1655 2444 1724 quasi
2487 1654 2565 1709 leo
2609 1655 2869 1722 conﬁdens
2921 1657 3109 1727 absque
3156 1665 3349 1712 terrore

117 1771 335 1827 semper
388 1772 520 1812 oves
547 1756 852 1810 Dominicas
880 1758 1135 1826 pascendi
1161 1766 1481 1826 potestatem
1520 1759 1685 1818 habe.
1710 1820 1751 1827 _
1787 1745 1903 1801 erit.
1949 1746 2008 1800 In
2045 1751 2326 1803 occursum
2375 1747 2668 1803 bestiarum
2710 1748 2914 1803 idcirco
2953 1748 3037 1803 leo
3083 1764 3188 1804 non
3242 1757 3347 1803 tre-

113 1847 219 1912 bis,
283 1849 376 1903 sed
433 1856 631 1903 acterna
683 1856 766 1902 est
821 1863 1044 1913 corona,
1097 1864 1262 1917 quam
1305 1852 1590 1921 percipies,
1637 1853 1683 1907 si

1798 1834 1956 1904 pidat,
1985 1835 2111 1921 quia
2136 1835 2421 1905 praevalere
2444 1853 2502 1892 se
2536 1837 2784 1892 omnibus
2821 1852 2927 1921 non
2955 1837 3183 1906 ignorat,
3209 1837 3350 1892 unde

113 1939 465 1994 commissum
493 1938 590 2012 tibi
615 1938 839 2009 gradum
864 1945 958 1993 tuo
983 1946 1222 2008 tempore
1246 1939 1388 1996 bene
1413 1942 1688 1998 ministra-

112 2029 278 2083 veris.

184 2116 378 2185 Aperta
405 2125 522 2170 sunt
567 2124 720 2186 prata
743 2125 792 2169 et
813 2125 1167 2186 apparuerunt
1219 2118 1390 2172 herbae
1436 2119 1680 2186 virentes,

111 2214 161 2258 et
183 2204 399 2258 collecta
425 2214 544 2259 sunt
581 2205 700 2273 fena
722 2207 784 2260 de
813 2207 1092 2262 montibus.
1125 2207 1324 2278 Aperta
1369 2210 1501 2264 sunt
1527 2213 1684 2267 modo

111 2309 312 2365 pascua
351 2303 810 2350 sacramentorum
836 2297 1157 2363 caelestium,
1209 2314 1327 2368 quae
1357 2301 1446 2354 diu
1471 2300 1684 2356 fuerant

111 2385 257 2457 typis
286 2386 544 2455 przeclusa
566 2386 846 2456 legalibus,
879 2389 1129 2458 apparuit
1149 2404 1320 2445 novus
1343 2392 1490 2445 viror
1505 2392 1683 2446 Evan-

110 2476 298 2548 gelicaa
325 2477 568 2532 veritatis
591 2486 645 2530 et
670 2478 880 2546 gratiae,
909 2478 1134 2552 collecta
1165 2488 1291 2534 sunt
1341 2480 1394 2534 in
1432 2481 1682 2549 pabulum

110 2565 296 2637 gregis
310 2565 572 2620 Dominici
597 2567 798 2636 scripta
820 2566 1042 2622 Patrum
1067 2575 1326 2624 veterum.
1351 2569 1542 2624 Ablata
1560 2571 1683 2639 qui-

111 2655 238 2710 dem
261 2653 458 2709 Judaeis
486 2655 938 2725 superbientibus,
965 2656 1099 2712 falce
1120 2658 1312 2712 divinae
1344 2659 1683 2718 animadver-

110 2747 283 2802 sionis
310 2755 365 2800 et
392 2746 682 2801 humilibus
703 2747 953 2802 Ecclesiae
974 2748 1183 2818 populis
1200 2749 1267 2803 ad
1291 2749 1532 2819 spiritale
1557 2752 1682 2806 sub-

111 2840 311 2895 sidium
367 2842 512 2916 data.
544 2841 702 2895 Juxta
726 2842 867 2910 quod
889 2842 1145 2897 Dominus
1178 2842 1306 2907 illis,
1359 2842 1625 2911 auferetur
1651 2860 1685 2897 a

110 2930 276 2993 vobis,
310 2929 498 2999 inquit,
548 2947 759 3000 regnum
781 2929 900 2993 Dei,
944 2941 991 2984 et
1044 2930 1256 2983 dabitur
1305 2931 1444 3000 genti
1473 2930 1686 2997 facienti

109 3019 315 3087 fructus
351 3019 464 3088 ejus
495 3017 706 3089 (Matth.
753 3020 890 3088 χχι).

182 3109 317 3177 Agni
347 3108 799 3160 ad'vestimentum
840 3117 1007 3172 tuum,
1043 3116 1092 3160 et
1119 3108 1259 3161 haedi
1305 3107 1373 3160 ad
1423 3108 1535 3176 agri
1562 3124 1679 3177 pre-

1780 1921 1910 1992 iusti
1922 1920 2020 1975 viri
2043 1921 2303 1976 securitas
2323 1921 2462 1976 leoni
2483 1921 2626 1977 recte
2647 1911 3004 1993 comparatur,
3023 1923 3148 1992 quia
3161 1931 3348 1978 contra

1783 2023 1845 2063 se
1872 2023 1994 2063 cum
2023 2009 2290 2078 quoslibet
2314 2011 2591 2080 insurgere
2615 2013 2894 2079 conspicit,
2920 2011 2986 2065 ad
3013 2011 3208 2066 mentis
3236 2025 3347 2066 sure

1783 2096 2160 2152 conﬁdentiam
2185 2099 2340 2164 redit,
2375 2107 2430 2154 et
2449 2099 2580 2168 scit,
2602 2099 2726 2166 quia
2759 2107 2982 2153 cunctos
3005 2099 3346 2170 adversantes

1783 2178 2023 2255 superat,
2049 2188 2173 2257 quia
2189 2188 2338 2243 illum
2367 2189 2539 2244 solum
2567 2187 2719 2260 digit,
2744 2202 2901 2258 quem
2927 2188 3151 2244 intuitus
3179 2187 3347 2245 nullo-

1783 2277 1943 2331 modo
1979 2278 2212 2331 amittat.

1864 2365 1977 2420 Viri
2021 2367 2146 2421 mali
2169 2385 2272 2423 non
2302 2371 2527 2439 cogitant
2543 2370 2804 2438 judicium
2836 2371 2962 2438 :qui
2983 2380 3153 2424 autem
3183 2371 3346 2440 requi-

1785 2463 1906 2508 runt
1927 2455 2232 2523 Dominum,
2253 2458 2668 2512 animadvertunt
2683 2460 2874 2512 omnia.
2893 2457 3082 2514 Omnia
3103 2460 3344 2514 animad-

1786 2554 2000 2601 vertunt
2028 2547 2206 2612 electi,
2230 2549 2332 2602 hoc
2360 2557 2460 2612 est,
2508 2557 2564 2602 et
2607 2548 2843 2602 futurum
2892 2563 3010 2603 esse
3054 2548 3340 2603 discrimen

1779 2637 2106 2692 universalis
2120 2637 2330 2706 iudicii,
2348 2648 2401 2693 et
2423 2639 2616 2708 quibus
2627 2639 2877 2708 operibus
2894 2639 3124 2708 requies,
3144 2640 3338 2708 quibus

1787 2743 1948 2797 poena
1976 2730 2304 2784 retribuatur
2331 2739 2549 2786 aeterna.

1855 2819 1957 2884 Qui
1978 2821 2164 2890 decipit
2184 2822 2354 2890 justas
2376 2823 2430 2875 in
2463 2824 2547 2876 via
2587 2822 2748 2888 mala,
2784 2825 2840 2876 in
2868 2824 3080 2877 interitu
3103 2839 3197 2877 suo
3219 2838 3337 2877 cor-

1786 2917 1919 2972 ruet,
1948 2917 1996 2962 et
2044 2909 2299 2978 simplices
2327 2910 2653 2979 possidebunt
2680 2912 2812 2965 bona
2840 2913 2970 2983 ejus.
3001 2911 3101 2977 Qui
3129 2928 3224 2982 per
3249 2912 3345 2967 do-

1785 2997 2013 3050 ctrinam
2062 2997 2369 3052 haereticam
2414 2999 2609 3068 decipit
2646 3006 2911 3054 amatores
2936 2997 3178 3066 iustitiae,
3225 3009 3340 3054 uta

1785 3083 2012 3137 veritate
2041 3084 2274 3161 devient,
2299 3087 2411 3154 ipse
2437 3078 2651 3160 quidem
2679 3101 2777 3156 pro
2816 3087 2971 3140 malis
2993 3087 3104 3140 suis
3122 3102 3338 3156 ptenam

111 3201 264 3252 tium.
291 3199 470 3270 Agnos
491 3199 828 3263 innocentes,
879 3199 1061 3255 haedos
1111 3199 1431 3270 pmnitentes
1477 3214 1682 3254 nuncu-

1798 3187 1947 3242 iuam
1974 3181 2209 3228 meretur
2228 3156 2502 3229 incurrit:
2527 3173 2666 3230 bona
2690 3183 2864 3230 autem
2902 3175 2949 3231 si
2979 3190 3084 3246 qua
3117 3176 3344 3246 gerebat

109 3301 224 3363 pat.
287 3293 559 3362 Regnorum
608 3306 735 3359 ergo
773 3290 967 3345 vellere
1019 3293 1288 3355 vestieris,
1351 3293 1476 3346 dum
1526 3291 1679 3346 bonis

107 3383 479 3438 obedientium
511 3381 892 3450 discipulorum
935 3383 1175 3436 moribus
1200 3391 1384 3452 pastor
1412 3382 1525 3452 ipse
1550 3397 1677 3450 pro-

107 3471 331 3537 feceris,
354 3487 647 3543 eorumque
690 3473 974 3527 laudabilia
1003 3473 1139 3528 facta
1163 3489 1409 3538 cernens,
1443 3482 1499 3528 et
1519 3474 1573 3528 in
1593 3489 1682 3528 or-

109 3569 247 3615 natu
279 3561 555 3624 virtutum,
592 3570 645 3614 et
681 3561 732 3613 in
765 3561 943 3616 calore
987 3560 1287 3615 dilectionis
1325 3561 1436 3629 ipse
1479 3561 1679 3629 glorio-

111 3653 226 3708 sior
269 3651 564 3705 exstiteris.
599 3649 856 3704 Hmdibus
906 3665 1089 3718 agrum
1142 3651 1502 3720 comparabis,
1557 3652 1682 3705 dum

111 3755 432 3817 peccatores
468 3745 536 3798 ad
581 3743 954 3813 paenitentiam
1000 3741 1262 3807 vocando,
1310 3741 1679 3797 sublimiorem

111 3836 210 3891 tibi
233 3837 287 3890 in
324 3843 468 3889 terra
511 3834 803 3888 viventium
829 3831 1004 3887 locum
1029 3833 1281 3901 acquiris.

185 3926 419 3996 Suﬂiciat
451 3926 542 3979 tibi
584 3925 665 3977 lac
690 3940 968 3990 caprarum
1010 3925 1064 3977 in
1099 3923 1236 3976 cibos
1260 3932 1378 3977 tuos
1426 3933 1472 3976 et
1504 3925 1558 3976 in
1586 3940 1678 3978 ne-

111 4020 345 4074 cessaria
373 4018 556 4070 domus
582 4026 705 4078 tute,
749 4025 798 4068 et
819 4015 886 4068 ad
910 4015 1102 4068 victum
1132 4013 1338 4067 ancillis
1357 4014 1478 4067 tuis.
1508 4013 1680 4067 Tanta

115 4107 373 4163 instantia
416 4120 581 4174 pecus
627 4104 722 4158 tibi
769 4103 1115 4158 commissum
1142 4117 1322 4171 pasce,
1382 4116 1448 4156 ne
1479 4102 1573 4155 tibi
1599 4102 1680 4161 lac

113 4206 306 4258 aestate
330 4212 549 4260 novum,
580 4209 646 4248 ne
670 4193 870 4263 frigore
899 4193 1055 4256 desit,
1081 4192 1173 4246 sed
1200 4192 1294 4245 tibi
1317 4205 1526 4260 semper
1549 4192 1679 4244 tuis-

111 4308 222 4363 que
253 4288 503 4351 suﬁiciat,
548 4282 603 4340 id
642 4292 723 4340 est
767 4293 877 4338 tam
911 4283 1094 4339 sedulo
1143 4283 1395 4338 doctrina:
1446 4281 1583 4336 insta
1623 4292 1683 4336 ut

108 4384 280 4440 etiam
321 4379 584 4448 quondam
609 4376 934 4444 pmniterites
960 4375 1025 4427 ad
1056 4372 1285 4428 ofﬁcium
1307 4372 1532 4427 docendi
1561 4387 1682 4441 pro-

1786 3263 1868 3317 vel
1895 3265 2046 3318 utilia
2073 3264 2370 3329 scribendo,
2394 3265 2477 3319 vel
2503 3267 2841 3320 continenter
2866 3267 3113 3332 vivendo,
3140 3267 3257 3321 aliis
3283 3267 3338 3320 in

1785 3354 2109 3422 adiutorium
2137 3356 2349 3419 cedunt,
2377 3355 2442 3409 iis
2462 3357 2714 3410 nimirum
2728 3358 2816 3425 qui
2842 3359 2956 3411 hmo
2973 3357 3209 3428 legentes
3227 3358 3342 3411 sive

1785 3442 2065 3497 audientes
2092 3443 2335 3512 exempla
2362 3445 2463 3498 sibi
2483 3444 2670 3498 salutis
2690 3445 2851 3499 etiam
2882 3445 2949 3499 ab
2975 3459 3042 3499 eo
3063 3460 3220 3514 quem
3243 3460 3340 3515 pe-

1786 3532 1922 3586 risse
1939 3539 2138 3586 norunt
2165 3540 2460 3586 assumunt.

1857 3623 1924 3676 In
1950 3624 2295 3677 exsultatione
2307 3625 2574 3693 justorum
2602 3625 2768 3678 multa
2788 3625 2972 3695 gloria.
2993 3625 3128 3692 Quia
3154 3625 3342 3681 videli-

1785 3723 1872 3769 cet
1894 3731 2004 3770 non
2025 3717 2092 3770 de
2121 3717 2475 3785 praesentibus
2495 3717 2712 3782 divitiis,
2735 3717 2829 3770 sed
2849 3717 2914 3770 de
2938 3717 3154 3771 aeternis
3177 3717 3233 3770 in
3255 3715 3338 3769 fu-

1783 3816 1904 3862 turo
1947 3807 2104 3862 bonis
2146 3807 2417 3862 exsultant
2444 3825 2456 3859 :
2480 3823 2586 3862 non
2629 3808 2694 3862 de
2739 3808 2898 3862 rebus
2934 3808 3139 3872 mundi,
3184 3822 3342 3876 quem

1783 3899 1988 3964 vident,
2018 3898 2202 3953 sed‘de
2227 3907 2470 3954 creatore
2497 3898 2704 3961 mundi,
2743 3899 2896 3967 cuius
2930 3899 3188 3953 visionem
3225 3913 3344 3968 spe-

1785 3997 1907 4042 rant
1931 3989 2201 4053 laatantur,
2245 3988 2457 4047 dicente
2491 3989 2907 4058 Psalmographo
2933 4007 2944 4042 :
2971 3989 3244 4042 Latamini
3288 3990 3343 4041 in

1785 4078 2008 4133 Domino
2053 4089 2102 4132 et
2150 4078 2423 4144 exsultate,
2467 4079 2599 4148 justi
2648 4076 2817 4148 (Psal.
2852 4078 3033 4147 xxxi);
3088 4077 3172 4131 vel
3200 4086 3343 4132 certe

1787 4169 1842 4221 in
1898 4167 2254 4227 exsultatione
2321 4167 2587 4236 iustorum
2649 4166 2813 4220 multa
2867 4165 2926 4219 ﬁt
2979 4165 3168 4234 gloria,
3217 4165 3342 4234 quia

1787 4261 1996 4328 quoties
2041 4259 2240 4314 electos
2276 4260 2331 4313 in
2369 4261 2469 4314 hac
2503 4260 2611 4314 vita
2647 4275 2745 4328 pro
2772 4260 3051 4314 eventibus
3091 4258 3342 4314 Ecclesiae

1786 4350 2056 4417 prosperis
2095 4349 2365 4404 exsultare
2417 4350 2721 4417 contigerit,
2761 4348 2924 4402 multa
2956 4349 3177 4402 Domino
3229 4349 3341 4418 glo-

110 4438 305 4534 vehas,
339 4438 626 4538 Iquatenus-
650 4479 746 4534 per
793 4463 934 4527 illos,
967 4463 1056 4532 qui
1087 4462 1292 4530 pridem
1317 4476 1415 4530 pro
1444 4438 1682 4514 fmditate
1709 4489 1762 4550 Β

111 4566 378 4621 vitiorum
403 4561 470 4614 ad
519 4559 791 4614 sinistram
823 4555 1020 4623 iudicis
1068 4554 1388 4608 videbantur
1436 4567 1552 4607 esse
1583 4567 1678 4622 po-

112 4655 308 4718 nendi,
329 4652 487 4707 modo
515 4647 831 4704 rationabile
859 4656 913 4699 et
934 4647 1048 4700 sine
1079 4645 1199 4700 dolo
1220 4644 1302 4700 lac
1327 4643 1473 4698 verbi
1493 4659 1682 4713 parvu-

111 4747 187 4801 lis
217 4759 379 4798 sensu
409 4741 771 4794 ministretur:
802 4737 862 4791 ﬁt
887 4745 1064 4789 autem
1091 4735 1170 4788 lac
1194 4748 1476 4802 caprarum
1507 4732 1573 4786 ad
1595 4733 1672 4786 vi-

119 4848 276 4890 ctum
301 4830 526 4893 ancillis,
562 4828 798 4898 quando,
827 4827 903 4888 hi,
934 4825 1022 4892 qui
1045 4825 1276 4877 nondum
1307 4836 1488 4875 amore
1506 4820 1680 4889 perfe-

120 4935 240 4989 cto,
280 4923 372 4976 sed
401 4920 571 4974 adhuc
615 4918 806 4971 timore
869 4914 1046 4970 servili
1081 4913 1305 4969 Domino
1356 4912 1680 4974 deserviunt,

114 5031 221 5086 per
243 5011 544 5080 exemplum
563 5007 648 5061 vel
672 5008 832 5060 verba
852 5021 1056 5067 eorum,
1081 5005 1171 5072 qui
1196 5001 1290 5071 per
1312 5002 1684 5071 paenitentiam

117 5103 261 5158 salvi
287 5100 413 5155 lacti
433 5108 575 5162 sunt,
601 5094 829 5150 viviﬁcis
857 5095 1005 5149 verbi
1045 5093 1214 5163 epulis
1243 5092 1578 5155 reﬁciuntur,
1605 5099 1685 5144 at-

116 5201 312 5263 que'ut
326 5192 392 5244 ad
419 5189 618 5256 maiora
648 5188 904 5241 virtutum
927 5185 1209 5254 proﬁciant
1235 5184 1565 5237 incrementa
1591 5182 1678 5251 iu-

118 5290 342 5336 vantur.
404 5278 628 5345 Quidam
657 5277 761 5331 hoc
808 5275 948 5343 quod
985 5275 1184 5329 dictum
1229 5283 1330 5336 est,
1365 5281 1542 5339 aperta
1564 5280 1684 5324 sunt

116 5380 279 5442 prata
300 5379 347 5422 et
377 5375 724 5436 apparuerunt
745 5365 913 5417 herbae
951 5365 1190 5427 virentes,
1237 5372 1284 5416 et
1311 5361 1524 5414 collecta
1564 5369 1685 5415 sunt

121 5459 246 5528 fena
270 5459 334 5510 de
362 5457 655 5520 montibus;
675 5455 794 5524 agni
815 5453 881 5506 ad
911 5454 1266 5506 vestimentum
1289 5463 1456 5516 tuum,
1481 5461 1526 5504 et
1551 5449 1686 5505 haedi

122 5550 242 5618 agri
261 5549 502 5616 pretium,
535 5547 608 5600 ita
635 5545 882 5614 exposuit
913 5563 924 5597 :
951 5544 1147 5612 Aperta
1180 5553 1304 5598 sunt
1325 5553 1685 5609 monumenta,

125 5648 498 5709 apparuerunt
554 5653 776 5708 corpora
828 5638 1095 5703 rediviva,
1167 5636 1488 5706 sequestratl
1566 5644 1691 5690 sunt

123 5738 442 5800 peccatores
487 5743 518 5782 a
553 5726 774 5784 sanctis.
812 5726 991 5782 fenum
1043 5724 1111 5781 ad
1158 5723 1574 5780 comburendum
1624 5722 1689 5780 de

1859 4529 2215 4599 Regnantibus
2255 4530 2424 4597 impiis
2473 4528 2635 4581 ruina:
2686 4528 2974 4580 hominum.
3007 4525 3158 4580 Sicut
3185 4527 3338 4580 multi

1790 4621 2014 4690 gloriam
2040 4621 2152 4675 Deo
2185 4620 2312 4674 dare
2340 4618 2616 4688 incipiunt,
2649 4632 2771 4672 cum
2793 4616 2966 4685 iustos
3007 4617 3060 4670 in
3100 4603 3340 4684 profectu

1789 4712 2045 4768 virtutum
2101 4711 2330 4782 gaudere
2377 4710 2731 4778 conspiciunt,
2759 4709 2832 4762 ita
2874 4709 3082 4777 quoties
3131 4707 3340 4776 reprobi

1789 4820 2009 4876 regnum
2033 4811 2234 4866 tenent,
2253 4801 2448 4854 multos
2485 4815 2594 4854 sua:
2624 4797 2860 4867 perﬁdia:
2881 4797 3168 4865 complices
3187 4797 3348 4849 exbi-~

1789 4900 1932 4953 bent.
1966 4896 2118 4963 Quod
2144 4904 2198 4950 et
2221 4894 2284 4949 de
2309 4895 2547 4963 paganis,
2571 4900 2627 4946 et
2653 4891 2717 4944 de
2739 4888 3006 4944 haereticis
3027 4887 3168 4940 et-de
3187 4885 3340 4939 malis

1794 4987 2072 5042 catholicis
2089 4994 2233 5040 recte
2258 4992 2434 5052 potest
2455 4981 2640 5050 accipi.

1857 5077 2051 5131 Beatus
2078 5076 2228 5130 homo
2251 5076 2339 5143 qui
2358 5088 2555 5142 semper
2577 5079 2650 5124 est
2678 5069 2893 5139 pavidus
2917 5083 2935 5120 :
2955 5068 3042 5136 qui
3068 5081 3182 5119 vero
3205 5080 3343 5117 men-

1787 5167 1852 5219 tis
1895 5175 1969 5219 est
2021 5165 2404 5221 durtetorruet
2441 5163 2495 5213 in
2549 5158 2763 5212 malum.
2805 5155 3089 5225 Sequentis
3140 5153 3219 5207 ira
3257 5153 3340 5221 jn-

1789 5257 1914 5310 dicii
1959 5264 2107 5310 tanto
2136 5263 2262 5308 tunc
2287 5251 2581 5306 districtior
2617 5246 2933 5317 portabitur,
2974 5251 3171 5312 quanto
3199 5256 3342 5294 nunc

1788 5357 1840 5402 et
1891 5347 2031 5401 inter
2067 5351 2252 5415 culpas
2299 5342 2517 5396 minime
2563 5340 2798 5400 timetur,
2853 5336 2995 5390 unde
3044 5333 3169 5388 alibi
3212 5331 3342 5387 scri-

1789 5449 1940 5508 ptum
1972 5446 2054 5493 est
2080 5455 2093 5490 :
2120 5437 2185 5489 In
2215 5435 2297 5488 die
2317 5433 2565 5487 bonorum
2596 5447 2657 5484 ne
2683 5427 2950 5483 immemor
2971 5427 3041 5480 sis
3063 5423 3338 5488 malorum,

1789 5540 1835 5584 et
1865 5531 1916 5583 in
1944 5531 2028 5582 die
2050 5527 2304 5580 malorum
2343 5540 2402 5578 ne
2426 5524 2692 5575 immemor
2714 5521 2784 5573 sis
2807 5519 3071 5572 bonorum.
3107 5514 3197 5569 Sic
3216 5528 3342 5584 ergo

1790 5615 2019 5689 utraque
2038 5614 2406 5688 coniungenda
2425 5621 2565 5678 sunt,
2599 5620 2658 5668 ut
2680 5626 2844 5669 unum
2862 5624 3071 5678 semper
3082 5623 3148 5664 ex
3171 5605 3341 5661 altero

1791 5716 2060 5771 fulciatur.
