3910 6352
542 413 643 472 ⁵171

1175 413 1239 470 B.
1280 410 1532 469 RABANI
1567 411 1791 470 MAURI
1823 410 2143 468 suam.
2184 390 2490 470 uocum.
2532 415 2813 475 orsuun
2851 416 3028 473 psus
3065 419 3149 474 ιιι.

3694 422 3798 476 772

612 526 718 589 Leo
739 528 950 599 rugiens
976 535 1025 582 et
1059 543 1214 582 ursus
1237 528 1489 593 esuriens,
1519 529 1762 598 princeps
1787 527 1977 597 impius
2021 541 2114 580 su-
2141 523 2196 583 A
2220 522 2363 580 Nam
2391 529 2476 598 qui
2518 528 2650 596 fodit
2679 529 2881 598 foveam
2915 533 3152 602 proximo
3180 549 3298 602 suo,
3343 535 3538 590 incidet
3583 538 3640 591 in
3680 554 3794 591 eam

541 636 634 692 per
667 617 912 688 populum
931 634 1226 688 pauperem.
1262 618 1327 672 Et
1373 617 1440 672 de
1475 617 1808 688 principibus
1869 617 2119 688 paganis,

544 718 602 766 et
630 711 697 764 de
721 709 989 779 haereticis
1021 718 1197 777 polest
1235 708 1460 780 intelligi
1507 710 1598 780 qui
1628 709 1807 779 populi
1843 711 2116 779 pauperis,

540 798 599 857 id
643 808 749 864 est,
797 807 997 854 sanctae
1032 798 1286 853 Ecclesiae
1317 798 1401 854 vel
1440 800 1758 870 patientiam
1799 800 1882 856 vel
1907 801 2118 871 sapien-

543 891 674 946 tiam
706 889 874 944 ferina
913 891 1117 946 saevitia
1147 899 1375 945 tentant.

617 978 894 1034 Hominem
939 979 1026 1049 qui
1067 977 1425 1034 calumniatur
1470 980 1660 1036 anima:
1697 984 2024 1054 sanguinem,
2073 987 2120 1040 si

524 1076 704 1140 ’usque
739 1069 808 1122 ad
861 1068 1033 1121 lacum
1077 1067 1257 1138 fuerit,
1304 1085 1454 1124 nemo
1476 1072 1722 1139 sustinet,
1753 1085 1780 1114 ι
1810 1076 1898 1144 qui
1933 1092 2119 1146 apera-

470 1149 494 1159 ’
537 1171 627 1214 tur
649 1171 842 1216 terram
889 1175 1040 1214 suam
1109 1160 1434 1214 saturabitur
1492 1163 1736 1231 panibu's,
1775 1165 1864 1234 qui
1894 1175 2124 1220 sectatur

539 1256 704 1310 otium
770 1253 1051 1324 replebitur
1103 1265 1348 1324 egestate.
1403 1254 1528 1311 Sive
1576 1265 1778 1311 terram
1843 1259 1954 1327 agri
2008 1259 2122 1314 sive

540 1355 742 1401 terram
796 1342 1122 1414 corpusculi,
1175 1345 1268 1413 qui
1330 1354 1570 1413 exercet,
1629 1349 1976 1412 saturabitur,
2031 1350 2123 1406 ille

538 1433 832 1500 frumento,
864 1435 966 1489 iste
988 1435 1299 1503 virtutibus,
1325 1436 1416 1507 qui
1452 1446 1679 1508 utraque
1704 1439 1916 1509 spernit
1949 1441 2120 1512 reple-

536 1513 684 1579 bitur
702 1532 964 1594 egestate.

616 1614 710 1669 Vir
751 1617 840 1687 qui
891 1616 1101 1683 festinat
1146 1617 1328 1684 ditari,
1377 1627 1426 1674 et
1477 1618 1598 1673 aliis
1648 1619 1860 1686 invidet,
1908 1622 2117 1692 ignorat

535 1708 674 1778 quod
728 1717 927 1777 egestas
973 1709 1303 1778 superveniat
1357 1711 1425 1762 ei.
1477 1709 1725 1764 Profecto
1793 1712 1940 1768 enim
2027 1713 2118 1783 qui

535 1813 735 1868 augere
789 1812 918 1867 opes
943 1799 1128 1864 ambit,
1166 1808 1447 1868 peccatum
1471 1801 1712 1872 negligit,
1743 1817 1892 1856 more
1933 1803 2114 1858 avium

2221 616 2344 685 ipse,
2379 627 2437 670 ut
2463 617 2589 672 alibi
2618 620 2820 674 dictum
2848 630 2950 676 est.

2301 706 2408 770 Vir,
2438 712 2644 779 sapiens
2671 713 2718 766 si
2747 729 2863 766 cum
2893 714 3051 768 stulto
3075 717 3389 771 contenderit
3414 759 3429 783 ,
3454 721 3556 772 sive
3590 721 3798 772 irasca-

2221 807 2327 863 tur,
2352 799 2458 854 sive
2483 801 2671 868 rideat,
2705 819 2807 857 non
2831 805 3049 859 inveniet
3080 809 3323 876 requiem.
3355 809 3552 865 Doctor
3581 812 3800 879 sapiens

2222 889 2269 942 si
2297 905 2417 943 cum
2448 890 2648 947 inﬁdeli
2684 902 2740 947 et
2781 896 3084 950 contumaci
3136 899 3495 963 contenderit,
3535 902 3648 954 sive
3685 911 3799 954 tor-

2221 988 2399 1034 menta
2437 983 2788 1051 reproborum
2814 1024 2830 1050 ,
2883 1001 2977 1040 seu
3026 987 3218 1053 gaudia
3269 999 3454 1043 narret
3482 989 3755 1046 bonorum
3785 1032 3799 1056 ,

2222 1066 2421 1124 frustra
2469 1059 2599 1141 erga
2632 1071 2966 1129 insensatum
3003 1073 3247 1142 laborat,
3276 1077 3388 1132 sive
3423 1079 3656 1133 lamenta
3688 1096 3805 1148 pas.

2221 1159 2462 1214 nitentia:
2490 1162 2740 1228 suadeat,
2797 1179 2890 1218 seu
2942 1165 3096 1220 bona;
3153 1170 3479 1236 Operationis
3530 1185 3652 1238 quae
3692 1172 3801 1225 sint

2220 1250 2443 1319 praemia
2471 1249 2634 1317 dicat,
2669 1269 2776 1306 non
2808 1254 3025 1308 auditur
3045 1271 3076 1308 a
3107 1255 3302 1310 stulto:
3327 1257 3451 1312 hinc
3474 1267 3526 1312 et
3551 1260 3800 1328 Apostoli

2220 1339 2420 1397 ludatis
2443 1343 2723 1398 dicebant:
2743 1339 3162 1402 Lamentavimus
3189 1333 3346 1412 vobis,
3373 1361 3419 1402 et
3443 1368 3544 1404 non
3563 1352 3805 1420 planxis-

2221 1434 2288 1487 tis
2312 1450 2330 1497 ;
2353 1435 2630 1488 cecinimus
2653 1435 2824 1500 vobis,
2857 1447 2905 1489 et
2931 1454 3034 1490 non
3056 1438 3289 1491 saltastis
3312 1438 3522 1509 (Matth.
3552 1440 3651 1509 ιι).

2297 1520 2482 1576 Totum
2510 1525 2749 1594 spiritum
2791 1541 2944 1578 suum
2969 1525 3164 1594 profert
3206 1511 3414 1580 stultus.
3461 1527 3805 1596 [inpatientia

2221 1613 2533 1684 impellente
2562 1617 2740 1687 agitur
2766 1627 2826 1671 ut
2854 1626 2997 1672 totus
3019 1617 3167 1672 foras
3210 1619 3430 1688 Spiritus
3472 1621 3802 1690 proferatur.

2222 1702 2390 1770 Quem
2437 1706 2640 1761 idcirco
2671 1708 2829 1762 citius
2875 1709 3211 1778 perturbatio
3246 1709 3390 1779 ejicit
3425 1752 3439 1776 ,
3471 1713 3594 1780 quia
3653 1713 3804 1766 nulla

2223 1792 2448 1849 interius
2475 1796 2760 1867 disciplina
2786 1799 3063 1868 sapientiae
3093 1801 3486 1857 circumcludit.

535 1898 762 1958 captus,
834 1906 956 1945 eum
1014 1903 1192 1945 escam
1253 1900 1589 1946 terrenarum
1670 1908 1852 1947 rerum
1922 1895 2112 1952 avidus
2141 1869 2189 1928 Β
2289 1884 2509 1956 Sapiens
2564 1896 2746 1944 autem
2815 1891 2987 1959 differt
3041 1900 3089 1945 et
3133 1903 3355 1946 reservat
3414 1897 3469 1947 in
3508 1906 3801 1964 posterum.

536 1980 754 2052 inSpicit
843 1997 950 2051 quo
1031 1984 1400 2054 stranguletur
1469 1988 1678 2056 peccati
1754 1986 1945 2057 laqueo
2003 2007 2112 2044 non

536 2073 800 2144 agnoscit,
832 2090 953 2128 cum
983 2075 1208 2143 quilibet
1253 2079 1530 2145 praesentis
1557 2079 1741 2133 mundi
1789 2079 1928 2134 bona
1977 2080 2116 2134 desi-

536 2163 711 2229 derat,
760 2171 815 2218 et
862 2179 984 2234 qua:
1015 2165 1081 2219 de
1112 2164 1293 2221 futuro
1341 2167 1535 2221 damna
1586 2169 1823 2236 patiatur
1878 2170 2110 2239 ignorat.

609 2254 740 2310 Cum
791 2268 1131 2312 surrexerunt
1177 2259 1346 2331 impii,
1402 2261 1785 2315 abscondentur
1834 2263 2110 2316 homines:

539 2365 658 2404 cum
687 2349 766 2402 illi
815 2350 1088 2418 perierint,
1145 2350 1636 2420 multiplicabuntur
1674 2353 1830 2421 justi.
1881 2354 2111 2409 Eosdem

536 2439 808 2505 homines,
836 2455 972 2509 quos
989 2440 1165 2509 justus
1191 2440 1442 2509 appellat,
1489 2443 1612 2510 quia
1641 2443 1886 2498 videlicet
1908 2442 2115 2510 justum

540 2540 914 2601 statutumque
963 2547 992 2584 a
1029 2531 1142 2586 Deo
1197 2533 1444 2588 humana:
1489 2535 1816 2590 conditionis
1872 2536 2117 2589 ordinem

536 2631 775 2686 servent,
804 2621 945 2675 unde
973 2622 1027 2674 in
1058 2621 1194 2676 libro
1225 2622 1366 2676 beati
1413 2623 1514 2678 Job
1559 2625 1624 2680 de
1661 2627 1957 2694 ptenitente
1981 2641 2116 2695 quo-

534 2711 665 2767 libet
715 2727 969 2782 perverso
1017 2712 1244 2775 dicitur,
1303 2711 1556 2782 Respiciet
1595 2713 1830 2768 homines
1863 2725 1911 2768 et
1938 2715 2117 2768 dicet:

538 2798 762 2856 Peccavi
794 2800 934 2871 (Job.
963 2801 1175 2869 χχχιιι).
1196 2801 1348 2867 Quod
1373 2810 1456 2856 est
1481 2812 1664 2872 aperte
1689 2805 1868 2858 dicere
1902 2823 1914 2857 :
1939 2805 2120 2874 respi-

540 2891 648 2946 ciet
675 2905 788 2953 eos,
820 2890 911 2958 qui
939 2900 1188 2943 naturam
1220 2891 1471 2945 humana:
1496 2892 1786 2947 creationis
1816 2903 1966 2948 recte
1996 2907 2119 2947 cus-

540 2981 768 3042 todiunt,
805 2989 860 3034 et
897 2995 953 3034 se
997 2980 1276 3048 peccando
1313 2982 1572 3051 jumentis
1628 2982 1952 3038 assimilatas
2000 2999 2120 3038 esse

538 3079 868 3141 cognoscent
915 3070 1074 3124 Patet
1103 3085 1232 3140 ergo
1263 3087 1473 3137 sensus,
1507 3073 1631 3140 quia
1663 3071 1903 3128 fervente
1931 3073 2120 3142 impio—

541 3178 660 3217 rum
693 3163 1069 3232 persecutione
1113 3164 1509 3218 abscondentur
1549 3178 1690 3232 smpe
1733 3162 1945 3229 ﬁdeles,
1979 3178 2118 3233 saepe

539 3254 624 3307 vel
641 3269 747 3308 non
771 3255 887 3307 ausi
918 3255 1002 3308 vel
1017 3269 1122 3308 non
1149 3255 1399 3323 permissi
1424 3256 1489 3309 ad
1511 3255 1781 3324 publicum
1804 3257 2118 3324 procedere,

539 3345 752 3400 dicente
796 3345 1022 3398 Domino
1057 3363 1069 3398 :
1100 3343 1159 3398 Si
1180 3362 1268 3400 vos
1290 3347 1542 3414 persecuti
1569 3346 1762 3414 fuerint
1809 3347 1864 3399 in
1916 3348 2124 3401 civitate

541 3441 662 3502 ista,
696 3438 857 3509 fugite
884 3439 939 3490 in
965 3437 1125 3490 aliam
1158 3436 1371 3508 (Matth.
1404 3436 1482 3508 ι).
1518 3437 1620 3493 Ubi
1648 3445 1826 3492 autem
1857 3480 1871 3503 ,
1898 3439 2122 3508 perditis

542 3528 853 3583 auctoribus
881 3569 895 3592 ,
956 3529 1262 3596 persecutio
1315 3530 1650 3592 cessaverit,
1701 3530 1976 3598 augustior
2005 3537 2125 3598 post

541 3633 826 3689 pressurus
850 3617 1087 3672 ﬁdelium
1112 3619 1283 3686 gloria
1307 3617 1576 3672 clarescit.
1609 3616 1719 3672 Sed
1747 3627 1803 3671 et
1828 3617 2123 3672 inﬁdelium

538 3711 781 3780 plurimi,
811 3710 925 3764 visa
956 3709 1289 3764 inﬁdelitatis
1327 3711 1671 3764 damnatione
1693 3751 1706 3774 ,
1736 3710 1859 3764 ﬁdei
1894 3712 2124 3779 gratiam

545 3798 882 3868 suscipiunt,
921 3798 1076 3867 juxta
1107 3799 1160 3852 id
1200 3798 1348 3867 quod
1392 3799 1646 3867 scriptum
1677 3807 1758 3852 est
1799 3816 1811 3852 :
1843 3797 2124 3854 Pestilente

540 3887 826 3958 ﬂagellato,
851 3890 1137 3960 sapientior
1163 3890 1259 3942 erit
1287 3890 1534 3958 parvulus
1569 3887 1753 3960 (Prov.
1784 3890 1920 3962 xxi).

1090 4021 1319 4078 CAPUT
1361 4022 1550 4076 XXIX.

611 4155 786 4209 Homo
829 4155 918 4225 qui
965 4153 1170 4206 blandis
1222 4153 1457 4222 ﬁctisque
1518 4152 1840 4206 sermonibus
1896 4152 2126 4222 loquitur

540 4248 708 4302 amico
767 4263 883 4310 suo,
918 4256 1022 4298 rete
1075 4246 1321 4314 expandit
1367 4245 1624 4313 gressibus
1666 4245 1800 4313 ejus.
1852 4244 1952 4310 Qui
1987 4245 2124 4298 ﬁctis

543 4337 885 4394 sermonibus
913 4335 1214 4405 proximum
1245 4335 1460 4398 laudat,
1498 4334 1571 4387 illi
1605 4334 1820 4402 quidem
1850 4343 2002 4403 parat
2043 4336 2125 4388 in—

542 4429 709 4484 sidias
726 4428 919 4497 quibus
941 4428 995 4480 in
1016 4426 1314 4496 periculum
1335 4427 1535 4481 incauti
1561 4428 1740 4496 operis
1759 4436 1849 4481 aut
1869 4429 2018 4481 verbi
2043 4444 2124 4482 se-

2217 1976 2407 2033 Laasns
2469 1979 2615 2033 enim
2682 1981 2736 2034 in
2792 1997 3029 2049 praesens
3083 1982 3266 2038 ulcisci
3323 1998 3383 2038 se
3436 2002 3542 2041 non
3593 1986 3806 2042 deside-

2225 2077 2330 2131 rat,
2365 2069 2488 2137 quia
2546 2071 2710 2140 etiam
2760 2071 2994 2126 tolerans
3041 2075 3190 2142 parci
3238 2085 3420 2143 optat;
3474 2077 3567 2131 sed
3621 2087 3803 2132 tamen

2218 2159 2481 2212 vindicari
2564 2161 2745 2213 omnia
2837 2170 3080 2215 extremo
3148 2162 3350 2230 judicio
3408 2181 3514 2219 non
3567 2167 3800 2236 ignorat.

2220 2245 2378 2302 Hunc
2413 2248 2590 2303 locum
2623 2251 2843 2320 antiqua
2884 2251 3164 2307 translatio
3208 2254 3287 2310 sic
3337 2255 3503 2310 habet
3556 2273 3570 2308 :
3619 2255 3802 2310 Totam

2221 2334 2361 2390 iram
2385 2355 2535 2393 suam
2565 2340 2758 2409 profert
2795 2340 2982 2410 impius
3009 2381 3024 2408 ,
3075 2343 3279 2412 sapiens
3309 2356 3484 2398 autem
3519 2363 3633 2399 eam
3673 2365 3806 2416 pau-

2227 2431 2377 2485 latim
2402 2433 2664 2502 dispensat
2687 2449 2777 2502 per
2801 2444 2995 2501 partes.
3043 2433 3178 2500 Quia
3210 2436 3464 2505 nimirum
3495 2439 3693 2492 stultus
3738 2441 3802 2494 ad

2223 2523 2485 2579 ultionem
2513 2525 2596 2577 sui
2626 2525 2720 2578 irae
2750 2527 3154 2594 perturbatione
3177 2530 3554 2595 succenditur;
3589 2533 3803 2600 sapiens

2223 2625 2405 2671 autem
2432 2616 2690 2685 paulatim
2719 2632 2838 2672 eam
2866 2619 3182 2672 maturitate
3225 2621 3438 2676 consilii
3462 2625 3802 2678 acmodera-

2227 2706 2392 2760 tionis
2415 2715 2677 2760 extenuat
2703 2716 2758 2761 et
2784 2707 3021 2774 expellit.
3072 2755 3082 2772 ,

2292 2793 2506 2866 Pauper
2530 2806 2579 2851 et
2605 2799 2829 2852 creditor
2850 2798 3180 2853 obviaverunt
3208 2801 3327 2867 sibi,
3375 2805 3646 2874 utriusque
3679 2804 3801 2860 illu-

2221 2889 2449 2942 minator
2472 2899 2546 2942 est
2577 2889 2852 2944 Dominus.
2888 2889 3099 2961 Pauper
3137 2901 3223 2946 est
3271 2893 3489 2949 humilis
3522 2878 3671 2949 verbi
3705 2895 3800 2951 Dei

2224 2978 2468 3042 auditor,
2508 2979 2743 3034 creditor
2767 2989 2948 3034 autem
2978 2980 3068 3049 qui
3097 2981 3145 3035 ei
3173 2984 3321 3038 verbi
3368 2983 3610 3051 ejusdem
3639 3001 3802 3054 pecu-

2224 3067 2370 3120 niam
2397 3068 2739 3136 praadieando
2775 3070 3092 3136 committit,
3145 3072 3234 3139 qui
3278 3074 3498 3128 obviam
3529 3077 3628 3130 sibi
3676 3093 3803 3132 cum

2224 3158 2278 3212 in
2304 3173 2464 3211 unam
2494 3160 2848 3228 eamdemque
2873 3159 3089 3229 pietatis
3121 3150 3352 3231 gratiam
3383 3167 3727 3230 conveniunt,
3752 3179 3806 3222 et

2147 3217 2194 3281 Ο
2227 3249 2509 3316 utriusque
2543 3217 2893 3304 illuminator.
2907 3260 2989 3304 est
3039 3217 3330 3319 Dominus,
3360 3256 3486 3324 quia
3514 3271 3685 3324 neque
3717 3258 3803 3311 ille

2228 3341 2346 3396 sine
2376 3342 2568 3396 divinze
2621 3358 2844 3397 munere
2870 3344 3086 3413 pietatis
3120 3347 3416 3413 pratdicare
3441 3388 3456 3413 ,
3494 3363 3664 3416 neque
3702 3349 3804 3402 iste

2225 3431 2400 3499 potuit
2435 3431 2675 3486 credere.
2721 3429 2968 3486 Veridica
3024 3448 3259 3502 namque
3311 3445 3495 3492 manet
3559 3437 3804 3491 veritatis

2233 3522 2500 3575 sententia
2529 3560 2544 3586 ,
2601 3536 2706 3590 qua
2735 3521 2883 3588 dicit,
2921 3522 3043 3594 quia
3080 3524 3191 3576 sine
3217 3540 3298 3578 me
3324 3524 3456 3578 nihil
3488 3527 3699 3594 potestis
3730 3526 3808 3593 fa-

2227 3628 2339 3666 cere
2361 3611 2540 3680 (Joan.
2572 3613 2683 3682 xv).

2299 3703 2411 3758 Rex
2447 3704 2536 3774 qui
2556 3705 2763 3773 judicat
2791 3721 3041 3774 pauperes
3081 3707 3138 3759 in
3163 3707 3398 3772 veritate,
3426 3709 3643 3762 thronus
3689 3711 3804 3779 ejus

2226 3794 2281 3846 in
2332 3804 2582 3848 aaternum
2631 3794 2958 3862 fundabitur.
3011 3796 3079 3849 Et
3132 3797 3416 3852 Psalntista
3467 3800 3533 3854 de
3589 3800 3805 3853 Christo

2226 3900 2352 3956 rege
2402 3904 2413 3938 :
2447 3884 2605 3940 Sedes
2647 3897 2768 3950 tua,
2811 3887 2986 3954 Deus,
3034 3890 3088 3942 in
3116 3890 3365 3943 swculum
3408 3893 3612 3958 safculi,
3659 3895 3801 3962 virga

2226 3977 2518 4045 aequitatis,
2545 3977 2688 4046 virga
2722 3967 2862 4047 regni
2891 3981 2966 4031 tui
2994 3977 3165 4050 (Psal.
3197 3983 3362 4049 xuv).

2306 4064 2461 4136 Virga
2494 4077 2645 4137 atque
2669 4069 2920 4136 correptio
2954 4069 3139 4122 tribuet
3175 4072 3516 4141 sapientiam;
3554 4091 3685 4141 puer
3709 4092 3802 4124 au-

2226 4169 2326 4212 tem
2352 4161 2443 4228 qui
2470 4160 2748 4212 dimittitur
2786 4161 3034 4213 voluntati
3071 4178 3212 4222 sure,
3256 4165 3536 4230 confundet
3589 4176 3802 4217 muti-un

2225 4271 2396 4306 suam.
2445 4254 2519 4307 De
2566 4253 2668 4306 hac
2715 4255 2863 4323 virga
2893 4253 3179 4322 Apostolus
3218 4255 3293 4307 ait
3314 4257 3393 4308 ad
3429 4255 3739 4310 Corinthios
3786 4273 3798 4308 :

2227 4345 2308 4396 An
2344 4343 2492 4398 vultis
2519 4345 2571 4396 in
2601 4343 2743 4411 virga
2775 4344 2984 4412 veniam
3009 4344 3076 4397 ad
3105 4360 3220 4409 vos,
3255 4360 3321 4397 an
3358 4345 3411 4396 in
3439 4345 3629 4412 spiritu
3661 4363 3801 4397 man-

2229 4433 2560 4485 suetudinis?
2604 4431 2652 4501 (I
2680 4408 2809 4484 Cor.
2855 4432 2953 4500 ιν.)
3003 4431 3141 4485 Puer
3190 4408 3658 4500 namquepquem
3701 4435 3800 4484 frc-

543 4519 727 4574 curior
771 4516 947 4572 factus
998 4517 1214 4571 incidat.
1267 4516 1373 4570 Sed
1425 4516 1704 4570 videamus
1755 4526 1933 4570 utrum
1988 4520 2582 4615 rcliaunentissitne
2608 4523 3086 4590 corripiendumet
3124 4523 3474 4575 erudiendum
3526 4523 3798 4583 admonet,

541 4610 869 4665 fraudulenti
907 4625 1029 4663 eum
1077 4609 1227 4678 cujus
1273 4609 1548 4680 gressibus
1599 4610 2013 4682 expanduntur,
2052 4629 2120 4668 an

544 4705 725 4774 potius
765 4703 915 4757 illum
946 4719 976 4756 a
1003 4717 1109 4771 quo
1139 4704 1518 4772 expanduntur
1553 4705 1830 4760 involvunt
1862 4747 1876 4772 ,
1942 4707 2122 4775 sequi-

541 4803 649 4850 tur.

616 4885 925 4940 Peccantem
949 4889 1116 4941 virum
1142 4890 1379 4959 iniquum
1406 4890 1624 4944 involvet
1666 4890 1902 4960 laqueus,
1935 4901 1982 4943 et
1999 4891 2124 4959 jus-

546 4989 630 5031 tus
657 4978 894 5030 laudabit
923 4990 1077 5048 atque
1108 4982 1369 5049 gaudebit.
1401 4981 1513 5036 Non
1544 4998 1671 5052 ergo
1707 4980 1853 5048 justo
1897 4983 2118 5051 laqueus

546 5069 887 5138 peccantium
916 5071 1126 5124 etiamsi
1152 5073 1499 5140 corporaliter
1521 5075 1748 5141 perimat
1771 5083 1944 5138 nocet,
1976 5075 2118 5143 ipsos

548 5169 726 5214 autem
759 5161 1014 5228 reprobus
1064 5163 1289 5226 insidia),
1337 5181 1470 5233 quas
1524 5166 1784 5233 proximis
1823 5176 2032 5233 parant,
2065 5167 2120 5219 in

548 5259 866 5319 perpetuum
900 5252 1156 5306 damnant
1187 5256 1540 5324 gaudentibus
1568 5257 1750 5325 justis,
1801 5272 1864 5310 ac
1912 5266 2118 5309 rectum

551 5343 847 5397 conditoris
862 5345 1122 5414 judicium
1149 5347 1595 5402 laudantibusvel
1625 5351 1690 5402 de
1720 5364 1814 5402 sua
1845 5349 2118 5417 ereptione

551 5431 635 5484 vel
683 5433 749 5486 de
799 5435 1099 5500 perditione
1151 5453 1462 5505 pravorum.
1536 5439 1778 5507 Denique
1827 5440 2118 5509 clausulam

552 5522 747 5591 prioris
787 5524 1054 5587 versiculi,
1108 5529 1326 5596 antiqua
1365 5529 1530 5582 editio
1577 5531 1860 5584 manifeste
1902 5533 2119 5598 posuit,

554 5611 691 5664 retia
754 5612 1052 5668 circumdat
1097 5617 1210 5670 suis
1265 5618 1522 5687 pedibus,
1562 5634 1628 5673 ex
1682 5621 1931 5691 ambiguo
1978 5623 2122 5675 enim

553 5702 741 5761 Graeco
769 5708 909 5774 quod
944 5717 1027 5761 est
1054 5711 1212 5765 αὐτοῦ
1250 5719 1534 5780 utrumque
1562 5713 1902 5782 interpretari
1923 5722 2120 5784 potest.

629 5812 653 5838 α
684 5797 816 5852 Erat
841 5801 943 5855 hoc
965 5801 1082 5858 loco
1104 5817 1332 5858 vacuum
1357 5803 1568 5872 aliquod
1595 5803 1649 5859 in
1681 5820 1782 5860 ms.

2227 4613 2451 4683 populus
2478 4613 2572 4668 Dei
2599 4612 2805 4682 est,qui
2837 4613 2880 4666 si
2916 4628 3021 4665 non
3047 4613 3276 4665 assiduis
3306 4612 3522 4664 monitis
3549 4625 3606 4665 et
3635 4615 3798 4666 incre-

2225 4705 2534 4776 pationibus
2586 4701 2919 4757 sacerdotum
2974 4703 3134 4756 fuerit
3174 4705 3484 4772 castigatus,
3533 4705 3798 4758 confusio-

2227 4815 2348 4852 nem
2403 4805 2622 4866 generat
2660 4795 2931 4859 Ecclesitc,
2965 4795 3371 4847 detrahentibus
3400 4795 3484 4846 his
3535 4796 3628 4860 qui
3677 4796 3799 4848 loris

2227 4896 2350 4942 sunt
2383 4887 2626 4957 religioni
2656 4887 2776 4940 lidei
2828 4885 3167 4949 Christianae,
3200 4885 3339 4938 unde
3381 4893 3527 4938 recte
3576 4885 3796 4953 subjun—

2226 4982 2366 5050 gitnr
2399 4999 2412 5034 :

2301 5072 2430 5124 Cum
2472 5070 2738 5139 prophetia
2787 5068 3048 5136 defecerit,
3077 5067 3412 5135 dissipabitur
3436 5068 3686 5136 populus,

2227 5163 2450 5216 custodit
2480 5161 2639 5230 legem
2674 5161 2849 5213 beatus
2873 5168 2965 5212 est.
2993 5159 3125 5224 Quia
3154 5157 3408 5210 nimirum
3445 5173 3565 5210 cum
3625 5175 3794 5212 (‘8le-

2227 5254 2364 5306 verit
2395 5251 2743 5307 sacerdotalis
2782 5251 3036 5313 eruditio,
3061 5249 3296 5302 solvetur
3331 5247 3586 5300 continuo
3639 5249 3793 5301 disci-

2227 5344 2371 5415 plina
2403 5344 2594 5397 divina:
2623 5342 2772 5410 legis,
2805 5356 2907 5409 qua
2934 5340 3157 5408 pepulus
3188 5339 3253 5392 ad
3287 5337 3640 5392 beatitudinis
3667 5353 3796 5408 pra:-

2227 5439 2332 5491 mia
2361 5437 2666 5506 pertingere
2694 5435 2970 5488 debuerat.

2305 5527 2489 5580 Vidisti
2537 5527 2796 5579 hominem
2842 5524 3061 5578 velocem
3116 5523 3185 5575 ad
3211 5521 3544 5591 loquendum,
3572 5522 3796 5575 stultitia

2226 5619 2393 5688 magis
2418 5616 2677 5687 speranda
2703 5626 2776 5669 est
2798 5631 2954 5685 quam
2977 5614 3116 5668 illius
3146 5615 3420 5682 correptio.
3469 5613 3652 5667 Grave
3680 5613 3793 5682 qui-

2227 5711 2348 5766 dem
2369 5709 2560 5764 vitium
2587 5706 2848 5772 s'tultitiae,
2872 5705 2966 5762 sed
2988 5719 3095 5761 non
3122 5703 3292 5759 levius
3312 5711 3395 5760 est
3431 5701 3794 5764 verbositatis,
