3910 6356
317 442 423 499 7⁸15

1074 438 1439 498 EXPOSITIO
1475 438 1543 495 IN
1579 437 1974 497 PROVERBIA
2010 439 2416 499 SALOMONIS.
2450 473 2523 485 —-
2554 443 2684 501 LIB.
2722 444 2808 501 IlI.

3470 450 3573 506 774

314 575 442 616 nam
464 570 605 626 saepe
627 554 869 625 contigit,
904 562 963 608 ut
988 554 1154 609 hebes
1184 554 1379 623 aliquis
1414 561 1467 607 et
1493 554 1727 622 ipsarum
1756 566 1893 621 quo-
1922 556 1974 615 Α
1997 552 2112 608 Νοιι
2140 554 2321 609 didicit
2350 552 2598 630 Salomon
2628 556 2696 610 ab
2726 556 2941 610 homine
2962 557 3278 626 sapientiam
3298 597 3315 623 ,
3341 558 3434 613 sed
3458 558 3569 616 Deo

312 666 419 721 que
444 648 658 703 nescius
683 646 1003 710 litterarum,
1029 645 1187 699 citius
1213 647 1372 699 verba
1396 643 1685 698 salutiferae
1712 658 1894 698 corre-

311 742 512 814 ptiouis
533 739 779 809 accipiat,
808 738 1057 808 quamvis
1078 736 1169 806 qui
1196 736 1467 810 alllueutia
1498 737 1757 806 praeditus
1782 751 1893 790 ser-

310 832 490 887 monis
515 830 683 903 magis
711 844 805 884 sua
841 842 960 897 qum
992 828 1141 882 novit
1168 828 1253 884 vel
1281 843 1401 898 quae
1441 843 1500 882 se
1528 842 1687 883 nosse
1729 837 1889 883 autu-

310 930 425 977 mat
446 920 717 990 jactanter
743 918 1012 989 proferre,
1039 934 1205 989 quam
1242 920 1388 974 dicta
1415 918 1740 986 sapientium
1788 934 1888 975 au-

310 1014 429 1071 dire
455 1013 750 1069 contendit.

382 1106 487 1173 Qui
521 1106 739 1179 delicate
761 1122 795 1159 a
829 1104 1055 1175 pueritia
1082 1106 1247 1158 nutrit
1271 1116 1474 1159 servum
1499 1121 1653 1160 suum
1672 1146 1687 1172 ,
1711 1116 1889 1175 postea

303 1196 459 1251 illum
492 1197 675 1250 sentiet
696 1206 1071 1249 contumacem.
1101 1194 1203 1261 Qui
1229 1195 1459 1251 delicate
1479 1212 1509 1250 a
1532 1196 1760 1267 pueritia
1788 1213 1889 1251 nu-

308 1289 406 1343 trit
430 1303 628 1358 corpus
654 1304 834 1353 suum,
865 1287 1008 1357 quod
1055 1286 1236 1340 animo
1276 1286 1537 1343 debuerat
1576 1288 1881 1359 subjugare,

304 1381 356 1437 is
388 1381 479 1435 ubi
522 1380 589 1434 ad
635 1395 806 1435 annos
854 1379 1231 1434 adolescentia:
1261 1382 1583 1449 pervenerit,
1627 1381 1887 1437 lascivqu

306 1472 432 1535 hoc,
456 1480 509 1526 et
536 1469 859 1525 iudomabile
887 1469 1101 1534 sentiet,
1118 1469 1261 1524 hunc
1285 1486 1499 1524 versum
1527 1470 1631 1523 alia
1659 1470 1888 1525 transla-

308 1563 382 1616 tio
406 1561 627 1631 pulchre
640 1542 841 1625 habet;
870 1560 958 1629 qui
983 1558 1236 1613 delicatus
1261 1576 1295 1612 a
1318 1560 1544 1628 pueritia
1564 1576 1742 1614 servus
1764 1561 1881 1627 erit,

305 1652 582 1706 novissime
608 1661 782 1705 autem
810 1636 1205 1709 contristabitur
1243 1651 1299 1704 in
1343 1666 1417 1704 se.
1464 1650 1887 1705 Contristabitur

304 1757 541 1811 namque
565 1756 689 1796 sero
716 1741 979 1797 malorum
1010 1741 1282 1812 pwnitens
1312 1742 1366 1795 in
1411 1757 1501 1807 se,
1527 1741 1616 1811 qui
1664 1756 1721 1795 se
1766 1756 1883 1795 me-

306 1832 465 1886 minit
493 1831 727 1887 noluisse
754 1831 807 1885 in
836 1839 1018 1885 tenera
1055 1832 1232 1886 adhuc
1262 1839 1422 1887 aetate
1448 1848 1479 1885 a
1503 1832 1615 1886 suis
1641 1831 1883 1901 volupta-

303 1924 451 1979 tibus
476 1924 542 1978 ad
566 1924 806 1993 regulam
842 1923 1120 1978 continere
1140 1924 1502 1994 prudentium.

388 2010 481 2066 Vir
500 2014 786 2068 iracundus
810 2024 1054 2089 provocat
1082 2014 1227 2092 rimas
1250 2027 1268 2065 :
1295 2024 1343 2067 et
1368 2016 1456 2084 qui
1494 2014 1563 2067 ad
1602 2014 1883 2085 indignan-

302 2104 430 2157 dum
478 2104 652 2173 facilis
692 2112 788 2171 est,
842 2104 1057 2185 erit.ad
1103 2113 1317 2174 peccata
1371 2106 1667 2175 proclivior.
1710 2106 1885 2161 Janua

300 2194 542 2251 omnium
576 2195 829 2249 vitiorum
861 2195 1139 2250 iracundia
1166 2206 1270 2262 est,
1298 2212 1402 2267 qua
1432 2198 1633 2265 clausa,
1664 2198 1881 2253 virtuti-

303 2289 407 2343 bus
434 2287 758 2341 intrinsecus
785 2285 999 2339 (labitur
1024 2286 1197 2354 quies.

376 2374 480 2440 Qui
517 2391 632 2427 cum
674 2374 790 2442 fure
827 2374 1072 2444 partitur,
1095 2375 1204 2427 odit
1236 2377 1467 2429 animam
1487 2394 1670 2442 suam;
1726 2379 1885 2447 adiu-

303 2476 509 2520 rantem
545 2466 651 2520 odit
680 2475 729 2519 et
758 2482 859 2519 non
888 2464 1105 2518 indicat.
1135 2465 1451 2521 Auditorem
1483 2483 1637 2522 smuu
1669 2469 1883 2537 sapien-

300 2557 381 2613 tia
404 2573 509 2611 non
536 2556 705 2611 solum
737 2572 768 2609 a
798 2557 1033 2625 peccatis
1063 2556 1356 2621 abstinere,
1384 2558 1477 2611 sed
1505 2573 1534 2611 a
1562 2567 1882 2626 pcecautum

296 2664 361 2707 se
408 2648 761 2704 contubernio
809 2647 966 2703 docet
1013 2647 1286 2712 cohibere,
1311 2664 1377 2703 ne
1404 2648 1541 2701 forte
1569 2665 1600 2701 a
1637 2648 1882 2703 districto

289 2739 480 2813 judice
528 2747 801 2793 mereatur
842 2738 1030 2792 audire
1068 2756 1080 2790 :
1129 2735 1185 2791 Si
1232 2737 1438 2791 videbas
1479 2737 1681 2806 furem,
1723 2736 1881 2792 simul

295 2830 543 2885 currebas
569 2846 687 2883 cum
704 2846 786 2893 eo,
809 2838 856 2883 et
885 2845 1002 2881 cum
1029 2828 1280 2882 adulteris
1304 2829 1592 2899 portionem
1603 2832 1761 2883 "tuam
1787 2846 1882 2900 po-

298 2920 477 2975 nebas.
512 2919 799 2975 Nou’enim
832 2920 917 2972 fur
945 2918 1303 2986 solummodo,
1322 2920 1417 2975 sed
1446 2920 1610 2974 etiam
1638 2920 1727 2975 ille
1752 2935 1881 2976 reus

298 3022 533 3076 tenetur,
565 3012 655 3081 qui
681 3012 931 3066 conscius
966 3010 1118 3088 furti,
1150 3021 1424 3081 quaerente
1456 3026 1766 3081 possessore
1789 3026 1880 3082 pe-

295 3106 516 3162 cuniam
546 3121 706 3178 quam
737 3105 991 3175 perdidit,
1018 3121 1125 3159 non
1154 3105 1268 3159 vult
1292 3105 1531 3160 indicare
1562 3120 1684 3159 cum
1714 3105 1875 3159 Valet.

294 3199 500 3254 Verum
527 3213 593 3253 ne
613 3199 733 3269 quis
753 3206 1006 3253 causetur
1036 3206 1181 3252 metu
1209 3213 1267 3252 se
1288 3211 1532 3266 persona:
1556 3198 1877 3267 potentioris

294 3305 475 3361 neque
511 3306 543 3343 a
591 3289 770 3344 furum
816 3291 1090 3344 consortio
1138 3290 1400 3359 separari,
1430 3305 1606 3360 neque
1650 3291 1878 3360 prodere
1906 3257 1952 3322 ρ

292 3398 459 3454 posse
479 3383 623 3452 quod
647 3383 815 3448 novit,
845 3391 971 3453 apte
998 3381 1276 3438 subditur:

376 3472 652 3538 Quitimet
680 3472 960 3537 hominem,
993 3473 1094 3526 cito
1122 3480 1363 3539 corruet;
1388 3472 1475 3542 qui
1491 3480 1664 3543 sperat
1690 3471 1745 3527 in
1772 3470 1883 3526 Do-

295 3564 445 3619 mino
473 3562 844 3617 sublevabizur.
878 3561 975 3617 Cui
1005 3562 1252 3633 congruit
1281 3563 1411 3616 illud
1440 3563 1823 3633 Evangelicum
1861 3579 1875 3617 :

298 3652 480 3708 Nolite
516 3654 698 3708 timere
724 3652 815 3724 qui
836 3652 1074 3706 occidunt
1097 3654 1550 3722 corpus,animam
1581 3662 1755 3707 autem
1776 3668 1878 3707 non

296 3753 518 3817 possunt
546 3742 778 3797 occidere
819 3741 1035 3813 (Matth.
1064 3740 1142 3815 χ).

868 3833 1095 3889 CAPUT
1133 3833 1303 3888 XXX.

380 3927 546 3983 Verba
576 3925 947 3997 Congregantis
989 3927 1086 3994 lilii
1131 3925 1410 3980 Vomentis.
1448 3924 1565 3979 Huc
1585 3939 1754 3994 usque
1778 3940 1877 3994 pa-

299 4020 500 4075 rabolze
526 4018 828 4074 Salomonis
867 4033 1002 4089 quas
1043 4017 1434 4072 transtulerunt
1479 4016 1581 4070 viri
1632 4016 1877 4076 Ezechize

296 4114 445 4184 regis
492 4113 648 4167 Juda.
700 4113 837 4167 lliuc
877 4127 1066 4166 rursus
1108 4110 1275 4166 verba
1320 4109 1625 4164 Salomonis
1666 4109 1734 4162 ab
1761 4109 1877 4178 ipso

295 4204 436 4258 alias
464 4205 627 4269 dicta,
663 4211 716 4258 et
739 4202 920 4256 forsan
952 4202 1067 4271 ipse
1091 4200 1159 4254 ab
1188 4215 1254 4255 eo
1281 4200 1423 4269 quod
1462 4198 1649 4254 Griece
1694 4199 1879 4253 Eccle-

296 4298 492 4351 siastes
511 4296 912 4360 dicitur,nuuc,
938 4294 1289 4362 interpretato
1308 4292 1358 4345 in
1383 4290 1635 4346 Latinum
1662 4291 1878 4344 nomine

297 4385 412 4448 illo,
436 4400 753 4454 congregans
773 4382 1087 4453 appellatur.
1115 4380 1360 4436 Ecclesia
1374 4380 1519 4435 enim
1547 4377 1875 4449 congregatio

300 4494 327 4529 ι
336 4494 434 4529 ora
444 4486 548 4528 tur.

381 4563 525 4617 Visio
550 4580 706 4633 quam
733 4564 936 4618 locutus
961 4573 1035 4617 est
1060 4564 1140 4617 vir
1161 4578 1400 4632 cumquo
1428 4572 1501 4615 est
1521 4560 1661 4614 Deus
1678 4600 1692 4625 ,
1723 4569 1768 4612 et
1791 4558 1877 4630 qui

301 4654 413 4709 Deo
452 4671 624 4708 secum
668 4664 903 4708 morante
948 4654 1291 4724 confortatus,
1338 4656 1430 4707 ait.
1476 4652 1645 4717 Visio,
1682 4653 1874 4721 inquit,

295 4761 461 4817 quant
490 4744 691 4797 locutus
720 4754 812 4806 est,
845 4745 969 4812 quia
998 4745 1141 4813 quod
1174 4745 1305 4797 vidit
1330 4744 1468 4813 apud
1500 4744 1665 4797 Deum
1695 4757 1877 4797 secre-

301 4838 445 4892 tiora
493 4834 902 4905 contemplando
958 4837 1210 4904 patefecit
1258 4837 1562 4889 hominibus
1610 4836 1753 4888 l'oras
1803 4834 1880 4887 lo-

300 4928 541 4998 quendo,
577 4926 822 4994 quisquis
844 4925 986 4978 enim
1016 4925 1105 4979 Dei
1143 4925 1333 4993 Spiritu
1381 4922 1735 4988 confortatur,
1763 4922 1878 4977 haec

301 5034 429 5089 qua:
454 5025 752 5085 sequuntur
774 5016 962 5070 humili
989 5014 1152 5070 corde
1173 5014 1416 5085 profatur
1443 5033 1458 5068 :

379 5107 730 5163 Stultissimus
780 5122 895 5159 sum
942 5107 1192 5171 virorum,
1218 5115 1265 5158 et
1306 5105 1559 5173 sapientia
1608 5104 1875 5159 hominum

304 5216 411 5251 non
439 5208 510 5250 est
546 5211 765 5248 mecum.
790 5191 867 5233 --“
890 5192 1019 5247 Filii
1049 5196 1189 5249 enim
1225 5194 1402 5247 steculi
1441 5195 1598 5264 hujus
1643 5197 1874 5265 pruden-

303 5292 465 5345 tiores
490 5288 615 5358 ﬁliis
636 5287 766 5340 lucis
792 5288 845 5339 in
880 5288 1206 5356 generatione
1238 5304 1335 5340 sua
1375 5297 1493 5340 sunt
1539 5285 1689 5358 (Luc.
1730 5288 1873 5359 xvr);

302 5390 363 5434 et
384 5379 654 5449 apostolus
686 5395 698 5431 :
733 5376 794 5431 Si
824 5378 939 5447 quis
960 5416 974 5440 ,
1001 5377 1204 5445 inquit,
1232 5378 1430 5431 videtur
1460 5379 1663 5445 sapiens
1689 5394 1797 5431 esse
1823 5380 1877 5431 in

304 5472 406 5525 hoc
432 5470 640 5533 swculo,
677 5468 864 5521 stultus
895 5469 987 5535 fiat
1018 5477 1072 5519 ut
1098 5468 1163 5519 sit
1190 5470 1393 5538 sapiens
1419 5469 1467 5540 (ι
1501 5469 1622 5522 Cor.
1650 5461 1764 5539 in);
1822 5482 1878 5525 et

307 5562 428 5630 ipse
453 5560 520 5614 de
545 5575 604 5613 se
636 5557 852 5627 suisque
874 5557 1168 5622 similibus,
1202 5559 1255 5610 in
1285 5561 1480 5629 quibus
1526 5558 1668 5615 Deus
1700 5580 1712 5613 :
1766 5560 1878 5617 Nos

306 5660 485 5707 autem
509 5650 855 5720 prwdicamus
876 5647 1139 5702 Christum
1165 5651 1474 5718 cruciﬁxum
1491 5692 1504 5716 ,
1528 5651 1731 5706 Judtcis
1759 5656 1879 5723 qui-

305 5746 428 5801 dem
444 5741 775 5807 scandalum,
811 5741 1043 5813 gentibus
1069 5751 1242 5796 autem
1263 5743 1536 5797 stultitiam
1564 5743 1614 5815 (Ι
1657 5743 1778 5799 Cor.
1816 5746 1877 5817 1).

382 5828 507 5893 Non
534 5834 695 5889 didici
712 5833 1041 5905 sapientiam,
1054 5841 1103 5889 et
1130 5833 1247 5889 novi
1267 5842 1568 5891 auctorum
1584 5836 1878 5891 scientiam.

1905 4604 1956 4664 D

1992 646 2162 717 gratis
2202 646 2462 699 oll'ereute
2507 647 2766 716 percepit,
2823 655 2879 699 ut
2926 655 3233 702 sanctorum
3287 648 3568 703 scientiam

1992 747 2198 803 nosset,
2225 739 2321 794 scd
2346 747 2401 792 el.
2437 738 2745 808 Apostolus,
2772 740 2864 809 qui
2895 740 2970 793 ait
3000 758 3012 793 :
3046 740 3156 795 Nos
3187 744 3335 795 stulti
3363 756 3569 813 propter

1992 825 2256 885 Christum
2291 828 2374 900 (II
2397 827 2518 883 Cor.
2545 828 2652 899 νυ),
2686 830 2797 899 ipse
2822 830 3016 885 iterum
3045 830 3173 884 dicit
3204 850 3216 883 :
3246 830 3567 900 Sapientiam

1991 928 2165 973 autem
2188 919 2449 990 loquimur
2476 919 2610 973 inter
2634 919 2881 990 perfectos
2913 919 2964 991 (Ι
2993 919 3113 975 Cor.
3140 920 3224 992 ιι),
3248 923 3567 990 sapientiam

1990 1030 2120 1071 vero
2141 1030 2249 1070 non
2276 1014 2436 1083 hujus
2456 1015 2659 1083 surculi,
2674 1030 2849 1085 neque
2874 1015 3177 1086 principum
3202 1014 3363 1085 hujus
3383 1018 3563 1073 saeculi

1990 1106 2083 1175 qui
2110 1110 2479 1162 destruuntur.

2062 1216 2192 1284 Quis
2218 1219 2449 1273 ascendit
2476 1218 2531 1271 in
2560 1215 2744 1272 ccelum
2777 1225 2929 1288 atque
2953 1217 3236 1272 descendit.
3268 1217 3394 1274 Haec
3435 1231 3565 1275 san-

1988 1317 2198 1363 ctorum
2238 1308 2463 1363 scientia
2491 1322 2611 1376 quae
2641 1322 2673 1361 a
2715 1307 3047 1376 sapientibus
3100 1306 3283 1363 saeculi
3338 1308 3566 1365 stultitia

1987 1406 2229 1470 putatur,
2263 1402 2389 1469 quia
2409 1401 2659 1456 videlicet
2690 1402 2786 1458 Dei
2814 1402 2981 1458 Filius
3009 1404 3063 1459 iu
3093 1413 3367 1474 assumpta
3403 1404 3566 1459 carne

1986 1500 2108 1562 post
2134 1501 2366 1548 mortem
2411 1501 2466 1547 et
2514 1496 2969 1551 resurrectionem
3022 1511 3175 1551 suam
3221 1496 3467 1550 ascendit
3508 1496 3563 1551 in

1987 1582 2210 1648 cmlum,
2241 1597 2306 1637 ac
2330 1591 2530 1638 nostra:
2562 1586 2977 1645 resurrectionis
3006 1594 3249 1655 tempore
3281 1586 3565 1640 descensu-

1989 1688 2081 1728 rus
2108 1680 2191 1727 est
2224 1672 2290 1727 de
2321 1671 2461 1727 caelo
2500 1672 2564 1727 ad
2588 1672 2908 1743 iudicandos
2932 1674 3085 1729 vivos
3108 1674 3163 1729 et
3187 1683 3455 1729 mortuos.

2058 1783 2188 1847 Quis
2216 1785 2469 1839 continuit
2516 1786 2758 1856 spiritum
2792 1786 2849 1841 iu
2893 1788 3131 1841 manibus
3177 1788 3323 1842 suis?
3376 1785 3565 1845 Omnis

1911 1905 1961 1967 Β
1991 1873 2215 1944 spiritus
2244 1882 2300 1928 et
2326 1876 2610 1939 humanus,
2636 1884 2692 1929 et
2718 1876 3019 1947 angelicus,
3044 1886 3097 1932 et
3139 1878 3450 1932 animalium
3468 1919 3481 1943 ,
3510 1889 3565 1934 et

1987 1966 2373 2035 procellarum,
2396 1964 2726 2035 ne'dellciat,
2755 1968 2851 2024 Dei
2874 1970 3113 2040 potentia
3139 1971 3463 2026 continetur.

2059 2078 2188 2144 Quis
2211 2080 2472 2151 colligavit
2502 2098 2685 2153 aquas,
2711 2084 2863 2153 quasi
2888 2083 2940 2137 in
2968 2086 3303 2139 vestimento?
3339 2084 3415 2140 De
3448 2085 3564 2155 ipso

1984 2180 2041 2225 et
2077 2170 2365 2227 Psalmista
2398 2190 2411 2225 :
2444 2170 2771 2244 Congregans
2799 2174 2930 2229 sicut
2957 2177 3013 2229 in
3045 2186 3211 2231 utrem
3254 2192 3417 2247 aquas
3446 2193 3560 2229 ma-

1985 2265 2058 2318 ris
2084 2263 2257 2336 (Psal.
2289 2266 2507 2338 XXXIII).

2056 2379 2186 2445 Quis
2208 2380 2475 2435 suscitavit
2506 2396 2681 2437 omnes
2707 2382 2954 2436 terminos
2974 2382 3166 2439 terrm?
3193 2390 3247 2438 et
3274 2399 3417 2439 nunc
3441 2399 3559 2439 om-

1984 2471 2094 2537 nia,
2123 2488 2243 2541 qua:
2272 2487 2371 2542 per
2412 2473 2599 2527 orbem
2646 2474 2833 2529 vivunt
2872 2484 2927 2530 et
2973 2484 3245 2541 crescunt,
3291 2477 3577 2542 Ιιοιιιίιιοδ,ς

1984 2565 2299 2629 animantia,
2332 2565 2599 2635 germina,
2625 2566 2884 2621 Dominus
2929 2574 2986 2621 ut
3034 2582 3132 2621 sua
3177 2583 3401 2637 quaeque
3444 2569 3559 2622 vita

1984 2654 2286 2723 subsistant
2321 2656 2557 2717 excitat,
2586 2663 2641 2708 et
2678 2656 2731 2708 in
2762 2654 2847 2708 die
2870 2655 3061 2725 judicii
3088 2666 3342 2712 cunctum
3368 2672 3397 2710 a
3423 2672 3560 2727 qua-

1984 2753 2110 2801 tuor
2132 2746 2307 2802 ventis
2331 2746 2453 2802 caeli
2479 2761 2645 2816 genus
2667 2748 2959 2802 humanum
2990 2763 3019 2802 a
3050 2757 3222 2803 morte
3252 2748 3553 2805 suscitabit.

2055 2834 2207 2900 Quod
2232 2852 2415 2890 nomen
2442 2836 2640 2906 ejus,et
2660 2838 2799 2907 quod
2826 2853 3011 2891 nomen
3040 2837 3141 2905 ﬁlii
3163 2839 3296 2909 ejus,
3314 2840 3360 2891 si
3389 2837 3565 2894 nosti?

1982 2926 2059 2981 De
2086 2925 2181 2979 Dei
2210 2925 2384 2981 Patris
2409 2936 2464 2981 et
2488 2926 2607 2980 Filii
2640 2928 2856 2982 nomine
2884 2928 3035 2993 dicit,
3062 2928 3215 2999 cujus
3244 2929 3559 2999 mysterium

1984 3017 2257 3073 saecularis
2312 3004 2575 3087 sapientia
2624 3018 2939 3073 naturaliter
2987 3019 3127 3073 scire
3180 3033 3288 3072 non
3339 3026 3555 3087 potest,

1982 3107 2229 3177 quamvis
2256 3123 2420 3162 unum
2448 3122 2567 3163 esse
2593 3107 2783 3173 Deum,
2809 3109 2901 3179 qui
2926 3109 3103 3165 omnia
3140 3107 3331 3165 fecerit
3355 3124 3451 3178 per
3475 3124 3557 3175 ea,

1982 3193 2104 3271 qua:
2151 3200 2472 3256 mirabiliter
2510 3200 2651 3256 facta
2692 3202 2877 3265 -videt,
2909 3201 3208 3272 intelligere
3254 3210 3450 3273 potest.
3502 3201 3561 3256 Si

1986 3293 2151 3359 nosti,
2187 3292 2379 3363 inquit,
2422 3293 2762 3359 subauditur,
2792 3303 2847 3348 tu
2874 3294 2967 3364 qui
2999 3294 3065 3348 de
3112 3302 3203 3347 tua
3253 3304 3306 3348 te
3342 3292 3561 3362 jactans

1984 3385 2270 3455 sapientia,
2298 3393 2496 3440 nostrae
2532 3383 2655 3439 ﬁdei
2698 3385 2973 3456 mysteria,
3020 3383 3306 3440 stultitiam
3359 3400 3563 3439 nuncu-

1981 3492 2113 3547 pare
2142 3477 2445 3547 praesumis.

2056 3566 2238 3621 Omnis
2264 3581 2431 3620 sermo
2468 3564 2565 3619 Dei
2586 3565 2781 3634 ignitus
2816 3563 3023 3635 clypeus
3050 3574 3123 3620 est
3151 3566 3480 3636 sperantibus
3502 3566 3559 3619 in

1980 3673 2054 3711 se.
2085 3655 2210 3711 Ηιιξο
2230 3664 2283 3709 et
2308 3663 2419 3709 tota
2462 3654 2660 3709 Christi
2687 3652 2925 3708 Ecclesia
2948 3654 3114 3719 novit,
3137 3661 3192 3708 et
3218 3654 3292 3708 illi
3327 3654 3558 3708 maxime

1983 3749 2221 3803 sentiunt
2241 3747 2330 3816 qui
2355 3745 2465 3800 Deo
2496 3760 2679 3800 secum
2708 3751 2955 3799 morante
3006 3752 3233 3799 terrente
3281 3744 3557 3814 sapientia:

1981 3837 2177 3893 fastum
2219 3844 2590 3901 contemnunt,
2618 3835 2746 3904 quia
2784 3819 3038 3889 nimirum
3066 3835 3241 3889 omnis
3266 3850 3446 3889 sermo
3475 3835 3557 3889 di-

1980 3929 2120 3982 vina:
2148 3926 2487 3981 auctoritatis
2509 3926 2671 3980 corda
2694 3925 2988 3980 electorum
3026 3934 3079 3979 et
3106 3926 3227 3995 igne
3269 3926 3554 3981 cbaritatis

1982 4018 2247 4083 accendit,
2274 4026 2329 4072 et
2369 4017 2593 4072 scientia
2621 4016 2862 4070 veritatis
2907 4016 3159 4081 illustrat,
3203 4022 3258 4070 et
3300 4017 3554 4071 vitiorum

1981 4111 2189 4174 sordes,
2212 4110 2257 4164 si
2279 4123 2414 4179 quas
2442 4109 2495 4162 in
2522 4110 2602 4163 eis
2628 4108 2917 4172 invenerit,
2946 4107 3247 4173 consumit,
3280 4118 3334 4162 et
3360 4109 3426 4161 ah
3460 4109 3553 4162 ho-

1981 4202 2142 4256 stium
2176 4200 2382 4255 insidiis
2405 4206 2685 4268 sperantes
2708 4198 2759 4252 in
2782 4213 2840 4252 se
2865 4199 3181 4266 cunctisque
3207 4197 3442 4251 defendit
3463 4198 3556 4270 ad:

1978 4292 2166 4346 versis.
2208 4292 2400 4345 Verum
2443 4290 2695 4343 solertius
2742 4286 3073 4353 intuendum,
3104 4289 3230 4358 quia
3257 4292 3553 4358 proprieta-

1981 4392 2087 4436 tem
2117 4381 2288 4435 Crmci
2316 4381 2581 4435 sermonis
2614 4381 2756 4448 quod
2802 4389 2887 4433 est
2931 4383 3318 4454 πεπυρωμένον,
3364 4380 3550 4434 Latina

1980 4472 2260 4526 translatio
2290 4485 2395 4525 uno
2422 4470 2586 4524 verbo
2612 4485 2714 4523 non
2761 4469 3010 4537 explicat.
3065 4469 3215 4524 Unde
3265 4470 3551 4538 aliquando

1981 4563 2221 4632 ignitum,
2248 4561 2536 4630 aliquando
2568 4562 2683 4630 igne
2708 4561 3062 4613 examinatum
3090 4562 3443 4624 transfertur,
3472 4572 3547 4624 ut,

1979 4654 2197 4723 ignitum
2228 4651 2487 4722 eloquium
2515 4662 2661 4703 tuum
2702 4650 3035 4715 vehementer,
3058 4658 3113 4703 et
3136 4660 3403 4719 argentum
3434 4652 3550 4719 igne

1980 4744 2335 4797 examinatum
2368 4741 2539 4813 (Psal.
2569 4756 2763 4805 cxvm,
2786 4739 2929 4793 l’sal.
2961 4740 3037 4804 ιιι)
3059 4780 3071 4804 ,
3096 4741 3237 4809 quod
3266 4750 3550 4809 utrumque

1982 4815 2035 4886 in
2065 4834 2253 4887 Gl'tl'CO
2283 4847 2386 4885 uno
2413 4832 2577 4885 verbo
2616 4832 2812 4885 dicitur
2853 4832 2910 4886 τὸ
2951 4834 3335 4905 πεπυρωμένον,
3372 4839 3425 4883 ot
3451 4830 3550 4883 hoc

1982 4923 2124 4993 quod
2178 4923 2303 4976 huic
2350 4920 2651 4975 Salomonis
2695 4922 2957 4975 sententia
2998 4921 3325 4974 simillimum
3370 4925 3561 4984 sonat;

1984 5016 2207 5086 Eloquia
2245 5014 2457 5068 Domini
2488 5016 2605 5085 igne
2642 5014 2957 5078 examinata,
2996 5013 3048 5066 id
3076 5022 3181 5078 est,
3208 5014 3543 5088 πεπυρωμένα

1982 5114 2238 5176 protector
2256 5113 2331 5159 est
2356 5105 2583 5158 omnium
2609 5104 2927 5173 sperantium
2963 5104 3017 5157 in
3062 5120 3115 5157 se
3165 5101 3348 5174 (Psal.
3379 5104 3543 5173 χιιι).

1984 5199 2339 5271 Παπυρωμένον
2363 5210 2489 5263 ergo
2514 5194 2779 5263 signiﬁcat
2806 5195 2945 5263 quod
2974 5202 3225 5262 tanquam
3263 5191 3546 5259 conﬂatum

1985 5290 2106 5357 igne
2135 5296 2415 5356 purgatum
2443 5286 2531 5339 sit.
2564 5285 2715 5339 Sicut
2762 5285 2906 5339 enim
2960 5299 3289 5353 quacunque
3333 5283 3546 5338 metalla

1984 5382 2106 5451 igne
2128 5380 2356 5435 conﬂata
2387 5380 2598 5433 sordem
2629 5379 2682 5431 in
2730 5392 2787 5433 se
2831 5378 3057 5431 alienam
3105 5386 3263 5446 atque
3305 5375 3547 5429 inutilem

1984 5485 2091 5523 non
2115 5471 2409 5533 continent,
2440 5476 2609 5521 totum
2639 5468 2893 5537 quidquid
2919 5467 2971 5519 in
2999 5467 3076 5521 eis
3120 5465 3322 5520 residet
3359 5479 3545 5518 verum

1980 5567 2036 5612 et
2054 5558 2349 5628 perfectum
2378 5566 2431 5611 et
2452 5557 2596 5611 omni
2631 5556 2877 5610 vitiorum
2929 5556 3087 5609 sorde
3126 5562 3405 5624 purgatum
3443 5558 3544 5617 est,

1982 5651 2056 5704 ita
2076 5651 2346 5719 eloquium
2366 5649 2575 5703 Domini
2598 5658 2922 5702 aeternorum
2948 5647 3002 5701 in
3026 5660 3083 5701 se
3104 5648 3365 5701 bonorum
3388 5643 3549 5699 ﬁdem

1983 5749 2207 5818 testans,
2241 5740 2366 5794 hinc
2396 5739 2520 5792 illud
2549 5747 2633 5791 est
2675 5737 2882 5791 Domini
2908 5754 2921 5789 :
2952 5736 3070 5790 Iota
3100 5752 3283 5800 unum,
3307 5743 3395 5788 aut
3416 5721 3548 5788 unus

1981 5848 2133 5905 apex,
2149 5848 2252 5887 non
2268 5832 2549 5902 pra'teribit
2565 5850 2593 5883 a
2609 5830 2716 5901 lege
2728 5831 2888 5884 donec
2903 5830 3076 5883 omnia
3092 5829 3219 5883 ﬁant
3242 5826 3457 5901 (Matth.
3477 5828 3548 5898 ι).
