3910 6390
381 418 494 475 775

1035 413 1099 468 Β.
1138 409 1392 468 ΚΑΒΔΝΙ
1431 409 1651 469 MAURI
1685 410 2007 469 ARCHIEP.
2049 406 2358 467 MOGUNT.
2396 406 2683 490 OPERUM
2722 406 2902 463 PARS
2938 405 3025 461 Ill.

3551 406 3651 463 776

379 513 522 583 Vera
545 524 691 580 enim
716 522 899 579 omnia
931 529 1059 578 sunt
1100 529 1157 577 et
1190 530 1347 578 extra
1384 536 1601 577 omnem
1643 522 1962 595 ambiguita-
1988 526 2042 587 Α
2066 536 2208 577 neno
2246 534 2427 591 prava:
2474 519 2812 575 allocutionis
2862 517 3024 575 morti
3059 527 3334 590 perpetuae
3378 517 3657 592 subjugari

383 625 493 676 tem
519 613 801 687 superﬂuae
821 612 1106 667 inanitatis
1126 612 1316 684 ignita.

455 707 581 763 Non
605 705 772 761 addas
800 704 1085 777 quidquam
1114 703 1280 758 verbis
1302 701 1432 783 illis,
1457 698 1516 757 et'
1536 704 1802 775 argueris,
1830 702 1972 759 inve-

384 800 650 870 niarisque
678 796 926 857 utendas,
951 794 1031 851 Ne
1054 810 1375 866 corrumpas
1407 795 1622 867 eloquia
1661 804 1971 853 sanctarum

386 889 813 963 Scripturarum,
842 889 989 960 quod
1034 888 1257 959 quidam
1306 887 1573 954 heretici,
1601 902 1671 945 ne
1717 887 1803 943 his
1846 900 1975 943 con-

389 970 758 1046 vincerentur,
785 978 981 1035 fecisse
1015 986 1338 1034 noscuntur.

459 1072 578 1127 Duo
618 1070 796 1142 rogaui
826 1080 896 1137 te,
927 1086 990 1127 ne
1019 1069 1239 1140 deneges
1276 1068 1407 1123 mihi
1450 1076 1728 1139 antequam
1752 1066 1971 1121 moriar.

400 1165 698 1249 Vanitatem
718 1173 769 1249 et
786 1163 938 1220 verba
957 1162 1235 1218 mendacia
1263 1161 1416 1234 longe
1441 1162 1527 1232 fac
1553 1178 1587 1215 a
1613 1176 1716 1215 me.
1747 1158 1975 1213 Menda-

390 1248 602 1314 citatem
625 1266 674 1311 et
695 1248 903 1310 diuitias
931 1270 996 1309 ne
1015 1253 1221 1308 dederis
1244 1253 1394 1320 mihi,
1414 1252 1581 1308 tribue
1603 1248 1807 1306 tantum
1821 1249 1980 1305 uictui

390 1364 505 1404 meo
554 1346 849 1401 necessaria
869 1385 885 1412 ,
938 1353 1045 1401 etc.
1096 1344 1223 1400 Haec
1266 1344 1441 1400 adhuc
1486 1343 1571 1399 vir
1609 1357 1731 1399 cum
1760 1356 1869 1413 quo
1897 1347 1980 1396 est

392 1438 556 1502 Deus,
588 1434 855 1493 sermonis
884 1433 1001 1504 ejus
1026 1435 1151 1507 igne
1174 1435 1439 1501 radiatus,
1467 1432 1537 1489 ad
1574 1432 1750 1502 ipsum
1797 1428 1980 1486 Domi-

393 1545 524 1587 num
550 1542 815 1585 conversa
835 1543 977 1583 voce
990 1527 1255 1601 profatur,
1277 1526 1570 1581 obsecrans
1591 1537 1660 1578 ne
1685 1521 1980 1576 vanitatem

396 1624 580 1681 saeculi
606 1637 882 1691 nunquam
908 1620 996 1678 vel
1034 1622 1199 1676 verba
1245 1619 1529 1677 mendacia
1571 1616 1785 1671 veritati
1823 1614 1982 1670 coele-

398 1717 561 1771 stium
591 1720 873 1785 praeponat
897 1711 1325 1783 Scripturarum,
1353 1723 1455 1765 nec
1477 1722 1693 1763 rursum
1715 1705 1802 1762 vel
1825 1704 1980 1775 copia

397 1807 482 1863 vel
506 1805 686 1876 in0pia
713 1803 1114 1860 transeuntium
1137 1815 1318 1858 rerum
1342 1801 1399 1855 in
1419 1798 1745 1855 oblivionem
1766 1794 1979 1853 decidat

399 1905 745 1953 aeternorum.

473 1986 750 2043 Generatio
768 2004 885 2060 qua:
906 1987 1047 2060 patri
1071 2002 1169 2041 suo
1190 1982 1478 2049 maledicit,
1495 1991 1543 2037 et
1564 1982 1724 2036 matri
1747 1995 1859 2035 sua:
1881 1995 1986 2034 non

401 2077 675 2133 benedicit.
704 2076 838 2133 Cum
860 2077 1111 2147 superius
1128 2075 1419 2145 puritatem
1437 2071 1539 2127 sibi
1560 2071 1685 2125 vita:
1706 2086 1738 2125 a
1758 2070 1987 2125 Domino

402 2168 522 2225 dari
544 2175 757 2240 peteret
784 2174 1109 2222 convertens
1129 2164 1307 2219 subito
1335 2161 1590 2217 intuitum
1635 2161 1703 2216 ad
1749 2167 1991 2216 contem-

399 2258 653 2329 plandam
676 2273 969 2329 pravorum
997 2255 1292 2326 nequitiam
1322 2253 1540 2322 quantis
1576 2252 1692 2307 haec
1735 2252 1808 2307 sit
1845 2251 1993 2305 invo-

400 2345 518 2404 luta
545 2349 798 2413 miseriis,
821 2363 987 2419 quam
1004 2346 1164 2417 longe
1190 2359 1222 2399 a
1249 2343 1496 2400 veritatis
1523 2342 1706 2413 distet,
1730 2340 1987 2395 insinuat.

402 2436 519 2503 Est,
544 2438 814 2507 inquiens,
845 2436 1110 2507 generatio
1161 2434 1541 2502 nefandorum,
1572 2447 1689 2502 qua:
1728 2430 1825 2484 etsi
1859 2424 1993 2483 bona

401 2527 641 2600 quislibet
672 2528 804 2598 agit,
823 2526 1013 2597 perdit.
1038 2523 1165 2581 Haec
1191 2524 1245 2579 in
1263 2538 1328 2580 eo
1349 2522 1494 2593 quod
1518 2523 1779 2578 honorem
1799 2534 1994 2590 paren-

402 2618 549 2674 tibus
585 2633 693 2672 non
721 2616 912 2673 defert.

476 2707 755 2764 Generatio
790 2708 915 2780 qua!
936 2707 1037 2763 sibi
1067 2706 1267 2761 munda
1299 2705 1507 2760 videtur
1528 2743 1542 2770 ,
1568 2712 1616 2757 et
1666 2713 1841 2757 tamen
1891 2717 1997 2760 nou

403 2812 479 2858 est
510 2801 618 2855 lota
645 2818 677 2854 a
706 2799 948 2856 sordibus
975 2801 1105 2854 suis.
1130 2800 1206 2853 De
1235 2798 1336 2853 hac
1374 2795 1723 2867 generatiOne
1760 2794 1999 2865 loquitur

406 2896 714 2960 Psalmista,
744 2893 1008 2960 Quoniam
1041 2894 1183 2949 Deus
1212 2892 1435 2963 dissipat
1465 2907 1583 2947 ossa
1602 2890 1874 2945 hominum
1898 2889 1999 2944 sibi

406 2985 726 3058 placentium
759 2982 935 3055 (Psal.
959 2983 1078 3055 ιιι).

406 3108 409 3111 <
479 3078 758 3134 Generatio
781 3079 933 3149 cujus
954 3075 1149 3132 excelsi
1175 3085 1299 3131 sunt
1336 3074 1497 3142 oculi,
1520 3084 1570 3130 et
1595 3075 1865 3146 palpebra:
1884 3075 1999 3145 ejus

408 3173 465 3225 in
536 3168 647 3224 alta
706 3177 975 3224 surrectte.
1038 3167 1208 3239 Hujus
1263 3167 1595 3223 consortium
1634 3165 2009 3238 generationis

409 3264 614 3319 vitabat
660 3262 948 3318 Psalmista
1008 3276 1133 3316 cum
1179 3259 1395 3315 dicebat

409 3354 701 3410 exaltatum
726 3370 817 3408 cor
843 3370 1016 3408 meum
1040 3368 1201 3423 neque
1220 3350 1346 3406 elati
1366 3359 1487 3405 sunt
1513 3349 1652 3406 oculi
1673 3351 1777 3406 mei
1815 3349 1834 3421 (
1849 3346 1998 3403 Psal.

411 3462 549 3501 cxxx
576 3446 618 3519 ).

483 3538 766 3595 Generatio
792 3555 910 3609 qua:
933 3555 1026 3610 pro
1051 3536 1291 3591 dentibus
1333 3534 1537 3606 gladios
1564 3534 1738 3601 habet,
1764 3542 1814 3588 et
1859 3550 2004 3588 com-

414 3630 616 3685 mandit
643 3628 929 3683 molaribus
959 3628 1088 3682 suis.
1135 3627 1212 3681 De
1240 3626 1343 3698 hac
1376 3624 1663 3680 Psalmista
1696 3637 1711 3676 :
1744 3620 1875 3677 Filii
1914 3625 2008 3676 ho-

414 3723 638 3787 minum,
659 3721 835 3774 dentes
877 3735 1059 3773 eorum
1097 3734 1249 3772 arma
1285 3724 1335 3772 et
1361 3717 1676 3787 sagittw:et
1699 3713 1893 3785 lingua:
1926 3728 2009 3768 eo-

417 3829 557 3878 rum,
589 3812 854 3865 machwra
890 3812 1083 3863 acuta.

492 3901 559 3957 Ut
591 3902 828 3957 comedat
855 3903 1033 3972 inopes
1074 3900 1138 3953 de
1163 3908 1306 3954 terra
1330 3911 1380 3953 et
1405 3912 1656 3968 pauperes
1684 3910 1749 3950 ea:
1777 3895 2008 3953 homini-

420 3997 537 4053 bus.
566 3995 647 4049 Ad
671 3996 774 4050 hoc
809 3994 1048 4065 linguam
1080 3998 1295 4046 armant
1339 3996 1714 4061 persecutores
1756 3986 2012 4042 Ecclesiae

420 4098 483 4145 ut
512 4089 829 4142 innocentes
853 4082 1057 4139 Christi
1080 4091 1135 4138 et
1167 4082 1398 4137 humiles
1437 4079 1731 4136 trucident.
1773 4078 1926 4147 Quod
1965 4079 2013 4135 si

422 4178 711 4245 diligenter
737 4165 1089 4230 considerare
1124 4171 1383 4235 volueris,
1407 4169 1652 4224 invenies
1674 4170 1772 4223 has
1795 4182 2014 4238 genera-

423 4269 599 4324 tiones
629 4264 1079 4337 congregationes
1105 4275 1223 4316 esse
1249 4260 1611 4339 neq‘uissimas
1630 4256 1939 4313 Judaeorum
1959 4264 2015 4311 et

426 4363 829 4425 haereticorum,
870 4356 1197 4412 Judaaorum-
1229 4369 1358 4425 ergo
1411 4350 1685 4423 generatio
1727 4351 1869 4421 patri
1919 4365 2017 4405 suo

428 4452 735 4517 maledixit,
764 4450 841 4504 illi
864 4447 1119 4501 videlicet
1146 4446 1238 4514 qui
1269 4445 1344 4497 ait
1376 4462 1390 4498 :
1417 4442 1466 4495 F
1470 4444 1591 4498 ilius
1628 4460 1772 4498 meus
1822 4444 2018 4514 primo-

424 4546 629 4618 genitus
653 4540 851 4605 Israel,
878 4538 1093 4609 quando
1116 4535 1284 4589 lilium
1307 4532 1424 4602 ejus
1446 4536 1747 4589 venientem
1770 4535 1824 4588 in
1852 4549 2013 4589 carne

428 4636 671 4706 negavit,
700 4641 754 4687 et
784 4630 944 4685 matri
965 4642 1075 4683 suae
1095 4641 1202 4681 non
1229 4623 1523 4689 benedixit,
1547 4622 1843 4696 Synagogae
1859 4626 2012 4696 cujus

369 4730 372 4733 ’
438 4724 562 4779 ﬁdei
596 4722 835 4793 pristiam
867 4714 1149 4774 scientiam
1182 4715 1235 4769 in
1262 4714 1515 4768 Patribus
1541 4729 1605 4768 ac
1626 4715 1905 4783 prephetis
1945 4715 2012 4771 de

430 4815 647 4871 Christo
686 4812 951 4867 habuerat
988 4806 1241 4862 detraxit.
1286 4802 1708 4858 Novatianorum
1740 4807 2012 4874 generatio

433 4904 631 4960 munda
654 4902 756 4957 sibi
775 4900 1008 4963 videtur,
1040 4897 1225 4952 dicens
1262 4910 1319 4948 se
1361 4894 1678 4964 paenitentia
1719 4909 1855 4965 opus
1907 4909 2013 4949 non

432 4997 655 5059 habere,
686 5003 741 5050 et
780 5002 960 5049 tamen
993 5005 1099 5045 non
1130 4994 1307 5057 potest
1330 4988 1529 5042 munda
1557 5003 1676 5042 esse
1705 5004 1737 5041 a
1765 4996 2015 5057 peccato-

436 5103 559 5143 rum
598 5086 866 5151 sordibus,
898 5099 1020 5154 quae
1058 5081 1262 5136 fontem
1310 5079 1638 5148 ptenitentiae
1669 5080 2016 5148 peccantibus

434 5178 650 5234 veniam
669 5176 912 5247 negando
936 5172 1239 5243 praecludit,
1256 5172 1383 5225 item
1402 5172 1679 5242 generatio
1690 5174 2017 5229 Arianorum

436 5268 681 5324 excelsos
706 5268 870 5323 habet
892 5264 1100 5328 oculos,
1123 5270 1179 5316 et
1194 5261 1479 5331 palpebras
1515 5278 1678 5333 super
1706 5264 1874 5319 Deum
1899 5281 2017 5321 ere-

440 5369 578 5425 ctas,
610 5360 886 5429 inquirens
922 5355 1052 5426 quid
1082 5352 1184 5407 fuit
1213 5360 1394 5417 antea,
1427 5362 1480 5405 et
1505 5354 1632 5422 quia
1665 5353 1765 5408 fuit
1806 5363 2015 5425 tempus

442 5449 655 5520 quando
684 5466 787 5505 non
829 5447 931 5503 fuit
971 5446 1133 5512 ﬁlius,
1164 5441 1251 5501 vel
1280 5457 1400 5511 qua:
1443 5452 1524 5499 est
1571 5445 1804 5516 Spiritus
1848 5448 2019 5501 sancti

440 5548 682 5614 potestas
705 5540 926 5610 aqualis
962 5541 1258 5611 inaequalis.
1288 5539 1420 5595 Item
1458 5539 1733 5610 generatio
1774 5554 1894 5609 qum
1921 5556 2020 5609 pro

442 5631 696 5687 dentibus
718 5630 924 5703 gladios
946 5632 1129 5697 habet,
1147 5631 1234 5685 illa
1247 5638 1332 5686 est
1349 5630 1711 5700 congregatio,
1729 5646 1848 5700 quae
1869 5646 2020 5684 suam

443 5722 728 5793 perﬁdiam
754 5723 918 5779 etiam
946 5723 1067 5779 aliis
1094 5723 1346 5777 intimare
1370 5719 1584 5791 satagit,
1627 5728 1680 5776 et
1721 5721 1861 5776 sicut
1903 5736 2022 5777 cor-

444 5828 575 5884 pora
601 5814 776 5872 solent
800 5815 996 5889 gladiis
1017 5814 1211 5882 sterni,
1239 5813 1314 5870 ita
1336 5812 1544 5869 animas
1570 5813 1902 5873 audientium
1927 5828 2020 5869 ve—

1445 3278 1458 3314 :
1506 3258 1762 3325 Domine,
1792 3275 1897 3313 non
1923 3265 1998 3311 est
2028 3248 2075 3310 C

2038 4592 2091 4651 D

2076 611 2377 668 contendit.

2143 710 2488 782 Sanguisugoe
2509 710 2631 766 dum
2651 719 2773 766 sunt
2807 710 2966 780 filim,
2992 709 3219 765 dicentes
3250 703 3280 764 ε’
3300 711 3478 782 ΑῙῙετ,
3501 713 3655 782 affer.

2074 803 2412 874 Sanguisu‘ga
2438 809 2523 858 est
2565 802 2830 869 diabolus,
2856 802 2948 872 qui
2992 803 3081 858 siti
3125 805 3385 874 peccandi
3423 821 3490 862 ac
3534 821 3662 877 pec-

2073 901 2195 950 cata
2217 893 2479 949 suadendi
2507 894 2845 950 incessanter
2864 894 3200 950 accenditur.
3229 894 3367 952 Huic
3390 897 3511 954 duae
3533 905 3665 954 sunt

2074 981 2218 1047 filiai,
2240 982 2367 1052 quia
2395 983 2513 1038 dua:
2534 983 2842 1052 specialiter
2864 984 3089 1039 humani
3111 986 3338 1056 generis
3370 987 3664 1053 illecebra,

2077 1072 2223 1127 hunc
2274 1071 2483 1141 antiqui
2537 1072 2710 1128 hostis
2756 1071 3042 1145 [animum]
3081 1075 3383 1143 imitantur,
3428 1092 3555 1132 nam
3608 1086 3669 1133 et

2075 1161 2302 1215 luxuriae
2330 1176 2436 1229 quo
2468 1160 2691 1216 liberius
2733 1158 2886 1216 frena
2930 1161 3205 1232 laxantur,
3249 1182 3315 1222 eo
3351 1168 3549 1224 noxius
3571 1169 3670 1225 de-

2076 1251 2325 1319 lectatur,
2356 1259 2433 1318 et,
2475 1251 2616 1306 sicut
2644 1249 2866 1320 quidam
2898 1251 2974 1306 ait
2997 1261 3311 1324 poetarum,

2201 1383 2389 1436 Crescit
2408 1395 2541 1434 smor
2568 1384 2749 1432 nummi
2772 1387 3004 1446 quantum
3028 1386 3132 1448 ipsa
3152 1386 3358 1449 pecunia
3378 1386 3577 1438 crescit.

2155 1526 2282 1589 Tria
2305 1537 2425 1582 sunt
2446 1525 2903 1593 insaturabilia,et
2930 1538 3177 1600 quartum
3200 1532 3338 1602 quod
3363 1548 3467 1587 non
3497 1532 3627 1585 dicit
3653 1546 3674 1587 :

2084 1621 2308 1691 Suﬂicit.
2347 1619 2619 1689 Infernus,
2647 1629 2697 1674 et
2726 1635 2783 1673 os
2811 1619 2996 1688 vulvw,
3024 1634 3072 1677 et
3099 1618 3260 1691 terra,
3288 1641 3404 1695 qute
3444 1640 3552 1679 non
3592 1641 3679 1678 sa-

2082 1713 2245 1767 tiatur
2276 1728 2435 1782 aqua,
2460 1712 2596 1782 ignis
2637 1725 2755 1765 vero
2807 1729 2912 1767 non
2952 1714 3079 1768 dicit
3108 1729 3126 1766 :
3159 1714 3377 1785 Suﬂicit.
3425 1713 3679 1770 liil'ernus

2084 1818 2360 1873 nunquam
2407 1802 2713 1860 redundat:
2742 1807 3001 1861 meretrix
3043 1806 3293 1861 similiter
3327 1807 3505 1861 vicina
3534 1809 3676 1877 ejus,

2015 1894 2062 1954 B
2090 1910 2286 1965 corpus
2324 1909 2430 1949 non
2482 1897 2714 1952 satiatur
2758 1898 2995 1962 deliciis;
3044 1905 3099 1951 et
3153 1912 3346 1952 avarus
3396 1913 3680 1968 nunquam

2088 1987 2238 2054 dicit,
2271 1986 2495 2058 Sufﬁcit.
2526 1986 2753 2056 Quidam
2786 1989 3062 2045 infernum
3102 1990 3532 2060 interpretantur
3555 1991 3680 2046 dia-

2086 2079 2290 2145 bolum,
2318 2079 2411 2148 qui
2442 2078 2812 2136 insaturabilis
2832 2080 2914 2153 sit
2942 2081 3009 2135 de
3051 2079 3364 2135 seductione
3405 2081 3681 2147 humana;

2087 2184 2150 2225 os
2178 2168 2348 2223 vulvae
2372 2178 2429 2224 et
2454 2178 2655 2225 terram
2686 2186 2806 2241 quae
2830 2186 2940 2225 non
2963 2170 3194 2225 satiatur
3214 2185 3376 2240 aqua,
3391 2178 3450 2224 ut
3472 2186 3681 2242 supra;

2091 2260 2270 2331 ignem
2299 2260 2390 2329 qui
2422 2275 2529 2315 non
2567 2251 2715 2326 dicit,
2765 2258 2999 2328 Su/ﬁcit,
3041 2259 3350 2314 incendium
3397 2260 3686 2329 gehennae,

2092 2353 2234 2421 quod
2261 2367 2535 2422 nunquam
2559 2351 2791 2417 desinat,
2832 2350 2925 2405 sed
2970 2365 3064 2406 eos
3100 2351 3193 2419 qui
3235 2352 3471 2420 peccatis
3517 2352 3691 2406 linem

2092 2459 2293 2516 ponere
2323 2443 2613 2499 uoluerunt
2642 2442 2853 2497 inﬁnito
2883 2442 3079 2496 ardore
3106 2443 3407 2496 comburat.

2168 2536 2393 2591 Oculum
2417 2538 2507 2606 qui
2543 2536 2829 2589 subsannat
2870 2544 3070 2604 patrem
3107 2544 3155 2587 et
3209 2534 3425 2604 despicit
3473 2543 3692 2604 partum

2094 2631 2278 2685 matris
2307 2646 2438 2694 suae,
2459 2629 2712 2700 e/fodiant
2740 2629 2878 2683 corvi
2907 2628 2971 2682 de
2997 2628 3311 2682 torrentibus
3335 2639 3383 2682 et
3410 2629 3692 2683 comedunt

2097 2721 2247 2793 illum
2273 2721 2372 2790 lilii
2395 2721 2609 2793 aquilw.
2638 2721 2886 2776 Perversi
2912 2721 3039 2775 dum
3071 2720 3253 2775 divina
3272 2720 3479 2790 judicia
3502 2736 3693 2791 repre-

2099 2818 2359 2883 hendunt,
2404 2816 2737 2871 subsannant
2781 2823 3023 2885 patrem;
3072 2823 3128 2868 et
3173 2812 3398 2884 quilibet
3446 2812 3693 2869 haeretici

2100 2912 2229 2966 dum
2254 2909 2691 2980 praedicationem
2724 2916 2926 2962 sanctae
2954 2906 3210 2961 Ecclesiae
3236 2904 3531 2969 deridenda
3557 2919 3695 2959 con-

2100 3010 2365 3067 temnunt,
2397 3009 2613 3071 partum
2668 3000 2859 3055 matris
2915 2998 3237 3067 despiciunt,
3289 2996 3416 3068 quia
3459 2998 3526 3051 de
3573 2996 3695 3065 ipsa

2102 3102 2321 3157 exeunt,
2357 3092 2449 3162 qui
2476 3080 2667 3147 contra
2698 3091 2876 3161 ipsum
2903 3088 3222 3158 loquuntur.
3265 3086 3351 3140 Ea:
3391 3086 3560 3152 nobis,
3608 3086 3698 3138 in-

2104 3184 2242 3254 quit,
2267 3185 2524 3247 exierunt,
2552 3182 2642 3237 sed
2665 3198 2771 3254 non
2792 3187 2940 3235 erant
2970 3196 3034 3235 ea:
3056 3179 3222 3233 nobis.
3252 3177 3493 3247 Quorum
3520 3178 3698 3231 inten—

2106 3276 2321 3331 tionenr
2339 3276 2463 3330 dum
2506 3273 2891 3344 praedicatores
2913 3270 3167 3325 catholici
3191 3270 3258 3323 de
3286 3267 3695 3337 Scripturarurn

2106 3367 2411 3423 divinarum
2424 3363 2642 3420 ﬂuentis
2655 3364 3010 3435 procedentes
3031 3361 3361 3430 increpando
3385 3359 3694 3425 revincunt,

2106 3456 2261 3526 quasi
2307 3456 2520 3510 oculum
2570 3454 2860 3532 nefandum
2895 3452 3042 3507 corvi
3086 3452 3150 3506 de
3192 3451 3522 3505 torrentibus
3560 3448 3699 3504 επο-

2106 3545 2281 3601 diunt.
2310 3545 2379 3599 Et
2406 3546 2507 3613 filii
2534 3545 2724 3615 aquin
2753 3544 3048 3598 comedunt.
3082 3542 3241 3597 Corvi
3275 3541 3473 3595 etenim
3500 3555 3701 3595 vocan-

2108 3646 2197 3691 tur
2238 3638 2489 3693 doctores
2527 3639 2722 3701 sancti,
2772 3636 2897 3704 quia
2951 3649 3047 3703 per
3098 3631 3418 3686 humilitatis
3463 3630 3701 3702 gratiam

2108 3728 2316 3799 peccati
2351 3728 2405 3781 in
2454 3741 2513 3782 se
2557 3726 2893 3797 nigredinem
2948 3721 3306 3787 confitentur;
3368 3720 3469 3788 ﬁlii
3513 3728 3700 3774 autem

2111 3818 2323 3888 aquilae,
2348 3818 2473 3889 quia
2521 3832 2618 3887 per
2664 3816 2893 3887 gratiam
2950 3813 3065 3882 ejus
3112 3820 3238 3868 sunt
3282 3810 3478 3875 renati,
3507 3810 3599 3879 qui
3644 3810 3703 3863 in

2110 3911 2301 3965 habitu
2334 3917 2625 3978 assumpta;
2652 3905 3004 3962 humanitatis
3032 3904 3100 3958 ad
3141 3902 3385 3958 caelestia
3445 3909 3701 3955 transvo-

2111 3999 2242 4054 lavit
2267 4016 2281 4052 :
2309 3998 2452 4053 unde
2477 4006 2533 4053 et
2557 3997 2684 4051 alibi
2711 3996 2804 4049 lilii
2833 3993 3016 4066 sponsi
3042 3991 3399 4062 appellantur.

2192 4091 2319 4145 Tria
2346 4099 2469 4145 sunt
2497 4088 2745 4159 difﬁcilia
2792 4087 2942 4152 mihi,
2970 4094 3017 4138 et
3044 4093 3291 4155 quartum
3320 4080 3461 4151 quod
3488 4080 3700 4150 penitus

2114 4182 2505 4253 ignoro:viam
2562 4177 2756 4249 aquiltn
2807 4178 2862 4230 in
2898 4175 3044 4240 coelo,
3098 4175 3235 4228 viam
3289 4171 3494 4226 colubri
3543 4185 3703 4240 super

2118 4280 2344 4336 terram,
2378 4271 2516 4323 viam
2556 4268 2700 4322 navis
2744 4267 2800 4319 in
2828 4264 2998 4318 medio
3043 4264 3229 4327 maris,
3272 4272 3319 4316 et
3349 4262 3488 4315 viam
3516 4260 3618 4313 viri
3644 4259 3703 4311 in

2117 4363 2473 4418 adolescentia
2526 4378 2645 4415 sua.
2709 4359 2978 4425 Quantum
3029 4357 3095 4413 ad
3138 4355 3421 4411 historiam
3492 4354 3564 4408 ita
3617 4358 3703 4409 est

2118 4462 2177 4506 ut
2209 4452 2467 4521 scriptum
2498 4458 2601 4514 est,
2655 4449 2748 4503 sed
2798 4448 2924 4518 quia
2974 4461 3069 4516 per
3120 4444 3404 4516 parabolas
3431 4444 3695 4514 loquitur,

2116 4544 2205 4597 via
2240 4542 2431 4613 aquilae
2460 4542 2513 4596 in
2540 4540 2679 4597 coelo
2710 4539 2923 4595 diiﬁcile
2965 4538 3256 4600 invenitur,
3297 4537 3401 4591 hoc
3428 4545 3534 4601 est,
3569 4536 3699 4589 sub-

2120 4636 2283 4690 tilitas
2315 4633 2543 4697 inimici,
2590 4648 2696 4701 qua
2725 4632 2870 4686 circa
2915 4628 3215 4685 caelestium
3244 4627 3486 4699 virorum
3530 4626 3698 4680 corda

2116 4724 2306 4780 volitat
2332 4738 2525 4792 magno
2556 4736 2681 4775 cum
2728 4720 2910 4773 labore
2951 4717 3391 4786 deprehenditur.
3431 4715 3701 4770 Similiter

2116 4820 2172 4867 et
2196 4810 2284 4865 via
2337 4808 2548 4865 colubri
2599 4822 2762 4877 super
2789 4816 3016 4871 terram,
3050 4806 3103 4861 id
3132 4814 3238 4870 est,
3268 4804 3487 4859 astutiae
3518 4805 3699 4859 hostis

2118 4904 2373 4959 venenati
2401 4901 2595 4971 quibus
2645 4900 2890 4956 insidiari
2918 4914 3026 4954 non
3081 4898 3277 4953 desinit
3325 4897 3425 4963 eis,
3479 4912 3618 4966 quos
3640 4898 3695 4949 in

2120 5002 2271 5064 petra
2330 4993 2453 5048 ﬁdei
2502 4992 2754 5045 fundatos
2807 5006 2927 5045 esse
2979 4992 3262 5060 conspicit,
3316 5004 3417 5044 nec
3475 5004 3584 5043 non
3643 4997 3698 5039 ct

2116 5083 2203 5137 via
2240 5082 2415 5146 navis,
2462 5083 2514 5135 in
2564 5083 2741 5137 medio
2791 5081 2952 5144 mari,
3002 5081 3106 5135 hoc
3134 5090 3235 5144 est,
3268 5081 3357 5131 via
3388 5078 3696 5147 iniquitatis

2118 5187 2237 5242 qua:
2268 5187 2363 5242 per
2390 5187 2603 5227 amaras
2651 5170 2832 5226 saeculi
2863 5168 3019 5239 hujus
3049 5169 3240 5233 undas,
3287 5168 3695 5221 immundorum

2118 5261 2402 5331 spirituum
2426 5260 2641 5316 ﬂatibus
2670 5261 2925 5330 agitatas,
2977 5268 3128 5314 tanta
3157 5259 3459 5314 subtilitate
3489 5258 3700 5312 discur-

2120 5352 2230 5416 rit,
2263 5359 2322 5405 ut
2349 5351 2434 5406 vel
2460 5352 2547 5405 vix
2573 5349 2659 5405 vel
2692 5349 2991 5405 nullatenus
3038 5350 3154 5419 ejus
3181 5350 3353 5420 possit
3380 5349 3483 5403 iter
3505 5349 3700 5416 depre-

2123 5442 2304 5497 hendi.
2331 5439 2464 5495 Nam
2494 5442 2637 5511 quod
2673 5440 2850 5510 aquila
2906 5440 3196 5511 malignum
3236 5441 3447 5493 hostem
3489 5437 3699 5508 signiﬁ»

2124 5542 2211 5589 cet
2262 5541 2490 5588 testatur
2546 5534 2840 5602 propheta;
2871 5532 2963 5604 qui
2993 5535 3108 5588 ait:
3152 5530 3440 5586 Velociores
3478 5530 3695 5600 {uerunt

2123 5634 2476 5697 persecutores
2512 5625 2677 5680 nostri
2728 5626 2921 5696 aquilis
2976 5625 3089 5678 caeli
3133 5622 3347 5695 (Thren.
3372 5622 3473 5695 iv),
3504 5622 3557 5675 id
3586 5627 3695 5685 est,

2124 5717 2370 5775 homines
2392 5717 2485 5785 qui
2512 5731 2609 5771 nos
2646 5718 2912 5786 persecuti
2969 5724 3111 5782 sunt,
3142 5724 3252 5770 tam
3298 5716 3425 5771 saevi
3452 5713 3695 5772 luerunt,

2124 5815 2188 5865 ut
2239 5806 2371 5878 ipsis
2414 5808 2755 5881 daemonibus
2796 5808 3124 5866 crudeliores
3178 5823 3295 5865 esse
3351 5807 3694 5863 viderentur.
