3910 6328
179 357 273 411 ἸΠ

916 354 1275 412 EXPOSITIO
1308 352 1377 409 ΙΝ
1415 350 1802 408 PROVERBIA
1843 349 2252 406 SALOMONIS.
2293 381 2362 390 —
2401 351 2529 405 LIB.
2571 350 2656 405 lll.

3328 350 3428 401 ’278

175 466 330 533 Quod
361 465 584 522 coluber
627 464 901 519 diabolum
931 479 1074 534 Stepe
1120 463 1380 528 insinuet,
1416 471 1472 518 et
1506 463 1561 516 in
1586 461 1744 532 primi
1777 466 1822 522 Α
1856 476 1985 523 rem,
2037 469 2091 513 et
2133 460 2470 514 Iterinaceum
2498 476 2528 515 a
2568 467 2757 515 sancto
2799 456 3122 526 Hieronymo
3164 456 3431 524 interpre-

177 555 414 612 hominis
451 553 886 624 transgressione
943 551 1231 621 probatum
1280 559 1384 614 est,
1412 560 1468 605 et
1513 565 1636 604 cum
1668 549 1750 601 vir

175 647 397 715 sapiens
451 643 650 707 aiebat,
705 642 856 713 quasi
881 659 913 694 a
935 640 1077 709 facie
1106 638 1304 692 colubri
1331 640 1453 708 fuge
1480 646 1748 704 peccatum

1855 560 2047 605 tatum.

1924 636 2116 707 Regem
2165 637 2369 691 locusta
2420 655 2524 690 non
2569 638 2743 702 habet,
2791 645 2841 690 et
2887 635 3154 704 egreditur
3191 650 3434 688 universa

174 734 370 806 (Eccli.
404 733 541 798 ut).
572 731 734 786 Navis
759 744 995 800 quoque,
1034 729 1179 797 quod
1205 728 1479 783 levitatem
1505 725 1753 793 designet
1852 743 1945 796 per
1969 736 2191 780 turmas.
2247 727 2542 781 Locustam
2582 728 2800 795 quidam
2832 727 3074 796 gentium
3101 723 3316 792 plebem
3349 725 3430 776 in-

175 838 368 879 eorum
403 823 496 891 qui
545 819 1002 876 circumferuntur
1047 817 1196 872 omni
1260 824 1420 868 vento
1467 813 1749 874 doctrinae.

1855 821 2242 882 terpretantur,
2288 829 2408 881 qua:
2437 814 2705 883 quondam
2737 814 2857 867 sine
2903 827 3048 882 rege,
3086 812 3138 866 id
3189 823 3273 866 est
3315 812 3433 864 sine

179 916 514 970 demonstrat
563 913 827 982 propheta
856 910 948 978 qui
977 910 1056 964 ait
1085 927 1098 962 :
1128 909 1197 962 Et
1230 906 1505 962 Cltaldwos
1530 906 1584 960 in
1611 902 1755 959 n'avi-
1853 902 2090 972 Christo,
2114 903 2230 957 sine
2252 904 2534 972 pmpheta,
2560 903 2676 957 sine
2704 903 2926 957 doctore
2955 902 3218 964 existens,
3247 916 3352 954 non
3383 901 3436 954 in

176 1005 274 1058 bus
316 1004 427 1057 suis
473 1001 762 1071 gloriantes
790 998 924 1070 (lsa.
959 999 1135 1068 mu),
1179 997 1280 1053 hoc
1307 1005 1414 1058 est,
1448 995 1755 1049 immundos

177 1095 401 1167 spiritus
426 1095 490 1150 de
529 1091 820 1162 fragilitate
848 1098 1008 1159 atque
1049 1087 1400 1143 instabilitate
1432 1086 1626 1140 mentis
1655 1084 1758 1137 hu-

177 1199 354 1240 manm
379 1197 498 1237 sese
520 1175 859 1244 extollentes,
897 1177 945 1234 el
967 1179 1032 1232 de
1063 1177 1210 1232 illius
1236 1177 1392 1229 ruina
1419 1174 1571 1246 quasi
1598 1173 1759 1227 victo—

177 1289 262 1328 res
294 1272 552 1326 laetantes.
586 1269 738 1325 Sicut
767 1285 897 1339 ergo
943 1269 1032 1322 illa
1066 1277 1176 1321 tam
1203 1266 1398 1321 callida
1434 1273 1561 1320 sunt
1589 1273 1648 1317 ut
1677 1265 1758 1316 in—

177 1364 354 1418 veniri
404 1372 696 1434 nequeant,
743 1363 823 1418 sic
848 1361 1183 1424 adolescens,
1212 1359 1304 1427 qui
1345 1358 1488 1411 viam
1517 1355 1761 1410 veritatis

177 1454 443 1520 deseruit,
501 1452 717 1508 diliicile
758 1452 995 1520 cogitatu
1034 1457 1138 1511 est,
1190 1462 1298 1517 quo
1348 1462 1406 1501 se
1451 1461 1546 1515 per
1568 1459 1759 1499 omnes

180 1545 370 1608 horas,
403 1545 456 1598 in
481 1553 614 1612 quot
655 1542 1037 1612 cogitamenta,
1063 1553 1256 1595 vecors
1283 1541 1419 1608 vaga
1445 1543 1625 1589 mente
1675 1533 1763 1587 de-

179 1634 366 1690 clinet.

254 1742 327 1795 Et
354 1741 476 1794 talis
491 1749 568 1794 est
596 1749 644 1794 et
666 1741 749 1795 via
777 1737 1013 1792 mulieris
1027 1737 1302 1800 adulterat,
1316 1749 1432 1804 qua:
1463 1731 1684 1786 comedit
1715 1734 1761 1781 et

177 1832 337 1901 tergit
369 1847 425 1884 os
463 1847 614 1884 suum
642 1839 689 1883 et
725 1831 854 1883 dicit
885 1843 902 1881 :
940 1828 1064 1882 Non

180 1922 458 1977 Adulterze
479 1937 694 1992 quoque
713 1937 890 1987 mens,
916 1921 971 1975 in
1000 1916 1407 1974 similitudinem
1435 1928 1621 1968 eorum
1646 1926 1765 1980 qua:

181 2012 629 2068 commemoravit
646 2011 912 2080 superius,
932 2006 1197 2063 instabilis
1211 2018 1424 2073 semper
1438 2009 1492 2056 et
1506 2014 1637 2071 vaga
1649 2007 1732 2054 est
1747 2015 1762 2063 ;

180 2115 310 2170 quin
343 2100 434 2154 ubi
467 2098 768 2155 admissum
799 2097 1149 2167 turpitudinis
1174 2109 1285 2149 suae
1307 2093 1488 2148 celare
1508 2089 1765 2161 potuerit,

185 2195 350 2259 negat
379 2203 438 2244 se
475 2187 678 2259 aliquid
698 2196 943 2258 patrasse
967 2185 1224 2241 facinoris

259 2296 508 2363 Quatuor
545 2307 667 2352 sunt
695 2298 912 2352 minima
957 2306 1134 2360 terrm,
1169 2305 1220 2350 et
1266 2296 1380 2365 ipsa
1407 2303 1529 2348 sunt
1558 2293 1766 2363 sapien-

185 2387 328 2440 tiora
374 2385 719 2455 sapientibus.
773 2385 1007 2440 Minores
1060 2384 1313 2439 videntur
1358 2384 1412 2437 in
1451 2391 1597 2437 terra
1627 2395 1771 2451 smpe

172 2474 318 2545 justi
375 2490 536 2544 quam
583 2476 821 2545 reprobi,
882 2475 938 2529 id
986 2482 1090 2538 est,
1157 2473 1492 2538 humiliores,
1531 2481 1586 2527 et
1649 2472 1773 2526 huic

191 2566 399 2621 mundo
430 2565 773 2636 abjectiores,
804 2565 900 2620 sed
943 2575 1121 2619 tamen
1146 2564 1505 2633 sapientiores
1533 2572 1658 2618 sunt
1681 2577 1771 2617 sa-

188 2654 469 2724 pientibus
495 2654 702 2719 mundi,
729 2655 783 2708 in
809 2668 878 2709 eo
899 2654 1043 2723 quod
1071 2661 1273 2708 aeterna
1293 2662 1348 2708 et
1369 2653 1610 2708 ctelestia
1632 2653 1775 2707 bona

189 2743 431 2811 sapiunt,
461 2757 526 2798 ac
553 2757 654 2812 pro
686 2743 772 2798 his
802 2743 1139 2813 appetendis,
1171 2757 1292 2812 quae
1322 2741 1397 2796 illi
1420 2757 1526 2796 non
1553 2751 1772 2807 norunt,

190 2832 422 2886 adversa
458 2847 684 2902 quaeque
703 2833 880 2888 muli
919 2831 1134 2887 fortiter
1166 2833 1278 2900 pati
1317 2832 1643 2887 desiderant.

177 2968 185 2974 -
267 2941 552 3008 Formica’,
575 2943 798 3014 populus
825 2944 1066 3012 inﬁrmus
1100 2945 1190 3015 qui
1214 2953 1481 3015 prwparat
1527 2946 1583 2999 in
1611 2961 1773 3000 messe

194 3029 371 3084 cibum
424 3030 541 3103 sibi.
583 3031 651 3086 Et
698 3031 954 3088 Ecclesia:
987 3033 1237 3104 populus,
1292 3042 1355 3088 ut
1401 3032 1770 3090 fortitudinem

195 3118 398 3173 mentis
421 3102 710 3186 custodiat,
763 3122 1038 3176 infirmum
1060 3102 1140 3178 vse
1187 3124 1560 3194 temporaliter
1585 3125 1778 3180 adver-
1809 3131 1853 3193 ρ

188 3208 360 3263 ωτίἰε
412 3210 762 3266 θωνὶεηιίὺιιε
799 3212 1058 3277 ostendit,
1108 3211 1335 3268 Domino
1384 3227 1485 3282 per
1534 3213 1779 3284 Evange-

197 3298 332 3353 iium
369 3299 581 3356 dicente
614 3319 626 3354 :
654 3300 769 3372 Ego
817 3313 992 3356 autem
1042 3302 1160 3356 dico
1215 3303 1355 3357 vobis
1395 3320 1502 3357 non
1541 3305 1780 3359 resistere

199 3390 495 3456 malo;sed
543 3393 590 3445 si
630 3394 745 3462 quis
777 3401 825 3446 te
857 3394 1172 3462 percusserit
1201 3393 1257 3446 in
1301 3393 1518 3447 dextera
1556 3393 1780 3447 maxilla

200 3489 318 3545 tua,
345 3478 515 3550 prabe
533 3480 612 3532 illi
645 3489 693 3534 et
721 3480 940 3534 alteram
964 3479 1181 3550 (Matth.
1218 3479 1295 3551 v).
1330 3479 1432 3547 Qui
1455 3481 1508 3535 in
1538 3480 1640 3534 hac
1668 3479 1776 3533 vita

200 3577 477 3640 praeparat
494 3569 597 3626 sibi
628 3555 834 3625 fructus
861 3571 1124 3625 bonorum
1151 3584 1400 3641 Operam,
1449 3569 1653 3639 quibus
1698 3567 1779 3622 vi-

201 3668 316 3714 tam
344 3665 619 3714 mereatur
643 3658 845 3716 habere
867 3657 1180 3730 perennem.

272 3768 624 3839 Lepusculus,
673 3770 814 3838 plebs
861 3768 1118 3833 invalida,
1173 3768 1263 3837 qui
1313 3765 1533 3822 collocat
1555 3767 1610 3820 in
1636 3775 1784 3837 petra

200 3859 373 3913 cubile
399 3875 574 3912 suum.
607 3860 674 3913 Et
719 3860 808 3914 hic
829 3854 1038 3928 plebem
1082 3857 1339 3912 Ecclesiae
1372 3857 1634 3927 designat,
1663 3871 1784 3924 qua:

202 3951 440 4005 invalida
499 3952 716 4017 dicitur,
750 3951 835 4004 vel
893 3951 1040 4018 quia,
1065 3958 1132 4019 ut
1162 3961 1322 4018 supra
1355 3947 1628 4012 .dlximus,
1655 3960 1784 4000 suas

202 4040 438 4110 injurias
485 4040 673 4096 ulcisci
705 4040 820 4110 ipsa
847 4054 954 4094 non
995 4039 1207 4106 quaerit,
1242 4037 1327 4091 vel
1361 4036 1486 4105 quia
1513 4037 1627 4091 suis
1654 4035 1784 4090 viri-

200 4130 307 4186 bus
345 4129 422 4184 nil
452 4129 639 4194 fidere,
693 4130 787 4185 sed
812 4129 866 4183 in
895 4127 1097 4182 auxilio
1139 4126 1620 4196 Redemptorissui
1643 4124 1786 4181 salu-

202 4227 313 4275 tem
352 4235 576 4288 sperare
610 4219 817 4283 didicit,
863 4220 1046 4274 ethoc
1087 4226 1190 4283 est,
1231 4217 1374 4271 illam
1406 4217 1580 4271 cubile
1613 4216 1664 4270 in
1694 4231 1787 4285 pe-

201 4315 290 4362 tra
328 4307 618 4371 collocare,
656 4307 812 4377 cujus
858 4291 1118 4376 praesidio
1151 4306 1411 4361 adversos
1441 4306 1574 4360 vitet
1599 4305 1783 4360 incur-

200 4412 320 4459 sus,
363 4395 594 4452 Domino
639 4397 854 4452 dicente
906 4413 1029 4452 cum
1063 4397 1349 4451 Psalmista
1379 4415 1391 4450 :
1425 4397 1553 4450 Esto
1580 4397 1704 4450 mihi
1728 4397 1781 4449 in

200 4485 435 4558 lapidem
458 4487 806 4554 fortissimum
833 4497 880 4541 et
915 4488 969 4540 in
991 4486 1206 4540 domum
1234 4486 1512 4550 munitum,
1537 4495 1590 4538 ut
1620 4485 1784 4540 solves

200 4593 307 4642 me,
335 4579 459 4647 quia
483 4587 631 4647 petra
658 4575 774 4632 mea
797 4587 845 4632 et
869 4578 1092 4630 munitio
1142 4593 1258 4630 mea
1309 4587 1364 4630 tu
1387 4594 1458 4630 es.
1490 4577 1596 4631 Pro
1619 4577 1788 4646 lepu-

203 4666 360 4722 sculo
407 4667 629 4735 antiqua
683 4667 967 4722 translatio
1012 4665 1387 4737 chyrogrillum
1449 4669 1650 4741 posuit.
1695 4667 1788 4721 Est

207 4746 390 4812 autem
441 4758 642 4811 animal
693 4758 1008 4826 non'majus
1057 4757 1244 4822 ericio,
1285 4759 1488 4812 habens
1535 4758 1787 4812 similitu-

202 4850 392 4905 dinem
421 4851 589 4923 muris
616 4859 671 4904 et
695 4851 829 4915 ursi,
867 4850 1020 4920 cujus
1051 4850 1105 4902 in
1153 4849 1451 4903 Palaestina:
1478 4849 1788 4919 regionibus

203 4957 406 5012 magna
445 4951 528 4996 est
557 4942 907 5007 abundantia,
959 4956 1278 5010 semperque
1321 4942 1373 4995 in
1401 4927 1653 4995 cavernis
1693 4956 1786 5008 pes

206 5041 423 5088 trarum
459 5045 516 5087 et
563 5043 725 5087 terrae
755 5034 926 5089 foveis
955 5035 1200 5089 habitare
1231 5043 1643 5088 consueverunt.
1685 5033 1788 5088 No-

201 5120 546 5190 tandumque
569 5122 712 5190 quod
737 5122 791 5175 in
817 5123 1028 5192 psalmo
1057 5124 1148 5178 ubi
1201 5139 1297 5178 nos
1328 5123 1592 5188 canimus,
1629 5122 1789 5177 Petra

205 5213 475 5282 refugium
515 5213 826 5283 lterinaceis,
875 5213 930 5266 in
955 5214 1277 5282 quibusdam
1316 5215 1613 5280 codicibus,
1649 5216 1790 5284 lepo-

207 5305 380 5369 ribus,
424 5303 478 5357 in
509 5303 830 5373 quibusdam
887 5291 1216 5375 chyrogrillis
1268 5307 1540 5362 invenitur
1569 5326 1581 5360 :
1608 5309 1701 5362 sed
1732 5319 1788 5363 et

208 5393 264 5448 in
301 5394 406 5448 hac
434 5391 740 5448 Salomonis
768 5395 1034 5448 sententia
1065 5397 1308 5464 quaedam
1332 5398 1661 5467 exemplaria
1687 5416 1783 5468 pro

208 5481 479 5552 lepuscqu
520 5483 852 5537 lterinaceum
892 5484 1109 5538 habent.
1152 5483 1286 5538 Nam
1321 5495 1378 5540 et
1414 5486 1467 5539 in
1508 5486 1643 5542 libro
1682 5486 1785 5541 lle-

207 5572 478 5626 brzeorum
535 5570 822 5625 Nominum
866 5573 1166 5626 invenimus
1205 5572 1346 5628 idem
1388 5557 1619 5630 verbum
1681 5574 1783 5630 lle-

209 5663 412 5717 hrxum
442 5661 665 5731 saplmn,
701 5663 751 5714 in
774 5653 1028 5732 lercmia,
1059 5671 1114 5719 ct
1139 5663 1532 5735 chyrogrillum,
1557 5673 1612 5723 et
1639 5664 1779 5735 lepo-

493 5755 768 5814 PATROL.
813 5756 973 5818 CXI.

1856 989 2116 1041 unitatem
2167 989 2292 1043 fidei
2345 1000 2673 1060 congregata
2729 990 2797 1044 ad
2855 990 3158 1058 spiritalem
3203 1004 3441 1059 pugnam

1857 1086 2046 1138 contra
2075 1077 2349 1132 diabolum
2395 1087 2671 1148 pr0perat.
2708 1079 2894 1132 Potest
2937 1087 3121 1132 autem
3149 1078 3204 1131 in
3233 1078 3437 1132 locusta

1857 1168 2309 1223 anachoretarum
2363 1184 2592 1224 concors
2654 1170 2834 1223 unitas
2886 1169 3080 1236 accipi,
3137 1182 3259 1236 qua:
3311 1183 3434 1222 cum

1854 1257 2079 1331 homine
2104 1267 2438 1328 praeceptore
2467 1258 2612 1312 nullo
2657 1260 2710 1311 in
2757 1259 2872 1312 suis
2910 1258 3147 1313 latibulis
3201 1266 3441 1327 regatur,

1861 1346 2185 1418 infatigabili
2217 1357 2398 1403 tamen
2446 1350 2704 1403 instantia
2760 1350 2815 1401 in
2866 1349 2981 1402 suis
3039 1362 3264 1416 quaeque
3311 1347 3447 1401 locis

1861 1434 2083 1490 Christo
2113 1437 2368 1500 militare,
2397 1446 2452 1491 et
2492 1437 2632 1491 male
2660 1438 2978 1506 pullulantia
3014 1437 3323 1491 carnalium
3350 1452 3450 1492 vo-

1863 1524 2128 1594 luptatum
2157 1528 2402 1596 germina
2425 1528 2709 1582 consuevit
2736 1529 3043 1583 absumere.

1934 1614 2116 1670 Stellio
2143 1617 2383 1670 manibus
2408 1617 2615 1682 nititur,
2645 1627 2693 1670 et
2718 1629 2958 1671 moratur
2979 1619 3033 1672 in
3061 1619 3259 1672 aedibus
3290 1620 3445 1688 regis.

1865 1702 2053 1757 Stellio
2102 1704 2192 1771 qui
2253 1704 2502 1760 manibus
2554 1705 2766 1770 nititur,
2817 1707 2945 1774 quia
2995 1707 3254 1760 nimirum
3308 1707 3447 1772 alas,

1112 1789 1228 1881 ,um
1269 1789 1484 1894 o'p'emm
1536 1819 1756 1874 malum,
1789 1797 1836 1854 Β
1864 1793 2060 1862 quibus
2084 1789 2314 1858 feratur,
2343 1809 2450 1848 non
2478 1795 2664 1859 habet,
2692 1804 2748 1849 et
2784 1803 3031 1850 moratur
3052 1795 3106 1850 in
3131 1796 3338 1851 aedibus
3362 1811 3451 1851 re-

1871 1884 1973 1953 gis,
2006 1883 2224 1953 illorum
2279 1885 2551 1956 significat
2594 1886 2977 1955 humilitatem,
3025 1887 3119 1957 qui
3168 1901 3293 1942 cum
3341 1886 3454 1941 sint

1862 1976 2020 2044 juxta
2049 1984 2300 2030 naturam
2355 1977 2496 2031 tardi
2543 1975 2776 2047 ingenio,
2821 1977 3038 2033 solertia
3089 1989 3266 2033 tamen
3297 1976 3454 2055 indu-

1871 2065 2019 2119 striae
2065 2080 2199 2128 sute,
2252 2064 2337 2120 vel
2387 2067 2456 2120 ad
2503 2065 2809 2120 divinarum
2848 2065 3096 2120 notitiam
3136 2065 3452 2135 Scriptura-

1874 2169 1995 2208 rum
2022 2154 2106 2209 vel
2136 2155 2204 2210 ad
2230 2153 2492 2210 virtutum
2523 2156 2774 2225 gratiam,
2806 2156 3008 2228 quibus
3030 2157 3331 2227 ingressum
3364 2170 3453 2211 re-

1871 2241 2221 2313 gniﬁcosiestis
2240 2253 2576 2311 mereantur,
2599 2245 2889 2316 attingunt.
2906 2245 3231 2316 Plerumque
3246 2246 3447 2301 etenim

1873 2353 2001 2393 aves
2024 2353 2161 2408 quas
2188 2340 2256 2395 ad
2281 2340 2573 2395 vorandum
2622 2356 2798 2412 penna
2830 2343 3075 2398 sublevat
3111 2343 3165 2397 in
3195 2329 3450 2412 vepribus

1877 2428 2135 2493 resident,
2170 2439 2225 2483 et
2250 2430 2452 2496 stellio,
2484 2431 2576 2501 qui
2623 2433 2692 2486 ad
2722 2432 2961 2488 volatum
2986 2449 3192 2503 pennas
3220 2449 3327 2489 non
3352 2435 3452 2490 ha-

1876 2517 1989 2583 bet,
2014 2518 2196 2573 nitens
2215 2519 2486 2585 manibus,
2516 2520 2662 2591 regis
2691 2516 2976 2576 aedilicium
3004 2531 3170 2576 tenet.
3203 2523 3340 2588 Quia
3371 2526 3455 2576 nis

1878 2608 2078 2662 mirum
2100 2622 2242 2678 saepe
2265 2609 2533 2680 ingeniosi
2567 2609 2768 2679 quique
2796 2610 2924 2664 dum
2949 2624 3046 2678 per
3073 2609 3452 2681 negligentiam

1879 2705 2114 2767 torpent,
2145 2698 2201 2752 in
2255 2699 2441 2768 pravis
2494 2699 2705 2754 actibus
2747 2707 3159 2775 remanent,et
3183 2698 3459 2768 simplices

1879 2805 2015 2860 quos
2036 2790 2236 2860 ingenii
2258 2805 2434 2867 penna
2464 2806 2569 2845 non
2611 2789 2830 2863 adjuvat
2855 2792 2924 2846 ad
2951 2790 3245 2846 obtinenda
3267 2791 3458 2846 aeterni

1881 2879 2036 2949 regni
2063 2880 2266 2942 moenia
2298 2880 2473 2935 virtus
2495 2881 2832 2950 operationis
2856 2880 3020 2935 levat.

1955 2969 2080 3023 Tria
2093 2979 2212 3039 sunt
2224 2987 2342 3042 qua:
2355 2969 2480 3025 bene
2489 2971 2827 3042 gradiuntur,
2841 2982 2889 3025 et
2903 2981 3148 3042 quartum
3166 2976 3303 3042 quod
3319 2975 3461 3026 ince-

1883 3058 1958 3113 dit
1981 3059 2204 3128 felics'ter
2216 3076 2234 3113 :
2251 3061 2352 3126 leo,
2375 3061 2690 3130 fortissimus
2707 3063 3009 3128 bestiarum,
3023 3063 3094 3116 ad
3108 3063 3303 3116 nullius
3313 3072 3464 3132 pavet

1887 3165 2206 3216 occursum;
2235 3149 2408 3221 gallus
2450 3152 2746 3205 succinctus
2795 3151 3050 3218 lumbos;
3091 3163 3138 3206 et
3167 3154 3348 3217 aries;
3372 3169 3466 3207 nec

1881 3247 1958 3292 est
1983 3255 2076 3292 rex
2102 3241 2192 3308 qui
2246 3242 2452 3295 resistat
2479 3241 2548 3294 ei.
2579 3241 2699 3310 ipse
2738 3242 2840 3297 hoc
2870 3242 2989 3297 loco
3015 3241 3100 3298 leo
3127 3243 3368 3312 ponitur,
3397 3243 3465 3297 de

1881 3342 1990 3396 quo
2016 3329 2283 3399 scriptum
2308 3337 2392 3384 est
2425 3348 2439 3383 :
2485 3329 2618 3384 Vicit
2643 3331 2724 3385 leo
2758 3332 2826 3385 de
2853 3333 2991 3385 tribu
3021 3331 3166 3387 Juda
3189 3349 3209 3398 ,'
3233 3333 3326 3404 qui
3356 3333 3467 3388 for-

1887 3416 2134 3471 tissimus
2163 3418 2460 3473 bestiarum
2483 3418 2704 3485 dicitur,
2731 3422 2862 3490 quia
2885 3423 2939 3476 in
2964 3422 3056 3477 lllo
3087 3423 3190 3477 hoc
3217 3424 3360 3493 quod
3385 3425 3468 3477 in-

1883 3506 2102 3561 firmum
2127 3517 2216 3563 est
2236 3509 2353 3574 Dei,
2384 3509 2581 3565 fortius
2623 3523 2708 3566 εει
2753 3511 3082 3566 hominibus.
3120 3512 3222 3579 Qui
3251 3512 3320 3566 ad
3348 3511 3468 3565 nul-

1881 3598 1985 3651 tius
2009 3607 2160 3667 pavet
2189 3616 2507 3666 occursum;
2532 3601 2834 3656 dicitenim
2862 3617 2878 3656 :
2924 3601 3071 3658 Venit
3096 3605 3338 3674 princeps
3368 3606 3469 3658 ltu-

1875 3687 1970 3756 jus
1992 3689 2174 3742 mundi
2196 3699 2244 3742 et
2266 3691 2321 3742 in
2341 3706 2422 3744 me
2447 3706 2550 3744 non
2594 3691 2746 3744 habet
2775 3693 3061 3763 quidquam
3115 3692 3299 3764 (Joan.
3329 3695 3465 3764 XIV).

1884 3773 2163 3840 —Gallus
2219 3779 2516 3834 succinctus
2573 3778 2796 3845 lumbos,
2832 3782 2886 3836 id
2923 3791 3026 3848 est,
3084 3783 3471 3852 praedicatores

1885 3867 2061 3922 sancti
2095 3867 2238 3922 inter
2260 3867 2423 3944 hujus
2451 3869 2628 3923 noctis
2678 3871 2930 3925 tenebras
2956 3887 3130 3926 verum
3155 3888 3306 3925 mane
3328 3889 3469 3927 nun-

1885 3956 2075 4010 tiantes
2101 3972 2120 4020 ;
2153 3957 2244 4031 qui
2276 3958 2539 4034 succincti
2559 3958 2771 4014 lumbos
2799 3967 2946 4025 sunt,
2973 3962 3100 4030 quia
3131 3971 3186 4015 et
3213 3963 3473 4037 membris

1888 4048 2003 4102 suis
2029 4046 2256 4102 luxuria:
2278 4047 2424 4103 fluxa
2468 4050 2822 4120 restningunt.
2859 4050 2929 4104 Et
2957 4053 3094 4105 aries
3119 4067 3139 4106 :
3161 4068 3253 4106 nec
3277 4064 3353 4106 est
3379 4069 3472 4107 res:
3505 4090 3516 4103 ε

1885 4135 1976 4209 qui
2012 4141 2217 4194 resistat
2247 4141 2315 4194 ei.
2342 4141 2514 4213 Quem
2551 4141 2714 4196 alium
2758 4145 2862 4197 hoc
2893 4144 3029 4198 loco
3073 4145 3295 4200 arietem
3327 4147 3473 4219 acci-

1886 4230 2066 4299 pimus
2091 4269 2106 4293 ,
2145 4229 2248 4284 nisi
2283 4232 2521 4299 primum
2550 4231 2693 4286 intra
2745 4231 3044 4288 Ecclesiam
3095 4234 3339 4290 ordinem
3385 4250 3470 4290 sa-

1889 4319 2175 4373 Ccrdotum
2199 4320 2221 4372 ?
2246 4321 2312 4374 de
2336 4321 2533 4389 quibus
2561 4321 2824 4390 scriptum
2851 4331 2937 4378 est
2970 4340 2982 4376 :
3017 4323 3216 4392 Aﬂ’erte
3248 4323 3471 4379 Domino

1891 4411 2030 4479 filios
2054 4413 2279 4465 arietum
2333 4412 2508 4483 (Psal.
2557 4415 2772 4483 xxvm).
2821 4414 2924 4480 Qui
2955 4429 3052 4483 per
3100 4416 3342 4484 exempla
3373 4431 3466 4469 sua

1891 4501 2230 4570 gradientem
2286 4504 2544 4573 p0pulum
2598 4505 2752 4573 quasi
2812 4507 3232 4574 subsequentem
3285 4508 3464 4562 ovium

1894 4607 2117 4663 gregem
2150 4595 2395 4659 trahunt,
2420 4597 2616 4664 quibus
2664 4597 2982 4665 spiritaliter
3009 4608 3260 4669 recteque
3287 4601 3463 4656 viven-

1886 4682 2059 4746 tibus,
2088 4683 2265 4738 nullus
2301 4701 2398 4739 rex
2426 4686 2623 4740 sullicit
2653 4689 2875 4747 omnino
2903 4690 3177 4755 resistere,
3203 4691 3327 4760 quia
3357 4693 3464 4746 cui-

1895 4771 2025 4828 libet
2047 4782 2369 4842 persecutor
2393 4775 2595 4841 obviet,
2641 4777 2996 4832 intentionem
3022 4793 3209 4833 eorum
3251 4794 3356 4832 non
3386 4796 3463 4833 va-

1893 4862 1968 4915 let
1987 4863 2306 4930 pnepedire.
2337 4864 2403 4917 Et
2428 4866 2555 4933 quia
2585 4876 2708 4934 post
2736 4867 2850 4920 haec
2884 4876 3063 4922 autem
3108 4867 3471 4924 Antichristus

1893 4953 2196 5020 apparebit,
2235 4953 2340 5007 hoc
2363 4964 2623 5021 quartum‘
2644 4957 2824 5010 subdit
2849 4953 3032 5012 dicens
3061 4977 3074 5011 :

1964 5041 2056 5094 Est
2084 5043 2174 5108 qui
2210 5043 2399 5098 stultus
2427 5045 2669 5113 apparuit
2692 5056 2965 5114 postquam
2991 5047 3157 5100 elatus
3190 5057 3264 5100 est
3296 5064 3348 5100 m
3386 5065 3468 5100 su-

1892 5134 2084 5192 blime:
2120 5133 2167 5187 si
2196 5136 2334 5188 enim
2378 5136 2734 5202 intellean'sset,
2768 5140 2848 5192 ori
2876 5140 3202 5208 imposuisset
3235 5156 3470 5193 manum.

1892 5224 2009 5294 Ipse
2035 5226 2230 5294 quippe
2257 5226 2310 5280 in
2344 5226 2571 5281 sublime
2597 5228 2896 5283 elevabitur
2923 5245 3044 5283 cum
3065 5230 3233 5284 Deum
3262 5245 3320 5284 se
3349 5244 3470 5283 esse

1897 5313 2208 5367 mentietur.
2235 5314 2339 5369 Sed
2360 5315 2604 5371 elevatus
2625 5318 2676 5371 in
2700 5317 2930 5372 sublime
2954 5318 3148 5372 stultus
3167 5318 3474 5387 apparebit,

1899 5402 2025 5470 quia
2054 5402 2106 5455 in
2139 5403 2252 5472 ipsa
2280 5404 2514 5459 elatione
2537 5420 2634 5460 sua
2673 5421 2771 5476 per
2795 5407 3082 5461 adventum
3115 5407 3228 5460 veri
3263 5406 3466 5460 deficit.

1900 5492 2053 5556 Quod
2079 5493 2124 5545 si
2148 5492 2499 5557 intellexisset,
2531 5497 2612 5548 ori
2639 5497 2963 5566 imposuisset
3007 5513 3237 5550 manum.
3273 5496 3331 5551 ld
3363 5507 3466 5562 est,

1897 5581 1944 5632 si
1991 5581 2309 5649 supplicium
2362 5598 2548 5647 suum,
2597 5600 2719 5638 cum
2759 5587 3038 5655 superbire
3082 5602 3308 5641 exorsus
3357 5597 3467 5652 est,

1895 5670 2251 5743 praevidisset,
2283 5672 2421 5730 bene
2469 5674 2760 5745 aliquando
2789 5677 3037 5732 conditus
3089 5678 3143 5732 in
3187 5684 3348 5733 tanta:
3379 5676 3459 5746 ia.

2953 5771 3028 5827 ‘23
