3910 6338
420 332 527 390 779

1064 338 1122 392 Β.
1164 337 1418 394 BABANI
1454 338 1675 395 MAI-illi
1706 337 2028 395 ‘AliClllEP.
2071 342 2377 402 MOGUNT.
2422 347 2705 405 OPERUM
2746 349 2924 406 PARS
2963 349 3048 406 Ill.

3582 339 3702 397 .780

421 446 626 500 tatione
649 446 919 517 superbia:
949 460 1054 501 non
1084 445 1275 502 fuisset
1319 446 1515 503 elatus.
1547 447 1637 504 De
1657 463 1766 518 quo
1798 442 2003 518 rieqoa-
2028 454 2077 515 ‘A
2108 454 2200 508 dat
2224 456 2290 512 ad
2314 456 2568 512 delendos
2599 473 2771 529 reges,
2798 459 2889 528 qui
2919 460 3150 514 terrenis
3175 459 3383 515 deliciis
3410 456 3702 512 hominum

417 552 584 608 quam
612 544 830 592 moveat
872 537 997 606 quia
1035 536 1286 605 superius
1315 536 1520 593 dictum
1543 547 1644 593 est
1664 555 1690 590 ε’
1712 538 2000 605 Quartum,

416 629 560 700 quod
606 629 798 684 incedit
845 627 1087 698 feliciter.
1145 626 1274 682 Tria
1314 627 1515 698 quippe
1555 628 1814 684 incedere
1864 628 2003 683 bene

417 721 579 786 dixit,
609 729 666 775 et
700 727 957 788 quartum
994 717 1227 774 feliciter
1266 738 1281 775 :
1323 735 1430 775 non
1472 722 1619 778 enim
1653 735 1814 776 omne
1861 719 2004 789 quod

419 812 671 878 feliciter,
702 812 877 878 bene;
910 825 1088 881 neque
1129 810 1185 866 in
1206 811 1310 867 hac
1339 812 1450 866 vita
1474 827 1637 868 omne
1655 811 1801 882 quod
1840 809 2002 877 bene,

417 901 684 966 feliciter;
711 915 837 954 nam
864 900 969 966 leo,
999 899 1174 971 gallus
1196 910 1254 956 et
1277 901 1420 956 aries
1441 903 1580 958 bene
1608 902 1883 968 incedunt,
1910 901 2005 957 sed

421 1005 529 1044 non
559 987 932 1054 hicd‘eliciter,
976 988 1104 1059 quia
1140 990 1580 1058 persecutionum
1623 989 1763 1044 bella
1790 989 2006 1058 patiun-

418 1089 539 1145 tur;
575 1088 836 1149 quartum
859 1094 993 1136 vero
1015 1079 1247 1136 feliciter
1269 1089 1457 1136 etnon
1484 1080 1621 1137 bene
1641 1081 1860 1149 incedit,
1879 1080 2005 1151 quia

419 1171 474 1224 in
498 1169 710 1226 fallacia
729 1184 828 1224 sua
853 1169 1224 1225 Antichristus
1242 1170 1509 1242 graditur,
1542 1170 1816 1242 semiusta
1841 1169 2006 1225 breve

422 1269 636 1327 tempus
659 1257 787 1312 vita:
811 1258 1100 1327 praesentis
1117 1258 1353 1330 .ipsa‘llli
1383 1258 2001 1331 fallacia-prosperatum

488 1347 595 1413 Qui
629 1355 810 1401 autent
825 1347 1041 1417 fortiter
1063 1349 1252 1418 premit
1272 1349 1434 1404 ubera
1453 1350 1525 1404 ad
1566 1349 1876 1405 eliciendum
1900 1349 2003 1424 lac,

415 1438 660 1508 exprimit
698 1438 943 1509 butyrum
972 1457 986 1493 :
1017 1449 1066 1494 et
1094 1439 1186 1510 qui
1223 1437 1548 1495 velamenta
1566 1441 1820 1512 emungit,
1865 1440 2005 1495 elicit

417 1531 749 1602 sanguinem.
775 1529 965 1587 Ubera.
991 1529 1210 1587 fortiter
1226 1532 1545 1601 premimus,
1572 1546 1696 1587 cum
1718 1533 1883 1586 verba
1913 1545 2005 1587 sa-

417 1621 721 1693 crieioquii
777 1621 1286 1677 subtili-intellectu
1327 1635 1645 1692 pensamus,
1691 1634 2006 1692 qua.pres-

416 1714 593 1780 sione,
623 1712 753 1768 dum
776 1711 1211 1782 [aequarat-imus,
1237 1713 1492 1782 butyrum
1521 1710 1854 1778 inuenimus,
1878 1711 2005 1783 quia

2105 547 2268 602 corda
2308 548 2627 615 corrumpit,
2665 563 2735 602 ne
2784 549 3027 604 caelestia
3077 550 3218 604 bona
3266 548 3570 617 requirant,
3638 544 3698 597 iu

2104 637 2302 707 quibus
2334 643 2595 706 perpetuo
2632 647 2855 706 possent
2899 652 3128 708 regnare
3152 634 3698 692 cumDomino..Dc~

2105 725 2284 783 lentur
2301 726 2446 781 enim
2462 741 2618 797 reges
2636 741 2734 797 per
2752 727 2988 794 divitias,
3005 729 3226 798 quando
3241 727 3469 797 quilibet
3487 725 3702 782 sumi

2103 816 2248 885 regis
2292 814 2508 884 corpori
2556 815 2779 870 adunati
2825 831 2923 886 per
2979 815 3162 881 fidem,
3205 815 3558 872 nihilominus
3595 829 3703 888 per

2106 898 2399 963 illecebras
2426 905 2610 962 saeculi
2639 913 2922 962 merentur
2945 905 3214 963 eradicari
3237 904 3313 961 de
3329 913 3477 961 terra
3498 905 3702 960 viven-

2103 997 2261 1051 tium.

2176 1083 2306 1139 Noli
2341 1082 2569 1155 regibus,
2609 1099 2641 1137 ο
2672 1083 2922 1149 Lamuel,
2956 1082 3065 1139 noli
3105 1085 3310 1155 regibus
3329 1080 3466 1141 dare
3490 1084 3698 1140 sinunt.

2104 1173 2172 1228 Et
2206 1174 2322 1228 haec
2356 1179 2413 1228 et
2440 1172 2726 1242 sequentia
2759 1181 2950 1244 patent
2989 1173 3142 1244 juxta
3173 1174 3443 1240 litteram;
3492 1174 3704 1247 allego-

2106 1264 2218 1319 rice
2247 1272 2427 1319 autem
2476 1264 2722 1335 praecipit
2752 1279 2822 1319 ne
2854 1264 2984 1320 vino
3007 1304 3024 1331 ,
3069 1263 3124 1319 in
3163 1279 3270 1334 quo
3307 1274 3395 1320 est
3434 1265 3696 1332 luxuria,

2105 1353 2336 1409 inebriet
2379 1361 2592 1410 mentes
2619 1352 2860 1410 ﬁdelium
2882 1393 2900 1422 ,
2945 1355 3040 1426 qui
3085 1363 3214 1411 sunt
3257 1355 3504 1411 membra
3534 1355 3700 1426 regis

2104 1445 2313 1500 aeterni.
3144 1433 3151 1445 “

2179 1533 2318 1600 Quia
2344 1531 2552 1588 nullum
2572 1543 2848 1588 secretum
2876 1542 2952 1590 est
2991 1535 3080 1588 ubi
3105 1543 3285 1604 regnat
3315 1533 3560 1588 ebrietas.
3608 1531 3698 1588 Nil

2106 1625 2174 1680 de
2194 1624 2424 1681 secretis
2452 1623 2766 1681 calestibus
2795 1625 3084 1695 cogitatur,
3112 1625 3203 1679 ubi
3230 1632 3421 1694 regnat
3446 1623 3698 1693 voluptas

2106 1713 2366 1780 carnalis,
2394 1713 2491 1770 sed
2521 1727 2588 1770 ea
2616 1720 2828 1768 tantum
2865 1713 3110 1769 carnales
3149 1728 3270 1783 qua:
3302 1721 3431 1768 sunt
3461 1713 3698 1769 visibilis

414 1803 545 1858 dum
575 1802 772 1858 nutriri
787 1802 886 1857 avel
915 1781 1078 1858 tenui
1109 1781 1387 1858 intellectu
1428 1801 1724 1871 quaerimus
1757 1781 2006 1857 ubertate
2031 1781 2081 1842 Β
2107 1809 2406 1858 sectantur.

417 1897 648 1949 internae
675 1891 1025 1965 piuguedinis
1065 1891 1340 1962 ungimur,
1382 1889 1528 1961 quod
1554 1904 1656 1946 nec
1695 1889 1860 1945 nimie
1903 1903 2006 1946 nec

418 1991 634 2054 semper
657 1983 927 2054 agendum
953 1972 1058 2047 est,
1084 1994 1154 2036 ne
1176 1981 1306 2036 dum
1330 1981 1416 2036 lac
1440 1980 1731 2052 adseritur,
1776 1980 1847 2036 ab
1873 1980 2006 2036 ube-

419 2073 572 2130 ribus
598 2071 819 2144 sanguis
853 2078 1146 2142 sequatur,
1175 2069 1304 2140 quia
1338 2069 1469 2124 dum
1509 2070 1676 2125 verba
1705 2068 1864 2124 sacri
1893 2068 2007 2124 elo-

415 2163 529 2234 quii
563 2162 849 2234 plusquam
883 2160 1086 2217 debent
1110 2160 1433 2226 discutiunt,
1457 2158 1511 2214 in
1542 2158 1816 2216 carnalem
1841 2158 2008 2215 intel-

421 2253 624 2310 lectum
673 2252 904 2318 cadunt;
950 2249 1268 2321 sanguinem
1321 2252 1469 2306 enim
1513 2250 1662 2306 elicit
1711 2249 1803 2320 qui
1843 2249 2011 2305 vehe-

2177 1889 2262 1947 Ne
2286 1890 2423 1961 {orte
2450 1889 2590 1945 bibat
2613 1889 3026 1946 et-oblioiscatur
3059 1890 3392 1961 judiciorum
3433 1899 3484 1944 et
3514 1899 3698 1944 .mutet

2105 1997 2322 2036 causam
2343 1979 2598 2049 filiorum
2637 1981 2904 2052 pauperis.
2940 1979 3018 2036 Ne
3045 1982 3278 2037 terrenis
3303 1981 3552 2036 ebriatus
3575 1980 3697 2036 ille-

2105 2070 2288 2126 cebris
2329 2071 2682 2129 obliviscatur
2727 2087 3026 2142 pauperum
3074 2073 3300 2137 Christi,
3336 2073 3428 2142 qui
3473 2082 3533 2127 et
3565 2072 3700 2141 ipse

2108 2176 2312 2232 pauper
2325 2169 2423 2216 est
2445 2159 2621 2216 factus
2648 2175 2747 2231 pro
2770 2161 2946 2216 nobis.
3553 2159 3559 2168 ’

2179 2249 2314 2305 Date
2340 2250 2566 2306 siceram
2590 2249 2926 2304 merentibus
2968 2257 3018 2304 et
3060 2249 3235 2305 vinum
3273 2249 3355 2303 liis
3393 2250 3486 2320 qui
3512 2263 3699 2305 amato

417 2349 630 2399 menter
653 2342 918 2413 emungit,
947 2342 1074 2412 quia
1101 2341 1325 2396 carnale
1357 2340 1591 2397 eliicitur
1619 2340 1732 2397 hoc
1756 2340 1903 2412 quod
1938 2354 2008 2398 es
2098 2350 2230 2396 sunt
2258 2338 3067 2410 animo:bibanl,egestatissua:
3085 2350 3136 2394 et
3154 2340 3360 2395 doloris
3385 2356 3494 2394 non
3524 2355 3701 2394 recor-

417 2433 584 2487 nimia
614 2431 840 2504 spiritus
868 2430 1488 2488 discursione‘sentitur.

493 2521 563 2577 Et
609 2523 702 2592 qui
741 2531 990 2593 prouocat
1017 2523 1164 2587 iras,
1215 2521 1459 2592 producit
1493 2523 1811 2578 discordias.
1866 2520 2008 2590 Quid

415 2615 756 2684 praecedente
786 2612 1041 2686 parabola
1067 2611 1226 2682 juxta
1249 2612 1502 2669 litteram.
1519 2612 1856 2684 signiﬁcaret
1883 2626 2011 2683 ape-

415 2703 509 2769 rit,
537 2702 665 2774 quia
689 2703 783 2773 qui
827 2701 1074 2757 modesto
1093 2715 1351 2758 sermone
1369 2703 1708 2772 .proximum
1736 2702 2005 2759 allocutus

414 2803 630 2866 gratum
658 2792 858 2864 accipit
897 2806 1238 2863 responsum,
1260 2791 1417 2862 quasi
1443 2792 1511 2848 de
1533 2791 1792 2848 uberibus
1812 2791 1866 2848 in
1888 2793 2011 2863 qui-

418 2883 521 2938 bus
549 2883 632 2938 lac
663 2881 943 2952 quaerebat
988 2881 1247 2952 butyrum
1287 2881 1567 2951 exprimit.
1595 2879 1668 2935 At
1699 2881 1794 2951 qui
1823 2881 2007 2952 inepto

418 2971 588 3028 verbo
614 2970 752 3026 iram
779 2968 1218 3039 discordiamque
1252 2969 1493 3025 fraterno
1520 2983 1588 3026 ex
1625 2969 1791 3026 corde
1815 2983 2010 3040 provo-

2107 2431 2299 2485 dentur
2321 2429 2570 2500 amplius.
2601 2428 2845 2486 Siceram
2875 2439 2948 2486 .et
2987 2430 3172 2484 vinum
3200 2431 3304 2486 hoc
3347 2442 3464 2486 loco
3500 2429 3702 2500 sempi—

2111 2531 2321 2577 ternam
2352 2503 2548 2576 divinae
2593 2520 2870 2593 sapientia:
2899 2521 3323 2577 conudationem
3351 2521 3533 2586 dicit,
3581 2535 3703 2592 qua

2111 2610 2220 2668 illis
2247 2617 2335 2667 est
2359 2611 2666 2667 exhibenda
2693 2611 2949 2668 cordibus
2975 2613 3175 2683 quain
3202 2611 3404 2668 inlimis
3423 2611 3701 2667 consolari

2110 2698 2404 2771 refugiunt,
2437 2706 2493 2754 et
2529 2699 2792 2769 quidquid
2836 2700 3073 2757 occurrit
3111 2699 3452 2771 inpmsenti
3493 2714 3704 2756 amans

2107 2791 2292 2848 animo
2323 2790 2646 2862 suscipiunt,
2673 2791 2826 2858 solis,
2850 2805 2975 2862 quae
2995 2789 3706 2860 nondum-vident,gaudiis

2105 2883 2424 2940 cmicstibus
2461 2889 2578 2939 tota
2626 2889 2809 2937 mente
2856 2881 3207 2948 inhzereutes,
3231 2879 3389 2950 juxta
3427 2893 3568 2936 .eum
3606 2879 3704 2950 qui

2106 2974 2242 3031 dixit
2294 2987 2312 3029 :
2374 2971 2595 3044 Negavit
2669 2971 2935 3032 consolari
3002 2972 3183 3027 anima
3233 2987 3365 3026 -mea
3419 2982 3441 3024 :
3492 2985 3707 3026 memor

417 3071 508 3118 cat
533 3061 690 3173 quasi
722 3061 884 3164 ultra.
910 3058 1130 3115 modum
1151 3073 1452 3130 emungens
1489 3060 1654 3115 ubera
1682 3057 2000 3131 sanguinem
2031 3109 2078 3173 C
2109 3063 2210 3134 fuit
2255 3063 2394 3173 Deil,
2435 3073 2483 3117 et
2533 3060 2844 3173 delectata:
2872 3078 3034 3173 sum;
3066 3061 3210 3164 item
3240 3101 3256 3128 ,
3288 3061 3425 3116 .date

417 3170 519 3225 pro
549 3153 689 3211 lacte
709 3151 934 3224 reperit.

979 3238 1208 3298 CAPUT
1259 3237 1452 3296 XXXI.

493 3348 668 3390 VEIBA
706 3345 972 3389 ιιιωιιιδ
1004 3344 1179 3384 83618.
1217 3343 1360 3384 γιειο
1387 3343 1500 3392 θυι
1537 3338 1795 3384 BIUBIVIT
1828 3342 1938 3384 ιυι

1043 3414 1227 3455 ΙΔΤΕΙ
1261 3413 1356 3454 WA
1365 3436 1382 3454 ο

492 3511 720 3570 Lamuel
742 3511 1157 3581 interpretatur,
1184 3509 1242 3564 in
1283 3525 1386 3580 quo
1415 3507 1578 3575 Deus,
1605 3517 1663 3564 et
1692 3507 1806 3580 ipse
1827 3517 1912 3565 est
1942 3509 2013 3567 de

421 3618 531 3674 quo
549 3617 736 3673 supra,
765 3601 956 3657 eodem
983 3597 1204 3656 nomine
1235 3598 1290 3654 in
1318 3597 1573 3654 Latinum
1600 3613 1786 3664 verso,
1815 3599 2012 3655 dicitur

424 3691 580 3766 visio,
601 3690 729 3760 quia
754 3689 1077 3744 locutusest
1099 3701 1224 3742 cum
1253 3701 1363 3757 quo
1393 3695 1480 3743 est
1506 3687 1670 3742 Deus.
1715 3686 1887 3742 Mater
1916 3703 2013 3742 au-

424 3793 534 3840 tem
565 3797 686 3853 quae
713 3782 856 3836 banc
876 3794 1003 3836 eum
1031 3777 1298 3834 visionem
1319 3778 1524 3844 docuit,
1557 3792 1662 3833 non
1688 3777 1794 3833 alia
1821 3777 2013 3833 melius

423 3887 588 3944 quam
619 3871 805 3927 divina
835 3869 1011 3941 gratia
1041 3867 1364 3937 intelligitur
1392 3906 1409 3933 ,
1439 3881 1560 3936 qua
1590 3865 1739 3921 illum
1771 3867 1823 3922 in
1847 3868 2013 3924 corde

426 3960 773 4016 invisibiliter
799 3957 1038 4015 erudivit
1063 3955 1344 4012 intellectu
1366 3956 1664 4028 sapientiae,
1692 3971 1854 4026 quam
1879 3955 2013 4012 foris

424 4049 739 4108 hominibus
787 4049 902 4119 ipse
935 4045 1312 4112 ministraret;
1368 4045 1618 4116 quamvis
1650 4053 1707 4099 et
1739 4045 1855 4115 ipsa
1886 4060 2010 4101 car-

424 4141 564 4196 nalis
598 4148 777 4195 mater
813 4135 1122 4193 Salomonis
1151 4135 1268 4191 haec
1300 4148 1425 4189 eum
1451 4133 1737 4205 parvulum
1763 4134 2012 4190 docuisse

424 4239 574 4286 recte
596 4227 770 4300 possit
794 4225 1019 4295 intelligi
1043 4240 1058 4278 :
1085 4238 1207 4294 qua:
1229 4223 1447 4294 quidem
1471 4223 1610 4294 ipse,
1635 4223 1761 4292 quia
1796 4223 2013 4292 sapien-

426 4331 514 4375 ter
530 4319 674 4374 dicta
702 4315 1041 4386 cognoverit,
1069 4313 1219 4382 operi
1246 4312 1639 4368 Parabolarum
1674 4327 1899 4369 suarum
1923 4312 2012 4369 in-

423 4408 574 4464 ferre
595 4405 858 4470 voluerit;
893 4414 950 4459 et
990 4402 1111 4460 ideo
1156 4409 1304 4457 recte
1344 4409 1629 4471 postquam
1679 4401 1885 4458 dictum
1923 4408 2010 4459 est

426 4501 480 4554 in
513 4497 669 4554 titulo
695 4468 851 4552 verba
881 4491 1150 4549 Lamuelis
1171 4491 1328 4562 regis,
1345 4468 1590 4546 additum
1615 4499 1703 4547 est
1727 4491 2007 4559 continuo,
2033 4468 2090 4530 Ῑ)

424 4591 555 4646 uisio
574 4604 680 4659 qua
699 4585 923 4641 erudivit
941 4598 1061 4639 eum
1079 4591 1248 4636 mater
1267 4597 1386 4636 sua.
1401 4578 1540 4647 Quia
1559 4595 1683 4636 cum
1704 4579 1761 4635 in
1783 4594 2008 4651 regnum

427 4686 625 4734 unctus
648 4676 901 4748 spiritum
922 4672 1202 4743 sapientia:
1227 4671 1501 4743 percepit,
1543 4670 1682 4726 vidit
1721 4671 1778 4725 in
1818 4670 2010 4726 eodem

425 4769 618 4840 spiritu
654 4782 818 4839 quam
846 4765 1146 4838 prudenter
1179 4779 1240 4819 se
1271 4771 1447 4819 mater
1467 4762 1612 4819 bona
1636 4761 1901 4818 docuerit.

502 4859 668 4925 Quid,
697 4857 856 4913 electe
885 4855 978 4920 mi,
1014 4853 1163 4926 quid,
1190 4852 1347 4907 electe
1389 4851 1524 4906 uteri
1544 4852 1666 4906 mei.
1701 4849 1971 4906 Subaudis
1991 4890 2008 4916 ,

429 4948 561 5018 quid
589 4947 684 5000 tibi
705 4947 905 5011 dicam,
921 4945 1018 5011 illi,
1039 4943 1159 5014 qui,
1179 4942 1246 4998 de
1268 4949 1425 4997 utero
1449 4955 1570 4997 meo
1589 4949 1782 5007 natus,
1806 4939 2012 4996 electas

430 5051 493 5092 es
519 5036 572 5090 in
605 5048 848 5105 regnum.

507 5125 671 5192 Quid,
704 5123 862 5178 electe
898 5131 1134 5177 votorum
1171 5135 1402 5176 meorum
1428 5120 1453 5174 .’
1478 5120 1535 5175 Id
1556 5127 1660 5186 est,
1690 5124 1782 5192 qul
1806 5121 2014 5177 electus

433 5230 496 5270 es
521 5215 574 5268 in
605 5213 710 5268 hoc
737 5211 882 5283 quod
902 5218 1022 5266 tota
1053 5208 1335 5265 devotione
1361 5210 1754 5266 desiderabam.

510 5305 591 5360 Ne
628 5304 834 5359 dederis
880 5301 1187 5356 mulieribus
1243 5301 1588 5356 substantiam
1639 5311 1803 5357 tuam.
1857 5302 2012 5359 Patet

440 5395 635 5450 littera
671 5408 884 5459 sensus,
915 5391 1009 5448 sed
1039 5399 1096 5447 et
1132 5391 1392 5465 virtutum
1419 5401 1729 5446 nostrarum
1755 5393 2014 5449 substan-

437 5485 547 5539 tias
599 5482 1035 5554 corruptionibus
1082 5481 1338 5537 vitiorum
1403 5483 1772 5539 contaminare
1834 5484 2006 5554 probi

435 5576 651 5631 bentur.

508 5662 574 5721 Et
608 5666 817 5724 divitias
846 5674 964 5724 tuas
1002 5666 1070 5721 ad
1113 5665 1359 5724 delendas
1414 5682 1574 5736 reges.
1627 5665 1850 5724 Divitias
1887 5681 2015 5728 suas

2110 3151 2446 3208 tumentibus
2472 3161 2520 3206 et
2551 3151 2728 3208 vinum
2765 3151 2936 3206 bibere
2980 3152 3064 3208 his
3105 3152 3194 3223 qui
3222 3166 3407 3206 amaro
3430 3159 3554 3206 sunt
3578 3151 3702 3204 aui-

2106 3259 2218 3307 mo,
2246 3252 2353 3297 etc.
2378 3240 2474 3296 llis
2495 3241 2587 3311 qui
2603 3298 2610 3304 ,
2618 3255 2718 3310 pro
2737 3241 3073 3312 ptenitudine
3093 3249 3310 3296 actuum
3329 3239 3704 3310 prlstinorum

2111 3345 2349 3388 mmrore
2380 3337 2544 3401 atque
2571 3329 2794 3385 tristitia
2816 3329 3492 3400 deprimuntur,spiritalis
3519 3329 3704 3387 scia-

2113 3420 2202 3476 tia:
2242 3419 2639 3492 jucunditatem
2672 3457 2689 3486 ,
2737 3417 2885 3474 velut
2929 3418 3115 3473 viuum
3149 3417 3293 3488 quod
3325 3417 3571 3473 lzetillcat
3604 3429 3706 3474 ea

2112 3508 2372 3576 hominis,
2404 3506 2692 3563 aﬂluenter
2718 3505 3005 3573 infundite,
3033 3522 3235 3577 eosque
3261 3507 3520 3563 salutaris
3547 3508 3703 3564 verbi

2112 3597 2333 3669 crapula
2359 3596 2620 3661 refovete,
2654 3609 2723 3650 ne
2753 3594 2895 3652 forte
2912 3596 3144 3667 jugitate
3165 3595 3416 3651 maeroris
3454 3610 3522 3651 ac
3543 3595 3703 3651 ιωωιι

2114 3686 2494 3756 desperatione
2521 3684 2778 3750 demersi,
2809 3685 3201 3741 abundautiore
3233 3685 3453 3739 tristitia
3473 3685 3704 3740 abscon-

2114 3777 2338 3842 dantur,
2374 3774 2468 3845 qui
2501 3772 2768 3842 ejusmodi
2789 3782 2942 3829 sunt.

2184 3865 2344 3936 Aperi
2371 3882 2430 3921 os
2457 3877 2606 3920 tuum
2634 3873 2779 3919 muto
2805 3874 2854 3918 et
2879 3865 3058 3919 causis
3087 3864 3331 3919 omnium
3349 3864 3590 3934 ﬁliorum
3611 3867 3704 3938 qui

2112 3965 2498 4028 pertranseunt.
2531 3953 2638 4010 Pro
2675 3968 2840 4010 causa
2866 3967 3161 4024 pauperum
3187 3994 3202 4020 ,
3232 3953 3323 4025 qui
3351 3969 3456 4025 per
3476 3968 3538 4010 se
3559 3954 3704 4025 loqui

2115 4049 2170 4105 in
2206 4047 2418 4119 judicio
2456 4061 2566 4102 non
2603 4045 2819 4112 valent,
2852 4045 2968 4116 ipse
2996 4045 3140 4123 loqui
3169 4053 3443 4099 memento
3465 4084 3484 4110 ,
3523 4053 3579 4098 et
3608 4057 3704 4098 eos

2115 4139 2402 4195 defensare
2432 4145 2644 4202 curato,
2687 4136 2780 4207 qui
2824 4135 3015 4205 patria:
3049 4133 3288 4189 cmlestis
3314 4133 3516 4188 intuitu
3544 4134 3704 4204 hujus

2114 4229 2240 4284 vita:
2264 4229 2410 4283 viam
2433 4227 2588 4282 ocius
2621 4225 2853 4280 transire
2889 4231 3160 4294 satagunt.
3191 4222 3366 4278 Aliter
3388 4237 3452 4278 os
3487 4223 3704 4292 aperire

2115 4328 2267 4378 muto
2292 4317 2553 4391 praecipit,
2597 4314 2794 4386 populo
2831 4315 3070 4385 gentium
3095 4312 3220 4369 ﬁdei
3244 4311 3472 4368 verbum
3502 4312 3700 4382 pradi-

2111 4424 2265 4478 care,
2289 4409 2383 4480 qui
2421 4406 2606 4463 divina
2634 4405 2844 4476 eloquia
2871 4405 3025 4474 prius
3063 4416 3355 4474 personare
3380 4402 3701 4466 nesciebat,

2115 4509 2174 4557 et
2203 4515 2312 4556 non
2340 4504 2552 4555 tantum
2579 4495 2810 4561 iudicis,
2837 4493 2934 4550 sed
2957 4503 3013 4549 et
3041 4491 3250 4549 cunctis
3269 4507 3368 4563 per
3390 4491 3582 4547 orbem
3608 4506 3702 4545 ua-

2117 4589 2354 4647 tionibus
2382 4603 2569 4644 curam
2597 4585 2787 4642 salutis
2808 4584 3141 4654 impendere.

2187 4677 2346 4750 Aperi
2373 4693 2432 4732 os
2458 4686 2630 4741 tuum,
2656 4674 2874 4729 decente
2893 4673 3034 4743 quod
3054 4671 3259 4742 justum
3291 4681 3389 4738 est,
3425 4681 3476 4726 et
3511 4671 3701 4741 judico

2117 4769 2323 4840 inopem
2361 4775 2412 4823 et
2448 4779 2748 4837 pauperem.
2790 4762 2943 4818 Sicut
2985 4761 3041 4816 in
3095 4775 3256 4816 versu
3287 4760 3579 4830 superiore
3603 4775 3703 4830 pro

2115 4872 2281 4915 causa
2309 4866 2368 4913 et
2397 4855 2453 4910 in
2481 4853 2758 4925 ereptione
2779 4849 3032 4922 pauperis
3057 4864 3120 4905 os
3147 4849 3358 4918 aperire
3401 4848 3661 4918 praecepit
3683 4885 3700 4910 ,

2115 4948 2191 5002 ita
2219 4949 2272 5003 in
2298 4948 2404 5004 isto
2428 4947 2602 5017 ipsum
2635 4956 2925 5015 pauperem
2955 4941 3046 4996 ubi
3071 4939 3356 5004 erraverit,
3390 4938 3540 5008 iuste
3581 4953 3703 4994 cas—

2117 5040 2288 5110 tigare
2325 5053 2390 5094 ac
2409 5037 2658 5107 judicare
2684 5035 2959 5090 admonet.
3007 5032 3168 5088 Juxta
3196 5033 3341 5103 quod
3383 5041 3439 5088 et
3487 5033 3700 5103 Moyses

2119 5129 2197 5183 ait
2224 5145 2238 5184 :
2267 5127 2337 5184 Et
2365 5129 2608 5200 pauperis
2638 5127 2691 5178 in
2717 5123 2917 5193 iudicio
2952 5140 3056 5178 non
3111 5123 3436 5178 misereberis
3496 5121 3696 5194 (Exod.

2121 5219 2341 5290 χχχιιι).
2377 5218 2533 5287 Quod
2576 5225 2866 5283 utrumque
2900 5215 3185 5270 Dominum
3213 5212 3395 5269 facere
3433 5214 3700 5283 propheta

2119 5311 2356 5366 insinuat
2378 5310 2564 5365 dicens
2588 5325 2601 5360 :
2627 5306 2730 5361 Sed
2747 5306 3008 5376 iudicabit
3052 5307 3106 5359 in
3125 5305 3340 5375 iustitia
3366 5321 3624 5375 pauperes
3649 5313 3702 5362 et

2120 5409 2302 5471 arguet
2325 5401 2380 5455 in
2407 5399 2649 5468 (equitate
2675 5413 2770 5467 pro
2798 5396 3084 5451 mansuetis
3114 5405 3267 5449 teme
3298 5393 3438 5466 (Isa.
3467 5395 3568 5465 ιι).

2505 5486 2627 5542 Huc
2655 5503 2816 5557 usque
2845 5485 2996 5540 verba
3027 5483 3308 5539 Lamuelis.

2192 5579 2329 5634 Hinc
2347 5577 2777 5648 sapientissimus
2801 5590 2988 5646 regum
3005 5573 3257 5630 Salomon
3283 5575 3472 5632 laudes
3501 5584 3703 5630 sancta:

2122 5668 2376 5726 Ecclesitc
2401 5664 2646 5723 versibus
2668 5665 2877 5736 paucis,
2903 5662 2994 5721 sed
3015 5663 3327 5735 plenissima
3358 5662 3591 5721 veritate
3618 5662 3704 5719 de-
