3910 6338
143 401 230 457 781

877 394 1238 456 EXPOSlTlO
1274 391 1341 449 IN
1376 388 1768 449 PROVERBIA
1814 386 2222 445 SALOMONIS.
2263 419 2329 428 —
2370 387 2496 444 LIB.
2538 387 2620 443 Ill.

3282 385 3385 441 782

142 523 338 575 cantat.
368 515 593 571 Constat
639 529 871 585 namque
916 514 1059 569 idem
1092 525 1310 567 carmen
1348 509 1594 564 versibus
1622 507 1703 561 vi-
1734 514 1779 570 Α
1811 503 1950 558 unde
1990 512 2046 556 ct
2098 502 2386 570 Apostolus
2423 501 2769 558 credentibus
2793 501 2869 556 ait
2898 518 2911 555 :
2946 498 3211 570 Despondi
3244 500 3380 553 enim

141 610 265 682 ginti
293 617 349 664 et
377 608 584 669 duobus
607 606 759 677 juxta
786 607 1030 663 ordinem
1069 603 1316 659 videlicet
1352 601 1704 656 Hebraeorum

143 716 200 756 ac
222 714 510 755 numerum
539 698 858 761 litterarum,
893 697 968 751 ita
993 703 1052 750 ut
1078 693 1276 765 singuli
1316 706 1504 747 versus
1525 706 1555 744 a
1597 689 1707 743 sin-

1809 608 1898 645 uos
1926 590 2015 644 uni
2044 591 2151 643 viro
2176 590 2425 658 virginem
2446 599 2645 645 castam
2666 590 2905 644 exhibere
2927 588 3135 644 Christo
3158 586 3245 658 (II
3260 587 3388 642 Cor.

1808 681 1869 753 I).
1910 680 2065 748 Quod
2092 694 2221 750 ergo
2260 679 2478 744 dicitur,
2509 679 2726 749 conﬁdit
2756 681 2810 733 in
2842 696 2903 734 ea
2930 695 3020 733 cor
3053 678 3151 732 uiri
3172 678 3288 742 sui,
3320 677 3389 731 ab

141 790 274 862 gulis
317 790 512 848 litteris
550 792 829 863 incipiant.
865 787 1030 857 Cujus
1079 786 1269 843 ordine
1314 782 1708 854 perfectissimo
1809 773 2044 826 humana
2090 770 2345 823 nimirum
2388 771 2778 826 consuetudine
2822 776 3055 823 tractum
3082 777 3185 824 est.
3236 767 3391 823 Sicut

144 858 407 951 alphabeti
457 881 633 952 typice
660 858 917 934 vinnuitur
948 892 1107 947 quam
1144 875 1459 945 plenissime
1494 872 1583 925 hic
1625 866 1709 923 vel
1810 864 1953 920 enim
1988 863 2035 916 is
2065 861 2158 952 qui
2198 861 2391 915 fortem
2425 860 2743 930 ﬁdelemque
2764 868 2820 915 et
2839 867 3046 952 castam
3072 858 3238 914 habet
3264 871 3394 913 con-

140 971 328 1051 animze
356 971 618 1041 cujusque
664 969 869 1034 ﬁdelis,
912 967 997 1023 vel
1020 966 1185 1023 totius
1218 976 1385 1018 sacrae
1415 959 1665 1014 Ecclesia:
1692 998 1706 1021 ,

1806 954 2009 1024 jugem,
2027 951 2248 1007 conﬁdit
2270 952 2323 1006 in
2343 966 2407 1006 ea
2432 952 2748 1014 certissime,
2777 951 2902 1021 quia
2925 950 2996 1004 nil
3023 958 3212 1005 contra
3234 964 3390 1004 suam

142 1044 253 1129 qua:
276 1076 340 1115 ex
369 1038 621 1115 omnibus
642 1058 830 1114 electis
853 1056 1136 1111 animabus
1162 1067 1266 1107 una
1292 1050 1590 1121 perﬁcitur,
1615 1061 1708 1102 ca-
1810 1044 2146 1098 voluntatem
2176 1057 2336 1113 agere
2365 1083 2381 1106 ,
2434 1041 2578 1095 nulla
2616 1040 2917 1095 adulterina
2961 1039 3142 1094 saltim
3190 1038 3398 1129 cogita-

144 1150 349 1205 tbolicm
376 1150 604 1204 virtutes
632 1163 696 1204 ac
726 1148 945 1219 praemia
967 1144 1364 1201 describantur.

209 1237 486 1293 Mulierem
517 1238 704 1308 fortem
745 1239 861 1309 quis
897 1237 1117 1293 inueniet
1142 1234 1168 1288 Ζ)
1191 1230 1388 1286 Procul
1413 1238 1460 1283 et
1500 1229 1563 1282 de
1590 1229 1721 1307 ulti:

142 1343 252 1381 mus
275 1327 469 1395 ﬁnibus
511 1328 732 1398 pretium
760 1329 895 1397 ejus.
928 1324 1116 1379 Mulier
1146 1321 1302 1377 fortis
1341 1318 1583 1374 Ecclesia
1622 1333 1712 1372 ca-

144 1417 335 1471 tholica
363 1427 590 1471 vocatur
616 1436 629 1471 :
658 1417 855 1472 mulier
892 1413 1143 1470 videlicet
1170 1427 1291 1482 qure
1314 1409 1585 1480 spiritales
1604 1407 1715 1462 Deo

146 1504 278 1559 ﬁlios
305 1520 370 1560 ex
399 1520 537 1574 aqua
569 1514 625 1561 et
650 1505 857 1575 Spiritu
898 1512 1087 1559 sancto
1133 1502 1355 1573 gignere
1395 1496 1713 1560 consuevit;

146 1595 318 1658 fortis,
343 1595 468 1663 quia
495 1603 687 1650 cuncta
714 1594 897 1649 saeculi
926 1593 1154 1647 adversa
1182 1589 1344 1647 simul
1375 1596 1430 1644 et
1458 1600 1716 1658 prospera

143 1698 237 1753 pro
263 1682 570 1738 conditoris
594 1684 678 1739 sui
726 1682 832 1738 ﬁde
873 1681 1170 1738 contemnit
1199 1698 1212 1734 :
1243 1694 1405 1749 quam
1457 1678 1570 1748 ipse
1600 1716 1617 1743 ,
1661 1676 1715 1730 in

147 1788 312 1829 carne
342 1788 627 1844 apparens,
660 1773 932 1828 inﬁrmam
981 1774 1198 1844 quidem
1234 1771 1459 1836 invenit,
1502 1770 1595 1825 sed
1635 1769 1720 1822 in-

1814 1133 1963 1186 tionc
1992 1132 2163 1200 possit
2184 1131 2518 1196 attaminari,
2548 1140 2741 1186 cuncta
2770 1144 2869 1199 pro
2901 1145 2998 1184 suo
3022 1143 3205 1184 amore
3229 1128 3395 1183 etiam

1816 1223 2039 1277 adversa
2086 1219 2320 1277 libenter
2355 1221 2590 1287 toleret,
2642 1230 2697 1276 et
2750 1234 3100 1291 quoscunque
3138 1208 3400 1275 valet‘ad

1817 1329 1969 1369 suam
1993 1315 2289 1370 amicitiam
2318 1321 2635 1370 convertere
2662 1314 2931 1369 desideret
2955 1331 2966 1367 :
3003 1312 3081 1367 sic
3114 1310 3393 1373 nimirum,

1817 1405 1897 1461 sic
1943 1406 2201 1461 Dominus
2236 1414 2291 1460 et
2322 1405 2651 1474 Redemptor
2687 1410 2873 1457 noster
2918 1402 2970 1456 in
3001 1400 3241 1457 Ecclesia
3269 1414 3400 1454 eon-

1818 1499 1954 1564 ﬁdit,
1989 1497 2141 1552 novit
2162 1498 2306 1552 enim
2337 1497 2589 1567 spiritum
2621 1494 2809 1566 gratia:
2838 1507 2999 1562 quem
3035 1490 3203 1557 dedit,
3248 1489 3403 1546 novit

1818 1590 2072 1646 virtutem
2122 1573 2407 1654 cbaritatis
2454 1602 2615 1656 quam
2663 1587 2780 1656 ejus
2824 1584 3137 1654 praecordiis
3182 1582 3399 1638 infudit.

1816 1680 2050 1749 ideoque
2080 1693 2186 1733 non
2219 1678 2429 1734 dubitat
2455 1691 2578 1731 eam
2612 1690 2718 1731 non
2748 1677 2921 1731 solum
2965 1690 2996 1729 a
3026 1689 3135 1730 suae
3166 1673 3286 1729 ﬁdei
3320 1673 3403 1728 in-

1821 1769 2074 1839 tegritate
2127 1782 2471 1837 nequaquam
2532 1780 2693 1836 posse
2746 1766 3053 1835 corrumpi;
3096 1765 3190 1820 sed
3237 1765 3402 1820 etiam

148 1863 527 1921 ventione'sua
548 1904 564 1930 ,
594 1865 698 1920 boc
718 1872 802 1921 est
820 1865 906 1935 pia
937 1863 1243 1919 visitatione
1266 1902 1281 1928 ,
1324 1860 1519 1916 fortem
1543 1859 1723 1914 reddi-
1749 1854 1798 1915 B
1827 1865 2239 1927 perseveranter
2286 1857 2537 1913 insistere
2572 1864 2633 1911 ut
2673 1855 2855 1926 plures
2888 1855 2956 1911 ad
2996 1854 3234 1924 ejusdem
3277 1854 3402 1910 ﬁdei

141 1955 249 2023 dit;
284 1957 427 2011 unde
452 1962 576 2025 post
600 1954 716 2024 ejus
744 1940 1169 2026 redemptionem
1198 1953 1266 2008 ad
1288 1951 1460 2007 caslos
1488 1950 1724 2013 rediens,

145 2046 394 2116 supernis
440 2045 651 2101 civibus
694 2044 936 2115 gaudens
984 2043 1214 2099 aiebat:
1272 2038 1726 2112 Congratulamini

144 2136 294 2200 milii,
335 2134 459 2205 quia
497 2134 669 2189 inueni
702 2149 844 2188 ovem
868 2150 986 2204 qua:
1020 2133 1245 2203 perierat
1275 2131 1429 2203 (Luc.
1476 2128 1590 2202 xv).
1638 2129 1729 2184 Vi-

147 2222 277 2277 dens
308 2237 435 2292 ergo
464 2220 718 2277 Salomon
763 2236 933 2291 genus
968 2222 1263 2275 humanum
1299 2218 1597 2274 innumeris
1625 2218 1727 2272 im-

145 2313 401 2383 plicatum
451 2312 757 2377 erroribus,
802 2312 1056 2382 quodque
1109 2312 1177 2367 ad
1223 2309 1341 2381 ejus
1373 2310 1725 2365 salvationem

147 2402 323 2457 nullus
358 2403 689 2471 patriarcha,
722 2401 902 2457 nullus
932 2402 1198 2472 propheta
1219 2441 1235 2466 ,
1286 2401 1465 2457 nullus
1505 2400 1727 2457 omnino

144 2493 464 2557 electorum,
488 2501 686 2561 praeter
715 2492 892 2547 solum
924 2492 1278 2547 mediatorem
1334 2492 1429 2547 Dei
1456 2500 1512 2546 et
1548 2490 1727 2546 homi-

148 2596 298 2645 num,
331 2579 628 2647 suﬁiceret,
658 2581 735 2635 ait
768 2601 781 2635 :
811 2580 1086 2637 Mulierem
1108 2582 1295 2651 fortem
1320 2581 1441 2653 quis
1468 2582 1733 2637 inueniet?

148 2667 348 2724 Procul
374 2681 425 2725 et
451 2670 517 2725 de
544 2669 741 2726 ultimis
766 2672 958 2740 ﬁnibus
983 2673 1206 2742 pretium
1225 2672 1377 2741 ejus;
1400 2686 1463 2727 ac
1478 2671 1525 2727 si
1544 2680 1730 2743 aperte

148 2759 385 2814 futuram
444 2759 661 2837 Domini
700 2761 933 2833 gratiam
989 2761 1309 2818 admirando
1354 2769 1725 2832 protestetur;

148 2849 279 2917 Quis
318 2860 486 2906 tanta:
514 2852 749 2916 virtutis,
776 2853 898 2922 quis
926 2853 1049 2908 talis
1073 2861 1158 2909 est
1184 2853 1361 2908 meriti
1386 2893 1402 2920 ,
1431 2853 1525 2924 qui
1552 2853 1620 2908 de
1652 2860 1733 2909 tot

150 2937 448 2994 incredulis
492 2954 556 2995 ac
596 2940 839 3023 scelestis
879 2943 1063 2997 mundi
1101 2942 1409 2998 nationibus
1436 2957 1600 2997 unam
1627 2943 1730 2998 sibi

149 3030 452 3085 electorum
486 3031 789 3087 Ecclesium
836 3044 1127 3106 congreget
1153 3075 1168 3102 ,
1203 3050 1365 3105 quam
1416 3050 1513 3092 sua
1558 3036 1731 3107 gratia

151 3120 349 3179 fortem
392 3130 557 3192 atque
584 3123 1034 3195 inseparabilem,
1061 3126 1477 3182 adversantibus
1520 3127 1732 3182 cunctis

152 3211 372 3268 eﬁiciat.
408 3190 526 3269 Non
552 3214 644 3269 hic
668 3190 816 3271 certe
854 3190 1027 3271 nostri
1062 3214 1277 3281 similis,
1302 3229 1409 3270 non
1444 3222 1630 3270 nostro
1650 3224 1736 3269 est
1762 3190 1806 3252 (ἶ

152 3308 399 3369 tempore
419 3310 705 3366 venturus,
727 3300 821 3358 sed
847 3304 901 3358 in
924 3304 1032 3359 ﬁne
1052 3305 1373 3360 saeculorum
1398 3313 1486 3361 est
1512 3304 1579 3361 de
1600 3305 1737 3361 caelo

153 3387 292 3443 Deus
317 3390 483 3445 homo
508 3390 888 3459 descensurus,
945 3393 1037 3463 qui
1086 3410 1185 3450 nos
1224 3410 1324 3450 sua
1369 3396 1622 3464 passione
1673 3411 1739 3451 ac

154 3470 620 3533 morteredimat.
666 3480 779 3535 Hoc
812 3489 898 3537 est
923 3482 1066 3537 enim
1096 3482 1239 3553 quod
1274 3483 1371 3549 ait,
1400 3483 1585 3554 procul
1606 3492 1654 3537 et
1673 3484 1739 3539 de

153 3563 353 3620 ultimis
400 3566 596 3634 ﬁnibus
626 3570 850 3638 pretium
890 3570 1042 3639 ejus;
1072 3570 1288 3641 procul,
1313 3571 1564 3627 videlicet
1591 3579 1736 3627 statu

155 3654 417 3724 temporis
445 3654 587 3724 quod
617 3670 648 3709 a
678 3656 867 3712 diebus
896 3657 1206 3713 Salomonis
1234 3674 1405 3729 usque
1427 3660 1495 3717 ad
1520 3670 1737 3730 partum

154 3742 396 3814 Virginis
426 3743 724 3813 intererat;
752 3746 818 3800 de
844 3746 1042 3802 ultimis
1064 3756 1244 3803 autem
1273 3748 1467 3817 ﬁnibus
1488 3790 1504 3814 ,
1540 3751 1665 3821 quia
1707 3767 1737 3806 a

150 3846 368 3890 summo
398 3832 539 3889 emlo
565 3834 805 3904 egressio
827 3836 943 3905 ejus
965 3875 982 3901 ,
1012 3837 1104 3906 qui
1132 3852 1241 3893 non
1265 3837 1407 3892 aliud
1432 3852 1532 3905 pro
1554 3848 1740 3894 nostra

152 3922 534 3994 redemptione
568 3923 799 3993 pretium
835 3939 998 3994 quam
1040 3926 1275 3994 seipsum
1324 3926 1539 3980 obtulit.
1587 3927 1740 3985 Unde

152 4009 452 4080 Apostolus
477 4027 489 4062 :
520 4009 647 4075 Qui,
670 4008 862 4080 inquit,
898 4010 1080 4065 dilexit
1107 4028 1201 4066 nos
1222 4020 1269 4065 et
1300 4012 1518 4066 tradidit
1547 4024 1735 4068 semet-

153 4104 321 4172 ipsum
347 4119 448 4173 pro
474 4102 643 4169 nobis,
659 4103 972 4158 oblationem
994 4113 1043 4158 et
1062 4104 1283 4158 hostiam
1311 4103 1419 4158 Deo
1448 4104 1505 4159 in
1530 4106 1740 4161 adorem

154 4193 436 4246 suauitatis
463 4191 679 4262 (Ep/tes.
714 4193 792 4264 v).
822 4191 1082 4260 Quamvis
1107 4201 1163 4248 et
1188 4194 1262 4247 ita
1287 4202 1435 4249 recte
1462 4196 1635 4265 possit
1663 4198 1745 4251 in-

156 4279 325 4351 telligi
352 4281 589 4351 pretium
626 4289 831 4336 sanctas
857 4280 1115 4337 Ecclesia:
1138 4281 1326 4352 procul
1357 4283 1590 4352 positum
1612 4284 1744 4340 fuis-

156 4386 236 4437 se,
262 4373 396 4442 quia
427 4372 729 4427 incarnatio
754 4371 903 4428 verbi
944 4372 1042 4429 Dei
1085 4375 1427 4430 conversatio
1469 4374 1611 4431 inter
1646 4376 1744 4432 bo-

1830 1956 2122 2019 congregct
2165 1948 2448 2003 unitatem.
2504 1947 2618 2003 Hoc
2651 1956 2736 2002 est
2774 1948 2917 2002 enim
2942 1948 3083 2016 quod
3110 1946 3357 2017 sequitur
3382 1985 3399 2011 ,

1828 2049 1875 2094 et
1902 2040 2082 2110 spoliis
2123 2056 2228 2094 non
2255 2039 2503 2110 indigebit
2532 2053 2550 2091 :
2584 2039 2778 2109 spoliat
2824 2040 2970 2094 enim
3002 2038 3276 2095 diabolum
3302 2038 3404 2093 Ec—

1827 2128 2014 2194 clesia,
2046 2144 2169 2184 cum
2198 2144 2296 2198 per
2319 2129 2703 2199 praedicatores
2744 2143 2870 2184 suos
2898 2144 2992 2185 eos
3015 2145 3152 2200 quos
3173 2129 3287 2198 ipse
3310 2129 3404 2184 de-

1828 2228 2049 2290 ceperat
2094 2220 2162 2275 ad
2195 2221 2441 2275 veritatis
2490 2221 2595 2276 iter
2640 2228 2975 2287 revocat,,et
3017 2219 3154 2275 bene
3183 2220 3404 2284 dicitur,

1827 2309 2008 2380 spoliis
2032 2326 2134 2364 non
2166 2310 2441 2381 indigebit,
2468 2311 2595 2380 quia
2630 2326 2906 2381 nunquam
2946 2309 3182 2366 cessabit
3212 2309 3403 2365 Eccle-

1827 2399 1906 2454 sia
1943 2395 2201 2455 biberatas
2229 2414 2259 2454 a
2285 2400 2547 2457 diabolica
2578 2401 2768 2456 fraude
2805 2401 3012 2457 animas
3049 2399 3253 2457 Christi
3281 2400 3407 2457 ﬁdei

1831 2491 2117 2546 restituere
2139 2531 2155 2556 ,
2208 2491 2380 2547 donec
2424 2492 2693 2563 completo
2738 2493 2923 2547 mundi
2968 2508 3129 2548 cursu
3186 2507 3410 2549 suorum

1831 2596 2045 2651 quoque
2085 2580 2351 2653 praeﬁnita
2401 2582 2737 2653 compleatur
2783 2598 2991 2638 summa
3020 2580 3409 2638 membrorum.

1832 2671 2031 2727 Verum
2075 2672 2205 2742 quia
2252 2672 2513 2743 quidquid
2554 2672 2681 2728 boni
2708 2682 2894 2728 sancta
2928 2672 3168 2728 Ecclesia
3192 2671 3277 2728 vel
3298 2673 3408 2727 ani.

1832 2775 1920 2815 ma
1946 2773 2176 2831 quasque
2214 2760 2384 2817 ﬁdelis
2410 2761 2524 2832 agit
2551 2801 2566 2828 ,
2618 2762 2719 2817 hoc
2751 2762 2982 2832 desuper
3011 2761 3231 2832 accipit,
3261 2768 3409 2818 recte

1832 2850 2085 2904 subditur
2114 2868 2125 2903 :

1907 2938 2103 2994 Reddet
2145 2941 2193 2994 ei
2234 2940 2424 2996 bonum
2461 2951 2508 2995 et
2550 2957 2662 2995 non
2707 2940 2907 2996 malum
2948 2943 3187 2997 omnibus
3232 2943 3416 2999 diebus

1833 3028 1952 3082 uitte
1980 3043 2110 3083 sure.
2139 3027 2337 3084 Reddit
2360 3030 2561 3101 quippe
2593 3029 2771 3085 anima
2798 3030 3013 3087 Christo
3033 3033 3231 3088 bonum
3249 3074 3264 3099 ,
3293 3048 3421 3089 cum

1833 3118 2103 3188 perceptis
2134 3118 2203 3173 ab
2244 3132 2311 3174 eo
2338 3119 2465 3174 vita:
2508 3119 2827 3174 muneribus
2870 3128 3015 3176 recte
3062 3121 3295 3179 vivendo
3336 3138 3422 3179 re-

1838 3208 2087 3281 spondet,
2120 3222 2242 3263 cum
2287 3222 2351 3263 ea
2401 3224 2521 3278 qua:
2571 3209 2683 3279 ipsa
2715 3210 2854 3265 scire
2876 3210 2960 3265 vel
3003 3209 3185 3266 facere
3223 3212 3290 3267 ab
3324 3212 3422 3269 illo

1840 3301 2022 3373 adjuta
2083 3302 2261 3371 potuit
2326 3303 2491 3358 etiam
2535 3303 2657 3358 aliis
2712 3304 2965 3361 intimare
3011 3306 3423 3383 satagit.rBeue

1840 3398 2022 3444 autem
2058 3402 2182 3442 cum
2224 3387 2448 3443 dixisset
2474 3388 2651 3443 reddet
2684 3391 2732 3443 ei
2777 3389 2988 3457 bonum,
3036 3391 3284 3460 protinus
3327 3394 3427 3449 ad-

1841 3479 1994 3543 didit,
2027 3487 2074 3531 et
2100 3494 2202 3532 non
2234 3476 2457 3543 malum,
2480 3478 2607 3547 quia
2639 3486 2766 3533 sunt
2792 3478 3032 3549 profecto
3055 3480 3147 3549 qui
3185 3480 3422 3550 acceptis

1841 3586 1871 3625 a
1907 3570 2138 3627 Domino
2161 3570 2317 3625 bonis
2342 3571 2482 3625 mala
2510 3571 2831 3641 rependunt,
2856 3570 2943 3626 vel
2976 3569 3099 3626 ﬁdei
3139 3574 3420 3643 mysteria,

1839 3676 1959 3730 quae
1989 3667 2346 3731 perceperunt
2374 3659 2628 3715 haeretica
2661 3658 2779 3715 fece
2818 3659 3093 3727 ftedando,
3124 3660 3211 3716 vel
3258 3662 3422 3717 ﬁdem

1842 3766 2005 3820 qnam
2035 3749 2372 3820 professione
2397 3759 2616 3805 servant
2655 3750 2836 3820 pravis
2874 3743 3131 3822 operibus
3168 3752 3421 3824 blasphe-

1843 3841 2058 3905 mando,
2087 3840 2172 3896 vel
2202 3855 2379 3895 mores
2407 3842 2575 3895 bonos
2604 3832 2799 3910 quibus
2827 3856 2950 3896 cum
2990 3841 3096 3897 ﬁde
3134 3851 3284 3898 recta
3328 3843 3423 3899 de-

1842 3933 2083 3988 serviunt
2112 3946 2209 4000 per
2245 3931 2511 4001 colloquia
2547 3930 2689 3986 mala
2735 3934 3150 4003 corrumpendo,
3188 3935 3284 3991 sed
3322 3951 3425 3993 nee

1843 4024 1919 4078 illi
1952 4024 2092 4078 bona
2121 4037 2240 4092 quae
2266 4032 2591 4093 acceperunt
2638 4024 2865 4078 Domino
2911 4024 3174 4090 reddunt,
3189 4025 3280 4095 qui
3311 4043 3423 4083 non

1842 4115 1898 4169 in
1948 4115 2033 4169 bis
2086 4129 2208 4184 qua:
2250 4114 2390 4170 bene
2442 4114 2703 4169 inchoant
2762 4128 2934 4184 usque
2979 4115 3048 4170 ad
3088 4115 3250 4171 ﬁnem
3299 4117 3424 4172 vita:

1844 4203 2126 4275 prmsentis
2148 4203 2443 4272 persistere
2466 4212 2682 4268 curant,
2714 4205 2855 4259 unde
2892 4204 3089 4260 merito
3116 4221 3239 4260 cum
3261 4206 3427 4263 dixis-

1844 4300 1961 4356 set,
1992 4289 2169 4345 reddet
2208 4291 2257 4343 ei
2294 4290 2485 4344 bonum
2514 4299 2563 4345 et
2592 4307 2697 4345 non
2726 4290 2956 4357 malum,
2987 4301 3048 4347 ut
3069 4308 3425 4363 perseveran-

1844 4383 1975 4453 tiam
2000 4379 2127 4435 boni
2148 4380 2513 4435 necessariam
2541 4380 2937 4437 demonstraret
2964 4381 3227 4451 adjunxit,
3258 4386 3429 4444 omni.-

156 4464 358 4531 mines,
411 4463 598 4533 passio
644 4476 708 4517 ac
750 4463 1080 4519 resurrectio
1116 4464 1275 4536 longe
1301 4480 1333 4520 a
1360 4474 1561 4522 nostra:
1598 4475 1742 4522 esset
1770 4520 1818 4540 n
1846 4470 1939 4525 bus
1959 4468 2139 4523 diebus
2161 4468 2278 4523 vita:
2298 4484 2411 4523 sua:
2427 4469 2547 4534 ;cui
2578 4469 2756 4525 simile
2774 4479 2858 4525 est
2878 4470 3005 4526 illud
3024 4472 3424 4540 evangelicum:

157 4562 368 4609 natura:
422 4553 731 4610 conditione
780 4553 1035 4609 discreta.
1080 4520 1345 4622 Quoniam
1377 4556 1626 4613 videlicet
1652 4557 1743 4612 ille
1769 4520 1821 4580 Β
1850 4556 2150 4613 Serviamus
2204 4556 2283 4610 illi
2332 4557 2387 4610 in
2431 4558 2705 4612 sanctitate
2750 4568 2801 4613 et
2846 4558 3050 4626 iustitia
3094 4520 3272 4615 cora-am
3310 4562 3426 4633 ipso

158 4652 213 4698 et
238 4644 470 4713 quando
498 4643 749 4700 voluitet
793 4644 861 4701 de
888 4659 995 4716 qua
1041 4644 1211 4701 voluit
1241 4655 1416 4702 matre
1438 4656 1597 4707 natus
1617 4655 1701 4703 est
1725 4687 1741 4713 ,

156 4741 211 4787 et
234 4733 357 4789 sine
391 4741 619 4803 peccato
660 4733 798 4789 vixit
824 4734 879 4789 in
911 4736 1132 4801 mundo,
1165 4744 1219 4792 et
1241 4738 1458 4806 quando
1495 4738 1663 4794 voluit
1690 4747 1745 4793 et

157 4837 265 4893 qua
291 4823 473 4880 voluit
497 4832 672 4879 morte
695 4824 943 4880 discessit
966 4840 998 4879 a
1030 4826 1231 4881 mundo
1249 4866 1264 4891 ,
1295 4836 1507 4895 tempus
1534 4842 1747 4897 quoque

157 4912 588 4970 resurrectionis
612 4922 667 4969 et
693 4914 1027 4969 ascensionis
1047 4928 1157 4969 suae
1178 4915 1233 4968 in
1259 4922 1527 4985 potestate
1538 4916 1745 4983 habuit,

156 5011 213 5058 et
256 5018 387 5058 cum
431 5004 760 5073 hujusmodi,
790 5006 847 5063 in
877 5009 1074 5079 quibus
1121 5019 1229 5066 tam
1273 5027 1304 5065 a
1331 5012 1487 5068 nobis
1515 5014 1742 5083 procul,

160 5106 327 5162 quam
379 5094 581 5148 caelum
628 5097 793 5153 distat
829 5113 862 5153 a
903 5108 1080 5167 terra;
1114 5101 1241 5171 quia
1282 5116 1411 5157 vero
1445 5101 1740 5159 Ecclesium

160 5197 327 5252 quam
348 5182 588 5239 redemit
612 5185 891 5255 Dominus,
937 5205 1046 5245 non
1091 5190 1263 5246 solum
1290 5192 1515 5247 verbum
1561 5193 1749 5249 salutis

160 5274 470 5345 suscipere,
517 5274 613 5330 sed
648 5283 705 5330 et
729 5285 1045 5335 constanter
1068 5294 1167 5350 pro
1193 5280 1282 5336 illo
1302 5290 1535 5349 certare,
1562 5292 1617 5339 et
1644 5285 1748 5340 hoc

160 5362 341 5432 ipsum
384 5379 490 5435 per
521 5365 780 5421 mundum
815 5368 1112 5437 praedicare
1135 5370 1377 5438 donavit,
1405 5372 1601 5427 merito
1624 5374 1747 5429 sub-

154 5451 413 5525 iungitur
457 5472 471 5509 :

231 5539 476 5611 Conﬁdit
507 5545 565 5598 in
605 5562 667 5600 ea
697 5563 789 5601 car
816 5542 913 5602 viri
932 5549 1039 5614 sui,
1067 5560 1114 5605 et
1140 5553 1319 5622 spoliis
1342 5568 1445 5607 non
1474 5553 1741 5623 indigebit.

166 5630 359 5687 Virum
403 5646 577 5688 sacras
620 5634 877 5692 Ecclesiae
907 5639 1191 5695 Dominum
1232 5657 1296 5696 ac
1336 5643 1748 5712 Redemptorem

167 5719 313 5791 ejus,
344 5721 445 5793 qui
473 5722 639 5779 etiam
666 5726 901 5794 pretium
926 5728 1042 5799 ejus
1073 5729 1189 5787 ﬁeri
1214 5732 1467 5803 dignatus
1491 5742 1574 5791 est
1592 5733 1744 5803 dicit,

1851 4650 2091 4704 omnibus
2122 4646 2303 4703 diebus
2339 4650 2528 4703 nostris
2557 4647 2708 4719 (Luc.
2738 4649 2800 4721 Ι).
2831 4649 3038 4718 Quibus
3078 4667 3209 4709 sane
3251 4654 3431 4723 operi-

1852 4741 1972 4805 bus,
2002 4740 2195 4809 quibus
2212 4738 2439 4809 justitiae
2464 4741 2550 4796 vel
2579 4742 2880 4798 sanctitatis
2922 4742 3186 4799 fructibus
3208 4746 3430 4814 potissi-

1854 4846 1999 4885 mum
2039 4830 2110 4886 sit
2158 4830 2513 4889 insistendum
2551 4832 2602 4886 ei
2650 4834 2743 4901 qui
2794 4833 2994 4889 bonum
3034 4836 3174 4905 quod
3220 4837 3432 4906 accepit

1857 4922 2082 4976 Domino
2111 4929 2296 4991 gratus
2339 4926 2637 4991 rependere
2674 4926 2873 4996 sa’tagit
2915 4926 3305 4998 subsequenter
3348 4928 3431 4984 iu-

1853 5013 2099 5067 sinuatur
2141 5027 2264 5067 cum
2305 5012 2545 5067 dicitur:

1924 5102 2175 5167 Quaesivit
2227 5102 2404 5159 lanam
2434 5115 2482 5159 et
2516 5104 2679 5160 linum
2708 5148 2723 5172 ,
2762 5117 2811 5160 et
2846 5119 3058 5177 operata
3096 5119 3170 5165 est
3210 5110 3426 5165 consilio

1853 5210 2105 5249 manuum
2131 5212 2371 5251 suarum.
2405 5195 2574 5266 Hujus
2616 5200 2939 5269 principium
2983 5201 3232 5257 versiculi
3268 5202 3426 5259 fortis

1854 5284 2071 5351 mulier,
2101 5286 2205 5341 hoc
2243 5294 2328 5340 est
2362 5296 2547 5341 sancta
2571 5288 2809 5344 Ecclesia
2831 5291 2993 5345 etiam
3009 5289 3165 5358 juxta
3189 5292 3427 5349 litteram

1856 5376 2100 5446 accipere
2142 5385 2195 5431 et
2235 5375 2524 5433 observare
2548 5389 2843 5443 consuevit,
2868 5381 3019 5450 juxta
3040 5381 3167 5437 illud
3193 5384 3430 5454 prophe-

1856 5480 2020 5522 cum:
2052 5466 2183 5522 Cum
2241 5468 2433 5523 uideris
2482 5469 2701 5537 nudum,
2756 5473 2899 5541 operi
2946 5488 3097 5537 eum;
3137 5482 3184 5527 et
3212 5490 3425 5529 carnem

1857 5566 2001 5611 tuam
2032 5574 2095 5612 ne
2117 5556 2411 5622 despexeris
2453 5559 2585 5631 (Isa.
2618 5561 2787 5633 LVIII).
2818 5560 3085 5632 Operatnr
3107 5572 3284 5618 autem
3317 5581 3430 5621 non

1857 5662 2190 5717 supervacuo
2216 5660 2272 5703 et
2294 5663 2439 5705 ctcco
2461 5649 2666 5715 labore,
2700 5652 2793 5707 sed
2813 5667 2879 5708 eo
2901 5654 3085 5722 utique
3111 5653 3335 5710 consilio
3365 5666 3427 5710 ut

1858 5740 1925 5797 ab
1947 5740 2063 5812 ipso
2088 5755 2186 5798 suo
2214 5740 2333 5796 viro
2366 5740 2612 5809 Domino,
2644 5744 2893 5801 videlicet
2927 5744 3162 5813 Christo,
3196 5746 3249 5800 in
3277 5745 3420 5815 judi-
