3910 6348
443 386 562 441 ’Ἱεῖς

1130 383 1192 437 Β.
1232 380 1487 437 ΒΑΒΑΝΙ
1524 380 1744 437 MAURI
1781 377 2058 434 ARtllllEl

2165 380 2446 433 >lOGUi‘i'l'.
2489 375 2772 434 OPEBUM
2810 376 2988 443 PARS
3026 379 3108 434 lll.

3614 375 3735 439 ’184

456 501 544 553 cio
574 502 846 552 mereatur
878 493 1066 550 audire
1092 510 1105 547 :
1135 491 1326 547 Nudus
1359 491 1439 562 fui
1464 500 1512 545 et
1539 490 1818 561 operuistis
1840 503 1921 542 me
1946 504 1965 552 ;
1993 496 2043 541 et
2073 494 2119 549 Λ
2146 489 2394 558 qualibus
2434 490 2546 558 ipse
2572 490 2883 545 terribiliter
2915 493 3123 547 intonat
3148 509 3161 545 :
3191 495 3375 561 Amen,
3406 494 3526 549 dico
3560 493 3737 557 vobis.

456 586 711 658 quamdiu
740 584 937 655 fecistis
973 584 1066 639 uni
1092 583 1160 637 de
1189 583 1271 637 his
1303 581 1536 635 minimis
1568 581 1698 635 meis
1725 620 1742 647 ,
1794 579 1923 633 mihi
1964 578 2039 648 [eo

457 678 602 733 cistis
626 672 1308 749 (Matth..xxv).»0peratur-
1329 670 1509 726 autem
1532 669 1760 725 consilio
1784 683 2042 723 manuum

458 782 703 834 suarum,
731 754 836 821 hoc
862 772 947 820 est
971 778 1160 819 earum
1190 775 1569 834 personarum,
1590 774 1709 828 .per
1736 773 1877 829 quas
1904 757 2044 814 elee—

459 873 740 931 mosynam
775 854 1108 927 pauperibus
1134 853 1360 919 tribuit,
1386 852 1442 906 in
1471 866 1702 921 quorum
1738 863 1925 922 cpere'
1949 850 2045 905 de-

455 960 584 1005 voto
615 944 1100 1002 illosaluberrimo
1131 941 1303 997 utitur
1330 938 1557 996 consilio
1588 947 1650 994 ut
1681 954 1805 994 cum
1830 937 2021 1007 disper-

454 1040 569 1111 git,
592 1034 1053 1108 datrpauperibus,
1078 1031 1327 1101 nonvipsa
1366 1030 1436 1085 ab
1461 1026 2047 1084 hominibusrlaudetur

457 1128 528 1183 ad
558 1135 810 1196 tempus,
857 1123 952 1179 sed
982 1121 1198 1191 justitia
1253 1120 1373 1191 ejus
1422 1127 1637 1177 maneat
1682 1119 1743 1173 in
1790 1117 2047 1173 saaculum

458 1218 665 1285 saeculi,
684 1231 854 1273 cornu
876 1213 994 1283 ejus
1013 1211 1284 1268 exaltetur
1305 1212 1362 1266 in
1390 1210 1589 1283 gloria.»
1606 1210 1846 1267 Possunt
1865 1217 2045 1264 autem

458 1310 689 1381 mystice
716 1308 770 1360 in
798 1305 921 1360 lana
946 1305 1038 1374 qui
1062 1303 1257 1359 ovinus
1276 1310 1361 1358 est
1380 1302 1596 1357 habitus
1622 1302 1804 1357 omnia
1830 1301 2049 1371 pietatis

457 1408 517 1455 et
544 1395 929 1468 -simplicitatis
974 1408 1145 1464 opera
1191 1408 1314 1462 qua:
1362 1391 1629 1462 proximis
1672 1388 2049 1461 impendimus

459 1487 634 1558 accipi
666 1505 679 1541 :
724 1493 903 1557 potest
930 1484 983 1538 in
1017 1483 1128 1537 lino
1152 1482 1403 1553 quodex
1424 1488 1589 1535 terra
1612 1480 1799 1535 virens
1820 1480 2002 1535 oritur
2032 1519 2050 1547 ,

460 1581 556 1637 sed
587 1580 746 1651 longo
780 1576 1176 1647 ac-multipliei
1226 1575 1489 1631 exercitio
1536 1568 1739 1629 amitﬁt
1766 1573 2051 1629 humorem

460 1672 702 1727 nativum
749 1678 913 1739 atque
941 1668 1009 1723 ad
1055 1667 1288 1738 gratiam
1331 1666 1457 1722 novi
1505 1663 1757 1721 candoris
1780 1662 2050 1733 pervenit,

464 1761 749 1832 castigatio
779 1768 981 1815 nostra:
1015 1757 1194 1813 carnis
1233 1755 1495 1820 intimari,
1543 1768 1630 1809 cm
1668 1754 1796 1809 dum
1836 1752 2050 1823 ingeni-

2147 589 2445 649 rcceperunt
2489 582 2776 635 mercedem
2813 599 2965 637 suam
2991 582 3205 653 (Matth.
3237 585 3337 657 vl).

2214 669 2281 723 Et
2316 669 2380 724 de
2411 680 2556 725 nocte
2588 672 2844 737 surrexit,
2876 672 3119 743 deditque
3152 674 3389 743 pra'dam
3422 678 3735 736 domesticis

2143 758 2252 813 suis
2274 769 2319 813 et
2340 758 2539 813 cibaria
2559 759 2765 814 ancillis
2786 753 2916 815 suis.
2942 760 3096 816 Sicut
3116 769 3262 817 totus
3285 762 3517 821 labentis
3538 766 3740 826 saeui}

2145 864 2337 904 cursus
2377 849 2602 919 perenni
2630 850 2736 905 diei
2764 865 2830 905 ac
2860 851 3036 906 noctis
3069 852 3426 909 altematiene
3461 858 3740 925 variatur,

2144 946 2201 992 et
2226 937 2344 992 dies
2368 938 2588 1007 quidem
2616 939 2683 1019 ad
2707 940 3036 1009 operandam
3056 980 3072 1005 ,
3103 956 3208 995 nox
3238 941 3306 995 ad
3338 943 3737 1013 quiescendum

2146 1026 2464 1081 naturaliter
2486 1028 2703 1083 condita
2728 1037 2843 1094 est,
2870 1029 2949 1084 sic
2972 1039 3141 1085 totum
3156 1033 3451 1100 praesentis
3473 1034 3741 1092 Ecclesia

2146 1122 2360 1185 tempus
2402 1118 2617 1187 gemino
2656 1119 2887 1187 quodam
2924 1121 3121 1188 quietis
3161 1131 3217 1175 et
3241 1123 3424 1192 operis
3462 1118 3740 1181 statu'de-

2146 1206 2387 1261 cernitur
2431 1225 2444 1261 :
2490 1206 2644 1276 quasi
2687 1208 2832 1262 enim
2884 1218 3041 1264 nocte
3081 1211 3341 1281 quiescit,
3391 1227 3519 1268 cum
3566 1215 3741 1286 aliqui

2149 1298 2384 1353 ﬁdelium
2431 1298 2582 1368 ejus,
2632 1301 2937 1357 intermissa
2986 1305 3056 1359 ad
3105 1313 3317 1375 tempus
3364 1307 3742 1364 sollicitudine

2146 1397 2371 1443 externa
2387 1429 2403 1455 ,
2434 1390 2651 1445 sibimet
2668 1407 2863 1448 vacare
2888 1408 3053 1463 seque
3078 1395 3224 1464 ipsos
3247 1382 3570 1466 spiritaliter
3600 1398 3744 1453 inci-

2147 1477 2303 1547 piunt
2342 1492 2571 1544 curare,
2612 1479 2697 1535 vel
2740 1481 3062 1539 lectionibus
3102 1485 3352 1542 videlicet
3385 1488 3560 1544 sacris
3588 1528 3605 1555 ,
3650 1489 3743 1544 vel

2149 1566 2517 1633 orationibus,
2572 1582 2637 1623 ac
2681 1568 2936 1640 lacrymis
2976 1586 3096 1628 sese
3141 1574 3228 1629 vel
3254 1574 3375 1632 aliis
3405 1578 3740 1649 bujusmodi

2147 1657 2342 1713 studiis
2368 1658 2630 1714 secretius
2657 1661 2978 1717 exercendo.
3019 1661 3206 1734 Surgit
3230 1673 3412 1721 autem
3437 1669 3509 1724 de
3540 1680 3741 1735 nocte,

2150 1764 2275 1803 cum
2304 1749 2378 1803 'in
2427 1749 2631 1803 eisdem
2672 1749 2786 1805 suis
2843 1750 3090 1808 ﬁdelibus
3133 1754 3203 1809 ad
3244 1740 3510 1826 agendam
3567 1759 3741 1814 etiam

465 1860 548 1907 tas
575 1850 831 1905 vitiorum
878 1848 1082 1905 sordes,
1096 1860 1193 1917 per
1218 1836 1608 1902 continentiam
1656 1844 2012 1914 excoquimus
2033 1884 2051 1911 ,
2080 1852 2127 1911 Β
2156 1840 2523 1911 proximorum
2552 1855 2739 1896 curam
2773 1857 2835 1898 se
2864 1843 3093 1899 sollicita
3130 1846 3393 1918 accingit;
3434 1849 3583 1919 quod
3624 1849 3740 1904 fra—

463 1936 955 2013 dignam,prol'ecto
978 1954 1099 1995 eam
1129 1954 1236 2009 qua
1263 1938 1539 1995 Christum
1572 1937 1859 1993 induamus
1884 1935 2052 1993 elﬁci-

463 2049 608 2099 mus,
624 2032 779 2102 juxta
802 2031 938 2088 illud
960 2030 1320 2101 apostolicum
1344 2048 1357 2084 :
1390 2029 1666 2100 Quotquot.
1677 2045 1800 2099 ergo
1822 2028 1880 2081 in
1900 2025 2055 2082 Chri-

461 2134 541 2179 sto
570 2122 823 2195 baptizati
842 2123 985 2187 estis,
1000 2118 1269 2199 Christum
1293 2120 1539 2174 induistis
1556 2117 1700 2191 (Gal.
1716 2117 1823 2189 tu).
1850 2118 2056 2185 Quaerit

461 2228 592 2281 ergo
617 2212 815 2264 mulier
848 2208 1004 2264 fartis
1036 2210 1217 2262 lanam
1257 2216 1327 2263 et
1350 2208 1518 2262 linum
1560 2216 1617 2262 et
1644 2215 1899 2277 operatur
1925 2222 2054 2261 con-

462 2298 585 2354 silio
629 2313 889 2355 manuum
918 2311 1164 2362 suarum,
1193 2310 1318 2350 cum
1344 2295 1585 2350 Ecclesia
1616 2303 1803 2351 sancta
1827 2295 2055 2352 sollicite

462 2389 751 2460 perquirit,
772 2388 973 2459 quibus
1000 2402 1059 2441 se
1081 2384 1321 2456 pietatis
1337 2384 1605 2440 fructibus
1626 2393 1899 2453 exerceat,
1922 2401 2055 2457 quo-

466 2483 626 2537 modo
653 2495 684 2534 a
709 2478 1307 2535 carnalibusemundet
1335 2477 1629 2542 illecebris,
1653 2486 1710 2533 et
1732 2478 1835 2534 hoc
1854 2486 2060 2533 utrum-

464 2585 569 2641 que
599 2569 828 2626 consilio
857 2567 1299 2638 prudentissimo,
1324 2568 1435 2623 hoc
1451 2575 1558 2634 est,
1584 2583 1833 2638 supernae
1854 2569 2058 2624 solum-

465 2662 627 2716 modo
657 2650 1034 2714 retributio'nis
1076 2655 1207 2712 facit
1234 2658 1465 2724 intuitu,
1498 2657 1663 2727 cuius
1688 2658 2059 2715 retributionis

468 2765 702 2822 sequens
730 2763 946 2819 quoque
989 2747 1289 2803 versiculus
1335 2748 1583 2818 apertius
1630 2749 1899 2816 meminit,
1930 2749 2059 2805 dum

474 2839 727 2894 subditur
756 2854 769 2890 :

546 2926 715 2980 Facta
742 2933 817 2979 est
846 2923 999 2996 quasi
1047 2924 1196 2979 navis
1244 2924 1501 2979 institoris
1545 2926 1613 2980 de
1660 2924 1813 2999 (erige
1845 2937 2059 2999 portans

473 3034 662 3090 panem
686 3032 863 3071 suum.
893 3015 1201 3071 lnstitorem
1232 3012 1624 3088 negotiatorem
1656 3018 1811 3085 dicit,
1831 3020 1925 3089 qui
1963 3034 2062 3090 pro

467 3126 534 3165 eo
562 3110 642 3165 sic
666 3115 895 3163 vocatur
929 3107 997 3161 ab
1020 3107 1284 3178 antiquis,
1328 3108 1471 3179 quod
1499 3109 1844 3179 acquirendis
1882 3110 2064 3165 multi-

2156 1938 2326 1985 terna:
2349 1929 2841 1985 administrationis
2868 1946 3004 2003 Opus
3032 1933 3241 1991 duobus
3273 1936 3448 1991 modis
3474 1952 3745 1994 exercere

2153 2019 2435 2075 consuevit
2479 2035 2495 2074 :
2534 2019 2657 2089 quia
2686 2028 2742 2073 et
2776 2036 2871 2077 eos
2909 2024 3001 2093 qui
3044 2022 3177 2078 foris
3215 2026 3474 2081 errabant
3509 2029 3585 2082 ad
3615 2028 3743 2085 ﬁdei

2153 2111 2383 2181 gratiam
2414 2118 2705 2175 convocat,
2738 2120 2791 2166 et
2818 2112 2938 2167 illos
2960 2114 3053 2182 qui
3085 2114 3206 2169 ﬁdei
3235 2119 3596 2173 sacramentis
3626 2119 3744 2189 jam

2162 2208 2280 2253 sunt
2310 2199 2534 2265 imbuti,
2580 2209 2643 2254 ut
2686 2200 2843 2256 bonis
2884 2204 3139 2272 operibus
3172 2205 3401 2274 amplius
3447 2206 3744 2274 insistant,

2156 2290 2397 2346 excitare
2440 2305 2546 2345 non
2576 2289 2804 2356 desinit;
2847 2292 2989 2349 unde
3016 2292 3156 2349 bene
3194 2295 3391 2351 dicitur
3423 2314 3439 2352 :
3482 2297 3748 2369 Deditque

2154 2378 2390 2448 praedam
2420 2378 2715 2439 domesticis
2739 2381 2848 2435 suis
2868 2421 2883 2446 ,
2926 2391 2974 2436 et
3003 2382 3205 2439 cibaria
3245 2386 3453 2441 ancillis
3478 2390 3610 2443 suis.
3643 2390 3750 2443 Dat

2156 2460 2390 2538 namque
2446 2470 2689 2540 praedam
2739 2471 3063 2530 domesticis.
3088 2473 3201 2529 suis
3226 2513 3243 2540 ,
3297 2490 3421 2530 eum
3462 2492 3557 2533 eos
3606 2494 3748 2550 quos

2158 2559 2383 2629 antiquo
2410 2559 2555 2615 hosti
2590 2561 2833 2617 docendo
2861 2563 3072 2633 eripere
3094 2566 3302 2635 potuit,
3340 2568 3585 2623 societati
3619 2570 3747 2625 illo-

2159 2665 2280 2704 rum
2320 2650 2495 2720 quiin
2526 2651 2632 2706 ﬁde
2660 2666 3019 2722 praecesserit,
3062 2655 3408 2723 reconciliat;
3440 2659 3533 2713 dat
3568 2667 3628 2713 et
3652 2676 3751 2713 an-

2158 2738 2298 2796 cillis
2333 2739 2570 2805 cibaria,
2602 2755 2724 2795 cum
2755 2741 2989 2797 humiles
3016 2758 3295 2814 quosque,
3337 2746 3518 2803 debito
3547 2747 3751 2803 timore

2154 2845 2257 2889 sua
2279 2830 2431 2903 jussa
2468 2839 2779 2900 servantes,
2823 2848 2893 2888 ne
2930 2835 3031 2890 sub
3056 2835 3146 2906 pio
3168 2834 3358 2892 labore
3402 2836 3709 2897 lassescant
3731 2880 3751 2899 .

2161 2938 2411 2994 superna:
2432 2924 2698 2980 mercedis
2723 2927 3236 2983 commemoratione
3264 2928 3459 2985 reﬁcit.

2233 3013 2593 3071 Consideravit
2610 3032 2793 3087 agrum
2814 3024 2861 3071 et
2879 3018 3003 3072 emit
3021 3034 3140 3072 eum
3163 3034 3182 3073 :
3203 3020 3268 3074 de
3290 3020 3465 3089 fructu
3489 3038 3752 3079 nimum

2161 3122 2381 3161 suarum
2408 3104 2660 3177 plantavit
2680 3106 2911 3161 vineam.
2957 3108 3160 3178 Agrum
3188 3108 3321 3163 dicit
3349 3113 3751 3178 possessionem

469 3199 842 3271 plicandisque
877 3198 1151 3263 mercibus
1195 3198 1413 3253 sedulus
1468 3197 1702 3254 insistat.
1761 3199 1928 3254 Facta
1966 3194 2132 3257 estC
2163 3195 2803 3266 supernwhazreditatis,
2853 3196 2919 3252 de
2950 3213 3057 3267 qua
3085 3198 3412 3256 benedicens
3452 3200 3619 3257 lilium
3648 3219 3750 3275 pa-

469 3305 602 3361 crgo
631 3288 789 3345 fortis
815 3288 1011 3344 mulier
1056 3289 1210 3359 quasi
1257 3290 1404 3343 natis
1433 3289 1710 3352 institoris,
1762 3290 1889 3360 quia
1918 3290 2063 3346 sicut

472 3384 628 3439 navis
652 3383 921 3440 institoris
944 3392 1140 3437 onusta
1163 3381 1530 3438 mercimoniis
1554 3397 1674 3452 quae
1694 3382 1748 3437 in
1768 3383 2060 3453 sua~patria

475 3478 648 3549 magis
678 3476 981 3541 abundant,
1012 3489 1178 3545 porro
1206 3489 1303 3545 per
1334 3487 1486 3528 mare
1513 3473 1647 3542 petit
1667 3473 1977 3545 peregrina,
2002 3482 2062 3529 ut

473 3565 584 3621 illic
611 3563 846 3620 venditis
887 3579 1009 3633 qua:
1047 3562 1321 3626 attulerat,
1354 3561 1609 3618 chariora
1626 3561 1847 3617 domum
1870 3577 2060 3633 repor-

473 3667 588 3723 tet;
625 3656 990 3713 sicuimirum
1014 3662 1201 3710 sancta
1232 3653 1495 3720 Ecclesia,
1527 3652 1607 3708 sic
1632 3653 1813 3709 anima
1834 3668 2063 3725 quaeque

473 3734 712 3819 perlecta
754 3746 1016 3801 virtutum
1052 3744 1257 3799 divitiis
1298 3743 1497 3816 gaudet
1542 3744 1815 3809 onustari,
1865 3744 2064 3814 quibus

476 3838 681 3909 majora
730 3826 1153 3910 divintegratia:
1180 3834 1323 3888 dona
1360 3842 1650 3889 mercetur.
1679 3833 1955 3904 Optimum
1979 3844 2069 3891 est

476 3942 713 3998 namque
764 3923 1151 3981 commercium
1176 3964 1192 3989 ,
1218 3922 1583 3989 «cumrbonau,
1626 3939 1746 3993 qua:
1775 3924 2017 3980 valemus
2044 3963 2058 3988 ,

476 4025 800 4090 operantes,
848 4015 1027 4085 primo
1065 4014 1206 4069 hanc
1254 4029 1284 4067 a
1320 4006 1550 4069 Domino
1583 4015 1889 4069 mercedem
1928 4015 2067 4070 reci-

478 4108 676 4177 pimus,
705 4112 767 4158 ut
791 4102 860 4157 ad
881 4100 1089 4170 majora
1116 4115 1333 4170 semper
1360 4101 1565 4171 agenda
1591 4100 1959 4170 proﬁciamus,
1976 4102 2068 4157 de-

481 4195 608 4249 liine
643 4200 699 4247 et
728 4192 897 4246 vitam
940 4188 1274 4260 percipimus
1318 4188 1730 4258 sempiternam.
1771 4189 1936 4245 Facta
1982 4199 2067 4246 est

480 4301 609 4355 ergo
635 4284 817 4339 anima
836 4289 1033 4337 sancta
1058 4279 1213 4349 quasi
1244 4279 1396 4333 navis
1420 4278 1703 4344 institoris,
1726 4295 1846 4348 qum
1876 4280 2070 4337 transit

476 4374 751 4430 desiderio
787 4370 982 4426 ﬂuctus
1009 4369 1192 4424 saeculi
1219 4364 1555 4439 prmsentis,‘
1587 4368 1721 4433 sola,
1771 4385 1891 4439 qua:
1930 4385 1990 4426 se
2012 4371 2067 4426 in

482 4464 637 4520 etclis
665 4461 911 4531 accipere
941 4464 1144 4529 sperat,
1178 4464 1381 4512 aeterna
1431 4456 1626 4527 gaudia
1666 4458 1983 4527 meditatur,
2011 4470 2067 4517 et

2166 3288 2401 3343 triarcha
2427 3286 2666 3357 loquitur
2694 3304 2708 3342 :
2741 3287 2878 3343 Ecce
2905 3288 3038 3342 odor
3056 3288 3157 3356 ﬁlii
3185 3280 3446 3344 meisicut
3476 3292 3605 3347 odor
3632 3296 3753 3363 agri

2159 3380 2301 3453 pleni
2316 3382 2401 3435 cui
2420 3381 2679 3436 beneth
2702 3380 2960 3435 Dominus
2987 3377 3137 3452 (Gen.
3153 3382 3351 3453 xxvn).
3381 3380 3529 3442 Odor
3548 3384 3754 3457 quippe

2164 3478 2477 3526 sanctorum
2516 3479 2603 3526 est
2643 3470 2788 3526 sicut
2827 3470 2962 3525 odor
2994 3471 3111 3542 agri
3153 3470 3295 3540 pleni
3347 3473 3433 3527 cui
3474 3473 3755 3531 benedixit

2166 3560 2456 3626 Dominus,
2500 3562 2626 3630 quia
2666 3568 2790 3616 tota
2816 3547 3032 3616 'meutis
3078 3562 3379 3619 intentione
3424 3572 3757 3619 (mutuemur

2165 3667 2285 3721 qua:
2311 3652 2383 3706 sit
2411 3651 2688 3720 plenitudo
2714 3650 3113 3706 benedictionis
3154 3652 3207 3707 ln
3240 3654 3415 3723 patria
3451 3657 3601 3727 regni
3630 3671 3752 3712 cte-

2166 3741 2336 3797 lestis.
2393 3740 2769 3796 Consideravit
2818 3756 2947 3813 ergo
2993 3741 3234 3799 Ecclesia
3278 3761 3469 3815 agrum
3518 3755 3574 3801 et
3609 3748 3756 3802 emit

2166 3847 2321 3898 cum,
2352 3832 2477 3903 quia
2506 3832 2747 3888 studiose
2775 3833 2963 3889 didicit
2989 3840 3109 3903 quae
3132 3835 3243 3909 sint
3268 3837 3468 3911 gaudia
3502 3838 3627 3893 vita:
3652 3853 3752 3908 pe-

2170 3922 2387 3988 rennis,
2420 3932 2474 3977 et
2509 3937 2607 3992 pro
2648 3937 2835 3977 eorum
2882 3924 3230 3994 perceptione
3272 3926 3535 3997 quidquid
3578 3928 3759 3999 potuit

2169 4015 2417 4069 laborare
2452 4013 2729 4067 contendit
2759 4030 2772 4067 :
2804 4014 3116 4082 quae-etiam
3160 4013 3228 4068 de
3268 4013 3447 4069 fructu
3492 4031 3755 4071 manuum

2169 4118 2387 4158 suarum
2404 4102 2682 4174 plantavit
2698 4103 2934 4169 vineam,
2953 4105 3084 4175 quia
3115 4105 3179 4160 de
3196 4103 3494 4161 iructit‘eris
3514 4105 3755 4161 ﬁdelium

2169 4208 2388 4247 suorum
2419 4191 2575 4247 factis
2598 4192 2713 4247 sive
2736 4192 2915 4260 verbis
2939 4182 3545 4262 Scripturam‘sanctam
3571 4194 3757 4249 condi-

2169 4281 2271 4347 dit,
2300 4295 2398 4351 per
2419 4296 2579 4351 quam
2602 4291 2808 4335 mentes
2836 4281 3167 4336 audientium
3189 4283 3243 4335 in
3265 4282 3371 4338 ﬁde
3390 4291 3446 4337 et
3466 4284 3755 4339 dilectione

2170 4370 2412 4425 ebriaret
2455 4370 2539 4425 sui
2580 4363 2981 4440 .RedemptOris.
3022 4369 3134 4426 Nec
3159 4371 3228 4426 ab
3277 4386 3336 4427 re
3376 4380 3459 4427 est
3490 4374 3536 4427 si
3584 4374 3756 4429 vinem

2173 4458 2392 4514 nomine
2416 4459 2590 4528 ipsam
2622 4458 2936 4527 Ecclesiam,
2972 4476 3093 4530 qua:
3121 4476 3218 4530 per
3237 4461 3525 4517 mulierem
3556 4462 3753 4519 fortem

483 4573 582 4630 pro
631 4558 718 4611 bis
763 4553 1128 4609 abundantius
1181 4552 1545 4623 adipiscendis
1609 4552 1870 4624 quidquid
1925 4555 2070 4612 valet
2094 4551 2150 4614 D
2175 4559 2258 4606 est
2284 4550 2585 4621 deSignam.
2623 4551 2919 4607 sentiamus
2947 4566 3068 4607 esse
3090 4551 3396 4622 ﬁguratam,
3424 4562 3479 4607 ct
3518 4567 3755 4609 eosessc

486 4652 758 4704 instanter
781 4660 967 4716 agere,
998 4643 1256 4713 quidquid
1287 4643 1575 4700 adversum
1600 4645 1923 4711 occurrerit,
1953 4644 2068 4701 for-

485 4740 614 4793 titer
652 4749 913 4807 superare
940 4734 1237 4789 contendit.
1284 4733 1362 4788 De
1411 4749 1517 4803 qua
1550 4742 1696 4789 recte
1716 4734 1914 4790 dicitur
1942 4737 2069 4806 quia

487 4830 647 4899 longe
674 4833 855 4898 portat
891 4834 1085 4895 panem
1112 4839 1291 4888 suum,
1316 4823 1440 4893 quia
1473 4824 1526 4878 in
1547 4826 1769 4881 cunctis
1790 4840 1912 4896 qua:
1937 4833 2072 4881 tem-

486 4916 747 4987 paraliter
772 4916 913 4969 bona
943 4913 1085 4984 agit,
1117 4923 1372 4967 aeternam
1406 4913 1743 4971 solummodo
1762 4902 2075 4971 retributio-

490 5024 613 5063 nem
659 5012 957 5075 exspectat.
990 5003 1172 5058 Solam
1208 5004 1315 5057 vivi
1348 5005 1506 5074 panis
1553 5007 1893 5062 saturitatem
1929 5008 2074 5062 desi-

491 5100 669 5161 derat,
697 5092 815 5162 ejus
845 5094 1103 5148 nimirum
1130 5094 1222 5162 qui
1262 5093 1373 5148 suis
1404 5094 1743 5150 auditoribus
1765 5097 1853 5165 pie
1879 5104 2073 5166 poten-

491 5200 684 5265 tqrque
706 5185 1013 5258 promittit:
1053 5183 1231 5238 Venite
1266 5185 1334 5237 ad
1360 5202 1481 5257 me,
1507 5201 1683 5239 omnes
1714 5187 1803 5255 qui
1825 5186 2076 5241 laboratis

493 5291 540 5334 ct
582 5278 783 5333 onerati
824 5277 966 5340 estis,
1016 5283 1063 5328 et
1110 5290 1203 5345 ego
1245 5265 1476 5342 reﬁciam
1515 5291 1601 5328 vos
1631 5274 1848 5342 (Matth.
1874 5276 1972 5348 χι).
2007 5277 2079 5330 At

497 5378 686 5423 contra
707 5368 761 5421 in
783 5366 1033 5435 proximo
1060 5378 1256 5435 panem
1285 5377 1443 5416 suum
1468 5362 1682 5433 recipit,
1717 5370 1773 5440 et
1798 5379 1904 5419 non
1930 5365 2076 5421 bunc

498 5462 565 5516 de
609 5460 764 5530 longe
805 5467 951 5513 trans
996 5457 1171 5512 maria
1205 5463 1407 5525 portat,
1436 5456 1528 5525 qui
1570 5455 1625 5509 in
1663 5472 1728 5512 eo
1766 5458 1909 5527 quod
1930 5457 2079 5528 juste

501 5551 680 5605 vivere
722 5548 963 5618 videtur,
1006 5548 1231 5602 humani
1259 5555 1467 5601 tantum
1506 5545 1711 5603 favoris
1737 5549 1959 5618 prmmia
1986 5565 2083 5604 ex-

502 5642 664 5712 petit,
696 5654 871 5710 neque
914 5640 1024 5695 ullo
1069 5642 1193 5696 vita:
1226 5641 1595 5710 permanentis
1623 5639 1838 5708 intuitu,
1871 5657 1936 5699 ea
1960 5658 2080 5713 qute

507 5733 557 5787 in
601 5733 719 5787 imis
765 5732 1017 5787 labuntur
1057 5746 1384 5801 exsuperare
1414 5739 1467 5786 ct
1494 5732 1705 5788 calcare
1743 5734 1939 5805 satagit
1970 5750 1982 5800 ;
2015 5732 2081 5789 de

2172 4643 2493 4713 pr0pagines
2534 4645 2743 4709 vineae,
2782 4643 2874 4712 qui
2918 4652 3043 4699 sunt
3087 4644 3183 4698 ﬁlii
3213 4645 3456 4699 mulieris
3500 4664 3512 4698 :
3562 4645 3758 4701 mulier

2176 4741 2357 4787 autem
2383 4732 2596 4787 vineam
2644 4732 2932 4802 plantavit,
2980 4748 3104 4787 cum
3149 4732 3388 4787 Ecclesia
3436 4735 3754 4807 pritnitiva,

2175 4822 2338 4878 latius
2360 4838 2457 4893 per
2484 4824 2669 4879 orbem
2699 4823 2881 4879 missis
2908 4823 3374 4894 praedicatoribus,
3398 4825 3522 4881 ﬁdei
3547 4827 3755 4883 semina

2178 4913 2452 4984 dispersit.
2500 4912 2872 4969 Consideravit
2925 4929 3157 4983 namque
3202 4931 3431 4987 agrum,
3487 4934 3612 4973 cum
3660 4934 3753 4990 per

2178 5008 2364 5061 orbem
2417 5007 2726 5061 universum
2758 5045 2773 5070 ,
2816 5005 3071 5059 vitiorum
3120 5004 3343 5074 spinetis
3393 5005 3708 5062 horrentem
3733 5046 3748 5069 ,

2179 5097 2388 5152 cultore
2430 5098 2658 5167 spiritali
2686 5112 2819 5167 opus
2847 5096 3048 5150 habere
3086 5096 3379 5166 perspexit.
3431 5096 3579 5150 Emit
3626 5110 3749 5149 vero

2180 5203 2323 5254 cum,
2349 5204 2491 5256 cum,
2518 5191 2700 5245 missis
2726 5190 2922 5258 ubique
2946 5190 3257 5244 doctoribus
3274 5230 3289 5254 ,
3316 5189 3578 5244 talentum
3606 5186 3750 5241 verbi

2183 5279 2446 5335 audituris
2466 5281 2713 5345 contulit,
2733 5288 2791 5333 ut
2805 5294 2898 5334 eos
2914 5280 3198 5335 credentes
3222 5280 3534 5335 felicissimo
3553 5277 3751 5332 Christi

2184 5369 2509 5443 mancipatui
2536 5370 2806 5425 subderet.
2837 5368 3105 5423 Plantavit
3127 5378 3307 5423 autem
3329 5368 3383 5421 in
3405 5367 3595 5421 eodem
3625 5380 3737 5437 agr:

2182 5458 2415 5524 vineam,
2438 5473 2560 5513 cum
2594 5444 2645 5511 in
2674 5457 2827 5512 novis
2854 5457 3185 5512 credentium
3222 5456 3433 5526 populis
3460 5455 3733 5510 Ecclesiae

2183 5547 2337 5618 plena
2385 5548 2708 5617 evangeliea:
2762 5548 3004 5603 veritatis
3056 5546 3391 5600 institutione
3446 5544 3681 5599 ﬁrmavit
3738 5562 3751 5597 :

2185 5654 2345 5709 quam
2392 5639 2609 5708 quidem
2655 5639 2864 5693 vineam
2911 5639 2977 5692 dc
3025 5638 3198 5690 fructu
3231 5651 3486 5690 manuum
3534 5650 3753 5689 suarum

2190 5730 2469 5801 plantavit,
2496 5730 2619 5799 quia
2648 5744 2751 5785 non
2774 5729 2944 5783 solum
2969 5726 3130 5781 verba
3156 5725 3502 5780 instituebant
3530 5726 3751 5793 :qmstun
