3910 6328
154 328 256 385 785

896 330 1252 387 EXI‘OSI'HO
1290 329 1354 384 IN
1397 322 1793 382 PROVERBIA
1832 316 2236 377 SALOMONIS.
2276 346 2342 355 ——
2382 314 2508 369 ιλιι.
2551 313 2632 367 lli.

3310 303 3425 361 ’ἰεῦ

152 445 519 517 apostolorum
563 460 905 501 successorcs
944 446 1171 516 populos
1208 457 1344 514 quos
1380 437 1727 496 erudiebant,
1761 434 1809 491 A
1839 439 1997 486 noctu
2032 429 2229 499 smpius
2275 442 2504 483 accenso
2548 424 2750 478 lumine
2798 422 3033 475 lucernae
3068 419 3291 490 parilem
3336 420 3417 476 rei

153 551 343 590 verum
379 537 544 590 etiam
576 536 631 589 in
656 535 1027 590 testimonium
1063 535 1217 589 bona:
1254 528 1585 601 operationis
1626 526 1730 581 mi—

154 628 459 683 rawlorum
486 642 700 699 quoque
730 628 884 698 signa
921 626 1103 682 verbis
1133 625 1392 682 doctrina:
1413 619 1733 692 jungebant.

156 716 266 771 Sed
310 723 367 771 et
395 731 568 788 usque
598 718 651 771 in
696 718 817 779 die,
865 716 1169 785 imousque
1212 715 1282 770 ad
1321 714 1485 768 ﬁnem
1532 710 1736 774 saeculi,

157 804 351 860 mulier
371 804 527 861 fortis
551 806 855 862 considerat
878 820 1072 876 agrum
1112 814 1168 860 et
1212 804 1345 860 emit
1369 818 1525 866 eum,
1572 816 1636 856 ac
1676 799 1743 855 de

160 895 338 951 fructu
369 912 625 952 manuum
651 912 870 953 suarum
896 896 1105 966 plantat
1125 897 1369 960 vineam;
1401 894 1531 963 quia
1553 899 1741 948 sancta

159 986 398 1042 Ecclesia
445 1002 659 1058 semper
701 988 929 1043 sollicita
976 988 1243 1059 perquirit
1287 1001 1423 1055 quos
1470 986 1536 1040 ad
1583 984 1743 1039 ﬁdem

159 1084 478 1131 convertere
502 1075 707 1145 possit,
733 1084 788 1130 et
828 1091 1182 1146 quoscunque
1218 1074 1424 1152 dociles
1453 1072 1740 1137 invenerit,

162 1164 304 1231 bos,
333 1165 651 1222 data-verbi
673 1168 923 1236 pecunia,
956 1167 1011 1221 in
1041 1167 1321 1221 servitium
1362 1164 1565 1220 Christi
1592 1164 1744 1224 emit,

163 1263 328 1325 atque
355 1256 408 1311 in
440 1257 519 1311 eis
564 1256 778 1311 vineam
802 1255 1004 1311 Christi
1048 1256 1295 1326 plantare
1326 1254 1411 1310 vel
1438 1256 1616 1323 potius
1655 1268 1749 1308 eos

162 1342 380 1403 vinea'm
409 1346 609 1401 Christi
638 1346 815 1402 facere
844 1346 1059 1416 satagit.
1087 1345 1154 1399 Et
1181 1345 1306 1414 quia
1332 1344 1577 1413 quisquis
1607 1342 1747 1397 alte-

165 1454 288 1494 rum
307 1437 816 1502 docere-desiderat,
840 1437 1017 1506 primo
1039 1436 1153 1505 ipse
1173 1445 1228 1490 et
1250 1451 1279 1488 a
1301 1435 1456 1489 malis
1477 1433 1751 1488 abstinere

164 1539 221 1585 et
265 1530 423 1584 bonis
445 1544 505 1584 se
542 1529 700 1584 debet
739 1529 951 1583 actibus
983 1542 1257 1591 exercere,
1296 1536 1442 1581 recte
1477 1524 1752 1595 subjungi-

168 1628 292 1673 lill‘:

235 1710 477 1764 Accinxit
504 1710 812 1779 fortitudine
844 1709 1046 1764 lumbos
1071 1727 1218 1776 suos,
1266 1719 1314 1765 et
1344 1709 1613 1764 roboravit
1635 1708 1755 1761 bra-

1836 523 2308 590 famili‘aris-agere
2336 534 2544 574 curam.

1908 613 2102 667 Manus
2127 628 2251 665 suas
2277 609 2416 663 misit
2444 609 2512 661 ad
2543 608 2723 677 fertia,
2747 615 2794 660 et
2818 604 2967 675 digiti
2997 604 3110 673 ejus
3139 601 3425 671 apprehen-

1839 705 2026 758 tlerunt
2053 703 2251 771 fusum.
2280 699 2463 755 Fortia
2492 698 2620 753 dicit
2648 697 2887 766 perfecta
2922 696 2975 750 in
3007 693 3212 749 Christi
3238 693 3393 748 chari

1843 802 1952 848 tate
1966 806 2150 862 opera,
2169 789 2366 859 quibus
2388 804 2445 843 se
2466 788 2707 858 gaudens
2722 786 2987 849 Ecclesia,
3009 792 3159 840 certa
3181 799 3428 854 superna:

1846 882 2218 940 retributionis
2259 880 2686 951 exspectatione,
2721 879 2995 943 subdidit,
3023 876 3172 932 verbi
3204 876 3381 946 gratia
3414 895 3429 928 ;

1846 978 2082 1033 Audistis
2115 976 2240 1047 quia
2267 974 2467 1028 dictum
2493 981 2589 1036 est,
2640 970 2834 1041 Diliges
2863 970 3159 1040 proximum
3196 980 3345 1021 tuum
3385 978 3432 1019 et

1847 1068 1967 1121 odio
1995 1066 2206 1121 habebis
2249 1064 2520 1118 inimicum
2554 1071 2739 1125 tuum;
2781 1077 2873 1131 ego
2918 1071 3090 1114 autem
3119 1060 3236 1113 dico
3270 1059 3434 1118 vobis,

1847 1155 2047 1227 diligite
2099 1155 2340 1210 inimicos
2384 1162 2611 1216 vestros,
2662 1151 2949 1220 benefacite
2983 1151 3064 1203 his
3094 1152 3184 1221 qui
3214 1151 3432 1203 oderam

1850 1242 1965 1311 vos,
1989 1253 2096 1301 etc.
2126 1243 2343 1316 (Matth.
2366 1243 2442 1314 v).
2474 1242 2542 1296 Et
2569 1240 2637 1296 de
2665 1241 2975 1312 virginitate
2994 1240 3259 1296 servanda
3292 1259 3303 1292 :
3334 1240 3437 1303 Qui

1850 1344 2013 1404 potest
2041 1350 2225 1405 capere
2246 1334 2420 1404 capiat
2442 1331 2658 1403 (Matth.
2690 1332 2825 1403 χιχ).
2858 1331 3009 1386 Etde
3033 1328 3445 1385 contemnendis

1852 1425 2088 1481 divitiis:
2116 1423 2175 1477 Si
2189 1424 2287 1489 vis,
2311 1408 2507 1493 inquit,
2531 1421 2791 1492 perfectus
2816 1438 2947 1486 esse,
2966 1421 3118 1484 vade,
3142 1420 3443 1490 vendentium

1853 1517 2011 1571 habes
2051 1524 2101 1570 et
2143 1515 2213 1568 da
2238 1516 2573 1585 pauperibus,
2616 1521 2724 1568 etc.
2776 1513 2992 1584 (Ιὸὶά.).
3040 1512 3174 1566 Nam
3217 1511 3444 1580 populus

1856 1606 2173 1677 Synagogze,
2200 1604 2286 1659 cui
2317 1604 2519 1659 dictum
2542 1610 2626 1657 est
2654 1628 2669 1655 :
2698 1602 2759 1658 Si
2782 1604 3048 1658 volueritis
3064 1612 3118 1657 .et
3147 1602 3446 1665 audieritis,

1858 1698 1992 1750 bona
2037 1706 2190 1751 terra:
2219 1696 2517 1759 comedetis,
2552 1700 2704 1750 tanto
2734 1694 3002 1750 infirmior
3038 1695 3240 1749 eratin
3283 1706 3450 1763 opere

164 1799 345 1852 chium
377 1761 553 1854 suum.
602 1799 856 1855 Accinxit
901 1815 1032 1870 ergo
1078 1761 1319 1855 Ecclesia
1370 1799 1584 1854 lumbos
1626 1812 1754 1853 suos
1788 1761 1830 1818 Β
1853 1787 2095 1859 imum?»
2132 1795 2338 1856 (ἰαθηίο
2365 1787 2545 1841 "ﬁlms
2579 1801 2675 1856 Spe
2694 1794 2969 1856 Ρθνρθιυεε
2997 1784 3451 1841 ιὀπδυηοτθιίθιιίδ

166 1887 524 1953 fortitudine,
591 1904 714 1945 cum
769 1904 1126 1959 supernorum
1173 1888 1457 1943 desideriis
1504 1888 1710 1942 intenta
1737 1927 1753 1950 ,

167 1979 481 2034 carnalibus
511 1978 780 2035 illecebris
804 1979 1169 2034 succumbere
1202 1978 1467 2047 despexit.
1510 1976 1754 2031 Robora-

168 2069 252 2123 vit
307 2068 589 2123 brachium
642 2083 821 2131 suum,
862 2083 987 2123 eum
1023 2083 1083 2123 se
1127 2068 1195 2122 ad
1239 2067 1446 2138 agenda
1494 2067 1756 2120 virtutum

166 2170 337 2224 opera
366 2158 711 2226 praeparavit.
741 2157 805 2210 Et
829 2156 966 2210 bene
998 2157 1175 2225 primo
1207 2156 1417 2210 lumbos
1444 2155 1761 2210 fortitudine

171 2246 477 2316 accingere,
512 2260 578 2300 ac
603 2246 948 2315 postmodum
985 2246 1241 2300 roborare
1278 2245 1497 2309 dicitur,
1528 2244 1653 2314 quia
1681 2243 1763 2297 ni-

175 2336 381 2390 mirum
420 2336 564 2390 actio
616 2336 743 2390 boni
773 2334 955 2405 operis
983 2335 1333 2403 acceptabilis
1360 2349 1481 2389 esse
1510 2332 1622 2388 Deo
1665 2333 1766 2387 mi-

174 2427 328 2499 nime
361 2426 506 2481 valet
526 2426 571 2482 si
602 2442 709 2481 non
750 2425 896 2481 ﬂuxa
928 2426 1154 2480 luxuriae
1203 2426 1324 2495 quis
1354 2426 1502 2494 prius
1528 2441 1559 2479 a
1601 2440 1767 2481 carne

175 2517 342 2572 simul
360 2525 416 2571 et
440 2526 620 2573 mente
644 2518 957 2587 restringat;
986 2519 1129 2583 unde
1155 2519 1460 2589 propheta:
1487 2518 1764 2584 Quicscite,

179 2607 380 2675 inquit,
404 2623 555 2676 agere
580 2622 834 2676 perverse,
866 2606 1048 2660 discite
1072 2608 1195 2661 bene
1227 2606 1399 2676 facere
1428 2603 1583 2678 (Ἰδαῖ’.
1614 2606 1686 2679 ι);
1715 2615 1783 2664 et'

180 2696 446 2751 Dominus
472 2697 585 2765 ipse
611 2715 624 2751 :
654 2696 771 2752 Sint
794 2696 959 2750 lumbi
976 2698 1140 2751 vestri
1160 2698 1449 2767 prwcincti,
1473 2707 1520 2752 et
1543 2697 1771 2753 lucerna:

180 2786 448 2840 ardentes.
501 2786 691 2841 Lumbi
735 2786 989 2843 videlicet
1043 2787 1361 2856 praecincti,
1411 2804 1480 2843 ne
1543 2788 1785 2843 luxurias

183 2875 528 2943 subdamini;
554 2876 789 2931 lucerna:
814 2891 942 2931 vero
966 2876 1237 2943 ardentes,
1264 2884 1324 2931 ut
1345 2878 1502 2933 bonis
1526 2877 1777 2949 fulgeatis

182 2966 465 3034 operibus.

258 3052 875 3127 Gustavit'et‘viditfquia
898 3057 1032 3111 bona
1058 3067 1133 3111 est
1173 3058 1450 3129 negotiatio
1489 3060 1603 3129 ejus
1626 3073 1645 3111 :
1672 3076 1775 3115 non

1858 1885 2089 1932 erectus.
2106 1875 2175 1930 At
2189 1874 2451 1939 Ecclesia,
2467 1890 2585 1944 quae
2597 1876 2747 1932 audit
2758 1891 2789 1930 a
2804 1876 3060 1932 Domino:
3080 1873 3446 1930 Paenitentiam

1860 1945 2036 2038 agite,
2068 1964 2503 2036 appropinquabit
2532 1964 2675 2019 enim
2702 1980 2923 2034 regnum
2949 1964 3200 2042 caelorum
3234 1964 3450 2035 (Matth.

1862 2058 1961 2129 iv),
2017 2055 2213 2111 merito
2260 2070 2359 2125 per
2397 2052 2557 2123 hujus
2598 2054 3019 2123 przeceptionem
3062 2055 3196 2108 dura
3243 2068 3455 2123 quoque

1864 2146 2248 2219 longanimiter
2271 2143 2481 2200 suffert.
2506 2143 2660 2201 Unde
2685 2156 2900 2199 rursum
2923 2143 2989 2198 de
3004 2142 3122 2212 ejus
3143 2142 3456 2199 fortitudine

1865 2240 1996 2295 dicit
2040 2256 2055 2293 :
2094 2237 2331 2308 Regnum
2360 2235 2606 2291 calorum
2631 2236 2733 2290 vim
2761 2244 2982 2306 patitur,
3019 2245 3068 2290 et
3105 2234 3317 2291 violenti
3365 2253 3455 2289 ra-
3508 2224 3513 2229 ⁷

1866 2331 2014 2400 piunt
2042 2327 2177 2382 illud
2208 2326 2424 2397 (Matth.
2456 2325 2537 2394 Χ).
2564 2356 2638 2365 -
2666 2325 2734 2380 Et
2768 2325 2941 2397 digiti,
2974 2325 3179 2395 inquit,
3210 2326 3325 2395 ejus
3364 2344 3458 2397 ap-

1867 2418 2253 2491 prehenderunt
2281 2417 2478 2487 fusum.
2505 2415 2693 2471 Solent
2721 2415 2935 2471 femina
2965 2424 3159 2472 nentes
3187 2415 3366 2473 fusum
3404 2419 3458 2472 in

1871 2510 2113 2572 dextera,
2142 2507 2321 2563 colum
2354 2515 2539 2563 tenere
2568 2506 2623 2561 in
2648 2504 2870 2562 sinistra
2900 2521 2931 2587 ι,
2946 2506 3000 2561 in
3027 2505 3146 2562 colo
3170 2507 3314 2561 enim
3337 2506 3473 2562 lana

1873 2596 2110 2652 involuta
2139 2604 2257 2662 est,
2299 2610 2420 2665 quae
2450 2594 2541 2649 ﬁlo
2565 2595 2813 2651 ducenda
2844 2603 2902 2651 et
2929 2596 3107 2653 uendo
3132 2604 3377 2653 transeat
3406 2598 3461 2652 in

1874 2685 2074 2742 fusum.
2102 2685 2258 2757 Saepe
2284 2694 2462 2742 autem
2488 2687 2542 2741 in
2570 2685 2868 2756 Scripturis
2890 2690 3111 2743 dextera
3140 2686 3303 2742 vitam
3335 2703 3462 2757 pcr—

1873 2788 2115 2849 petuam,
2139 2778 2269 2833 laeva
2298 2778 2584 2850 praesentia
2616 2779 2710 2834 Dei
2738 2779 2877 2834 dona
2902 2778 3204 2851 significat,
3237 2781 3463 2849 opulen-

1877 2869 2005 2923 tiam
2034 2868 2284 2925 videlicet
2317 2884 2519 2933 rerum,
2562 2884 2751 2939 pacem
2781 2878 3108 2939 temporum,
3152 2872 3465 2940 sospitatem

1877 2976 2187 3031 corporum,
2217 2961 2498 3017 scientiam
2524 2976 2741 3036 quoque
2765 2960 3171 3033 Scripturarnm
3197 2970 3250 3018 et
3276 2963 3467 3019 coeles-

1880 3050 2012 3105 tium
2046 3051 2445 3120 perceptionem
2491 3060 2977 3106 sacramentorum.
3023 3050 3147 3107 Haec
3172 3061 3226 3107 et
3280 3052 3469 3122 hujus-

184 3146 548 3216 mtinguelur
579 3148 631 3200 in
662 3157 809 3201 nocte
829 3146 1042 3201 lucerna
1074 3149 1210 3217 ejus.
1237 3151 1387 3216 Quod
1422 3150 1519 3215 ait,
1544 3151 1777 3221 negotia-
1803 3109 1848 3172 Ο
1880 3140 2022 3194 modi
2039 3140 2179 3195 bona
2201 3157 2350 3206 cum,
2375 3141 2605 3196 Domino
2628 3141 2910 3212 largiente,
2936 3142 3284 3212 percipimus,
3311 3146 3469 3215 quasi

186 3238 264 3291 tio
292 3238 429 3307 ejus,
474 3239 592 3310 agri
625 3239 809 3308 utique
858 3239 1127 3309 signiﬁcat
1168 3240 1310 3295 illius
1350 3242 1416 3295 de
1462 3255 1570 3311 quo
1613 3257 1777 3312 supra

188 3326 270 3380 ait
340 3341 354 3380 :
407 3325 763 3382 Consideravit
818 3345 1004 3400 agrum
1061 3339 1107 3384 et
1171 3331 1292 3385 emit
1338 3347 1476 3385 eum.
1531 3330 1780 3387 Gustavit

187 3414 360 3485 igitur
387 3413 625 3471 Ecclesia
655 3426 859 3481 sancta,
894 3419 1127 3489 gustavit
1168 3419 1349 3473 anima
1389 3434 1616 3490 qumque
1656 3437 1780 3491 per—

190 3504 357 3569 fecta,
389 3505 442 3559 id
467 3515 579 3571 est,
625 3507 816 3562 intimo
846 3508 1042 3563 mentis
1073 3509 1339 3564 desiderio
1378 3512 1629 3581 cegnovit
1653 3491 1778 3582 quia

190 3593 338 3647 bona
394 3602 478 3648 est
531 3596 826 3665 negotiatio
873 3597 1002 3652 vitae
1059 3597 1543 3666 immarcessibilis,
1589 3616 1775 3671 quam,

190 3684 402 3739 relictis
426 3684 700 3741 illecebris
731 3687 1153 3757 temporalibus,
1193 3697 1451 3745 arternam
1477 3706 1782 3747 mercemur

190 3775 247 3830 in
290 3774 443 3830 cadis
470 3791 485 3840 ;
513 3777 950 3846 gustavitetiam,
986 3780 1038 3833 id
1077 3786 1177 3843 est,
1208 3789 1393 3849 aperte
1417 3780 1624 3849 didicit,
1652 3785 1780 3855 quia

188 3865 396 3919 bonum
416 3858 507 3919 .es't
526 3881 623 3935 per
641 3867 952 3922 instantiam
972 3868 1297 3938 praedicandi
1322 3885 1671 3942 quoscunque
1694 3889 1783 3927 va-

188 3953 268 4009 let
289 3955 359 4009 ad
390 3955 563 4009 vitam
580 3957 828 4013 veritatis
852 3958 1138 4025 adducere,
1169 3969 1331 4030 atque
1354 3961 1476 4017 ideo
1502 3963 1661 4018 nullis
1685 3965 1781 4020 tri-

191 4044 533 4100 bulationum
556 4038 812 4113 tenebris,
830 4064 932 4104 nec
955 4049 1068 4118 ipsa
1089 4060 1263 4106 morte
1278 4061 1400 4122 post
1421 4061 1504 4108 est
1526 4052 1778 4125 [Forsan,

190 4132 462 4188 retardari
478 4136 697 4208 potest].
716 4138 959 4192 Lucerna
973 4146 1130 4193 nocte
1143 4141 1520 4210 exstinguitur,
1538 4145 1783 4211 quamvis

191 4224 248 4279 in
278 4225 368 4279 die
387 4225 598 4279 videtur
617 4228 838 4291 ardere;
861 4229 1008 4297 quia,
1026 4229 1435 4285 sicutDominus
1455 4232 1552 4298 ait,
1567 4233 1636 4286 ad
1655 4242 1783 4287 tem-

189 4332 291 4382 pus
332 4314 547 4386 credunt
585 4324 632 4369 et
673 4316 728 4369 in
758 4325 983 4386 tempore
1013 4320 1314 4374 tentationis
1352 4321 1611 4375 recedunt
1627 4321 1778 4394 (Luc.

192 4404 339 4471 rm),
357 4404 451 4458 sed
472 4414 528 4459 et
548 4405 758 4460 illorum
786 4414 945 4461 nocte
970 4408 1145 4463 media
1162 4395 1778 4481 exstinguiturlucerna,

188 4494 285 4563 qui
320 4495 571 4548 veniente
588 4494 771 4563 judice
795 4497 971 4553 oleum
994 4499 1273 4556 cbaritatis
1296 4501 1352 4555 in
1373 4502 1519 4557 vasis
1542 4518 1777 4573 prmcor-

189 4588 411 4641 diorum
434 4602 657 4643 suorum
678 4604 783 4644 non
803 4589 1057 4646 habuisse
1081 4594 1399 4661 probantur,
1422 4596 1549 4651 dum
1570 4597 1779 4665 perdito

190 4679 458 4756 falsarum
484 4696 701 4737 rumore
726 4683 1009 4751 virtutum,
1034 4701 1164 4740 vera
1191 4688 1601 4744 tenebrosorum
1626 4690 1780 4745 luunt

194 4780 469 4826 tormenta
512 4772 797 4829 factorum.
836 4777 987 4843 Quod
1025 4780 1070 4832 si
1111 4788 1321 4835 noctem
1364 4782 1468 4837 hoc
1506 4782 1646 4847 loco,
1680 4799 1778 4853 pro

191 4863 381 4932 quiete
410 4864 655 4919 volumus
693 4868 939 4936 accipere
960 4909 975 4933 ,
999 4868 1150 4937 juxta
1178 4872 1281 4926 hoc
1316 4874 1459 4943 quod
1500 4890 1663 4944 supra
1699 4875 1779 4929 di—

192 4958 347 5010 citur
376 4974 387 5008 :
417 4956 481 5009 Et
510 4957 573 5011 de
597 4968 743 5012 nocte.
763 4961 987 5015 surrexit
1008 5002 1023 5027 ,
1054 4963 1105 5015 id
1135 4971 1237 5027 est,
1270 4966 1336 5018 ad
1364 4966 1695 5035 operandum
1724 4982 1783 5021 se

192 5054 322 5115 post
351 5046 589 5115 quietem
616 5052 960 5119 prmpamvit,
992 5062 1114 5121 apte
1142 5054 1356 5120 dicitur,
1389 5058 1531 5125 quod
1561 5058 1780 5113 lucerna

194 5144 404 5190 sancta:
434 5136 685 5193 Ecclesiae
733 5155 838 5194 non
869 5143 1240 5213 exstinguatur
1267 5147 1319 5198 in
1350 5153 1506 5200 nocte
1530 5187 1544 5212 ,
1579 5147 1703 5216 quia
1729 5156 1783 5201 et

197 5240 327 5279 cum
357 5242 389 5279 a
424 5228 639 5296 negotio
665 5229 896 5297 quiescit
944 5232 1171 5287 actionis
1214 5242 1372 5288 vacat
1410 5235 1632 5291 liberius
1676 5236 1779 5291 luci

197 5330 451 5386 superum
480 5318 971 5388 contemplationis,
1005 5337 1236 5392 cumque
1283 5338 1313 5377 a
1350 5324 1577 5394 publicis
1605 5334 1782 5382 cessat

197 5408 459 5478 operibus
488 5448 504 5473 ,
560 5418 715 5464 curat
762 5426 821 5465 se
876 5413 1153 5469 ardentius
1198 5416 1280 5470 vel
1332 5418 1534 5471 auditui
1582 5426 1783 5473 sanetae

199 5497 476 5565 lectionis,
496 5499 582 5553 vel
603 5499 847 5557 laudibus
869 5504 1179 5573 mancipare
1203 5507 1417 5574 divinis,
1432 5509 1583 5579 juxta
1605 5524 1787 5564 exem-

201 5589 353 5659 plum
410 5590 661 5646 videlicet
711 5594 951 5650 mulieris
983 5597 1287 5664 industriae,
1315 5616 1436 5671 quae
1464 5618 1569 5657 non
1613 5601 1785 5657 solum

203 5682 437 5738 interdiu
473 5686 795 5740 necessariis
846 5687 978 5743 solet
1008 5687 1209 5744 instare
1238 5691 1542 5763 laboribus;
1594 5694 1686 5750 sed
1732 5702 1783 5748 et

1881 3230 2057 3285 lauant
2091 3230 2210 3286 colo
2240 3230 2541 3285 involutam
2568 3232 2621 3286 in
2658 3231 2791 3287 lteva
2828 3241 3101 3303 gestamus
3132 3252 3144 3288 :
3172 3244 3228 3290 at
3252 3248 3376 3291 eum
3404 3250 3473 3294 et:

1880 3336 1979 3391 pro
2003 3337 2191 3378 amore
2213 3322 2516 3377 caelestium
2550 3322 2840 3379 salubriter
2862 3339 3122 3380 exercere
3144 3324 3437 3398 incipimus

1876 3410 1989 3479 jam
2012 3412 2189 3466 lanam
2213 3412 2337 3483 agni
2360 3412 2693 3468 immaculati
2718 3414 2785 3469 de
2805 3414 2926 3471 colo
2948 3415 3002 3477 in
3019 3414 3220 3482 fusum,
3241 3416 3310 3471 de
3338 3417 3472 3474 laeva

1883 3502 1936 3556 in
1962 3502 2245 3557 dexteram
2296 3500 2615 3571 trajicimus.
2666 3503 2804 3571 Quia
2852 3504 3104 3562 debonis
3136 3508 3307 3563 nostri
3360 3508 3469 3564 Re-

1880 3592 2177 3661 demptoris
2201 3632 2216 3657 ,
2265 3592 2334 3647 de
2378 3592 2655 3662 exemplis.
2684 3608 2910 3664 operum
2942 3594 3061 3664 ejus
3089 3595 3285 3652 stolam
3316 3598 3490 3653 nobis.

1882 3681 2066 3751 gloria:
2088 3681 2328 3736 caelestis
2353 3696 2418 3737 ac
2452 3691 2662 3737 vestem
2689 3683 2976 3741 charitatis
3013 3686 3307 3755 nuptialem
3336 3687 3471 3742 faci-

1883 3787 2023 3826 mus.
2086 3772 2249 3843 Digiti
2298 3787 2551 3843 namque
2581 3773 2779 3843 quibus
2831 3775 3238 3845 apprehendere
3290 3776 3482 3833 fusum.

1883 3865 2139 3930 dicimur,
2170 3865 2341 3934 ipsam
2373 3866 2731 3921 intentionem
2759 3866 3127 3935 discretionis,
3174 3884 3279 3939 qua
3320 3871 3471 3940 quis-

1882 3971 1989 4026 que
2033 3967 2313 4027 operatur,
2350 3957 2650 4013 insinuant.
2680 3958 2758 4013 Ea
2787 3960 3045 4014 nimirum
3090 3960 3302 4015 ratione
3347 3961 3472 4031 quia

1884 4048 2031 4102 nulla
2054 4048 2299 4118 corporis
2327 4049 2504 4103 nostri
2530 4049 2771 4105 membra
2800 4049 3043 4120 pluribus
3071 4050 3473 4107 suntdistineta

1886 4140 2135 4195 articulis
2166 4155 2233 4196 ac
2268 4139 2497 4197 ﬂexibus
2545 4148 2670 4212 apta
2719 4156 2879 4211 quam
2921 4141 3101 4212 digiti.
3154 4141 3475 4212 Quicunque

1884 4247 2014 4304 ergo
2043 4235 2314 4289 veraciter
2340 4235 2523 4291 dicere
2551 4251 2673 4290 cum
2704 4234 2965 4306 Apostolo
2997 4244 3175 4307 potest
3206 4254 3220 4291 :
3273 4235 3475 4291 Nostra

1884 4325 2375 4379 enimconversatio
2398 4327 2453 4379 in
2493 4324 2634 4380 caelis
2663 4334 2771 4391 est,
2802 4327 2941 4385 unde
2966 4328 3126 4382 etiam
3157 4326 3474 4381 salvatorem

1885 4425 2260 4483 exspectamus.
2317 4415 2621 4471 Dominum.
2663 4426 2901 4471 nostrum
2965 4417 3150 4471 Jesum
3207 4415 3475 4471 Christum

1886 4506 2108 4578 (Philip.
2140 4508 2245 4579 ιιι),
2268 4506 2429 4579 hujus
2457 4507 2701 4579 profecto
2728 4508 2882 4578 digiti
2910 4508 3086 4564 dextri
3109 4508 3484 4578 apprehende—

1882 4606 2009 4652 runt
2030 4598 2228 4665 fusum,
2255 4599 2380 4668 quia
2394 4598 2719 4654 discretione
2735 4597 2919 4653 sedula
2943 4612 3042 4668 pro
3070 4598 3291 4652 mternis
3318 4596 3476 4652 bonis

1882 4692 2132 4747 laborare
2168 4691 2373 4747 didicit.
2406 4691 2475 4745 Et
2500 4692 2639 4747 bene
2668 4681 2883 4755 dic’itur,
2916 4690 3386 4761 apprehenderunt,
3418 4699 3479 4744 ut

1883 4784 2122 4840 vivacius
2166 4784 2577 4839 commendetur
2601 4791 2805 4854 quanto
2852 4782 3050 4847 studio,
3092 4790 3293 4852 quanta
3324 4781 3477 4835 festi-

1886 4877 2126 4940 natione,
2154 4873 2209 4929 in
2234 4872 2395 4942 hujus
2418 4875 2544 4929 vitae
2577 4874 2787 4929 incerto
2812 4889 2911 4944 pro
2936 4873 3101 4928 certis
3129 4872 3270 4941 apud
3301 4873 3471 4926 Deum

1891 4967 2126 5036 praemiis
2147 4981 2309 5038 agere
2337 4967 2649 5022 debeamus.
2682 4966 2820 5034 Quid
2850 4975 3033 5021 autem
3063 4964 3260 5020 mulier
3294 4964 3477 5029 fortis,

1892 5058 1943 5112 id
1987 5065 2071 5113 est
2096 5056 2336 5113 Ecclesia
2367 5066 2575 5122 sancta,
2615 5058 2701 5113 vel
2730 5058 2908 5112 anima
2944 5070 3173 5126 quaeque
3199 5053 3476 5125 perfecta,

1891 5165 1986 5218 per
2009 5149 2187 5204 fusum
2238 5149 2653 5205 intellectualem
2684 5150 2755 5205 sit
2780 5158 3005 5219 operata
3025 5188 3040 5214 ,
3080 5147 3477 5216 subscquenter

1888 5240 2128 5309 aperitur
2152 5258 2165 5294 :

1963 5325 2183 5387 Manum
2210 5348 2360 5386 suam
2388 5332 2590 5402 aperuit
2613 5331 2774 5401 inopi,
2802 5340 2849 5385 et
2877 5330 3080 5402 palmas
3095 5345 3220 5384 suas
3245 5327 3478 5382 extendit

1893 5422 1961 5476 ad
1992 5438 2293 5493 pauperem.
2323 5421 2478 5490 Quod
2510 5430 2565 5477 et
2601 5422 2668 5477 de
2710 5422 2965 5491 operibus
3008 5420 3483 5490 eleemosynarum

1894 5530 2014 5584 qua:
2049 5514 2373 5586 generaliter
2397 5514 2533 5568 ﬁunt
2562 5515 2615 5569 in
2643 5512 3105 5597 pauperes’accipi
3136 5520 3345 5581 potest;
3384 5511 3479 5565 sed

1896 5605 2089 5659 melius
2115 5604 2180 5659 de
2208 5604 2373 5658 verbo
2395 5603 2489 5659 Dci
2509 5645 2524 5669 ,
2568 5604 2709 5673 quod
2738 5603 3108 5677 indumentum
3141 5603 3329 5657 salutis
3358 5602 3475 5655 ani-

1899 5695 2086 5750 mabus
2125 5691 2353 5761 confert,
2392 5693 2722 5766 intelligitur.
2759 5693 2832 5748 De
2864 5710 2971 5763 quo
3000 5694 3190 5749 beatas
3232 5691 3475 5757 ιυιυειυ.
