3910 6356
466 347 568 403 787
1097 345 1161 401 Β.
1202 344 1457 401 MBAN!
1497 344 1715 404 MAURI
1749 346 2066 403 ARCHIEP.
2107 345 2416 406 MOGUNT.
2458 349 2745 409 OPERUM
2782 350 2962 409 PARS
3000 353 3087 409 Ill.
3633 362 3743 421 788

463 464 660 528 riatnr,
700 463 888 519 dicens
916 480 929 516 :
957 462 1177 518 Iustitia
1225 461 1441 516 indutus
1476 479 1595 517 sum
1619 502 1636 529 ,
1678 472 1728 518 et
1759 462 1933 517 uestiui
1964 479 2045 517 me
2068 468 2125 529 Α
2149 464 2330 520 vestitu
2362 465 2642 533 deaurato,
2672 466 3066 542 circumamicta
3087 469 3337 525 uarietate
3357 469 3530 544 (Psal.
3565 476 3740 550 ων).

460 552 598 606 sicut
623 551 921 608 uestimento
940 551 1311 639 et‘diademate
1329 551 1537 619 judicio
1559 568 1672 607 meo
1695 550 1839 624 (Job.
1872 551 2047 625 xxix).
2148 584 2219 595 -—
2244 554 2441 627 Byssus
2466 571 2683 627 quoque
2709 566 2757 611 et
2781 573 3017 629 purpura
3042 557 3403 616 indumentum
3426 564 3562 633 ejus.
3591 565 3739 639 Byg-

458 647 686 716 Aperuit
719 647 901 699 autem
928 630 1171 701 Eticlesia
1198 659 1421 699 manum
1447 644 1615 715 inopi,
1642 659 1765 701 cum
1791 644 2050 705 mVSteria
2149 659 2243 701 sus
2291 647 2346 702 in
2395 648 2647 703 castitate
2683 662 2835 718 purae
2880 650 3310 707 conversationis
3330 693 3347 721 ,
3399 630 3657 728 purpura'
3682 659 3739 716 in

456 737 584 792 ﬁdei
614 734 989 807 ignorantibus
1025 749 1121 805 per
1159 735 1443 806 operarios
1469 734 1719 790 veritatis
1758 733 2045 800 revelavit;
2147 733 2407 793 effusione
2435 737 2658 808 pretiosi
2690 738 2987 808 sanguinis.
3018 737 3220 810 Byssus
3248 755 3485 812 namque
3513 746 3737 802 candidi

456 830 664 901 palmas
691 829 939 886 extendit
983 828 1052 883 ad
1090 842 1384 898 pauperem
1411 866 1427 891 ,
1465 841 1589 882 cum
1628 826 1789 899 longe
1830 825 2048 896 lateque
2146 828 2346 885 coloris
2375 836 2489 895 est,
2536 844 2841 900 purpureus
2865 838 3045 886 autem
3083 831 3234 887 color
3269 841 3347 888 et.
3372 833 3442 890 de
3469 837 3741 908 sanguine

456 922 841 991 praedicatores
884 923 954 979 ad
994 921 1315 978 imbuendas
1341 930 1559 977 aeterna:
1601 920 1790 978 salutis
1835 919 2047 991 indigas
2145 917 2436 986 animantis
2479 918 2624 989 quod
2654 935 2894 990 purpura
2922 928 3167 987 vocatur,
3196 920 3457 991 efﬁcitur,
3513 935 3574 981 et
3617 927 3740 998 ipse

456 1014 703 1068 nationes
733 1013 1005 1083 dispersit.
2145 1005 2422 1075 sanguinis
2447 1004 2608 1062 habet
2629 1008 2886 1078 speciem.
2917 1007 3075 1065 Unde
3094 1009 3320 1081 pulchre
3343 1012 3552 1069 dictum
3576 1024 3663 1071 est
3700 1030 3733 1070 a

533 1103 655 1161 Non
689 1106 889 1161 timebit
935 1104 1116 1159 domui
1142 1119 1254 1159 sua:
1291 1119 1325 1157 a
1363 1103 1646 1173 frigoribus
1675 1101 1838 1167 nivis,
1866 1116 2044 1156 omnes
2142 1094 2394 1152 Patribus
2431 1097 2558 1167 quia
2601 1106 2791 1155 sancta
2833 1098 3075 1154 Ecclesia
3099 1139 3115 1164 ,
3163 1099 3460 1157 electorum
3507 1101 3737 1161 ﬁoribus

455 1197 595 1250 enim
621 1183 892 1250 domestici
931 1195 1047 1265 ejus
1092 1194 1264 1249 vestiti
1290 1192 1608 1263 duplicibus.
1642 1190 1863 1263 Frigora
1903 1191 2043 1247 nivis
2141 1201 2394 1252 vernans,
2425 1187 2480 1241 in
2500 1202 2634 1258 pace
2656 1187 2817 1244 habet
2839 1187 2971 1255 lilia,
2998 1188 3054 1244 in
3077 1187 3219 1245 bello
3242 1206 3415 1247 rosas.
3438 1192 3574 1249 Item
3603 1196 3732 1265 quia

454 1284 618 1338 corda
646 1291 772 1339 sunt
799 1284 1181 1354 reproborum,
1204 1282 1446 1353 perﬁdiae
1473 1296 1586 1337 sua:
1607 1289 1824 1353 torpore
1862 1280 2042 1351 rigen-
2141 1273 2333 1346 byssns
2352 1275 2420 1331 de
2446 1286 2592 1332 terra
2620 1276 2799 1333 virens
2822 1278 3019 1345 oritur,
3049 1280 3147 1335 sed
3190 1296 3287 1351 per
3303 1284 3735 1342 exercitationes

454 1374 559 1439 tia;
589 1373 658 1430 de
691 1374 887 1443 quibus
915 1373 991 1429 ait
1016 1373 1276 1429 Dominus
1310 1390 1323 1426 :
1358 1372 1427 1426 Et
1462 1373 1713 1443 quoniam
1756 1371 2040 1425 abundavit
2140 1364 2330 1436 longas
2349 1373 2405 1423 et
2426 1366 2750 1424 multifarias
2769 1369 2970 1425 amisso
2984 1369 3212 1426 humore
3237 1386 3303 1427 ac
3322 1373 3504 1437 virore
3524 1374 3732 1443 nativo,

452 1465 727 1535 iniquitas,
752 1465 1048 1536 refrigescet
1066 1465 1296 1519 Charitas
1313 1462 1601 1518 multorum
1623 1463 1839 1535 (Matth.
1864 1473 2035 1534 xxtv).
2139 1457 2207 1511 ad
2257 1458 2506 1515 decorem
2565 1461 2810 1517 candidae
2853 1462 3020 1518 vestis
3074 1463 3417 1534 perducitur,
3486 1482 3731 1538 purpura

452 1554 590 1621 Quia
608 1554 698 1609 ille
718 1555 905 1625 utique
921 1555 1041 1610 nive
1054 1552 1147 1627 [F.
1164 1555 1292 1608 add.
1310 1553 1645 1625 designatur]
1660 1552 2035 1624 pessimusqni
2139 1558 2319 1605 autem
2348 1550 2545 1621 regalis
2569 1560 2654 1607 est
2692 1552 2929 1608 habitus.
2974 1551 3144 1623 Bysso
3174 1553 3417 1611 induitur
3445 1557 3690 1615 Ecclesia
3710 1600 3730 1625 ,

447 1644 519 1699 ob
545 1644 737 1713 primae
782 1644 1050 1715 superbia:
1090 1644 1345 1699 meritum
1378 1645 1444 1699 de
1482 1643 1619 1699 ctelo
1664 1658 1924 1699 corruens
1979 1644 2034 1700 in
2138 1646 2261 1695 cunt
2289 1640 2556 1712 castigant
2595 1654 2820 1711 corpora
2853 1657 2952 1697 sua
2981 1642 3139 1698 electi
3170 1653 3226 1700 et
3265 1646 3517 1702 servituti
3563 1648 3731 1720 subji-

446 1736 711 1806 prol‘nnda
741 1736 1109 1800 tenebrarum,
1135 1735 1484 1789 nihilominus
1513 1749 1574 1789 se
1604 1732 1751 1789 velut
1783 1733 2033 1805 angelum
2075 1805 2080 1806 ν
2137 1731 2319 1796 ciunt;
2366 1746 2604 1802 purpura
2653 1743 2855 1799 autem,
2889 1748 3015 1788 cum
3054 1735 3302 1790 eamdem
3331 1737 3727 1793 continentiam

447 1805 585 1881 lucis
606 1827 784 1882 adhuc
808 1827 988 1882 stultis
1026 1833 1301 1881 ostentare
1341 1826 1620 1895 praesumit
1635 1865 1649 1886 ,
1685 1825 2035 1895 habitumque
2063 1805 2109 1864 Β
2136 1837 2244 1876 non
2269 1821 2340 1877 ob
2360 1820 2599 1876 favorem
2616 1821 2780 1892 vulgi,
2802 1824 2894 1878 sed
2919 1838 3017 1894 pro
3038 1825 3365 1897 aequirenda
3388 1828 3727 1886 beatitudine

445 1916 766 1971 meritorum
802 1928 1024 1971 suorum
1047 1913 1271 1971 candori
1311 1914 1469 1969 niveo
1497 1914 1729 1969 similem
1759 1912 2031 1969 fraudium
2135 1911 2285 1982 regni
2307 1912 2563 1982 perennis
2586 1921 2863 1968 exercent.
2891 1911 3003 1969 Sed
3022 1913 3113 1970 hic
3137 1915 3396 1972 virtutum
3420 1918 3643 1974 habitus
3669 1919 3724 1975 in

442 2022 665 2062 suarum
695 2007 896 2063 nesciis
917 2005 1157 2076 prmfert,
1187 2006 1332 2076 quod
1362 2005 1579 2076 quidem
1612 2005 1827 2062 Domini
1857 2014 1913 2061 et
1936 2020 2032 2061 an-
2131 2004 2381 2073 praesenti
2404 2004 2622 2074 quidem
2648 2004 3017 2062 nescientibus
3044 2006 3258 2063 videtur
3276 2009 3721 2079 contemptibilis.

442 2098 686 2170 gelorum
707 2099 825 2169 ejus
840 2106 925 2154 est
944 2099 1223 2168 proprium
1250 2098 1305 2153 in
1332 2096 1520 2153 habitu
1540 2097 1698 2153 niveo
1723 2097 2026 2154 claritatem
2129 2096 2225 2151 sed
2256 2094 2312 2150 in
2357 2094 2539 2151 futuro
2563 2096 2741 2166 qualis
2771 2095 2938 2153 fuerit
2964 2097 3251 2154 manifeste
3294 2100 3524 2169 patebit.
3567 2099 3723 2156 Unde

441 2203 555 2244 sua:
581 2188 869 2258 designare
905 2188 1140 2242 virtutis.
1169 2187 1287 2242 Non
1326 2187 1536 2242 timebit
1574 2196 1755 2243 autem
1783 2188 2023 2245 Ecclesia
2128 2187 2352 2257 pulchre
2403 2188 2457 2243 in
2494 2187 2817 2259 Apocalypsi
2862 2204 2958 2244 sua
3012 2187 3249 2245 Joannes
3294 2199 3611 2247 sanctorum
3661 2207 3721 2248 se

441 2275 1105 2346 domuisuzeafrigoribus
1125 2285 1438 2332 memorata:
1462 2277 1624 2342 nivis,
1648 2279 1774 2348 quia
1797 2277 2028 2335 Domino
2127 2290 2315 2331 vocem
2362 2276 2579 2334 audisse
2634 2276 2834 2344 refert,
2876 2278 3174 2335 dicentium
3227 2300 3238 2334 :
3289 2279 3631 2337 Gaudeamus
3671 2293 3719 2337 et

438 2367 731 2438 pollicente
759 2368 933 2423 credit
960 2369 1105 2439 quod
1132 2375 1302 2438 porta:
1326 2366 1484 2423 inferi
1521 2383 1628 2423 non
1658 2368 2028 2438 prmvalebunt
2126 2365 2466 2431 exsultemus,
2512 2368 2638 2438 quia
2684 2379 2931 2422 venerunt
2959 2370 3154 2440 nuptiae
3179 2370 3335 2440 Agni,
3366 2380 3415 2425 et
3442 2387 3582 2426 uxor
3604 2373 3719 2441 eius

438 2450 700 2513 adversus
756 2472 897 2513 eam.
964 2455 1157 2512 Omnes
1198 2458 1337 2512 enim
1383 2457 1653 2513 domestici
1700 2458 1815 2527 ejus
1855 2460 2026 2513 vestiti
2124 2457 2439 2527 pra'paravit
2459 2474 2535 2523 se,
2557 2467 2605 2512 et
2631 2458 2814 2512 datum
2839 2467 2914 2513 est
2935 2458 2983 2513 ei
3006 2468 3061 2513 ut
3082 2461 3343 2531 cooperiat
3369 2462 3718 2532 sebgssinum

434 2546 751 2617 duplicibus,
791 2554 848 2601 et
873 2546 1136 2616 sapientia
1170 2545 1423 2601 videlicet
1452 2546 1520 2600 ad
1546 2545 1882 2615 repellendas
1908 2548 2021 2603 bte-
2123 2546 2419 2616 splendens,
2449 2538 2754 2602 candidum.
2779 2547 3061 2619 Byssinum
3095 2551 3267 2617 enim,
3306 2551 3716 2622 justiﬁcationes

435 2637 636 2693 reticas
668 2635 943 2692 falsorum.
979 2636 1211 2691 fratrum
1239 2635 1547 2703 doctrinas,
1572 2646 1627 2692 et
1668 2637 1928 2707 patientia
1956 2639 2024 2694 ad
2123 2645 2245 2691 sunt
2271 2647 2573 2692 sanctorum
2607 2637 2792 2709 (Apoc.
2824 2640 2964 2711 xix).

436 2728 744 2783 tolerandas
798 2736 1112 2798 apertornm
1173 2726 1412 2781 hostium
1461 2742 1701 2798 pugnas;
1747 2728 1833 2783 vel
1875 2737 2025 2786 certe
2196 2727 2405 2783 Nobilis
2442 2729 2498 2783 in
2539 2733 2703 2800 portis
2731 2730 2810 2784 uir
2849 2731 2995 2801 ejus,
3024 2733 3235 2802 quando
3262 2732 3450 2788 sederit
3480 2749 3601 2787 cum
3638 2751 3712 2789 se»

432 2818 622 2873 vestiti
646 2826 773 2874 sunt
819 2817 1155 2888 duplicibus,
1187 2817 1315 2887 quia
1360 2818 1775 2887 promissionem
1820 2819 2025 2875 habent
2123 2822 2355 2877 nioribus
2395 2831 2567 2878 terrm.
2598 2824 2694 2879 Vir
2717 2833 2917 2882 sanctae
2946 2826 3222 2893 Ecclesiae,
3250 2828 3337 2882 vir
3361 2827 3625 2899 cujusque
3653 2830 3719 2885 fi-

432 2910 560 2965 vitze
593 2924 715 2980 quae
740 2923 887 2964 nunc
910 2917 1024 2974 est,
1054 2917 1107 2963 et
1136 2907 1332 2964 futura:
1387 2927 1400 2962 :
1448 2924 1591 2963 nunc
1618 2908 1673 2963 in
1712 2910 2023 2979 peregrina-
2122 2912 2259 2969 delis
2280 2913 2508 2979 animae,
2550 2915 2809 2971 Dominus
2836 2924 2953 2982 est,
3001 2917 3094 2987 qui
3123 2917 3409 2974 videbatur
3438 2919 3709 2990 ignobilis,

427 2998 584 3055 .tione
638 2997 920 3068 temporali
946 3037 962 3062 ,
992 2997 1175 3052 divino
1204 2997 1406 3053 auxilio
1430 3013 1498 3052 ne
1524 2996 1779 3053 deﬁciant
1809 2997 1975 3068 adjnti
2004 3018 2018 3055 :
2120 3017 2244 3057 cum
2275 3011 2400 3057 ante
2426 3002 2662 3057 tribunal
2709 3005 2956 3074 praesidis
3005 3012 3176 3061 staret
3195 3005 3539 3077 judicandus,
3581 3022 3713 3063 cum

430 3096 559 3143 tunc
601 3086 657 3141 in
709 3086 901 3157 patria:
934 3086 1175 3156 perpetis
1224 3086 1558 3142 habitatione
1607 3086 1801 3141 divina:
1846 3090 2017 3159 gratia
2055 3160 2088 3166 _
2120 3094 2337 3163 probra,
2365 3092 2596 3164 flagella,
2626 3103 2782 3164 sputa
2808 3104 2865 3150 et
2887 3095 3058 3166 ipsam
3083 3097 3262 3152 erucis
3291 3104 3522 3152 mortem
3542 3099 3714 3154 susci-

425 3180 653 3236 visionis
688 3189 746 3235 ut
788 3178 971 3235 felices
999 3194 1216 3250 semper
1238 3180 1422 3235 vivant
1465 3180 1699 3237 allevati.
1744 3182 1878 3237 ltem
1922 3182 2018 3237 do-
2044 3160 2091 3223 (ἶ
2119 3160 2300 3253 peret;
2325 3185 2420 3239 sed
2438 3160 2953 3257 nobilis—apparebit
2981 3200 3105 3241 cum
3133 3188 3341 3243 venerit
3362 3187 3713 3259 judicaturns

428 3271 642 3327 mestici
668 3270 786 3341 ejus
838 3271 1013 3326 induti
1042 3280 1195 3327 veste
1228 3278 1356 3327 sunt
1384 3270 1617 3344 duplici‘,
1665 3286 1772 3327 una
1811 3271 2014 3342 operis,
2119 3275 2307 3330 orbem
2347 3274 2402 3330 in
2451 3275 2703 3345 aequitate
2747 3284 2802 3331 et
2847 3291 3036 3333 omnes
3079 3278 3257 3350 angeli
3285 3295 3408 3335 eum
3439 3284 3710 3344 eo;‘tuuc

426 3361 598 3417 altera
624 3362 840 3425 mentis,
873 3361 999 3417 ﬁdei
1030 3362 1292 3419 habentes
1317 3362 1695 3434 factorumque
1724 3364 2013 3430 velamina,
2118 3364 2333 3431 sedebit,
2357 3364 2560 3436 inquit,
2605 3366 2661 3419 in
2702 3366 2822 3421 sede
2847 3367 3138 3437 majestatis
3168 3384 3302 3435 suae,
3341 3379 3390 3423 et
3414 3385 3706 3441 congrega-

421 3453 886 3519 etsacramcntis,
917 3452 1167 3509 videlicet
1199 3454 1283 3509 sui
1308 3453 1750 3525 Redemptionis,
1799 3456 2013 3522 imbuti,
2118 3454 2313 3509 buntur
2337 3466 2458 3510 ante
2500 3472 2620 3510 eum
2660 3465 2858 3525 gentes,
2897 3465 2946 3510 et
2968 3458 3229 3527 separabit
3260 3458 3325 3511 ab
3368 3458 3621 3522 invicem,
3650 3466 3708 3513 et

426 3553 482 3600 et
526 3544 805 3600 informati
846 3548 1147 3618 exemplis;
1179 3548 1259 3603 sic
1286 3546 1433 3602 enim
1477 3545 1537 3600 ﬁt
1565 3546 1695 3601 illud
1722 3545 1965 3617 Apostoli
1998 3565 2010 3600 :
2118 3543 2343 3613 reliqua.
2376 3543 2605 3610 Nobilis,
2637 3544 2832 3614 inquit,
2859 3544 2914 3598 in
2937 3553 3089 3614 porta
3112 3546 3194 3600 vir
3212 3546 3361 3614 ejus,
3401 3546 3529 3616 quia
3550 3555 3707 3602 vete-

427 3635 740 3708 Quicunque
761 3636 815 3690 in
839 3636 1046 3692 Christo
1074 3638 1325 3709 baptizati
1346 3636 1490 3702 estis,
1514 3636 1779 3692 Christum
1804 3637 2012 3698 induis-
2117 3635 2284 3690 resin
2314 3635 2487 3706 portis
2520 3634 2710 3691 sedere
2741 3635 2809 3689 ad
2832 3635 3184 3705 judicandum
3212 3635 3477 3703 solebant,
3508 3646 3570 3692 ut
3610 3652 3707 3692 ve-

423 3726 491 3779 tis
519 3723 662 3797 (Gal.
694 3726 800 3798 ιιι).
830 3727 1065 3784 Possunt
1092 3738 1274 3784 autem
1299 3727 1503 3799 frigora
1529 3728 1669 3783 nivis
1703 3728 1867 3783 etiam
1899 3737 2011 3783 tor-
2115 3727 2325 3781 nientes
2350 3726 2419 3782 ad
2459 3725 2741 3780 civitatem
2770 3725 2989 3782 aliunde
3035 3734 3284 3797 paratum
3321 3729 3579 3784 continuo
3616 3744 3708 3785 re—

424 3826 610 3875 menta
652 3827 856 3874 eterna
892 3820 1138 3891 intelligi,
1183 3836 1304 3892 quae
1337 3819 1446 3891 igni
1491 3829 1548 3875 ct
1591 3818 1793 3890 frigore
1845 3820 2014 3874 mixta
2116 3831 2374 3887 sponsum
2402 3816 2705 3887 judicantis
2750 3817 3089 3887 acciperent,
3115 3826 3173 3873 et
3213 3832 3313 3874 nec
3354 3820 3586 3875 rusticos
3612 3821 3706 3877 vel

419 3924 543 3964 esse
587 3908 841 3980 legimus,
888 3924 1012 3966 cum
1041 3910 1241 3966 dicitur
1269 3928 1283 3964 :
1316 3909 1418 3964 Ubi
1443 3911 1539 3965 erit
1564 3912 1715 3979 ﬂetus
1740 3920 1788 3964 et
1817 3910 2015 3965 stridor
2114 3919 2360 3980 pastores
2388 3908 2601 3965 insolita
2648 3908 2800 3966 urbis
2839 3908 3068 3965 aediﬁcia
3111 3904 3542 3981 stnpefacerent,
3599 3929 3705 3970 nec

421 3998 657 4053 dentium
699 3998 917 4069 (Matth.
948 4000 1093 4071 νιιι),
1137 4000 1319 4056 ﬁctum
1362 4000 1563 4071 quippe
1590 4000 1760 4056 oculis
1788 4001 1928 4071 ignis
1958 4010 2014 4056 et
2114 4016 2330 4055 rursum
2374 4015 2563 4070 pacem
2606 4000 2760 4055 urbis
2803 3999 3151 4055 intrinsecam
3194 3999 3452 4071 frequens
3483 4001 3703 4070 litigan-

422 4088 626 4154 fumus,
662 4089 952 4146 stridorem
993 4106 1123 4147 vero
1145 4091 1396 4147 dentibus
1409 4091 1545 4148 solet
1566 4091 1734 4161 frigds
1754 4092 2006 4163 gignere;
2114 4093 2249 4147 tium
2269 4090 2640 4147 controversia
2664 4089 2912 4146 foedaret.
2939 4088 3144 4146 Nobilis
3162 4079 3293 4161 ergo
3306 4094 3412 4147 erit
3435 4092 3702 4149 Dominus

420 4179 564 4237 unde
591 4190 647 4237 et
676 4182 867 4238 beatus
906 4179 1037 4248 Job,
1081 4183 1147 4238 de
1187 4183 1363 4254 poenis
1410 4184 1763 4252 reproborum
1788 4183 2012 4252 loquens
2112 4182 2165 4237 in
2196 4181 2369 4251 portis
2395 4195 2506 4237 suae
2534 4179 2792 4244 civitatis,
2817 4179 2944 4249 quia
2969 4180 3059 4249 qui
3091 4178 3257 4234 etiam
3286 4195 3430 4237 nunc
3454 4189 3699 4236 contem-

419 4273 658 4340 attcrnis,
681 4273 751 4327 ad
780 4272 1030 4339 calorem,
1060 4272 1273 4344 inquit,
1317 4274 1535 4327 nimium
1570 4274 1899 4339 transibunt,
1944 4273 2010 4327 ab
2111 4273 2319 4328 nendus
2358 4280 2578 4342 putatur
2606 4285 2637 4325 a
2683 4268 2867 4325 multis
2890 4310 2905 4335 ,
2933 4271 3023 4326 ubi
3053 4270 3235 4326 szceuli
3271 4270 3394 4327 linis
3437 4262 3698 4335 adfuerit,

419 4361 571 4430 aquis
600 4360 797 4414 nivium
823 4361 967 4432 (Job.
996 4365 1167 4431 xxrv).
1201 4360 1309 4417 Sed
1340 4363 1409 4418 ab
1448 4363 1533 4418 his
1559 4363 1798 4419 Ecclesia
1825 4364 2010 4420 domui
2110 4363 2201 4419 ubi
2236 4363 2539 4434 ingressum
2568 4361 2756 4431 patrim
2780 4360 3019 4416 caelestis
3040 4361 3313 4430 aperuerit
3333 4361 3557 4427 electis,
3579 4362 3696 4431 jam

416 4468 530 4508 suae
552 4466 660 4507 non
687 4452 916 4519 timebit,
944 4452 1070 4522 quia
1091 4452 1401 4522 quicunque
1422 4463 1671 4521 pereunt,
1696 4455 1765 4509 ad
1787 4454 2004 4509 domum
2036 4510 2080 4522 ﬁ
2111 4453 2322 4509 cunctis
2346 4452 2552 4522 patebit
2575 4450 2836 4506 sublimis.
2864 4449 3085 4505 Sedebit
3113 4458 3294 4504 autem
3327 4465 3451 4505 cum
3477 4461 3694 4506 senato-

417 4543 562 4599 illius
584 4558 691 4598 non
713 4510 1080 4614 pertinebant,
1105 4510 1205 4598 nec
1231 4510 1383 4597 veste
1406 4510 1576 4613 ipsius
1596 4510 1824 4614 spiritali
1846 4555 2009 4601 erunt
2036 4510 2087 4569 Β
2113 4546 2263 4599 ribus
2294 4510 2486 4608 terra},
2534 4542 2638 4597 illis
2671 4537 2918 4596 videlicet
2944 4539 3138 4609 quibus
3167 4539 3281 4610 ipse
3304 4540 3580 4610 promittit
3611 4541 3698 4596 di-

416 4633 613 4701 induti,
644 4634 859 4690 tametsi
890 4634 1166 4705 mysteriis
1201 4633 1319 4704 ejus
1347 4635 1414 4690 ad
1449 4642 1658 4703 tempus
1684 4634 2007 4691 videbantur
2112 4649 2241 4690 cens
2269 4647 2284 4685 :
2321 4631 2485 4687 Amen
2509 4631 2625 4689 dico
2653 4630 2791 4685 vobis
2831 4632 2969 4700 quod
2997 4646 3085 4683 vos
3112 4630 3201 4700 qui
3240 4630 3407 4684 secuti
3446 4631 3572 4685 estis
3614 4646 3700 4685 me

416 4725 668 4781 instituti.
698 4725 939 4795 Denique
962 4726 1191 4795 legimus
1219 4726 1273 4780 in
1304 4723 1641 4795 Evangeliis,
1679 4726 1909 4795 ejectum
1939 4726 2006 4781 de
2112 4726 2167 4779 in
2197 4725 2614 4795 regeneratione,
2643 4739 2761 4776 cum
2805 4722 2997 4777 sederit
3037 4721 3180 4789 ﬁlius
3208 4722 3435 4776 hominis
3478 4724 3536 4777 in
3575 4723 3699 4777 sede

416 4815 579 4870 domo
606 4816 837 4869 convivii
882 4815 1024 4877 illius
1064 4816 1340 4871 hominem
1370 4815 1461 4885 qui
1504 4815 1747 4870 vestibus
1780 4829 2002 4884 operum
2113 4814 2403 4882 majestatis
2428 4829 2561 4878 sua},
2588 4812 2829 4867 sedebitis
2856 4819 2903 4864 et
2927 4827 3014 4864 vos
3044 4825 3200 4879 super
3219 4810 3367 4864 sedes
3388 4806 3696 4875 duodecim,

416 4904 710 4960 immundis
734 4904 877 4960 hanc
902 4904 1111 4959 intrare
1134 4914 1570 4975 praesumpserat,
1601 4916 1655 4961 et
1675 4905 1728 4959 in
1757 4904 2005 4959 tenebras
2102 4904 2404 4974 jndicantes
2427 4903 2704 4957 duodecim
2731 4901 2895 4955 tribus
2917 4899 3087 4953 Israel
3109 4898 3324 4970 (Matth.
3350 4898 3485 4969 xiv).

417 4994 744 5059 exteriores,
774 4995 864 5049 ubi
908 5006 1053 5050 esset
1077 4994 1232 5050 ﬂetus
1258 5004 1313 5050 et
1346 4995 1547 5050 stridor
1573 4995 1814 5049 dentium
1838 5034 1855 5060 ,
1883 5009 2003 5049 esse
2180 4994 2462 5049 Sindonem
2505 4994 2648 5063 fecit,
2676 5002 2723 5047 et
2754 4991 3012 5056 vendidit,
3052 5000 3100 5044 et
3146 4988 3416 5060 cingulum
3469 4991 3694 5045 tradidit

418 5081 749 5152 projectum:
777 5084 973 5137 merito
992 5084 1251 5153 utiqncin
1272 5083 1473 5153 frigora
1495 5098 1669 5153 poenae
1694 5085 2001 5155 religatum,
2106 5086 2428 5142 Chanameo.
2454 5085 2511 5139 ln
2542 5085 2710 5140 linteo
2738 5083 2984 5139 sindonis
3010 5082 3222 5138 subtilis
3254 5081 3464 5137 intexio
3505 5084 3693 5154 signa-

420 5173 545 5244 quia
576 5172 947 5229 indumentum
973 5175 1193 5245 pictatis
1225 5176 1425 5229 habere
1455 5176 1785 5247 neglexerat.
2108 5186 2195 5232 tur
2218 5186 2423 5232 sancta:
2450 5177 2873 5246 prmdicatiouis,
2911 5175 2966 5229 in
2998 5190 3105 5245 qua
3136 5174 3373 5230 molliter
3401 5175 3639 5247 quiescit
3676 5216 3692 5243 ,

494 5264 858 5337 Stragulatam
903 5277 1087 5321 vestem
1119 5268 1240 5337 fecit
1264 5269 1364 5322 sibi
1394 5282 1412 5319 :
1442 5268 1623 5339 byssns
1670 5280 1719 5323 et
1770 5288 2004 5342 purpura
2106 5272 2231 5342 quia
2261 5284 2413 5325 mens
2447 5270 2501 5325 in
2530 5269 2620 5324 illa
2652 5268 2891 5324 ﬁdelium
2920 5282 3014 5337 spe
3033 5267 3362 5337 sempiterna
3390 5266 3688 5333 refovetur;

420 5357 777 5412 indumentum
830 5359 965 5427 ejus.
1002 5359 1310 5430 Stragulata
1362 5362 1563 5423 vestis,
1611 5376 1732 5431 qua:
1760 5364 2004 5418 variante
2107 5362 2249 5416 unde
2278 5369 2333 5416 et
2368 5360 2530 5417 Petro
2574 5358 2830 5415 animalia
2874 5358 2929 5413 in
2979 5357 3146 5433 linteo
3190 5359 3641 5413 demonstrantur
3673 5398 3692 5423 ,

422 5454 638 5500 textura
690 5448 829 5501 solet
880 5447 1479 5537 ﬁrmissima‘conﬁci,
1536 5450 1695 5506 fortia
1751 5453 2003 5509 Ecclesia:
2105 5453 2232 5521 quia
2281 5462 2630 5521 peccatorum
2662 5451 2876 5516 animm,
2907 5450 3333 5506 misel'icordilel'
3358 5462 3692 5520 aegrotant.

421 5550 585 5604 opera
608 5546 663 5591 et
688 5538 899 5593 diversa
922 5540 1179 5595 virtutum
1210 5542 1327 5611 ejus
1353 5552 1676 5599 ornamenta
1703 5544 2003 5614 significat,
2108 5544 2159 5597 in
2190 5544 2383 5598 blanda
2417 5543 2539 5599 ﬁdei
2574 5542 2755 5611 quiete
2781 5543 3152 5615 continentur.
3186 5538 3313 5595 llaec
3342 5554 3475 5611 ergo
3499 5539 3691 5593 sindo-

421 5628 489 5680 tle
518 5628 712 5696 quibus
761 5629 1029 5700 Propheta
1069 5631 1120 5684 in
1168 5633 1360 5686 summi
1414 5635 1586 5704 regis,
1632 5634 1731 5689 viri
1760 5634 2005 5690 videlicet
2107 5652 2229 5690 nem
2256 5635 2412 5701 fecit,
2462 5646 2517 5690 et
2545 5634 2814 5699 vendidit,
2846 5637 2972 5702 quia
3010 5634 3187 5696 ﬁdem,
3218 5647 3382 5702 quam
3413 5630 3693 5686 credendo

422 5720 595 5788 illius,
643 5721 797 5779 laude
820 5726 1014 5781 cecinit
1054 5726 1266 5782 :rlslitit
1297 5729 1473 5798 regina
1519 5746 1547 5780 (ι
1589 5729 1783 5782 dextris
1819 5728 1919 5783 luis
1948 5729 2002 5781 in
2110 5734 2371 5794 texuerat,
2427 5725 2693 5797 loquendo
2731 5725 2895 5794 dedit,
2948 5732 3001 5779 et
3055 5724 3122 5777 ab
3180 5723 3484 5780 inﬁdelibus
3521 5721 3691 5775 vitam
