3910 6336
224 359 334 418 789

982 353 1342 416 EXPOSITIO
1377 353 1442 411 iN
1476 348 1866 410 PROVERBIA
1904 344 2313 404 SALOMONIS.
2353 372 2420 384 -—
2461 344 2594 400 LIB.
2637 341 2728 398 lll'.

3365 331 3478 390 790

223 481 391 531 rectae
430 473 860 533 conversationis
910 473 1159 544 accepit;
1228 486 1347 542 qua:
1393 477 1448 526 et
1499 468 1804 524 Chananaao
1833 471 1880 529 Α
1906 469 2006 526 est,
2052 459 2252 530 primus
2295 457 2350 511 in
2379 456 2524 510 illam
2577 455 2806 524 lapidem
2842 456 3009 544 mittat
3039 449 3218 544 (lca-ot.
3251 449 3481 512 vm),et

222 564 792 637 cingulum-tradidit,
850 564 976 635 quia
1014 578 1113 634 per
1146 563 1388 634 vigorem
1425 563 1806 616 demonstrata:

127 703 140 714 .
215 653 450 724 iustitia
497 654 642 711 ﬂuxa
693 669 858 725 opera
907 654 1225 725 gentilitatis
1267 651 1565 716 destruxit,
1606 658 1668 705 ut
1705 650 1807 705 hoe

223 747 374 816 quod
402 745 715 818 prtecipitur
745 745 970 802 vivendo
999 750 1246 800 teneatur
1270 759 1284 797 :
1315 740 1430 798 Sint
1466 740 1630 796 lumbi
1652 738 1807 796 vestri

224 838 498 907 praecincti
523 835 674 908 (Luc.
717 836 836 907 xu).
869 836 1014 890 Bene
1051 834 1254 890 etenim
1286 834 1504 889 nomine
1527 833 1804 898 Chanaan,

223 925 324 997 qui
352 927 710 998 et‘gentilium
740 925 994 996 populum
1025 922 1335 994 procreavit
1359 962 1375 990 ,
1405 930 1460 978 et
1486 922 1809 990 interpreta-

225 1025 321 1070 tur
346 1026 716 1082 commutatus,
757 1030 1046 1072 conversa-
1072 1016 1140 1072 ad
1193 1014 1355 1071 fidem
1389 1013 1684 1084 gentilitas
1709 1010 1808 1066 de-

223 1098 498 1169 signatur,
517 1115 657 1171 quae,
690 1099 1003 1156 felicissima
1026 1101 1533 1164 commutatione,.a
1562 1098 1711 1154 vitiis
1741 1098 1808 1154 ad

224 1189 480 1255 virtutes,
510 1207 542 1246 a
563 1191 775 1247 diabolo
805 1193 1213 1264 transmigravit
1237 1193 1306 1248 ad
1328 1192 1634 1257 Christum;
1667 1192 1810 1247 unde

223 1288 288 1336 et
345 1281 400 1337 in
461 1278 705 1350 ejusdem
772 1281 1000 1337 laudem
1055 1283 1298 1354 psalmus
1365 1283 1810 1353 quadragesimus

224 1379 459 1440 quartus
481 1371 758 1438 scribitur,
791 1369 945 1439 cujus
986 1371 1178 1426 titulus
1201 1379 1286 1427 est
1323 1389 1336 1427 :
1377 1371 1446 1427 In
1490 1371 1671 1441 ﬁnem,
1716 1389 1810 1442 pro

224 1459 334 1525 Iris,
375 1459 465 1531 qui
510 1460 999 1525 commutabantur,
1035 1460 1161 1529 [iliis
1202 1460 1374 1525 Core,
1415 1465 1677 1519 canticum
1718 1482 1811 1536 pro

225 1545 441 1602 dilecto.
474 1547 596 1603 Filii
623 1556 803 1602 autem
829 1547 995 1611 Core,
1031 1547 1125 1604 filii
1161 1548 1423 1604 calvariae
1451 1551 1814 1621 interpretan-

230 1643 342 1700 tur,
370 1635 464 1706 qui
492 1645 622 1692 sunt
667 1636 763 1691 lilii
795 1635 1091 1692 Dominicae
1126 1639 1325 1705 crucis,
1359 1639 1601 1697 dicentes
1635 1657 1650 1696 :
1681 1642 1814 1696 Mihi

228 1725 369 1779 absit
398 1724 640 1797 gloriari,
670 1726 774 1780 nisi
798 1726 852 1780 in
874 1743 1027 1782 cruce
1052 1727 1262 1782 Domini
1287 1731 1450 1785 nostri
1472 1729 1601 1786 Iesu
1617 1731 1814 1788 Christi

1902 549 1981 604 sic
2015 563 2138 604 eam
2170 546 2399 604 crimine
2422 545 2562 613 quod
2595 549 2860 612 patrarat,
2895 539 2996 594 sub
3018 535 3330 592 conditione
3353 546 3475 590 am-

1901 637 2041 708 plius
2071 652 2178 693 non
2201 632 2483 705 peccandi,
2506 631 2799 686 miseratus
2821 626 3050 684 absolvi.

1973 725 2332 782 Cansidcravil
2378 723 2593 780 semitas
2622 720 2807 774 domus
2850 734 2982 783 sum,
3013 727 3062 773 et
3101 730 3289 787 panem
3311 710 3480 768 otiosa

1905 834 2008 871 non
2029 815 2270 871 comedit.
2333 811 2570 868 Semitas
2613 812 2804 867 domus
2855 824 2966 864 sua:
2996 805 3326 866 considerat,
3357 801 3486 871 quia

1907 916 2128 963 cunctas
2153 921 2264 962 sua:
2292 903 2636 960 conscientia:
2665 901 3021 972 cogitationes
3041 896 3311 954 subtiliter
3337 893 3487 949 inve-

1908 996 2092 1066 stigat.
2120 994 2329 1050 Panem-
2351 994 2520 1048 otiosa
2542 1008 2644 1045 non
2670 988 2917 1054 comedit,
2945 987 3073 1058 quia
3100 985 3223 1050 hoc,
3249 981 3393 1052 quod
3413 979 3484 1034 de

1909 1102 2062 1143 sacro
2113 1086 2329 1156 eloquio
2382 1082 2728 1154 intelligendo
2759 1077 3088 1151 perceperit,
3133 1084 3258 1132 ante
3297 1071 3489 1128 aeterni

1901 1175 2101 1245 iudicis
2120 1176 2306 1232 oculos
2325 1172 2654 1236 exhibendo,
2687 1182 2712 1212 ι
2745 1170 2938 1240 patria:
2990 1166 3247 1222 caelestis.
3271 1162 3491 1218 Semitas

1909 1273 2102 1327 domus
2160 1270 2302 1325 illius
2342 1274 2611 1340 prmeepta
2662 1265 2911 1336 justitite,
2941 1262 3137 1333 quibus
3165 1260 3233 1318 ad
3272 1266 3491 1313 teterna:

1908 1363 2034 1416 vita:
2055 1358 2386 1415 mansionem
2415 1355 2767 1427 pervenitur:
2800 1368 2939 1424 quas
2982 1350 3228 1422 profecto
3267 1347 3490 1403 semitas

1912 1448 2098 1503 anima
2147 1445 2287 1501 bene
2341 1443 2672 1507 considerat,
2721 1457 2848 1498 cum
2875 1448 2932 1496 et
2972 1438 3254 1507 diligenter
3296 1435 3492 1504 quibus

1913 1535 2125 1591 actibus
2151 1533 2218 1588 ad
2239 1545 2472 1602 superna
2500 1529 2770 1600 perveniri
2809 1527 3006 1583 debeat
3035 1524 3274 1595 inspicit,
3298 1531 3353 1577 et
3372 1537 3493 1591 qua:

1914 1627 2118 1698 agenda
2147 1623 2336 1680 didicit
2370 1620 2555 1678 sedula
2583 1633 2840 1675 exercere
2890 1633 2998 1674 non
3029 1615 3248 1671 desinit.
3285 1614 3491 1668 Panem

1915 1727 2130 1785 quoque
2155 1711 2328 1768 otiosa
2352 1725 2460 1765 non
2489 1707 2746 1773 comedit,
2784 1722 2909 1762 cum
2939 1705 3268 1762 sacrificium
3315 1702 3496 1758 Domi-

229 1813 379 1886 (Gal.
403 1795 509 1888 Cvr).
543 1815 823 1883 Quomodo
866 1827 1049 1875 autem
1090 1829 1494 1876 commutentur
1534 1825 1815 1894 sequentia
1847 1802 1892 1860 Β
1917 1806 2026 1860 "id
2055 1804 2301 1894 corpori?
2323 1801 2632 1894 PerCiPien§
2673 1799 3086 1894 Sindelnlmllm‘i
3116 1797 3414 1894 δρψ-(1ηοά
3438 1795 3493 1850 ill

228 1903 428 1974 psalmi
461 1904 707 1976 ejusdem
754 1907 973 1975 docent,
1005 1909 1098 1964 ubi
1147 1909 1376 1966 dilectus
1422 1911 1540 1982 ipse
1566 1953 1582 1979 ,
1632 1914 1685 1969 id
1734 1923 1819 1971 est

231 1995 516 2064 Dominus,
538 1998 748 2056 scilicet
770 2000 1028 2057 Ecclesiae
1055 2002 1189 2058 dicit
1221 2019 1234 2057 :
1263 2004 1426 2070 Audi,
1447 2005 1582 2073 ﬁlia,
1607 2015 1656 2062 et
1682 2007 1815 2075 vide,

228 2098 280 2144 et
312 2089 511 2145 inclina
555 2108 738 2147 aurem
775 2101 952 2159 tuam,
980 2102 1030 2149 et
1061 2093 1362 2152 obliviscere
1387 2097 1638 2167 populum
1670 2108 1817 2154 tuum

228 2188 282 2234 et
313 2181 529 2236 domum
557 2185 723 2254 patris
752 2185 850 2239 tui.
873 2184 1207 2241 Commutari
1247 2202 1480 2258 namque
1509 2190 1657 2245 illam
1680 2192 1820 2247 desi-

231 2270 410 2336 derat,
441 2270 627 2342 quam,
657 2282 717 2329 ut
753 2274 918 2330 filiam
949 2275 1150 2334 habere
1176 2278 1373 2346 valeat,
1402 2281 1620 2338 domum
1648 2285 1820 2354 patris

236 2361 458 2430 prioris,
495 2362 547 2418 id
580 2371 664 2418 est
697 2365 870 2420 hostis
904 2368 1136 2438 antiqui,
1154 2368 1307 2438 jubet
1335 2371 1604 2430 oblivisci.

311 2449 608 2506 Fortitudo
632 2461 680 2507 et
709 2453 865 2507 decor
883 2454 1247 2512 indumentum
1273 2460 1409 2526 ejus,
1455 2470 1503 2516 et
1535 2462 1722 2517 ridebit
1764 2466 1818 2520 in

237 2541 326 2597 die
350 2542 651 2597 novissimo.
679 2541 960 2601 Fortitudo
985 2545 1054 2600 ad
1080 2545 1413 2603 tolerandam
1441 2563 1819 2620 perversorum

236 2631 664 2702 improbitatem,
707 2635 867 2691 decor
902 2637 972 2691 ad
1015 2639 1376 2694 exercendam
1403 2641 1667 2698 virtutum
1697 2660 1820 2716 gra-

233 2721 369 2776 tiam
402 2739 416 2776 :
446 2722 640 2788 decor,
688 2725 813 2794 quia
858 2734 1115 2796 operatur
1153 2727 1458 2798 justitiam;
1515 2731 1818 2799 fortitudo,

232 2812 364 2883 quia
394 2815 825 2884 persecutionem
849 2817 1056 2885 patitur
1074 2827 1296 2889 pr0pter
1305 2819 1572 2888 justitiam
1591 2831 1676 2878 :et
1699 2823 1822 2880 ideo

233 2903 435 2959 ridebit
458 2903 512 2958 in
539 2905 628 2960 die
659 2905 977 2972 novissimo,
1002 2907 1054 2961 id
1085 2916 1189 2974 est,
1213 2911 1470 2981 gaudebit
1496 2913 1551 2968 in
1585 2915 1819 2971 retribu-

235 2995 387 3052 tione
421 2996 574 3067 regni
600 2996 838 3052 cmlestis
860 3037 875 3064 ,
906 3012 1027 3068 qua:
1051 2999 1268 3056 dolebat
1299 3002 1355 3058 in
1381 3006 1822 3063 certamine-vitae

233 3083 541 3154 praesentis.
587 3083 703 3140 Mos
746 3086 948 3141 etenim
990 3087 1284 3158 Scriptura:
1326 3101 1412 3148 est
1473 3109 1572 3164 pro
1627 3097 1821 3166 gaudio

234 3172 408 3229 risum
435 3187 661 3244 ponere,
702 3175 844 3231 sicut
881 3187 938 3231 et
964 3177 1225 3236 Dominus
1246 3182 1360 3238 ait:
1388 3183 1540 3240 Beati
1567 3188 1659 3256 qui
1686 3204 1824 3243 nunc

234 3260 397 3329 ﬂetis,
434 3261 560 3331 quia
604 3263 836 3318 ridebitis
882 3264 1035 3336 (Luc.
1077 3267 1181 3338 v1);
1222 3278 1285 3324 .et
1333 3272 1524 3328 beatus
1575 3273 1717 3332 Ich:
1750 3276 1824 3332 0s

235 3357 422 3403 autem
439 3350 705 3405 veracium
738 3351 1019 3422 replebitur
1043 3357 1176 3409 risu.
1223 3356 1469 3416 Similem
1516 3377 1646 3419 sane
1695 3366 1824 3422 huic

235 3439 566 3495 sententiam
595 3439 862 3512 Propheta
905 3443 972 3499 de
1010 3444 1236 3501 Domino
1274 3463 1339 3503 ao
1365 3449 1636 3508 salvatore
1667 3452 1826 3523 hujus

235 3525 552 3584 fortissime
574 3531 816 3586 mulieris
833 3532 1036 3602 posuit,
1048 3535 1237 3591 dicens
1255 3555 1268 3591 :
1292 3537 1553 3595 Dominus
1562 3543 1821 3611 regnavit,

236 3618 478 3672 decorem
519 3618 912 3684 induit,.induit
951 3621 1206 3679 Dominus
1244 3624 1610 3694 fortitudinem
1644 3628 1819 3700 (Psal.

238 3710 395 3778 xcn).
419 3708 554 3764 Cum
581 3711 727 3765 enim
752 3711 1070 3781 praedicaret
1096 3713 1447 3786 Evangeiium
1492 3720 1670 3790 regni,
1701 3721 1825 3778 aliis

238 3795 494 3872 placebat
527 3837 543 3864 ,
577 3798 699 3855 aliis
742 3799 1097 3870 displicebat;
1131 3802 1230 3858 alii
1253 3805 1388 3860 bene
1419 3804 1780 3877 loquebantur
1803 3849 1821 3875 ,

236 3884 334 3941 alii
359 3886 762 3956 detrahebant,
802 3889 1146 3956 lacerabant,
1175 3892 1512 3960 mordebant,
1552 3897 1820 3953 convitia-

238 3974 472 4042 bantur;
511 3978 579 4034 ad
613 3992 707 4034 eos
734 3993 865 4048 ergo
890 3979 1086 4048 quibus
1111 3981 1386 4050 placebat.
1437 3984 1690 4041 decorem
1737 3987 1820 4042 in-

237 4062 514 4129 duit;eos
541 4066 1122 4137 quibusadisplicebat,
1166 4069 1557 4128 fortitudinem.
1606 4075 1821 4132 imitare

234 4164 368 4220 ergo
411 4159 468 4207 et
512 4161 569 4207 tu
625 4153 912 4210 Dominum
943 4164 1093 4213 tuum
1129 4199 1145 4224 ,
1195 4168 1257 4215 ut
1303 4163 1476 4230 possis
1504 4178 1625 4220 esse
1653 4175 1820 4223 vestis

236 4237 438 4306 ipsius;
470 4248 589 4296 esto
619 4256 743 4297 cum
771 4243 967 4299 decore
985 4245 1052 4299 ad
1086 4261 1180 4303 eos
1220 4249 1414 4318 quibus
1440 4251 1656 4321 placent
1677 4255 1818 4311 bona

234 4343 403 4398 opera
431 4339 542 4396 tua,
575 4339 701 4386 esto;
720 4331 875 4388 fortis
898 4334 1157 4392 adversus
1179 4338 1538 4397 detractores.

309 4426 383 4479 0s
406 4431 792 4535 suum‘ajperuit
819 4433 1128 4501 sapientior,
1149 4445 1198 4489 et
1226 4436 1310 4491 lea:
1330 4437 1615 4495 clementia:
1636 4458 1691 4496 tn
1718 4441 1818 4496 lin-
1845 4475 1896 4535 Ι)

233 4529 341 4581 gua
367 4515 502 4583 ejus.
549 4515 632 4570 Ad
661 4518 764 4572 hoc
792 4527 1002 4575 tantum
1040 4522 1265 4594 loquens
1313 4542 1376 4583 os
1415 4531 1626 4597 aperuit
1651 4542 1817 4588 utsa-

237 4607 500 4676 pientiam
529 4609 767 4677 doceret,
792 4611 948 4681 juxta
979 4615 1107 4670 illud
1129 4618 1373 4688 Apostoli
1399 4640 1410 4675 :
1439 4622 1623 4680 Omnis
1646 4643 1814 4682 sermo

233 4695 408 4750 malus
437 4713 502 4751 ex
531 4714 620 4752 ore
647 4710 811 4754 vestro
840 4719 945 4757 non
987 4708 1255 4773 procedat,
1295 4710 1388 4762 sed
1422 4712 1469 4765 si
1503 4715 1621 4783 quis
1653 4715 1815 4771 bonus

233 4786 306 4840 ad
357 4787 755 4855 aediﬁcationem
798 4791 946 4859 ﬁdei,
995 4803 1053 4847 ut
1092 4795 1177 4850 det
1213 4800 1436 4866 gratiam
1485 4805 1815 4862 audientibus

235 4873 455 4943 (Ephes.
487 4876 599 4947 tv);
637 4878 730 4933 vel
755 4888 902 4935 certe
940 4896 1002 4936 os
1037 4886 1216 4940 cordis
1263 4891 1474 4958 aperuit
1506 4894 1575 4948 ad
1604 4895 1814 4952 discen-

234 4961 361 5053 dam
391 4964 458 5053 ab
488 4965 604 5032 ipsa
636 4969 896 5037 sapientia
920 4971 1144 5029 interius
1174 4979 1474 5048 veritatem,
1499 4999 1661 5053 quam
1682 4987 1814 5044 alios

237 5048 650 5148 foras-doceret.
685 5056 911 5128 Utrique
940 5071 1118 5118 autem
1142 5070 1347 5134 sensui,
1369 5073 1496 5141 quia
1515 5048 1814 5148 utrumque

237 5136 370 5230 facit
392 5139 653 5208 Ecclesia,
686 5149 923 5204 concinit
948 5161 1072 5222 apte
1125 5157 1266 5225 quod
1317 5136 1564 5230 sequitur
1590 5184 1602 5219 :
1633 5165 1702 5220 Et
1726 5136 1815 5223 lex

234 5228 523 5287 clementiw
547 5235 602 5289 in
631 5235 811 5308 lingua
855 5243 991 5312 ejus,
1022 5245 1110 5302 illa
1161 5228 1431 5317 videlicet,
1460 5266 1520 5312 ut
1563 5275 1670 5316 non
1703 5271 1814 5317 sta-

238 5323 339 5378 tim
383 5338 534 5424 more
573 5325 707 5424 legis
742 5329 1008 5424 Mosaicm,
1049 5349 1335 5408 peccantes
1375 5347 1613 5414 puniret,
1657 5354 1808 5424 cujus

233 5413 545 5505 exemplum
570 5416 867 5476 clementia:
897 5424 965 5478 ab
1001 5427 1116 5496 ipsa
1148 5431 1242 5486 Dei
1288 5413 1551 5505 sapientia
1582 5413 1809 5498 Domino

234 5510 291 5595 et
331 5501 616 5563 Salvatore
639 5519 826 5567 nostro
864 5515 1149 5575 manifeste
1173 5501 1433 5595 percepit,
1475 5542 1596 5583 cum
1628 5531 1809 5588 oblata

232 5592 283 5646 ei
314 5596 623 5662 peccatrice
641 5601 862 5659 muliere
893 5622 905 5658 :
939 5604 1000 5661 Si
1030 5611 1167 5678 quis,
1215 5592 1406 5682 inquit,
1438 5618 1549 5673 sine
1591 5633 1802 5688 peccato

309 5719 336 5746 α
369 5708 592 5764 Videtur
615 5714 816 5785 aliquid
849 5718 1051 5775 deesse.

1921 1893 2179 1965 mysterio
2208 1891 2465 1956 celebrat,
2517 1889 2744 1945 multum
2791 1887 3020 1944 sollicita
3057 1901 3126 1942 ne
3154 1885 3372 1956 indigne
3399 1898 3496 1953 pa-

1920 1998 2044 2038 nem
2077 1979 2288 2038 Domini
2319 1979 2652 2036 comedendo
2676 1987 2732 2034 et
2775 1975 3311 2039 calicembibendo,
3353 1972 3499 2044 judi»

1919 2071 2062 2127 cium
2090 2069 2192 2125 sibi
2243 2066 2531 2123 manducet
2556 2074 2611 2123 et
2666 2066 2859 2131 bibat;
2890 2064 2986 2119 sed
3033 2073 3093 2118 ut
3118 2061 3372 2133 patiendo
3399 2075 3501 2131 pro

1920 2160 2136 2216 Christo
2175 2173 2239 2214 ac
2266 2158 2537 2228 lacrymas
2567 2155 2862 2220 fundendo,
2917 2153 3074 2208 bonis
3101 2166 3314 2222 quoque
3363 2150 3500 2206 acti-

1919 2251 2022 2307 bus
2071 2249 2727 2319 insistendo,.passionem
2761 2257 2816 2303 et
2839 2247 3083 2317 exempla
3132 2245 3304 2316 ipsius
3328 2260 3500 2316 quan-

1921 2353 2035 2400 tum
2088 2344 2254 2410 valet,
2310 2349 2589 2412 sequatur.
2643 2339 2830 2396 Potest
2871 2347 2928 2395 et
2984 2337 3301 2407 simpliciter
3325 2336 3500 2406 accipi

1920 2435 2065 2505 quod
2101 2448 2296 2505 panem
2323 2433 2497 2488 otiosa
2527 2445 2636 2487 non
2663 2429 2899 2487 comedit
2926 2428 3121 2486 mulier
3152 2426 3502 2497 fortis,juxta

1922 2525 2050 2580 illud
2076 2522 2316 2594 Apestoli
2349 2541 2362 2576 :
2397 2521 2502 2589 Qui
2551 2537 2656 2575 non
2684 2528 2948 2590 operatur,
2990 2534 3084 2574 nec
3113 2517 3390 2572 manducet
3413 2516 3496 2587 (ιι

1923 2613 2076 2668 Thes.
2098 2613 2208 2683 ut),
2259 2620 2323 2668 et
2345 2611 2461 2683 ipse
2484 2609 2552 2666 de
2592 2625 2674 2675 se,
2702 2608 2971 2676 Quoniam
3001 2609 3070 2664 ad
3103 2622 3176 2663 ea»
3216 2622 3338 2678 qua!
3367 2607 3503 2662 mihi

1922 2719 2057 2775 opus
2080 2711 2263 2768 erant,
2283 2711 2339 2757 et
2365 2701 2453 2758 bis
2500 2700 2592 2771 qui
2618 2714 2832 2755 mecum
2876 2707 3024 2764 sunt,
3056 2699 3508 2753 ministraverunt

1922 2807 2142 2848 mauus-
2173 2791 2310 2846 istas.
2356 2787 2528 2846 Unde'
2560 2788 2756 2844 merito
2803 2787 3144 2842 luxuriantes
3194 2785 3387 2841 viduas
3417 2800 3505 2838 ar-

1921 2895 2091 2951 gneus
2110 2878 2355 2950 adjungit
2389 2895 2404 2933 :
2437 2875 2609 2931 Simul
2648 2888 2822 2930 autem
2850 2887 2898 2931 et
2931 2878 3113 2930 otiosa:
3157 2875 3366 2929 discunt
3395 2875 3504 2929 cir-

1922 2971 2120 3024 cumire
2143 2969 2326 3024 domos
2347 2966 2401 3037 (I
2427 2965 2563 3020 Tim.
2591 2965 2670 3036 ν),
2696 2982 2802 3021 non
2824 2965 3000 3022 solunt
3028 2964 3238 3031 otiosae,
3265 2964 3361 3020 sed
3383 2977 3504 3019 ver-

1922 3061 2070 3116 bosa:
2088 3068 2145 3116 et
2181 3059 2432 3116 curiosas.

2002 3147 2356 3205 Surrexerunt
2410 3148 2514 3218 filii
2559 3148 2696 3219 ejus,
2748 3155 2796 3203 et
2849 3144 3199 3202 beatissimam
3250 3144 3508 3215 prtcdt'ca-

1929 3249 2071 3306 runt,
2099 3250 2146 3294 et
2173 3241 2252 3296 vir
2275 3240 2390 3310 ejus
2441 3239 2676 3294 laudavit
2731 3255 2868 3293 eam.
2923 3238 3079 3306 Quod
3121 3235 3363 3292 futurum
3407 3252 3513 3307 pro

1926 3337 2078 3384 certo
2120 3337 2346 3386 noverat
2400 3343 2552 3383 more
2599 3327 2918 3398 prophetico
2965 3327 3124 3398 quasi
3163 3326 3279 3395 jam
3301 3325 3512 3382 factum

1926 3418 2091 3473 refert
2118 3437 2131 3472 :
2162 3424 2387 3489 surgent
2405 3418 2551 3473 enim
2593 3418 2686 3474 lilii
2713 3417 2992 3483 Ecclesiae,
3019 3416 3274 3472 videlicet
3314 3430 3508 3472 omnes

1924 3508 2102 3574 electi,
2144 3507 2198 3563 in
2238 3509 2532 3564 novissimo
2579 3509 2760 3564 carnis
2819 3507 3152 3563 mortalitate
3196 3507 3404 3573 donati,
3451 3515 3512 3563 et

1928 3608 2054 3654 tunc
2102 3607 2332 3655 matrem
2363 3613 2535 3663 suam,
2584 3615 2705 3668 quze
2758 3613 2853 3654 eos
2907 3614 2973 3654 ex
3029 3611 3169 3668 aqua
3207 3606 3265 3653 et
3298 3598 3511 3668 Spiritu

1924 3697 2112 3746 sancto
2161 3690 2395 3768 genuit,
2425 3690 2796 3746 beatissimam
2837 3690 3160 3761 praedicant,
3211 3703 3332 3759 qua:
3361 3706 3514 3748 nunc

1924 3778 2320 3835 abinlidelibus
2353 3780 2506 3851 quasi
2547 3779 2749 3834 misera
2781 3779 3186 3844 contemnitur;
3217 3787 3272 3834 et
3292 3792 3503 3844 revera,

1925 3868 2065 3923 sicut
2096 3868 2384 3939 Apostolus
2414 3870 2491 3924 ait
2538 3868 2590 3940 (ι
2619 3868 2895 3940 Cor..xv),
2928 3868 2990 3926 Si
3024 3870 3079 3923 in
3121 3869 3220 3922 hac
3248 3870 3352 3924 vita
3379 3879 3505 3926 tan-

1922 3967 2034 4012 tum
2063 3970 2330 4029 sperantes
2356 3977 2536 4015 sumus
2580 3961 2636 4014 in
2687 3958 2917 4023 Christo,
2966 3957 3368 4014 miserabiliores
3411 3974 3503 4016 stt-

1921 4061 2037 4100 rnus
2062 4048 2299 4103 omnibus
2327 4049 2622 4104 hominibus
2647 4066 2665 4113 ;
2692 4049 2818 4119 quia
2867 4065 2996 4106 vero
3038 4065 3136 4121 pro
3163 4051 3276 4106 vita
3303 4052 3410 4107 alia
3439 4054 3505 4108 in

1919 4137 2174 4206 presenti
2237 4136 2568 4206 militamus,
2609 4140 2805 4194 merito
2856 4155 2980 4195 cum
3016 4142 3328 4211 apparuerit
3373 4144 3502 4212 quid

1920 4227 2142 4293 erimus,
2190 4235 2441 4284 matrem»
2474 4235 2739 4294 nostram,
2793 4245 2915 4300 qua:
2970 4246 3037 4286 ex
3063 4234 3316 4287 omnibus
3336 4231 3501 4302 justis

1921 4314 2162 4381 collecta,
2179 4330 2298 4370 una
2324 4314 2522 4372 Christi
2549 4316 2816 4382 columba,
2840 4308 3120 4386 sponsaet
3138 4319 3312 4375 amica
3339 4335 3500 4376 voca-

1922 4413 2031 4468 tur,
2061 4403 2430 4459 beatissimam
2458 4404 2893 4475 praedicabimus.
2928 4405 3130 4478 Surget
3157 4415 3214 4463 et
3251 4409 3336 4463 vir
3359 4407 3499 4486 ejus,

1921 4503 1976 4549 et
2004 4493 2242 4549 laudabit
2265 4495 2625 4560 eam,dicens
2660 4495 2980 4564 injudicio:
3021 4497 3214 4564 Venite,
3246 4498 3502 4554 benedicti

1922 4583 2098 4638 Patris
2140 4585 2262 4649 mei,
2306 4585 2564 4654 possidete
2607 4596 2852 4656 paratum
2901 4588 3043 4643 vobis
3068 4605 3340 4659 regnuma
3368 4608 3496 4645 con-

1917 4674 2187 4728 stitutione
2206 4658 2392 4728 mundi
2425 4689 2442 4726 :
2471 4676 2664 4730 esurivi
2702 4676 2839 4730 enim
2873 4685 2922 4731 et
2952 4658 3170 4733 dedistis
3199 4679 3325 4732 mihi
3346 4695 3500 4734 nsan-

1919 4765 2138 4831 ducare,
2165 4774 2270 4821 etc.
2332 4765 2543 4837 (Matth.
2597 4767 2746 4838 xxv).
2778 4766 2882 4836 Qui
2914 4769 3135 4840 quidem
3160 4770 3275 4840 ipse
3302 4771 3495 4840 primi-

1919 4854 2008 4909 tiae
2044 4854 2426 4910 dormientium
2475 4856 2773 4912 resurrexit
2813 4873 2844 4912 a
2883 4857 3134 4924 mortuis,
3198 4860 3291 4914 sed
3320 4859 3375 4914 in
3410 4859 3498 4915 die

1912 4941 2100 5010 judicii
2149 4941 2486 4999 manifestius
2530 4945 2784 5002 omnibus
2819 4962 2955 5017 quos
2990 4963 3086 5002 sua
3111 4948 3270 5003 laude
3299 4949 3492 5020 dignos

1911 5031 2252 5101 judicaverit,
2314 5041 2514 5101 quanta
2563 5033 2636 5089 sit
2661 5035 2904 5105 ejusdem
2933 5051 3044 5092 sua:
3071 5038 3491 5092 resurrectionis

1916 5118 2083 5188 gloria
2122 5119 2533 5175 demonStrabit.
2565 5120 2749 5177 Potest
2776 5125 2943 5180 etiam
2966 5125 3071 5181 hoc
3097 5125 3240 5195 quod
3267 5126 3493 5193 dicitur,

1915 5219 2251 5263 surrexerunt
2277 5210 2603 5280 ﬁliiejus,et
2654 5212 3006 5270 beatissimam
3050 5217 3495 5285 praedicaverunt,

1915 5304 1967 5350 ct
1993 5297 2155 5351 etiam
2183 5297 2235 5352 in
2270 5299 2372 5355 hoc
2429 5309 2670 5372 tempore
2714 5305 3103 5361 convenienter
3127 5307 3328 5377 accipi,
3365 5323 3487 5363 cum

1918 5386 2141 5456 quilibet
2191 5387 2445 5456 fidelium,
2474 5396 2798 5450 transcensis
2846 5397 3027 5452 saeculi
3085 5399 3364 5464 aerumnis,
3420 5402 3488 5456 ad

1919 5476 2158 5532 etelestia
2191 5493 2354 5548 regna
2382 5481 2786 5550 perducuntur;
2817 5485 3006 5542 sedere
3041 5480 3272 5557 namque
3298 5490 3366 5544 ad
3397 5490 3491 5544 bu-

1920 5567 2268 5624 miliationem
2322 5571 2551 5643 aliquos,
2583 5582 2803 5646 surgere
2847 5579 2914 5633 ad
2946 5579 3172 5647 gloriam
3203 5581 3438 5650 pertinet
3469 5601 3482 5648 ;

1922 5657 2060 5714 unde
2100 5659 2315 5729 dicitur,
2362 5665 2485 5719 olim
2515 5668 2569 5721 in
2597 5668 2763 5723 cilicia
2813 5673 3136 5741 pwnilerent,
3168 5675 3219 5728 id
3257 5684 3359 5740 est,
3386 5676 3485 5730 ltu-
