3910 6334
438 351 536 408 791

1067 350 1130 405 Βς
1172 347 1425 406 RABANI
1465 347 1686 406 MAURI
1723 347 2041 404 ARCHIEP.
2083 345 2394 403 MOGUNT.
2435 346 2717 403 OPERUM
2757 347 2936 404 PARS
2975 347 3061 405 Ιῐῐ.

3605 351 3716 408 792

431 470 624 528 miliati
649 487 666 536 ;
695 476 752 525 et
803 469 1064 540 propheta
1092 487 1105 521 :
1142 469 1184 544 Α
1215 468 1352 537 facte
1393 483 1582 521 manus
1631 478 1737 535 tute
1779 474 2022 520 sedebam
2051 464 2105 522 Α
2198 462 2398 517 Fauna:
2423 472 2617 533 gratia,
2644 473 2692 519 et
2728 481 2862 518 vana
2891 477 2968 519 est
3005 466 3393 534 pulchritudo:
3419 467 3611 522 mulier
3636 472 3716 523 tt"-

429 559 602 626 solus,
640 560 768 629 quia
815 559 1221 614 comminatione
1271 543 1482 625 replesti
1519 573 1601 610 me
1640 558 1860 630 (Jerem.
1883 555 2022 625 xv);

431 648 524 702 sed
547 647 953 726 etPsalmcsta;
991 645 1198 701 Vanum
1227 655 1302 700 est
1350 647 1492 701 vobis
1544 655 1666 726 ante
1690 638 1868 700 lucem
1903 661 2023 699 sur-

429 755 572 809 gere,
595 739 794 808 surgite
814 723 1088 808 postquam
1126 737 1389 802 sederitis,
1422 737 1517 807 qui
1551 723 1890 792 manducatis
1926 753 2022 806 pa-

428 846 550 883 nem
575 828 774 886 doloris
805 826 979 900 (Psal.
1026 828 1234 903 cxxvr),
1272 827 1420 896 quod
1465 836 1549 883 est
1599 836 1785 897 aperte
1812 826 2016 892 dicere,

428 918 570 985 Quid
597 919 650 973 in
678 904 931 988 praesenti
980 918 1225 988 quaeritis
1251 909 1510 988 gaudere,
1558 919 1703 989 quod
1749 917 1938 982 electis
1962 918 2016 972 in

426 1007 610 1060 lbturo
642 1006 992 1071 reservatur?
1025 1005 1140 1062 Non
1184 1009 1330 1063 enim
1387 994 1614 1077 potestis
1654 1001 1716 1062 in'
1753 1009 1859 1063 hac
1885 995 2016 1074 vita,

426 1097 480 1152 id
511 1105 615 1158 est,
646 1081 988 1150 ante‘lueem
1035 1111 1284 1166 superna:
1341 1096 1740 1162 retributionis,
1791 1091 2016 1167 gloriam

425 1201 568 1241 vcme
598 1186 873 1240 felicitatis
900 1173 1146 1241 habere:
1198 1190 1329 1256 quin
1377 1191 1560 1255 potius
1603 1194 1892 1255 postquam
1930 1188 2019 1241 hic

423 1275 693 1329 bumiliati
725 1263 939 1345 fueritis
988 1275 1053 1330 ad
1081 1283 1316 1345 tempus,
1351 1275 1461 1329 illic
1483 1286 1579 1330 vos
1605 1277 1659 1329 in
1694 1285 2015 1348 perpetuum

423 1366 695 1420 veraciter
739 1358 1059 1421 exaltandOs
1107 1360 1344 1436 sperate,
1401 1380 1501 1420 vos
1545 1366 1742 1435 quibus
1768 1381 2013 1419 amarum

2126 572 2272 611 mens
2316 555 2599 611 Dominum
2643 545 2760 626 ipsa
2801 557 3126 612 laudabitur.
3166 559 3354 614 Fallax
3379 589 3384 593 -
3409 570 3496 615 est
3526 562 3714 630 gratia

2123 647 2317 714 laudis,
2368 663 2528 717 quam
2556 649 2626 703 ab
2667 648 2886 705 homine
2915 649 3132 719 accipit,
3181 665 3319 705 vana
3358 651 3716 721 pulchritudo

2111 739 2388 795 castitatis
2423 740 2506 794 vel
2561 741 2891 810 ‘operationis
2939 743 3114 806 bonae,
3171 757 3333 812 quam
3386 744 3712 800 hominibus

2121 829 2356 884 ostendit
2375 830 2556 885 anima
2582 844 2706 901 qua:
2728 833 2924 888 timore
2944 841 3098 888 caret
3117 833 3298 888 divino
3321 851 3336 899 ;
3369 840 3425 888 at
3453 834 3542 889 illa
3562 849 3709 890 con-

2121 917 2344 972 scientia
2373 933 2502 972 vera
2557 926 2644 974 est
2670 905 2847 975 lauder
2882 921 3064 991 digna,
3100 935 3220 990 quae
3251 921 3498 978 timorem
3515 921 3710 979 Dei-1n

2119 1010 2368 1064 omnibus
2417 1016 2618 1075 servat,
2649 1005 2764 1080 ipse
2790 1017 2877 1065 est
2929 1011 3074 1065 enim
3109 1010 3432 1079 principium
3485 1019 3713 1068 cuncta-

2119 1114 2241 1154 rum
2269 1107 2565 1169 custosque
2605 1095 3204 1168 virtutum,'Seriptura
3235 1108 3446 1176 dicente
3472 1120 3492 1155 :
3522 1100 3713 1157 Timor

2117 1191 2332 1246 Domini
2379 1192 2710 1262 principium
2739 1192 3013 1261 sapientia:
3039 1191 3218 1262 (Prov.
3253 1192 3335 1264 r);
3367 1203 3423 1249 et
3458 1194 3656 1248 iterum
3687 1212 3732 1246 :>

2119 1282 2224 1347 Qui
2263 1283 2409 1336 timet
2437 1282 2627 1347 Deum,
2677 1281 2809 1335 nihil
2854 1281 3086 1352 negligit.
3114 1280 3258 1337 Hinc
3277 1291 3362 1336 est
3384 1284 3528 1338 enim
3556 1283 3709 1352 quod

2118 1377 2239 1432 ideo
2262 1375 2456 1430 beatus
2479 1370 2583 1429 Job
2612 1382 2667 1429 et
2701 1374 3144 1442 inprosperitate
3175 1371 3471 1428 virtutibus
3497 1374 3704 1427 incom-

422 1463 509 1510 est
538 1469 701 1510 omne
726 1455 872 1524 quod
899 1450 1083 1511 Saeculi
1109 1455 1444 1510 amatoribus
1473 1452 1774 1523 jucundum
1799 1451 2013 1508 videtur

2120 1463 2433 1542 parabiliter
2464 1461 2670 1527 fleruit,
2701 1470 2758 1516 et
2785 1462 2840 1515 in
2873 1460 3296 1516 adversitatibus
3319 1460 3705 1528 insuperabilis

421 1555 475 1601 et
506 1546 686 1602 dulce.
712 1545 957 1618 Surgunt
978 1561 1107 1616 ergo
1133 1544 1226 1626 filii
1258 1545 1536 1619 Ecclesiae,
1563 1552 1619 1599 et
1641 1543 2013 1631 beatissimam
2117 1552 2610 1623 hosti-permansit,
2642 1553 2769 1621 quia
2801 1550 3069 1605 veraciter
3097 1551 3287 1605 dicere
3316 1550 3512 1619 ροιιιίι,
3540 1549 3704 1604 sem.-

420 1640 738 1709 praedicant,
769 1654 892 1694 cum
932 1638 1247 1694 caelestibus
1288 1636 1448 1692 bonis
1485 1632 1778 1698 sublimati,
1811 1643 2013 1704 quanta
2115 1631 2214 1716 ῥει-
2258 1645 2405 1699 enim
2436 1645 2594 1714 quasi
2645 1649 2918 1697 tumentes
2972 1654 3139 1711 super
3192 1656 3280 1696 me
3307 1641 3502 1696 ﬂuctus
3539 1641 3700 1695 timui

422 1729 495 1782 sit
522 1728 664 1782 illius
693 1727 885 1799 patria;
935 1722 1194 1790 beatitas,
1224 1725 1378 1794 cujus
1423 1724 1719 1793 participes
1739 1739 1862 1778 esse
1897 1736 2010 1778 me-

422 1826 670 1883 ruerunt,
708 1819 1000 1888 aspiciunt,
1027 1825 1083 1872 et
1119 1817 1261 1870 banc
1288 1814 1472 1870 debita
1502 1813 1814 1870 laudatione
1848 1815 1901 1868 in
1925 1814 2012 1868 div

423 1913 552 1967 vina
583 1913 790 1968 visione
815 1911 1200 1967 concelebrant
1229 1927 1241 1961 :
1273 1903 1462 1964 laudat
1486 1903 1606 1964 eam
1632 1917 1686 1963 et
1705 1909 1792 1963 vir
1819 1909 2011 1979 ipsius,

423 2019 549 2059 cum
592 2004 731 2058 bona
760 2019 881 2074 qua:
909 2003 1024 2072 ipse
1064 2001 1288 2058 donavit
1324 2008 1656 2056 remunerat.
1689 2001 1896 2068 Quibus
1919 2017 2015 2055 au-

425 2094 742 2148 temverbis
769 2109 889 2148 eam
909 2092 1094 2148 laudet
1122 2099 1516 2161 consequenter
1535 2092 1861 2157 ostenditur,
1886 2107 2011 2147 cum

423 2169 624 2237 dicitur
657 2200 670 2235 :

493 2271 680 2326 Multa:
713 2272 841 2340 ﬁlia:
866 2279 1307 2341 congregaverant
1327 2269 1559 2336 divitias,
1591 2278 1648 2323 tu
1677 2286 2013 2340 supergressa

422 2380 480 2418 es
508 2365 800 2424 universas.
835 2363 1030 2417 Multas
1069 2363 1208 2417 ﬁlias
1237 2362 1495 2417 ecclesias
1544 2362 1677 2417 dicit
1722 2363 2012 2419 haeretico-

425 2469 547 2508 rum
570 2437 915 2508 etmalorum
952 2452 1138 2516 turbas
1186 2449 1599 2515 catholicorum,
1629 2467 1751 2522 qua:
1776 2451 1900 2508 ﬁliae
1932 2453 2013 2507 di-

418 2553 618 2599 cuntur
643 2543 731 2598 vel
760 2542 962 2598 CbriSti
991 2542 1076 2596 vel
1125 2542 1401 2606 Ecclesize,
1465 2542 1611 2613 quod
1664 2544 1829 2597 etiam
1879 2537 2012 2612 ipsa:

425 2643 557 2689 sunt
587 2633 1119 2688 Dominicis'rcnatze
1149 2632 1528 2697 sacramentis,
1575 2641 1630 2687 et
1669 2620 2012 2703 adoptionem

417 2725 654 2779 ﬁliorum
681 2739 849 2804 quam
876 2723 1149 2777 custodire
1176 2730 1458 2791 coeperunt
1494 2721 1587 2794 [F.
1617 2724 1787 2777 omitt.
1812 2738 2012 2779 renue-

419 2815 603 2888 runt];
630 2815 770 2870 unde
790 2813 1094 2870 etloannes
1117 2816 1224 2868 ait:
1242 2814 1320 2868 De
1340 2815 1485 2868 nobis
1506 2816 1766 2888 exierunt,
1791 2816 1884 2869 sed
1909 2832 2004 2868 non

417 2915 651 2961 erantex
674 2904 839 2958 nobis.
864 2904 994 2972 Qua:
1017 2914 1482 2975 congregaverunt
1501 2905 1739 2970 divitias,
1763 2904 2012 2960 videlicet

417 2997 686 3051 bonorum
716 3011 960 3066 operum,
1013 2995 1308 3059 orationes,
1357 2994 1584 3064 jejunia,
1617 2995 2009 3066 eleemosynas,

417 3086 775 3159 afﬂictionem‘
796 3096 851 3141 et
874 3087 1250 3141 castimoniam
1274 3087 1476 3151 carnis,
1503 3088 1888 3141 continentiam
1910 3087 2015 3140 lin-

2119 1736 2286 1790 Deum
2314 1743 2371 1788 et
2415 1733 2625 1802 pondus
2651 1729 2768 1800 ejus
2822 1730 2968 1785 ferre
3020 1745 3127 1786 non
3179 1730 3350 1800 potui.
3403 1729 3591 1784 Fallax
3620 1737 3698 1783 est

2118 1841 2247 1895 ergo
2276 1825 2652 1880 simulatorum
2675 1822 2874 1893 gratia,
2896 1835 3070 1876 vanus
3100 1821 3268 1876 decor
3289 1822 3473 1890 operis
3506 1819 3694 1876 stulto-

2119 1930 2259 1978 rum,
2292 1913 2533 1968 Ecel'esia
2561 1920 2764 1977 autem,
2823 1926 2944 1980 quae
2985 1911 3040 1964 in
3073 1911 3269 1967 timore
3315 1910 3593 1968 .incolatus
3617 1911 3700 1965 sui

2119 2013 2360 2073 tempore
2401 2000 2777 2066 conservatur,
2835 1999 3093 2069 quoniam
3149 1999 3404 2054 ardentes
3429 1999 3700 2053 virtutum

2115 2090 2392 2159 lampadas
2419 2089 2658 2145 venienti
2690 2089 2758 2144 ad
2781 2087 3045 2158 judicium
3086 2101 3185 2142 suo
3241 2086 3452 2156 Sponsa
3489 2086 3699 2152 oﬂ'e'ret,

2117 2177 2234 2247 iure
2260 2180 2329 2234 ab
2375 2193 2442 2234 eo
2493 2178 2712 2233 laudata
2755 2176 2978 2245 ianuam
3027 2191 3155 2232 cum
3183 2190 3249 2231 eo
3277 2177 3430 2248 regni
3458 2177 3702 2233 calcatis

2116 2269 2359 2325 intrabit.
2387 2269 2631 2336 Qualiter
2659 2277 2840 2323 autem
2859 2281 2981 2322 eam
3003 2266 3210 2332 laudet,
3241 2267 3518 2322 terminali
3540 2282 3707 2323 versu

2116 2358 2342 2414 docetur
2369 2372 2386 2411 :

2187 2447 2323 2502 Date
2358 2447 2407 2502 ei
2431 2447 2496 2502 de
2519 2447 2696 2516 fructu
2718 2463 2973 2501 manuum
2997 2465 3235 2513 suarum,
3267 2457 3317 2502 et
3344 2447 3561 2502 laudent
3585 2463 3703 2501 eam

2115 2537 2170 2591 in
2198 2538 2361 2607 portis
2389 2553 2544 2606 opera
2569 2536 2706 2606 ejus.
2736 2535 2863 2591 Haec
2891 2545 3019 2592 sunt
3044 2536 3192 2592 enim
3212 2536 3379 2592 verba
3400 2536 3503 2590 viri
3534 2534 3699 2598 illius,

2118 2629 2184 2684 de
2204 2643 2312 2697 quo
2343 2629 2549 2683 dictum
2577 2636 2662 2681 est
2689 2644 2702 2680 :
2746 2624 2836 2679 Vir
2861 2628 2976 2697 ejus
3006 2637 3054 2681 et
3082 2627 3317 2681 laudabit
3345 2644 3483 2691 eam,
3514 2625 3566 2680 id
3593 2635 3699 2688 est,

2116 2716 2213 2774 Dei
2242 2725 2298 2771 et
2327 2716 2627 2771 Salvatoris
2673 2717 2867 2782 nostri,
2903 2716 2992 2785 qui
3030 2718 3235 2788 angelis
3264 2718 3316 2771 in
3354 2716 3462 2771 ﬁne
3489 2731 3699 2785 pur-ce-

2116 2814 2308 2878 pturus
2335 2814 2416 2862 est
2445 2816 2505 2861 ut
2531 2807 2829 2862 Ecclesiam
2874 2815 3000 2878 post
3049 2808 3210 2877 hujus
3238 2808 3365 2860 vita:
3395 2817 3702 2871 certamen,

2115 2905 2239 2967 post
2266 2897 2664 2952 triturationem
2706 2896 3060 2952 amictionum
3091 2898 3456 2961 terrestrium,
3490 2897 3558 2950 ad
3587 2911 3705 2951 cur.

2117 2985 2268 3041 lestis
2296 2987 2449 3057 regni
2483 2987 2675 3058 gaudia
2699 2987 3062 3051 introducant,
3094 3001 3158 3041 ac
3208 2987 3334 3042 vita:
3375 2987 3708 3041 immortalis

2119 3077 2218 3131 sibi
2274 3077 2478 3132 sociam
2530 3086 2841 3148 aggregent,
2884 3077 3038 3147 juxta
3096 3077 3228 3131 illud
3281 3077 3700 3148 evangelicum:

419 3193 557 3248 gnat,
579 3157 983 3232 meditationem
1006 3174 1412 3253 Scripturarum
1431 3183 1486 3229 et
1515 3182 1711 3230 caetera
1732 3173 2012 3244 hujusmo-
2040 3151 2086 3213 (ἶ
2122 3167 2372 3222 Triticum
2403 3179 2577 3222 autem
2604 3178 2912 3238 congregale
2943 3171 2994 3222 in
3018 3170 3262 3223 horreum
3286 3186 3456 3222 nteant
3479 3168 3700 3232 (Matth.

419 3267 493 3332 di,
524 3282 645 3337 qua:
682 3275 979 3326 suntveraa
1002 3265 1203 3319 divitiae
1237 3264 1479 3333 spiritus,
1511 3265 1601 3320 ubi
1643 3281 1779 3335 pura
1815 3267 2014 3322 mentis

422 3356 773 3427 simplicitate
794 3364 1057 3426 geruntur
1082 3371 1096 3419 ;
1129 3355 1218 3408 ubi
1248 3364 1430 3408 autem
1461 3354 1578 3409 sine
1609 3355 1738 3420 fide,
1767 3369 1888 3424 qua:
1913 3370 2014 3424 per

424 3448 768 3520 dilectionem
794 3455 1070 3516 operatur,
1104 3445 1261 3512 fiunt,
1289 3445 1423 3500 nihil
1446 3446 1733 3516 agentibus
1759 3454 2008 3517 prosunt.

421 3539 530 3595 Sed
559 3547 614 3594 et
640 3539 744 3594 illae
798 3539 922 3592 ﬁliae
972 3537 1173 3594 frustra
1214 3545 1616 3608 congregarunt
1670 3538 1912 3602 divitias,
1945 3537 2011 3592 de

421 3630 622 3701 quibus
650 3629 912 3699 Dominus
940 3628 1014 3684 ait
1041 3645 1054 3683 :
1089 3626 1252 3680 Multi
1297 3629 1468 3682 dicent
1516 3629 1647 3682 mihi
1677 3629 1732 3682 in
1779 3628 1875 3682 illa
1902 3629 2010 3693 die,

421 3722 668 3787 Domine,
702 3722 944 3786 Domine,
990 3738 1162 3774 nonne
1202 3721 1255 3773 in
1285 3721 1492 3774 nomine
1542 3729 1631 3774 tuo
1679 3720 2011 3790 prop/letavi-

423 3811 590 3866 musl’
611 3820 660 3866 et
701 3812 758 3865 in
783 3822 872 3865 tuo
900 3811 1107 3864 nomine
1145 3811 1407 3864 dwmonia
1430 3810 1730 3879 eiecimus?
1751 3821 1798 3863 et
1828 3812 1882 3864 in
1921 3820 2014 3864 tuo

424 3903 636 3957 nomine
701 3902 916 3955 virtutes
963 3900 1158 3954 multas
1208 3899 1473 3970 fecimus?
1493 3908 1541 3953 et
1571 3908 1693 3953 tunc
1727 3898 2014 3968 conﬁtebor

421 3991 530 4046 illis
554 3991 679 4061 quia
720 4006 987 4060 nunquam
1017 3991 1133 4043 novi
1160 4006 1247 4044 vos
1270 3979 1487 4061 (Matth.
1537 3990 1634 4061 vn)
1660 4007 1674 4056 ;
1707 3991 1801 4044 sed
1822 4005 2012 4044 omnes

425 4081 732 4138 istiusmodi
783 4081 921 4134 filias
948 4080 1191 4136 Ecclesia
1253 4079 1522 4136 catholica
1577 4080 2006 4150 supergreditur,

424 4189 547 4245 qua:
575 4171 679 4227 ﬁde
727 4179 878 4227 casta
908 4179 963 4226 et
991 4185 1155 4242 opere
1206 4172 1465 4240 perlecta,
1519 4171 1901 4241 Redemptoris
1927 4171 2010 4224 sui

428 4261 656 4331 vestigia
693 4269 953 4318 sectatur.

2120 3259 2183 3330 ι).
2228 3291 2296 3300 ——
2323 3259 2480 3327 Date,
2531 3261 2726 3329 inquit,
2782 3262 2827 3314 ei
2862 3262 3136 3334 dejructu
3175 3277 3426 3316 manuum
3455 3278 3700 3325 suarm,

2118 3351 2244 3419 quia
2269 3349 2502 3405 fructum
2528 3351 2747 3420 spiritus
2773 3349 2916 3404 ferre
2943 3352 3173 3412 curavit,
3209 3351 3550 3415 charitatem,
3574 3367 3703 3420 gau-

2117 3441 2288 3507 dium,
2320 3457 2535 3512 pacem,
2557 3442 2971 3512 benignitatem,
3000 3443 3324 3500 bonitatem.
3355 3443 3702 3505 modestiam,

2119 3526 2529 3600 continentiam,
2567 3535 2748 3599 ﬁdem,
2770 3535 3123 3605 patientiam,
3158 3548 3256 3601 pro
3284 3534 3387 3587 hoc
3441 3532 3515 3586 illi
3545 3533 3699 3587 debi-

2120 3633 2229 3680 tam
2262 3625 2542 3693 rependite
2562 3610 2884 3678 mercedem.
2916 3623 2986 3676 Et
3016 3622 3232 3675 laudent
3255 3637 3368 3674 eam
3410 3622 3466 3674 in
3509 3623 3700 3690 portis,

2118 3715 2220 3769 hoc
2251 3723 2358 3778 est,
2385 3712 2438 3766 in
2468 3712 2692 3781 judicio,
2723 3711 2844 3765 sive
2866 3711 2920 3765 in
2951 3710 3198 3779 ingressu
3224 3708 3416 3779 patriae
3436 3709 3699 3774 ccclestis,

2118 3815 2227 3856 non
2280 3800 2556 3855 hominum
2603 3799 2818 3854 favores
2867 3799 3188 3868 supervacui
3243 3798 3340 3853 sed
3369 3813 3535 3866 opera
3580 3799 3704 3866 ipsa

2117 3910 2237 3965 quae
2261 3893 2386 3958 feci,
2429 3892 2797 3957 examinante,
2825 3892 3090 3960 probante
3109 3906 3174 3946 ac
3199 3899 3579 3945 remunerante
3603 3888 3701 3943 illo

2122 3983 2272 4052 cujus
2320 3984 2436 4038 lucc
2495 3983 2729 4037 donante
2759 3980 2930 4052 gratia
2970 3979 3199 4050 perfecit
3229 3997 3242 4032 :
3289 3994 3318 4033 a
3350 3995 3458 4049 quo
3487 3987 3546 4033 ut
3575 3978 3704 4032 lau-

2118 4077 2236 4130 dari
2292 4088 2598 4128 mereamur
2647 4073 2703 4127 in
2737 4071 2918 4126 futuro
2970 4069 3234 4126 concedat
3261 4069 3377 4138 ipse
3407 4068 3701 4138 prepitius,

2117 4181 2217 4221 nos
2250 4178 2374 4219 eum
2413 4163 2596 4232 dignis
2652 4164 2708 4218 in
2745 4160 2999 4234 praesenti
3037 4161 3146 4216 vita
3185 4157 3496 4216 collaudare
3521 4159 3700 4214 smi-

2120 4255 2229 4310 tiis.
2269 4253 2460 4308 Amen.
