3910 6334
709 606 1278 718 BEATI
1351 605 2090 714 RABANI
2165 607 2773 718 MAURI

856 811 1238 868 FULDENSIS
1274 810 1562 866 ABBATIS
1601 809 1690 865 ET
1731 810 2106 867 MOGUNTINI
2145 812 2657 872 ARCHIEPISCOPI

376 990 1166 1147 EXPilSI'l‘IONlS
1273 985 1649 1143 SUPER
1754 993 2342 1144 JEREMIAM
2449 997 3142 1150 PliilPlIETAlll

1377 1275 1646 1351 LIBRI
1699 1271 2140 1350 VIGINTI.

1454 1470 2085 1499 #—

1489 1615 1867 1686 PB/EFA
1878 1615 2063 1685 ἸΊΟ

1225 1783 1314 1837 AD
1351 1781 1754 1838 LOTIIARIUM
1793 1786 2313 1842 IMPERATOREM.

255 2015 346 2063 ost
380 2004 866 2062 Commentariolos
923 2017 1058 2070 quos
1106 2015 1224 2056 mea
1254 2007 1499 2069 parvitas
1523 1997 1574 2050 in
1617 1996 1723 2050 lle-
1753 1999 1800 2057 Α
1832 1999 2024 2051 tentias
2050 1999 2345 2072 collegisse,
2400 2009 2449 2054 et
2495 2004 2732 2070 ipsorum
2783 2016 2975 2057 sensus
3029 2003 3226 2076 ubique
3276 2020 3392 2062 sero

141 2105 480 2167 ptateucum,
511 2103 566 2148 et
595 2093 648 2146 in
673 2094 841 2146 libros
865 2091 1093 2160 Regum,
1135 2100 1296 2156 atque
1343 2089 1394 2140 iu
1445 2086 1726 2153 Paralipoo

143 2202 350 2242 menon
421 2185 624 2248 edidit;
707 2190 827 2250 post
893 2177 1392 2248 explanatiunculas
1473 2174 1729 2230 historia-

141 2291 267 2330 rum
305 2275 521 2339 Esther,
576 2273 758 2328 Iudith
791 2280 844 2325 et
891 2254 1345 2333 Machabzeorum,
1381 2283 1478 2322 nec
1532 2282 1636 2320 non
1675 2272 1728 2317 et

143 2364 445 2418 voluminis
466 2362 753 2432 Sapientiae
783 2368 944 2428 atque
974 2357 1362 2420 Ecclesiastici,
1393 2355 1728 2422 aliorumque

145 2452 534 2522 opusculorum
562 2466 806 2504 meorum
851 2449 1083 2511 labores,
1122 2447 1190 2500 ad
1219 2455 1520 2501 extremum
1551 2445 1604 2497 in
1634 2442 1726 2496 Je-

148 2542 385 2596 remiam
433 2554 652 2593 manum
704 2537 851 2601 misi,
896 2545 956 2591 ut
981 2536 1219 2590 collectis
1246 2535 1482 2600 undique
1512 2541 1728 2585 saneto-

148 2646 272 2683 rum
326 2629 549 2683 Patrum
612 2627 917 2690 sententiis,
971 2623 1137 2692 hujus,
1182 2637 1396 2692 quoque
1452 2621 1729 2689 propheta:

149 2733 350 2773 sensus
371 2715 760 2786 aliquantulum
798 2715 953 2768 avido
1006 2714 1196 2768 lectori
1232 2713 1518 2786 aperirem.
1551 2711 1730 2784 anue

149 2808 285 2862 mihi
323 2809 395 2862 ad
427 2809 523 2861 hoc
554 2806 860 2863 faciendum
910 2804 1152 2861 incubuit
1178 2808 1491 2869 necessitas,
1523 2814 1579 2857 ut
1605 2807 1728 2874 quia

150 2899 299 2955 beati
350 2897 663 2969 Hieronymi
692 2899 1098 2968 explanationes
1138 2899 1190 2951 in
1230 2899 1374 2950 hunc
1403 2897 1728 2966 prophetam

147 3004 428 3058 nusquam
469 2989 534 3042 ad
586 2989 852 3058 integrum
912 2988 1150 3056 reperire
1195 2987 1365 3054 potui,
1399 2987 1490 3039 sed
1521 2995 1729 3038 tantum

151 3079 361 3148 primos
387 3092 482 3132 sex
509 3077 698 3141 libros,
724 3078 812 3145 qui
841 3078 1152 3152 pertingant
1171 3091 1308 3144 pene
1339 3091 1508 3143 usque
1538 3075 1605 3128 ad
1626 3088 1720 3128 me

151 3170 412 3224 dietatem
439 3167 728 3222 voluminis
772 3166 1071 3235 prephctici
1103 3183 1117 3218 :
1147 3165 1287 3220 sicut
1313 3180 1416 3219 nec
1442 3163 1526 3217 vir
1559 3162 1732 3218 soler-

151 3259 402 3312 tissimus
434 3255 794 3311 Cassiodorus
844 3253 1074 3308 Senator
1103 3253 1346 3307 invenire
1377 3267 1435 3306 se
1464 3265 1624 3321 posse
1647 3265 1731 3304 as-

1827 2101 1981 2140 vasse
2011 2105 2022 2138 :
2053 2087 2174 2141 licet
2207 2088 2258 2140 in
2297 2088 2582 2157 aliquibus,
2636 2089 2917 2145 brevitatis
2945 2105 3124 2158 causa,
3155 2093 3392 2163 propriis

1827 2178 2168 2231 sermonibus
2193 2193 2322 2231 usus
2355 2178 2479 2241 sim,
2518 2180 2719 2232 notatis
2750 2177 3047 2234 forinsecus
3071 2197 3256 2236 eorum
3287 2197 3388 2236 no-

1829 2265 2084 2330 minibus,
2115 2281 2339 2334 quorum
2374 2267 2536 2322 verba
2567 2279 2660 2321 aut
2695 2284 2886 2324 sensus
2933 2271 2985 2323 in
3012 2269 3218 2339 pagella
3262 2286 3390 2326 con-

1827 2354 2062 2419 sistunt;
2094 2355 2395 2424 habeatque
2443 2357 2576 2411 satis
2629 2358 2966 2412 commodum
2996 2362 3392 2428 compendium,

1828 2440 2042 2508 quando
2074 2441 2125 2494 id
2150 2442 2290 2509 quod
2331 2443 2384 2495 in
2414 2442 2595 2497 multis
2619 2444 2891 2500 codicibus
2913 2445 3130 2501 Patrum
3161 2452 3389 2502 scrutari

1829 2529 2035 2594 debuit,
2071 2529 2124 2582 in
2171 2546 2332 2583 unum
2364 2519 2624 2599 repererit
2677 2534 2957 2589 collectum
2985 2555 2996 2589 :
3029 2551 3126 2592 nec
3149 2536 3263 2605 jam
3290 2539 3394 2593 sibi

1830 2619 2075 2673 laborare
2098 2633 2320 2674 necesse
2347 2635 2468 2675 esse
2525 2622 2866 2692 inquirendo,
2923 2627 3011 2679 ubi
3051 2629 3277 2687 aliorum
3307 2633 3394 2686 la-

1830 2710 1958 2770 bore
1989 2711 2154 2790 quieti
2183 2726 2293 2770 sua:
2318 2711 2579 2770 invenerit
2621 2713 2941 2774 consultum.
2972 2721 3112 2790 Ergo
3137 2723 3388 2790 quoniam

1831 2823 2001 2875 nuper
2029 2808 2254 2876 epistola
2283 2808 2349 2862 de
2403 2809 2717 2862 excellentia
2761 2818 2958 2876 vestra,
3010 2826 3043 2865 ο
3075 2813 3385 2881 imperator,

1831 2899 1896 2952 ad
1924 2914 2021 2953 nos
2051 2900 2215 2952 missa
2243 2899 2509 2968 pervenit,
2542 2899 2765 2955 hortans
2788 2903 3105 2970 parvitatem
3136 2919 3311 2957 meam
3333 2913 3396 2957 ut

1832 2987 1988 3055 hujus
2021 2990 2294 3056 propheta:
2331 2988 2524 3041 librum
2561 2989 2714 3043 vobis
2743 3004 3089 3059 exponerem,
3119 2992 3396 3048 ultimam-

1831 3092 1933 3144 que
1963 3086 2170 3145 partem
2201 3078 2498 3133 Ezechielis
2535 3080 2827 3148 prophetm,
2860 3083 2927 3136 ab
2956 3097 3020 3136 eo
3044 3083 3160 3138 loco
3185 3086 3273 3139 ubi
3301 3100 3396 3139 ex-

1832 3166 2149 3232 positionem
2194 3165 2308 3233 ejus
2363 3167 2552 3223 beatus
2599 3185 2730 3238 papa
2770 3170 3058 3239 Gregorius
3110 3173 3163 3226 in
3192 3174 3397 3228 decima

1834 3255 2051 3307 homilia
2105 3255 2293 3308 morali
2326 3270 2484 3310 sensu
2537 3267 2700 3326 atque
2751 3259 3036 3329 allegorice
3078 3261 3270 3327 finivit,
3297 3279 3397 3336 ego

151 3347 308 3408 serit,
360 3360 520 3413 quem
577 3352 756 3397 tamen
812 3341 1002 3411 viginti
1054 3341 1224 3395 libros
1275 3341 1398 3394 inde
1446 3333 1728 3408 scripsisse
1758 3335 1801 3396 C
1835 3343 2089 3413 usquead
2115 3345 2272 3399 tinem
2310 3347 2499 3400 morali
2540 3350 2873 3417 mysticoque
2923 3365 3081 3405 sensu
3133 3333 3397 3419 perduce-

151 3443 392 3490 testatur
415 3452 429 3499 ;
459 3435 774 3504 cogentibus
801 3432 1060 3487 fratribus
1086 3433 1306 3495 nostris,
1332 3432 1425 3498 qui
1454 3430 1733 3484 nobiseum

151 3524 372 3578 divinos
428 3523 592 3578 libros
643 3530 977 3582 scrutantur,
1038 3522 1151 3589 ipse
1199 3519 1467 3573 scribendi
1497 3518 1730 3572 studium

153 3614 525 3682 iiupenderem
557 3631 569 3664 :
595 3627 657 3665 ae
672 3612 751 3665 sic
777 3610 918 3679 quod
943 3625 1007 3663 ex
1037 3626 1140 3662 uno
1166 3609 1472 3677 expositore
1489 3616 1543 3661 et
1566 3607 1732 3659 inter-

150 3711 306 3769 prete
336 3701 642 3754 divinorum
675 3701 931 3754 librorum
965 3697 1174 3753 eﬂicere
1205 3713 1308 3752 non
1340 3696 1511 3765 potui,
1540 3695 1730 3748 saltem

151 3810 219 3846 ex
258 3793 512 3863 pluribus
544 3793 857 3847 doctoribus
903 3805 1197 3858 eorumque
1229 3789 1458 3844 diversis
1507 3787 1734 3841 volumi-

151 3886 315 3939 nibus
367 3886 580 3940 illorum
640 3885 884 3954 petitioni
940 3883 1331 3938 satisfacerem.
1391 3880 1522 3934 Nam
1561 3878 1734 3934 fertur

150 3975 410 4044 Origenis
445 3974 800 4043 quadraginta
850 3972 1085 4040 quinque
1135 3971 1375 4024 liomiliis
1412 3975 1730 4038 praesentem

151 4064 474 4132 prophetam
520 4063 701 4115 Attico
750 4075 998 4114 sermone
1049 4058 1379 4126 exposuisse.
1434 4056 1509 4108 Ex
1537 4055 1731 4124 quibus

149 4152 562 4220 quatuordecim
596 4159 802 4204 tantum
843 4149 1130 4203 translatas
1173 4148 1375 4211 inveni,
1401 4162 1520 4214 qua:
1549 4160 1635 4199 me
1677 4145 1730 4198 in

151 4243 254 4296 hoc
276 4255 446 4309 opere
472 4255 578 4295 non
625 4255 814 4308 parum
849 4238 1190 4307 adjuvabant,
1222 4235 1732 4305 explanationesque

151 4340 480 4384 caeterorum
528 4329 935 4399 prophetarum,
975 4341 1110 4396 quas
1152 4327 1406 4394 praefatus
1434 4325 1627 4378 divinae
1657 4324 1731 4379 le-

153 4419 236 4489 gis
277 4419 555 4488 interpres
612 4417 800 4482 edidit,
857 4417 1042 4472 multis
1072 4418 1125 4472 in
1167 4416 1298 4471 locis
1333 4415 1578 4468 Jercmia:
1608 4431 1730 4469 scn-

153 4509 358 4564 tentias
389 4508 561 4562 lucide
602 4516 989 4575 exposuerunt.
1019 4505 1110 4561 Sic
1135 4513 1190 4558 et
1215 4504 1404 4559 beatus
1427 4517 1565 4572 papa
1591 4501 1725 4556 Gre-

150 4599 341 4671 gorius
368 4614 474 4652 non
505 4611 692 4665 parum
733 4595 885 4648 nobis
915 4595 967 4647 in
1020 4594 1272 4649 dictando
1305 4593 1525 4662 profuit,
1554 4591 1646 4660 qui
1675 4591 1727 4644 in

152 4687 394 4744 diversis
423 4683 694 4753 epusculis
733 4682 864 4746 suis,
901 4697 1050 4736 more
1081 4697 1200 4746 suo,
1237 4681 1541 4735 divinorum
1567 4681 1727 4734 libro-

152 4791 275 4830 rum
305 4774 608 4830 sententias
637 4771 969 4839 exponendo,
996 4771 1148 4825 istius
1205 4785 1416 4840 quoque
1458 4770 1727 4838 propheta:

151 4863 390 4934 plurima
421 4859 725 4915 testimonia
748 4859 1018 4913 enodavit.
1051 4857 1144 4913 His
1165 4873 1292 4928 ergo
1321 4857 1570 4911 omnibus
1602 4871 1728 4910 con-

153 4951 435 5012 sideratis,
465 4964 652 5003 unum.
677 4947 991 5017 opusculum
1027 4947 1258 5002 condere
1299 4945 1552 5014 disposui,
1584 4945 1727 5014 quod

156 5048 338 5092 tamen
382 5036 436 5089 in
463 5035 649 5105 viginti
675 5035 840 5091 libros
868 5035 1150 5104 dispartire
1195 5034 1429 5098 decrevi,
1456 5049 1524 5088 ne
1551 5033 1725 5104 longi-

157 5128 286 5181 tudo
313 5124 580 5180 librorum
612 5125 886 5180 fastidium
917 5125 1102 5181 lectori
1146 5123 1368 5188 faceret,
1410 5124 1518 5178 imo
1543 5123 1722 5178 brevi-

155 5225 238 5268 tas
261 5214 332 5268 ad
358 5211 568 5282 singula
622 5213 955 5268 discutienda
999 5211 1295 5267 acutiorem
1321 5211 1586 5266 redderet.
1616 5211 1726 5267 Nec

157 5319 240 5358 me
290 5310 786 5373 prmsumptuosum
834 5312 926 5358 aut
971 5300 1294 5372 superﬂuum
1345 5300 1626 5370 quisquam
1671 5301 1723 5354 in

156 5393 466 5448 conditione
518 5391 675 5460 hujus
723 5391 899 5460 Operis
956 5392 1115 5445 debet
1164 5390 1356 5449 dicere,
1417 5388 1568 5456 quasi
1606 5397 1725 5456 post

156 5483 394 5550 optimos
418 5489 473 5535 et
519 5480 906 5536 disertissimos
933 5481 1264 5549 cxpositores
1294 5494 1392 5548 ego
1417 5478 1645 5546 elinguis
1672 5487 1725 5532 ct

160 5571 335 5624 tenuis
366 5569 568 5640 ingenii
616 5585 926 5639 magnorum
966 5571 1201 5623 virorum
1233 5569 1407 5623 studia
1439 5569 1723 5622 temerario

160 5673 289 5712 ausu
322 5658 480 5711 velim
513 5657 816 5715 nhfnseare.
849 5673 969 5714 cum
998 5673 1082 5713 me
1129 5659 1323 5713 viderit
1368 5673 1549 5713 eorum
1592 5673 1717 5714 sen-

1836 3440 2156 3508 remzquod
2205 3441 2332 3493 mihi
2388 3441 2614 3494 arduum
2658 3441 2917 3510 valdeque
2957 3442 3168 3498 difﬁcile
3218 3444 3392 3498 visum

1831 3535 1932 3589 est,
1965 3535 2021 3579 ut
2049 3528 2167 3590 hoc,
2201 3529 2339 3595 quod
2367 3530 2660 3583 doctissimi
2691 3539 2744 3583 et
2767 3531 3104 3585 disertissimi
3143 3533 3398 3586 Ecclesiae

1832 3613 2094 3681 magistri,
2137 3615 2274 3667 ultra
2313 3616 2456 3668 vires
2495 3630 2620 3670 suas
2661 3630 2779 3670 esse
2798 3613 3172 3683 iudicaverunt
3203 3626 3258 3672 et
3285 3628 3398 3673 stu-

1834 3701 2005 3766 pendo
2035 3700 2101 3753 ab
2130 3715 2194 3756 eo
2251 3701 2672 3766 declinaverunt,
2707 3704 2820 3772 ipse
2847 3703 3092 3762 infirmus
3129 3707 3399 3761 et'debilis

1831 3794 1882 3838 cl
1915 3793 2150 3839 nontam
2173 3803 2398 3857 corpore
2437 3798 2671 3858 aegrotus
2706 3805 2864 3858 quam
2899 3793 3063 3846 etiam
3111 3808 3270 3848 sensu
3300 3795 3400 3847 mi-

1833 3883 2014 3938 nutus,
2063 3877 2410 3943 pertinaciter
2458 3878 2611 3946 quasi
2639 3880 2708 3933 ad
2733 3880 2835 3934 hoc
2887 3881 3108 3939 idoneus
3161 3890 3401 3936 tentarer

1832 3965 2069 4033 aggredi.
2103 3957 2202 4030 Qui
2233 3967 2356 4020 licet
2399 3968 2602 4037 allquid
2640 3971 2820 4040 magni
2872 3986 3144 4040 nunquam
3175 3972 3392 4037 fuerim,

1832 4062 2011 4107 tamen
2039 4055 2196 4108 modo
2235 4055 2391 4125 longe
2418 4057 2562 4111 aliud
2585 4072 2672 4112 me
2721 4072 2841 4113 esse
2869 4062 3046 4114 sentio
3087 4077 3248 4129 quam
3277 4061 3395 4116 fue-

1833 4157 1984 4213 ram:
2022 4143 2114 4210 qui
2141 4144 2289 4211 gravi
2346 4145 2662 4214 aegritudine
2705 4163 2922 4216 pressus
2970 4149 3083 4218 jam
3114 4151 3308 4218 saepius
3337 4152 3392 4204 in

1831 4231 2028 4287 lectulo
2055 4236 2337 4300 accumbe,
2361 4249 2523 4304 quam
2551 4238 2618 4291 ad
2643 4238 2983 4292 scribendum
3015 4241 3096 4294 vel
3123 4242 3188 4294 ad
3218 4242 3398 4311 legen-

1831 4320 1956 4375 dum
1986 4322 2039 4376 in
2072 4325 2410 4379 meditatorio
2439 4329 2622 4380 sedeo.
2668 4327 2870 4384 Idcirco
2898 4329 3150 4396 quoniam
3191 4349 3209 4380 ‹
3243 4345 3397 4396 versa

1831 4419 1914 4463 est
1947 4412 1996 4462 in
2025 4410 2226 4466 luctum
2249 4413 2454 4466 cithara
2477 4429 2617 4480 mea,
2646 4424 2700 4470 et
2729 4431 2988 4485 organum
3019 4433 3197 4472 meum
3227 4419 3280 4472 in
3310 4435 3398 4474 vo-

1837 4515 1855 4548 (
1890 4511 2005 4553 cem
2056 4498 2294 4555 ﬂentium
2332 4501 2471 4572 (Job.
2502 4503 2658 4575 xxx),
2705 4523 2724 4555 ›
2757 4505 2885 4560 libet
2915 4519 2999 4559 me
3055 4508 3228 4576 magis
3273 4522 3398 4577 pec-

1831 4596 1951 4641 cata
1985 4603 2103 4642 mea
2163 4589 2378 4658 plorare
2431 4606 2591 4660 quam
2640 4601 2801 4647 cantu
2862 4583 3126 4647 musicam
3179 4582 3394 4660 sonare,

1756 4663 1800 4724 C
1833 4677 2059 4731 dicendo
2095 4678 2175 4731 .ad
2202 4679 2484 4733 Dominum
2521 4695 2643 4736 cum
2674 4679 2943 4750 Propheta
2980 4697 2994 4736 :
3033 4701 3051 4733 ι
3083 4682 3397 4739 lucurvatus

1839 4783 1856 4814 ι
1894 4781 2010 4818 sum
2038 4773 2092 4820 et
2134 4766 2444 4821 humiliatus
2495 4783 2612 4822 sum
2659 4785 3082 4840 usquequaque:
3120 4771 3396 4841 rugiebam

1841 4873 1858 4904 «
1893 4871 1922 4908 a
1947 4856 2146 4925 gemitu
2180 4857 2356 4912 cordis
2383 4859 2487 4912 mei
2521 4875 2534 4912 :
2561 4858 2628 4913 Et
2654 4869 2780 4914 ante
2810 4869 2860 4914 te
2893 4871 2976 4915 est
2999 4876 3157 4916 omne
3185 4863 3396 4918 deside-

1842 4962 1860 4993 ι
1897 4944 2034 4997 rium
2065 4959 2268 5010 meum,
2298 4955 2353 5000 et
2380 4947 2610 5016 gemitus
2660 4963 2812 5002 meus
2846 4965 2876 5002 a
2909 4960 2960 5004 te
3017 4966 3121 5004 non
3156 4959 3244 5005 est
3268 4951 3397 5007 abs-

1840 5052 1857 5083 ι
1889 5035 2156 5090 conditus.
2187 5033 2293 5090 Cor
2327 5051 2504 5090 meum
2557 5040 2932 5092 conturbatum
2994 5047 3079 5094 est
3123 5041 3177 5094 in
3204 5056 3312 5109 me,
3343 5051 3399 5096 et

1839 5143 1855 5171 ‹
1893 5124 2131 5178 deseruit
2177 5139 2264 5179 me
2319 5125 2574 5180 fortitudo
2627 5141 2766 5190 mea,
2820 5137 2875 5182 et
2903 5128 3083 5184 lumen
3112 5130 3390 5186 oculorum

1836 5233 1852 5263 ι
1890 5227 2134 5270 meorum
2161 5223 2371 5268 nonest
2417 5229 2626 5269 mecum
2668 5213 2844 5285 (Paul.
2873 5216 3101 5288 xxxvii).
3139 5237 3156 5268 ι
3196 5237 3213 5268 ι
3244 5219 3397 5273 Misc-

1837 5320 1854 5351 ε
1892 5301 2142 5355 τοι-ειτηρί
2165 5303 2457 5356 secundum
2491 5318 2742 5373 magnam
2772 5305 3194 5360 misericordiam
3226 5307 3394 5370 tuam,

1833 5409 1850 5438 ε
1886 5388 2069 5442 delens
2098 5389 2435 5458 iniquitatem
2463 5406 2636 5445 meam
2667 5390 2839 5459 (Psal.
2867 5393 2942 5462 ι),
2976 5396 3227 5463 quoniam
3265 5395 3317 5448 iu
3345 5407 3396 5450 te

1833 5496 1850 5527 «
1885 5476 2103 5530 conlidit
2125 5477 2302 5531 anima
2335 5493 2450 5533 mea
2482 5477 2650 5549 (Paul.
2677 5479 2806 5550 LVI).
2836 5499 2854 5532 ι
2893 5500 2912 5532 ο
2946 5481 3021 5536 Ne
3041 5484 3289 5552 projicias
3312 5499 3396 5537 me

1831 5586 1848 5617 ‹
1886 5567 1937 5619 in
1959 5574 2194 5634 tempore
2217 5566 2526 5631 senectutis,
2554 5575 2751 5622 etcum
2789 5567 3228 5624 defeeeritvirtus
3250 5583 3390 5634 mea,

1833 5679 1848 5709 ι
1886 5675 1949 5713 ne
1981 5656 2320 5724 derelinquas
2362 5672 2444 5712 me
2475 5657 2646 5727 (Psal.
2703 5661 2850 5725 Lxx).
2887 5680 2904 5708 ι
2952 5660 3113 5731 Igitur
3138 5661 3223 5717 ob
3256 5662 3394 5716 hanc
