3910 6352
503 355 607 411 795

1146 353 1206 407 Β.
1248 351 1500 406 RABANI
1540 351 1759 418 MAUHI
1797 349 2115 406 ARCHIEP.
2156 349 2470 407 MOGUN'I'.
2509 349 3014 408 OPERUM'PARS
3053 351 3142 408 lli.

3647 349 3751 406 796

499 487 741 536 causam,
769 469 982 526 caeteris
1006 469 1220 545 omissis
1245 468 1328 521 vel
1359 466 1535 536 potius
1565 466 1631 520 ad
1654 473 1838 534 aptum
1863 471 2072 532 tempus
2102 466 2152 523 A
2177 472 2511 519 et‘amorem.
2545 465 2747 520 Horum
2775 465 3031 534 quiddam
3052 463 3226 520 simile
3258 462 3566 520 invenimus
3589 463 3752 518 etiam

503 562 817 627 reservatis,
867 561 911 616 si
939 561 1075 616 forte
1106 559 1363 613 Dominus
1387 571 1484 626 per
1510 557 1830 612 immensam
1855 553 2082 624 pietatis

500 670 612 708 suae
635 654 862 725 gratiam
891 652 1125 708 voluerit
1176 651 1463 705 sanitatem
1512 649 1645 704 mihi
1701 649 1968 713 tribuere,
1999 646 2080 701 fa-

501 745 866 814 cultatemque
897 742 1104 813 legendi
1128 748 1289 810 atque
1311 740 1582 795 scribendi
1614 738 1886 804 conferre,
1918 736 2079 792 modo

503 848 746 902 prazsens
794 847 929 902 Opus
964 831 1318 900 expositionis
1369 829 1619 885 videlicet
1661 828 1910 884 Jeremite
1955 842 2080 897 pro-

500 920 704 988 phetze,
735 919 878 988 quod
907 919 1063 974 bonae
1115 918 1393 973 memoria;
1417 918 1648 990 genitori
1686 926 1870 974 vestro
1897 917 2079 972 Ludo-

501 1010 620 1063 vico
646 1009 888 1079 A-ugusto
938 1011 1120 1066 adhuc
1169 1011 1387 1064 vivente
1421 1010 1823 1074 inchoaveram,
1879 1017 1934 1064 et
1962 1017 2082 1080 post

501 1097 708 1150 o‘bitum
759 1095 878 1165 ejus
905 1112 1427 1161 consummaveram,
1459 1106 1655 1152 vestrae
1707 1097 1979 1153 devotioni
2005 1099 2081 1153 si-

502 1185 622 1239 mul’
637 1192 697 1244 et
715 1187 1022 1241 auctoritati
1065 1187 1369 1253 committo,
1395 1195 1455 1242 ut
1483 1187 1728 1243 habeatis
1761 1189 1889 1244 illud
1939 1190 2084 1260 lega-

502 1271 698 1338 tisque,
731 1281 785 1325 et
816 1273 884 1326 ad
908 1273 1109 1326 bonum
1140 1273 1376 1328 studium
1427 1283 1673 1329 nostrum
1717 1277 2081 1332 exercendum

502 1376 622 1415 cum
673 1363 888 1416 nostris.
915 1378 989 1433 eo
1023 1364 1273 1418 utamini.
1309 1365 1376 1418 Et
1417 1366 1673 1434 quoniam
1722 1366 2080 1435 plurimorum

501 1453 728 1508 diversa:
752 1464 879 1509 sunt
905 1457 1229 1522 voluntates,
1257 1467 1321 1512 et'
1359 1458 1616 1514 differunt
1652 1460 1869 1531 ingenia
1917 1463 2084 1517 vacil-

502 1540 722 1610 lantque
758 1545 1061 1609 sententias,
1112 1546 1312 1615 placuit
1359 1549 1491 1603 mihi
1523 1556 1576 1603 te
1623 1565 1790 1604 unum
1818 1565 1882 1605 ac
1908 1551 2080 1606 solum

494 1632 755 1701 judicem,
786 1649 850 1689 ac
875 1636 1192 1714 benevolum
1221 1646 1277 1693 et
1319 1639 1777 1706 sapientissimum
1803 1652 2080 1712 expetere,

500 1723 841 1779 sanctissime
891 1733 1062 1794 atque
1085 1728 1465 1797 augustissime
1509 1730 1804 1799 imperator
1829 1733 2080 1802 Lothari,

501 1810 655 1878 cujus
682 1822 918 1868 mentem
960 1814 1142 1870 divina
1196 1818 1460 1887 sapientia
1495 1819 1794 1889 illastrans,
1824 1839 1932 1880 non
1954 1841 2080 1896 per-

501 1903 667 1958 mittit
692 1904 889 1960 fraude
911 1906 1213 1967 invidorun
1247 1911 1540 1982 corrumpi,
1566 1929 1669 1970 nec
1697 1917 1936 1972 versutia
1958 1930 2082 1989 per-

496 2005 778 2048 versurum
799 1993 983 2049 seduci
1017 2013 1030 2049 :
1063 1996 1159 2051 sed
1196 1996 1252 2051 in
1279 1997 1551 2068 aequitatis
1576 2010 1632 2056 et
1647 2001 1872 2072 justitia:
1898 2006 2080 2077 regula

497 2096 850 2148 conservans,
893 2100 988 2153 per
1032 2087 1176 2167 yiam
1202 2088 1448 2144 veritatis
1471 2091 1658 2145 sedulo
1693 2094 1928 2149 deducit.
1958 2096 2078 2152 Tibi

495 2187 627 2243 ergo
663 2190 816 2243 mquo
840 2174 1009 2244 judici
1031 2192 1167 2246 opus
1193 2177 1384 2243 offero,
1413 2188 1473 2232 ut
1498 2187 1588 2235 tuo
1612 2183 1864 2239 examine
1893 2185 1961 2239 ad
1983 2202 2083 2255 pu-

497 2278 619 2316 rum
676 2266 957 2331 probetur,
1007 2278 1065 2321 et
1113 2275 1204 2321 tua
1246 2270 1574 2325 auctoritate
1631 2281 1821 2328 contra
1870 2275 2081 2332 invidos

496 2350 814 2405 amuiorum
848 2368 1063 2408 morsus
1093 2356 1328 2409 tueatur.
1374 2355 1510 2411 Cum
1538 2359 1684 2414 enim
1712 2361 1998 2416 habuerim
2031 2372 2084 2419 te

494 2439 790 2509 propitium
819 2448 874 2494 et
898 2442 1190 2511 benignum
1218 2442 1483 2512 judicem,
1534 2462 1632 2517 pro
1656 2449 1824 2504 nihilo
1851 2451 2081 2507 aliorum

492 2529 777 2597 opiniones
826 2528 995 2584 falsas
1052 2531 1270 2600 deputo,
1313 2536 1408 2589 sed
1463 2535 1544 2589 tui
1581 2535 1723 2606 juris
1778 2548 1990 2595 amator
2018 2557 2082 2596 ac

495 2627 699 2674 sancta!
729 2629 834 2675 tlltB
860 2622 1154 2678 voluntatis
1177 2626 1403 2681 devotus
1425 2638 1736 2695 exsecutor,
1760 2629 1934 2688 fidelis
1960 2633 2079 2700 tibi,

495 2707 712 2763 Christo
778 2711 1071 2778 tribuente,
1140 2716 1377 2783 quandiu
1443 2717 1634 2773 vixero
1697 2723 2077 2790 perseverabo.

495 2797 724 2853 λειω-ιω
757 2801 852 2854 Dei
878 2802 1096 2858 bonitas
1123 2811 1183 2858 et
1199 2820 1360 2875 super
1402 2809 1584 2862 omnia
1612 2799 1884 2869 excellens
1912 2814 2081 2884 maje-

497 2895 638 2954 stas,
665 2890 1073 2947 serenissimum
1115 2908 1181 2948 ac
1203 2894 1510 2963 piissimum
1549 2898 1848 2969 A'ugustum
1881 2904 1951 2958 ab
1972 2904 2075 2960 ho-

503 2978 680 3034 stibus
711 2980 768 3034 in
795 2989 938 3035 terra
971 2983 1177 3038 diutius
1201 2994 1450 3056 protegat
1484 2985 1731 3054 illaesum,
1758 2999 1814 3044 et
1838 3003 2083 3060 postmo-

497 3069 625 3124 dum
651 3070 709 3125 in
738 3071 892 3126 caelis
920 3070 1085 3128 faciat
1129 3075 1518 3145 perpetualiter
1571 3092 1800 3146 regnare
1835 3081 2076 3136 beatum.

2180 553 2234 608 in
2263 552 2495 609 Ieremia
2521 556 2779 626 scriptum
2813 568 2952 610 esse.
2979 553 3076 608 Est
3096 554 3239 609 enim
3272 562 3592 608 annotatum
3615 561 3756 606 tem-

2179 657 2280 712 pus
2313 642 2607 713 prophetite
2635 644 2783 713 ejus,
2813 642 3030 714 quando
3065 643 3290 712 carperit
3324 643 3671 714 prophetare,
3700 649 3756 694 et

2180 747 2288 800 quo
2318 746 2486 799 usque
2514 731 2733 785 ﬁnierit.
2770 730 3087 801 Quicunque
3116 746 3244 801 ergo
3270 729 3580 801 Scriptores
3600 727 3754 797 legit,

2181 821 2224 875 si
2256 819 2475 874 lectioni
2491 819 2772 890 diligenter
2802 820 3045 876 intendat
3071 829 3126 875 et
3153 821 3396 890 requirat
3424 834 3611 876 eorum
3633 834 3758 888 qua:

2182 912 2381 981 scripta
2405 920 2530 966 sunt
2549 911 2905 976 voluntatem,
2932 911 3122 966 dicere
3149 918 3328 983 potest
3355 908 3638 964 :‘Historia
3667 922 3757 961 su-

2181 1005 2480 1075 perscripta
2509 1012 2746 1074 est,.quo
2778 1014 3018 1074 tempore
3046 1003 3311 1059 Ieremias
3332 1017 3560 1058 exorsus
3582 999 3677 1063 sit,
3705 1010 3759 1050 et

2181 1109 2290 1162 quo
2325 1094 2782 1149 consummaverit
2808 1093 3145 1162 prophetiam
3167 1094 3350 1162 ;.quid
3365 1093 3536 1163 igitur
3569 1089 3639 1144 ad
3675 1103 3762 1142 me

2184 1194 2395 1256 tempus
2418 1185 2657 1240 historia:
2669 1185 2698 1237 ?-
2711 1185 2918 1255 chcns
2937 1184 3121 1248 didici,
3140 1187 3281 1253 quod
3295 1183 3521 1254 cmperit
3532 1179 3763 1252 prophe-

2185 1283 2301 1329 tare
2323 1276 2376 1329 in
2407 1275 2596 1330 diebus
2618 1273 2779 1329 Josite
2807 1273 2902 1328 ﬁlii
2930 1273 3118 1339 Amos,
3147 1273 3478 1343 regis‘Juda,
3499 1284 3674 1341 usque
3695 1269 3765 1323 ad

2183 1380 2382 1418 annum
2428 1365 2644 1418 tertium
2696 1364 2965 1419 decimum
3019 1364 3170 1433 regni
3207 1361 3341 1432 ejus.
3385 1361 3591 1417 Deinde
3638 1374 3766 1428 pro-

2183 1454 2429 1523 phetavit
2475 1455 2528 1508 in
2559 1453 2747 1509 diebus
2787 1454 3031 1510 lcachim
3063 1453 3158 1507 lilii
3199 1452 3380 1518 lusite,
3410 1453 3552 1522 regis
3599 1450 3762 1513 Juda,

2184 1556 2355 1611 usque
2378 1543 2446 1596 ad
2481 1543 3001 1599 consummationem
3028 1544 3299 1622 undecimi
3339 1542 3468 1597 anni
3517 1541 3764 1596 Sedecize

2185 1632 2280 1688 filii
2301 1632 2484 1699 Josize,
2515 1633 2658 1704 regis
2685 1631 2842 1687 Juda.
2877 1633 2944 1688 Et
2968 1630 3156 1703 legens
3187 1633 3350 1688 didici
3367 1621 3500 1702 quia
3525 1646 3627 1701 per
3655 1639 3768 1685 tres

2187 1737 2340 1794 reges
2364 1722 2646 1793 prophetia
2668 1721 2786 1790 ejus
2809 1730 3098 1778 coextensa
3123 1722 3214 1789 sit,
3247 1735 3423 1792 usque
3445 1720 3517 1775 ad
3539 1719 3769 1790 captivi-

2109 1796 2156 1854 Β
2187 1821 2353 1868 tatem
2403 1813 2769 1879 Hierusalem,
2809 1813 2864 1866 in
2890 1812 3077 1882 quinto
3119 1827 3328 1868 mense.
3355 1809 3496 1877 Quid
3520 1824 3652 1880 ergo
3674 1824 3774 1880 per

2184 1903 2300 1958 haec
2323 1903 2605 1969 docemur,
2636 1904 2679 1958 si
2704 1903 2923 1958 lectioni
2947 1903 3211 1958 fuerimus
3238 1900 3474 1956 intenti?
3499 1899 3770 1955 Conticui-

2184 2001 2409 2048 naverat
2436 1991 2772 2049 Hierusalem
2809 1993 3203 2062 Deuspropter
3219 1996 3448 2060 peccata
3477 2001 3605 2058 qua
3619 1986 3771 2042 fece-

2187 2090 2330 2146 runt,
2356 2091 2411 2138 et
2437 2084 2554 2139 haec
2599 2093 2720 2139 erat
2742 2086 3015 2138 extrema
3050 2081 3346 2147 sententia,
3378 2087 3439 2135 ut
3467 2078 3770 2151 captivitati

2188 2173 2641 2245 relinquerentur.
2661 2174 3051 2229 Verumtamen
3079 2187 3204 2227 cum
3223 2171 3509 2226 hominum
3531 2169 3609 2225 sit
3626 2184 3772 2224 ama-

2188 2269 2271 2315 tor
2309 2261 2472 2326 Deus,
2524 2277 2624 2317 nec
2673 2277 2999 2331 quemquam
3047 2260 3180 2315 velit
3221 2260 3422 2330 perire,
3475 2268 3766 2329 antequam

2185 2351 2612 2421 depOpulationis
2663 2361 2875 2422 tempus
2909 2350 3338 2418 instaret,..misit
3362 2359 3419 2405 et
3463 2350 3618 2404 hunc
3645 2364 3768 2419 pro-

2183 2442 2426 2516 phetam,
2451 2450 2647 2512 nt'per
2663 2457 2944 2498 sermones
2971 2440 3088 2510 ejus
3125 2439 3193 2494 ad
3229 2435 3613 2510 ptenitentiam
3643 2453 3770 2493 con-

2184 2540 2511 2587 verteretur.
2541 2532 2687 2587 Misit
2732 2532 2981 2588 eumdem
3019 2532 3186 2586 etiam
3233 2530 3332 2584 sub
3375 2527 3620 2584 secundo
3652 2541 3772 2597 rege

2184 2630 2308 2692 post
2332 2622 2563 2691 primum
2591 2639 2605 2675 :
2638 2621 2789 2676 misit
2812 2634 3029 2690 quoque
3059 2619 3160 2674 sub
3192 2618 3374 2673 tertio.
3402 2616 3546 2684 Quid
3574 2614 3777 2686 plura?

2183 2711 2302 2766 tam
2332 2709 2620 2779 captivitas
2645 2709 2965 2764 imminebat
3001 2716 3057 2762 et
3084 2707 3262 2762 adhuc
3292 2706 3360 2761 ad
3384 2704 3624 2764 salutem
3651 2705 3770 2758 hor-

2185 2802 2402 2856 tabatur
2425 2801 2587 2864 Deus,
2631 2799 2896 2863 tribuens,
2938 2805 2998 2852 ut
3025 2795 3101 2851 ita
3128 2797 3328 2862 dicam,
3363 2802 3421 2851 et
3447 2802 3578 2849 ante
3608 2806 3776 2847 unum

2184 2889 2326 2945 diem
2353 2888 2530 2944 locum
2580 2887 2933 2958 pmnitentiaa.
2967 2884 3121 2941 Unde
3162 2883 3427 2953 scriptum
3458 2889 3566 2948 est,
3599 2893 3775 2950 usque

2184 2977 2253 3032 ad
2291 2976 2662 3047 captivitatem
2716 2973 3057 3030 Hierusalem
3085 2980 3143 3030 et
3177 2987 3351 3042 usque
3397 2971 3467 3025 ad
3516 2970 3770 3040 quintum

2185 3080 2426 3120 mensem
2452 3065 2808 3135 prophetasse
2841 3061 3153 3118 Jeremiam.
3177 3059 3298 3115 Jam
3326 3059 3562 3115 hostium
3594 3056 3776 3112 vincla

497 3170 527 3201 ι
548 3159 692 3215 Deus
711 3160 779 3216 ad
800 3134 1247 3220 benefaciendum
1281 3174 1563 3237 promptus
1605 3134 1714 3236 est,
1742 3171 1810 3226 ad

2184 3134 2521 3212 strinxerant
2542 3153 2757 3220 marius,
2779 3163 2836 3210 et
2853 3153 3205 3210 nihilominus
3235 3153 3353 3208 haec
3373 3148 3773 3242 quodammodo

497 3250 595 3306 dos
622 3259 801 3307 autem
845 3268 939 3308 eos
985 3255 1077 3324 qui
1107 3269 1271 3326 poena
1297 3257 1445 3328 digni
1479 3258 1636 3326 sunt,
1685 3261 2077 3330 dissimulator,

496 3356 620 3397 cum
646 3343 818 3411 possit
835 3345 1033 3414 quippe
1057 3354 1246 3402 tacens
1271 3348 1389 3403 sine
1416 3352 1810 3408 contestatione
1835 3355 2074 3419 venturi,

494 3432 689 3503 punire
713 3448 807 3489 eos
848 3449 985 3502 quos
1038 3436 1205 3492 semel
1248 3437 1438 3508 dignos
1485 3439 1749 3510 supplicio
1797 3442 2077 3512 judicavit,

496 3537 763 3591 nusquam
793 3525 894 3578 hoc
935 3524 1087 3591 facit,
1131 3527 1224 3582 sed
1259 3527 1472 3583 etiamsi
1501 3530 1963 3596 condemnaverit,
1999 3533 2080 3588 di-

496 3611 572 3666 cit
596 3612 737 3681 quod
767 3612 870 3667 sibi
905 3628 1122 3684 semper
1145 3615 1326 3671 dicere
1363 3618 1699 3687 propositum
1724 3629 1831 3687 est,
1857 3629 1918 3675 ut
1940 3621 2079 3677 libe-

497 3707 687 3754 rentur
715 3717 745 3754 a
775 3703 1225 3759 condemnatione
1255 3721 1352 3774 per
1378 3707 1779 3774 pmnitentiam,
1831 3711 1922 3780 qui
1947 3726 2081 3766 con-

497 3791 736 3846 demnati
766 3791 984 3846 fuerant
1009 3808 1106 3862 per
1135 3794 1410 3848 delictum.
1440 3795 1645 3850 Horum
1682 3799 1931 3868 exempla
1953 3813 2076 3854 cum

495 3879 564 3935 dc
589 3877 888 3951 Scripturis
937 3882 1106 3935 multa
1161 3884 1431 3951 possimus
1485 3886 1757 3954 accipere,
1809 3885 2081 3943 sufﬁciunt

497 3973 566 4026 ad
600 3987 843 4042 praesens
890 3973 1204 4038 incidentia,
1235 3983 1293 4028 ut
1339 3975 1621 4030 veniamus
1647 3976 1714 4031 ad
1742 3992 1932 4031 eorum
1961 3992 2082 4047 quas

498 4062 637 4118 lecta
685 4072 812 4118 sunt
858 4066 1390 4133 contemplationem.
1441 4066 1691 4123 Ninivita:
1737 4071 2082 4126 condemnati

496 4163 656 4212 erant
680 4163 996 4224 peccatores
1021 4171 1048 4209 a
1084 4155 1215 4221 Deo,
1241 4157 1366 4226 quia
1393 4158 1589 4212 dicitur
1617 4172 1632 4211 :
1670 4177 1690 4209 ι
1721 4158 1915 4214 Adhuc
1937 4161 2081 4232 enim

496 4243 853 4314 quadraginta
884 4246 1021 4312 dies,
1046 4255 1102 4300 et
1139 4245 1378 4300 futurum
1409 4255 1494 4302 est
1522 4256 1584 4302 ut
1625 4247 1817 4304 Ninive
1860 4251 2080 4306 subver-

498 4341 644 4390 tetur
673 4334 866 4406 (Jama.
899 4337 1006 4407 ιιι).
1047 4356 1066 4388 ι
1105 4335 1457 4394 Noluit'Deus
1486 4354 1614 4393 cum
1644 4339 1861 4394 silentio
1889 4341 2081 4411 punire

497 4428 802 4491 damnatos,
850 4428 944 4481 sed
971 4429 1106 4482 dans
1144 4429 1222 4482 eis
1282 4429 1460 4481 locum
1494 4429 1831 4496 pmnitentizn
1872 4437 1926 4483 et
1949 4445 2079 4485 con-

497 4515 784 4581 versionis,
812 4517 960 4571 misit
979 4516 1044 4570 ad
1073 4505 1259 4586 gentes
1281 4515 1630 4570 Hebraeorum
1656 4518 1996 4586 pr0phetam,
2018 4527 2079 4574 ut

497 4613 712 4667 dicente
763 4609 880 4675 illo,
913 4629 930 4659 ι
990 4607 1167 4662 adhuc
1220 4605 1584 4676 quadraginta
1633 4605 1751 4660 dies
1800 4613 1856 4660 et
1885 4606 2078 4676 Ninive

497 4704 864 4764 subvertetur,
887 4718 914 4772 ν»
945 4698 1038 4767 qui
1089 4696 1431 4751 condemnati
1463 4695 1682 4749 fuerant
1720 4711 1788 4750 ne
1811 4696 2074 4765 perirent,

497 4794 593 4850 sed
642 4799 862 4863 agentes
913 4788 1291 4857 paenitentiam
1356 4786 1714 4855 impetrarent
1765 4785 2080 4839 misericor-

498 4886 643 4940 diam
672 4881 788 4936 Dei.
817 4878 916 4947 Qui
974 4879 1027 4931 in
1063 4875 1313 4931 Sodomis
1346 4883 1401 4929 et
1447 4873 1767 4930 Gomorrbis
1816 4873 2080 4928 consiste-

498 4974 650 5036 bant,
679 4970 798 5024 diro
841 4968 952 5034 jam
989 4966 1156 5022 exitio
1183 4964 1458 5030 destinati,
1513 4971 1574 5018 ut
1617 4962 1965 5018 manifestum
1997 4969 2081 5017 est

499 5079 566 5116 ex
606 5059 945 5116 sermonibus
975 5059 1089 5121 Dei,
1146 5071 1281 5125 quos
1310 5055 1524 5112 locutus
1573 5062 1657 5109 est
1681 5053 1748 5108 ad
1782 5052 2076 5107 Abraham.

497 5153 749 5207 Attamen
780 5149 922 5218 quod
973 5162 1133 5201 suum
1162 5155 1280 5214 erat
1328 5145 1576 5199 fecerunt
1614 5143 1806 5214 angeli,
1834 5142 2078 5197 volentes

497 5257 593 5299 cos
622 5241 833 5296 salvare
867 5237 956 5307 qui
985 5252 1043 5292 se
1069 5235 1316 5304 indignos
1364 5233 1536 5287 salute
1562 5231 1974 5300 judicaverant;
2005 5231 2079 5285 di-

499 5340 686 5389 centes
717 5330 782 5384 ad
809 5328 947 5384 Loth
981 5346 993 5381 :
1033 5347 1050 5377 ι
1085 5327 1182 5380 Est
1201 5324 1395 5394 aliquis
1430 5324 1523 5378 tibi
1558 5321 1648 5377 hic
1674 5335 1839 5391 gener
1865 5327 1958 5374 aut
1981 5319 2076 5373 lilii

501 5430 596 5477 aut
624 5421 784 5474 filiae?
814 5416 966 5490 (Cen.
992 5418 1128 5488 xix).
1169 5435 1187 5468 l
1223 5415 1406 5484 Neque
1452 5426 1582 5468 vero
1611 5410 1931 5480 ignorabant
1969 5422 2076 5463 non

500 5527 620 5566 csse
643 5526 736 5565 eos
763 5518 1044 5565 secuturos
1067 5508 1227 5573 Loth,
1263 5505 1356 5562 sed
1382 5504 1736 5560 ostenderunt
1758 5514 1909 5555 suam
1931 5499 2074 5568 pari-

505 5609 586 5655 ter
605 5607 656 5654 et
679 5600 812 5670 ejus,
828 5599 920 5670 qui
947 5613 1042 5655 eos
1071 5599 1312 5663 miserat,
1343 5594 1728 5665 benignitatem
1756 5591 1811 5645 in
1829 5590 2076 5645 homines

2185 3246 2398 3302 dicebat
2421 3245 2561 3301 Deus
2586 3262 2599 3300 :
2628 3245 2768 3301 Ecce
2805 3243 3003 3314 captivi
3051 3241 3182 3299 facti
3222 3242 3380 3306 estis,
3418 3241 3584 3310 agite,
3641 3237 3774 3293 licet

2181 3350 2321 3399 sero,
2351 3334 2756 3405 paenitentiam;
2781 3341 2968 3404 rogate
2994 3346 3082 3388 me
3110 3339 3166 3388 et
3186 3346 3405 3403 parcam
3440 3329 3623 3395 vobis;
3644 3342 3778 3398 pos-

2182 3441 2302 3483 sum
2325 3440 2520 3480 eruere
2542 3425 2608 3480 de
2630 3423 2964 3495 captivitate,
2995 3423 3088 3492 qui
3115 3421 3331 3477 tradidi.
3370 3420 3646 3476 Habemus
3665 3417 3774 3473 ita-

2181 3530 2288 3586 que
2316 3514 2574 3586 quiddam
2625 3514 2993 3569 necessarium
3017 3527 3086 3567 ex
3135 3510 3592 3581 superscriptione
3634 3507 3743 3562 ista

2181 3618 2303 3673 quas
2342 3603 2584 3659 continet
2611 3611 2852 3670 tempora
2881 3599 3200 3670 prophetia},
3248 3596 3392 3667 quod
3417 3596 3566 3665 juxta
3599 3609 3764 3650 suam

2181 3695 2520 3750 clementiam
2548 3694 2868 3749 exhortetur
2891 3692 3031 3745 Deus
3066 3704 3281 3760 semper
3308 3688 3549 3744 homines
3568 3686 3643 3741 ad
3674 3700 3772 3740 sa-

2182 3784 2370 3849 lutem,
2407 3793 2466 3838 ut
2495 3791 2743 3839 cessante
2762 3782 2960 3838 delicto
2987 3781 3154 3836 etiam
3181 3780 3470 3851 captivitas
3499 3778 3768 3848 conquie-

2183 3882 2320 3928 scat.
2376 3873 2502 3929 Haec
2549 3879 2730 3928 autem
2773 3873 2938 3928 etiam
2963 3872 3030 3927 de
3054 3872 3213 3927 nobis
3245 3885 3526 3941 possumus
3561 3869 3770 3924 intelli-

2183 3975 2345 4030 gere;
2381 3960 2425 4014 si
2448 3960 2876 4031 peccaverimus,
2908 3966 2962 4013 et
2989 3973 3088 4014 nos
3109 3957 3310 4027 captivi
3353 3955 3515 4011 futuri
3542 3970 3765 4010 sumus.

2183 4049 2396 4104 Etenim
2423 4049 2562 4103 tradi
2591 4056 2935 4118 peccatorem
2963 4046 3205 4113 Satanae,
3232 4046 3365 4100 nihil
3405 4045 3566 4101 distat
3593 4046 3672 4101 ab
3700 4060 3772 4100 eo

2190 4141 2334 4209 quod
2384 4139 2554 4195 Judaei
2599 4150 2725 4197 sunt
2773 4141 2960 4196 traditi
3009 4139 3543 4206 Nabuchodonosor;
3570 4140 3770 4210 utique

2186 4230 2304 4285 illos
2335 4231 2476 4284 Deus
2523 4230 2791 4285 concessit
2837 4229 3149 4285 adversario
3177 4238 3398 4298 pr0pter
3436 4226 3754 4295 frequentes

2188 4321 2514 4391 impietates,
2573 4320 2652 4375 sic
2698 4335 2800 4374 nos
2850 4326 3073 4389 propter
3103 4325 3326 4386 peccata
3375 4332 3494 4385 qua:
3533 4314 3769 4370 fecimus

2186 4411 2463 4465 tradentur
2495 4408 2723 4478 spiritali
2773 4407 3292 4463 Nabuchodonosor.
3328 4426 3346 4458 ι
3384 4406 3452 4460 Et
3491 4421 3627 4476 quos
3655 4415 3766 4460 tra-

2107 4473 2288 4556 I)didi
2349 4473 2583 4566 Satanas,
2631 4506 2690 4553 ut
2738 4499 2949 4554 discant
3000 4513 3108 4553 non
3164 4473 3568 4567 blasphemare,
3602 4516 3622 4547 ι
3689 4499 3768 4551 ait

2180 4588 2469 4659 Apostolus
2521 4588 2590 4659 (1
2629 4585 2751 4642 Cor.
2797 4587 2853 4659 v)
2897 4588 2964 4642 de
3020 4586 3140 4641 aliis
3189 4585 3582 4656 peccatoribus.
3626 4584 3761 4639 Puta

2180 4687 2441 4752 quantum
2471 4677 2670 4733 malum
2697 4686 2782 4732 est
2809 4690 3068 4746 peccare,
3116 4684 3176 4728 ut
3206 4676 3392 4728 tradar
3432 4673 3648 4752 Satanae
3673 4690 3762 4729 ca-

2179 4746 2404 4843 ptivanti
2437 4769 2644 4824 animas
2676 4782 2863 4823 eorum
2891 4766 2983 4836 qui
3008 4765 3379 4834 relinquuntur
3404 4780 3435 4818 a
3464 4746 3760 4819 Dechon

2181 4862 2297 4916 sine
2324 4875 2485 4914 causa
2517 4866 2700 4913 autem
2729 4871 2905 4927 neque
2931 4857 3047 4911 sine
3067 4854 3088 4924 j
3109 4855 3290 4910 udicio
3312 4854 3422 4908 Deo
3453 4854 3762 4923 relinquen-

2182 4959 2234 5004 te
2261 4965 2396 5019 quos
2421 4949 2620 5004 deserit
2651 4965 2666 5014 ;
2717 4963 2839 5002 cum
2890 4947 3034 5001 enim
3064 4945 3274 5000 miserit
3325 4943 3562 5013 pluviam
3597 4957 3764 5012 super

2182 5042 2392 5095 vineam
2419 5048 2475 5095 et
2501 5040 2658 5095 vinea
2697 5055 2796 5111 pro
2822 5053 2922 5093 uva
2951 5037 3189 5091 attulerit
3210 5035 3416 5106 spinas,
3438 5035 3567 5104 quid
3593 5033 3762 5088 faciat

2182 5132 2285 5186 nisi
2316 5140 2377 5186 ut
2402 5132 2618 5186 mandet
2656 5130 2889 5188 nubibus
2920 5143 2987 5183 ne
3011 5127 3199 5196 pluant
3227 5142 3391 5195 super
3412 5126 3627 5180 vincam
3658 5125 3760 5178 im-

2185 5225 2382 5281 brem?
2409 5223 2747 5293 Quapropter
2795 5220 2848 5274 in
2877 5218 3124 5287 proximo
3162 5227 3266 5281 est,
3307 5222 3532 5285 propter
3561 5213 3758 5268 delicta

2185 5328 2415 5384 quorum
2444 5313 2599 5368 nobis
2623 5310 2826 5368 conscii
2857 5324 3062 5375 sumus,
3108 5317 3164 5363 et
3192 5316 3374 5363 nostra
3419 5304 3714 5374 captivitas
3739 5323 3752 5367 ;

2185 5405 2425 5460 futurum
2451 5412 2535 5460 est
2556 5403 2700 5473 quod
2740 5400 3035 5466 tradamur,
3067 5398 3113 5454 si
3145 5413 3250 5452 non
3279 5396 3550 5466 egerimus
3571 5395 3752 5464 paeni-

2185 5495 2431 5559 tentiam,
2456 5490 2949 5548 Nabuchodonosor
2983 5496 3144 5557 atque
3174 5486 3506 5557 Babyloniis,
3538 5487 3629 5554 qui
3655 5500 3758 5540 nos

2183 5586 2509 5642 sensibiliter
2538 5581 2868 5639 excrucient.-
2909 5579 3029 5634 Istis
3077 5577 3188 5646 jam
3217 5573 3605 5643 adjacentibus,
3635 5589 3754 5630 ser-

572 5721 600 5754 II
631 5711 758 5774 Quae
788 5719 1103 5777 sequuntur,
1133 5726 1196 5764 ex
1224 5709 1458 5766 homiliis
1486 5705 1736 5778 Origcnis
1763 5704 1955 5762 hausta
1984 5711 2124 5760 sunt.
2151 5702 2305 5758 Enl'r.
