3910 6334
188 334 284 390 797

1109 335 1468 393 EXPOSITIO
1504 333 1728 392 SUPER
1764 333 2128 391 JEREMIAM.
2171 367 2237 376 —-
2277 335 2402 390 LIB.
2445 335 2485 389 1.

3331 345 3434 401 798

175 458 362 499 tuoues
390 446 794 515 prophetarum,
829 460 1104 503 sermones
1132 448 1289 519 legis,
1323 461 1603 503 sermones
1623 461 1754 516 apo-
1781 454 1829 509 Α
1858 447 1948 516 qui
1983 447 2119 504 dixit
2150 466 2163 502 :
2203 468 2220 500 ι
2256 449 2323 502 Et
2353 463 2451 520 ego
2492 449 2866 520 panitentiam
2899 467 3054 524 agam
3088 455 3154 510 dc
3183 459 3433 514 omnibus

173 533 457 598 stolorum,
490 550 767 590 sermones
799 537 960 592 etiam
1002 537 1217 592 Domini
1243 545 1297 592 et
1322 536 1621 592 Salvatoris
1645 553 1747 591 no-

173 622 270 675 stri
310 620 444 678 Jesu
494 623 697 678 Christi
747 627 1034 681 hortantur
1091 643 1190 681 nos
1235 628 1301 689 ad
1347 627 1748 697 paenitentiam,

175 722 474 779 provocant
500 714 569 768 ad
616 713 858 770 salutem.
888 715 945 770 Si
994 716 1346 783 audierimus,
1375 715 1649 771 credimus
1676 715 1749 779 ei,

1858 537 2014 594 malis
2038 554 2157 608 qua
2182 539 2393 595 locutus
2422 555 2538 596 sum
2567 541 2746 598 facere
2770 544 2868 600 eis.
2908 565 2925 597 ι
2960 547 3028 603 Et
3072 547 3188 602 hac
3216 549 3433 619 quidem

1860 627 1911 681 in
1935 629 2274 698 prafatione.

187 850 3429 888 mw

1420 948 1716 1068 LIBER
1795 965 2200 1044 PRIMUS.

687 1252 913 1310 CAPUT
942 1253 1230 1312 PRIMUM.

175 1347 249 1402 De
283 1346 698 1418 sanctiﬁcatione
725 1355 772 1398 et
799 1347 1044 1418 missione
1070 1347 1340 1410 Ieremia;
1369 1347 1433 1400 de
1456 1349 1598 1416 virga
1626 1347 1752 1418 vigi-

645 1415 785 1468 lante
809 1425 856 1468 et
887 1415 990 1469 olla
1019 1432 1284 1470 succensa.

249 1550 266 1582 ι
296 1531 474 1585 Verba
519 1526 802 1594 Ieremia,
842 1528 936 1583 ﬁlii
984 1527 1204 1594 llelcia,
1244 1529 1310 1585 de
1357 1529 1749 1595 sacerdotibus,

177 1640 194 1670 ο
240 1621 333 1688 qui
364 1620 582 1674 fuerunt
608 1619 661 1672 in
686 1618 985 1683 Anatlioth,
1013 1619 1066 1672 in
1101 1627 1243 1672 terra
1275 1616 1570 1685 Benjamin.
1600 1616 1752 1684 Quod

1862 1273 1882 1306 ι
1928 1264 2038 1311 tam
2083 1257 2333 1326 gentibus
2362 1259 2480 1314 dedi
2515 1270 2583 1316 te.
2612 1283 2628 1314 ι
2664 1264 2780 1320 Non
2821 1278 3084 1336 quoante
3129 1275 3439 1343 conceptio-

1856 1357 2012 1408 nem,
2058 1353 2118 1397 ut
2161 1345 2382 1401 haeresis
2427 1350 2759 1419 suspicatur,
2809 1353 2972 1410 fuerit
3017 1356 3302 1427 Jeremias,
3349 1365 3444 1419 sed

1861 1448 1965 1500 quo
1995 1435 2292 1502 prascicrit
2314 1452 2437 1490 eum
2484 1437 2724 1496 futurum
2758 1443 3033 1509 Dominus,
3063 1449 3148 1502 cui
3178 1466 3277 1505 nec
3310 1452 3439 1506 dum

1858 1521 2000 1576 facta
2024 1523 2136 1593 jam
2165 1523 2306 1579 facta
2330 1535 2474 1591 sunt,
2504 1532 2802 1587 secundum
2835 1535 2962 1590 illud
2990 1539 3134 1606 quod
3158 1539 3444 1608 Apostolus

1859 1610 2094 1681 loquitur
2120 1612 2298 1682 (Rom.
2327 1614 2407 1686 tv)
2435 1634 2446 1668 ε
2479 1637 2496 1667 α
2527 1617 2626 1684 Qui
2657 1624 2865 1677 vocavit
2889 1641 2952 1679 ea
2976 1643 3096 1697 qua
3128 1645 3234 1684 non
3265 1641 3440 1698 erant,

177 1729 194 1761 ι
241 1711 445 1766 factum
487 1719 571 1766 est
603 1709 826 1764 verbum
867 1709 1079 1764 Domini
1109 1710 1176 1765 ad
1202 1724 1325 1765 eum
1369 1710 1424 1763 in
1455 1709 1641 1764 diebus
1671 1708 1754 1764 Jo—
1785 1724 1830 1783 Β
1861 1705 2008 1771 quasi
2062 1719 2125 1758 ea
2170 1721 2289 1774 qua?
2337 1718 2538 1762 essent.
2564 1729 2581 1760 ›
2615 1709 2767 1778 Quod
2807 1705 2998 1770 autem
3049 1720 3440 1789 sanctiﬁcatur,

176 1821 193 1852 ι
242 1803 338 1858 sia
375 1801 470 1857 ﬁlii
513 1802 684 1857 Amon
716 1802 856 1872 regis
884 1801 1043 1866 Iuda,
1085 1802 1138 1856 in
1171 1802 1333 1857 tertio
1372 1801 1580 1856 decimo
1613 1815 1755 1855 anno

175 1912 192 1939 ι
241 1892 392 1962 regni
428 1892 564 1961 ejus.
615 1892 682 1945 Et
711 1891 910 1946 factum
940 1898 1025 1946 est
1067 1895 1122 1946 in
1155 1892 1344 1947 diebus
1385 1891 1630 1948 Joachim
1663 1891 1756 1946 filii

174 2003 192 2033 ι
237 1982 400 2038 Josia
430 1984 572 2054 regis
607 1982 766 2047 Juda,
793 1997 962 2052 usque
991 1983 1060 2038 ad
1101 1983 1623 2038 consummationem
1654 1998 1753 2036 un-

174 2093 192 2119 ι
241 2074 438 2129 decimi
472 2075 597 2129 anni
644 2073 922 2128 Sedechia
967 2072 1062 2126 ﬁlii
1103 2071 1264 2127 .losia
1295 2073 1438 2142 regis
1465 2071 1626 2135 Juda,
1665 2087 1756 2126 us-

175 2185 192 2215 σ
240 2181 348 2234 que
393 2165 461 2219 ad
505 2165 1039 2235 transmigrationem
1089 2163 1450 2229 Hierusalem,
1483 2163 1535 2215 in
1573 2177 1760 2217 mense

175 2273 194 2304 ε
240 2257 495 2325 quinto.»
543 2254 824 2325 (Ηὶενοη.)
870 2254 1063 2309 Cateri
1110 2257 1417 2324 propheta,
1463 2262 1522 2307 ut
1560 2254 1756 2319 Isaias,

167 2343 336 2409 Osee,
361 2342 498 2409 Joel,
523 2343 739 2396 fuerunt
763 2350 888 2396 ante
915 2343 1283 2412 captivitatem
1305 2342 1489 2398 decem
1520 2340 1757 2396 tribuum

169 2433 362 2498 Israel,
385 2434 498 2488 sive
530 2433 756 2487 duarum
789 2432 1026 2486 tribuum
1061 2430 1213 2486 Juda
1239 2440 1296 2486 et
1321 2431 1621 2498 Benjamin.
1652 2430 1758 2484 Alii

171 2531 300 2592 post
322 2523 716 2591 captivitatem,
744 2533 804 2576 ut
849 2521 1068 2586 Daniel,
1096 2521 1322 2592 Aggaus
1361 2529 1416 2576 et
1445 2521 1756 2576 Zacharias.

169 2601 440 2668 Jere'mias
473 2627 603 2666 vero
631 2621 686 2667 et
715 2611 964 2666 Ezechiel
994 2611 1307 2668 imminente
1334 2611 1646 2681 captivitate
1674 2627 1762 2665 va-

174 2700 424 2754 ticinium
459 2707 787 2754 texuerunt:
820 2698 912 2754 sed
950 2697 1086 2753 alter
1114 2713 1302 2754 eorum
1341 2699 1396 2752 in
1427 2707 1570 2778 terra
1597 2696 1757 2764 Iuda,

173 2789 316 2842 alter
341 2788 395 2842 in
428 2788 721 2858 Babylone.
749 2787 1014 2843 Jeremias
1041 2802 1163 2841 cum
1211 2787 1388 2841 adhuc
1429 2797 1574 2841 esset
1601 2802 1755 2855 puer,

171 2879 504 2949 prophetare
521 2880 688 2948 capit
712 2893 854 2932 anno
876 2879 1036 2933 tertio
1055 2877 1264 2933 decimo
1282 2877 1444 2932 Josia
1465 2876 1558 2931 ﬁlii
1583 2877 1756 2931 Amon

175 2969 322 3039 regis
369 2967 548 3034 Juda;
591 2968 1040 3038 prophetavitque
1086 2968 1141 3022 in
1189 2967 1414 3037 imperio
1458 2967 1576 3037 ejus
1601 2967 1758 3023 annis

1859 1791 1911 1846 iu
1965 1800 2118 1848 utero
2166 1794 2320 1863 juxta
2369 1795 2499 1851 illud
2545 1799 2787 1868 Apostoli
2827 1803 3085 1861 debemus
3142 1811 3434 1879 accipere:

1865 1900 1882 1933 ι
1910 1881 2200 1952 Postquam
2232 1894 2412 1939 autem
2443 1887 2646 1955 placuit
2671 1891 2745 1956 ei,
2776 1894 2879 1961 qui
2910 1911 2995 1950 me
3028 1900 3336 1969 segregavit
3379 1901 3444 1955 de

1861 1981 2014 2047 utero
2044 1977 2231 2029 matris
2266 1991 2420 2040 mea,
2451 1987 2507 2031 et
2541 1983 2752 2035 vocavit
2779 1999 2876 2052 per
2920 1988 3146 2056 gratiam
3179 2005 3354 2057 suam,
3385 2002 3445 2047 ut

1863 2061 2125 2116 revelaret
2155 2062 2347 2117 Filium
2383 2081 2536 2119 suum
2566 2070 2616 2121 in
2642 2084 2748 2136 me,
2778 2081 2837 2125 ut
2865 2077 3289 2146 evangelizarem
3318 2096 3442 2136 eum

1863 2150 1914 2203 in
1944 2153 2189 2220 gentibus
2231 2151 2374 2220 (Cal.
2400 2154 2461 2225 ι).
2511 2175 2527 2206 ι
2557 2155 2793 2214 Joannes
2816 2149 3028 2234 quoque
3057 2166 3296 2236 Baptista
3327 2185 3448 2225 san-

1861 2239 2130 2295 ctitlcatnr
2175 2243 2230 2296 in
2261 2251 2438 2308 utero,
2471 2254 2524 2298 et
2570 2245 2830 2315 Spiritum
2866 2263 3110 2308 sanctum
3140 2259 3356 2326 accipit,
3395 2270 3450 2314 ct

1861 2341 2108 2386 movetur
2136 2333 2190 2386 in
2217 2333 2395 2397 vulva,
2425 2343 2479 2389 et
2507 2351 2606 2405 per
2631 2353 2693 2393 os
2721 2341 2912 2397 matris
2935 2343 3176 2413 loquitur
3199 2347 3351 2418 (Luc.
3382 2350 3442 2421 ι).

1859 2422 2011 2487 Quod
2057 2430 2236 2478 autem
2288 2423 2454 2488 dixit,
2503 2446 2520 2476 ‹
2551 2427 2877 2498 Prophetam
2918 2433 2970 2487 in
3020 2437 3271 2506 gentibus
3321 2437 3442 2495 dedi

1863 2518 1936 2574 tc,
1959 2529 1976 2560 ι
2012 2509 2142 2566 illud
2173 2511 2286 2565 vult
2316 2514 2536 2583 intelligi
2566 2517 2708 2585 quod
2741 2519 2793 2573 in
2824 2520 2944 2590 ipso
2970 2533 3155 2593 postea
3181 2527 3446 2596 propheta

1860 2598 2050 2654 lecturi
2083 2615 2292 2666 sumus,
2322 2604 2463 2672 quod
2503 2620 2610 2659 non
2655 2607 2828 2662 solum
2864 2609 3226 2679 Hierusalem,
3270 2616 3364 2670 sed
3394 2625 3449 2672 et

1862 2689 2044 2744 multis
2085 2691 2139 2744 in
2169 2691 2400 2746 circuitu
2445 2694 2696 2762 gentibus
2743 2699 3168 2768 prophetaverit.
3213 2701 3446 2770 Quidam

1862 2778 2005 2833 hunc
2031 2779 2208 2834 locum
2235 2796 2397 2850 super
2429 2781 2711 2840 Salvatore
2746 2785 3070 2857 intelligunt,
3102 2790 3191 2859 qui
3223 2795 3442 2863 proprie

1860 2870 2120 2938 propheta
2164 2872 2402 2940 gentium
2434 2873 2553 2938 fuit,
2585 2882 2639 2928 et
2687 2877 2958 2946 apostolos
3000 2882 3210 2937 vocavit
3253 2899 3446 2941 omnes

1861 2959 2127 3013 nationes.
2181 2959 2285 3014 Iste
2333 2961 2480 3015 enim
2519 2979 2646 3018 vere
2704 2965 3017 3036 priusquam
3059 2969 3113 3023 in
3150 2979 3307 3026 utero
3337 2975 3448 3028 vir-

170 3057 366 3114 decem
408 3067 465 3113 ει
497 3074 713 3124 novem,
743 3067 800 3113 ει
831 3067 1018 3129 postea
1065 3059 1164 3113 sub
1208 3057 1452 3113 1030mm
1493 3057 1603 3111 ﬁlio
1642 3055 1758 3126 ejus
1787 3050 1831 3111 C
1863 3046 2026 3117 ginali
2080 3047 2437 3114 formaretur,
2499 3061 2554 3106 et
2605 3061 2896 3124 antequam
2951 3058 3123 3112 exiret
3173 3060 3238 3114 de
3295 3061 3449 3116 vulva

172 3149 336 3204 annis
380 3149 631 3204 undecim
661 3167 672 3202 :
707 3159 763 3203 et
803 3149 905 3204 sub
936 3147 1221 3214 Sedechia,
1265 3148 1358 3218 qui
1394 3149 1614 3203 ultimus
1658 3147 1761 3202 fuit

173 3253 366 3310 regunt
386 3237 544 3304 Juda,
572 3239 730 3292 annis
749 3239 1019 3304 undecim,
1045 3254 1216 3308 usque
1244 3240 1310 3294 ad
1340 3238 1587 3308 quintum
1617 3253 1762 3293 men-

171 3340 290 3380 sem
316 3365 332 3390 ,
375 3325 590 3396 quando
637 3342 667 3381 a
702 3325 1010 3397 Babyloniis
1054 3335 1211 3396 capta
1265 3335 1349 3381 est
1393 3325 1757 3382 Hierusalem.

169 3414 412 3470 Joachaz
448 3432 578 3471 vero
603 3425 658 3470 et
685 3414 958 3471 Jechonia
985 3416 1121 3471 terni
1161 3430 1374 3470 menses
1402 3415 1654 3486 (quorum
1681 3415 1761 3470 al-

172 3517 258 3563 ter
283 3507 338 3562 in
371 3507 688 3579 IEgyptum,
716 3509 856 3563 alter
879 3524 1002 3563 cum
1033 3518 1206 3564 matre
1244 3509 1436 3564 ductus
1463 3518 1548 3564 est
1575 3511 1628 3564 in
1659 3509 1760 3563 Ba-

171 3595 472 3666 bylonem),
502 3597 555 3650 in
595 3597 918 3666 supradictis
947 3597 1103 3652 annis
1132 3607 1531 3669 computantur.
1557 3597 1636 3653 Ac
1661 3613 1760 3668 per

171 3687 279 3741 hoc
309 3687 377 3740 ab
401 3686 624 3742 exordio
651 3687 946 3756 prophetia
968 3703 1078 3742 sua
1105 3702 1276 3757 usque
1302 3689 1368 3743 ad
1393 3687 1757 3758 captivitatem

171 3774 539 3839 Hierusalem,
571 3776 625 3830 in
653 3791 760 3846 qua
800 3783 854 3831 et
901 3776 1015 3846 ipse
1057 3786 1248 3847 captus
1282 3786 1387 3843 est,
1416 3777 1763 3848 prophetavit

171 3864 335 3920 annis
387 3865 747 3935 quadraginta
799 3873 854 3920 et
899 3880 1040 3930 uno,
1085 3872 1283 3934 prater
1334 3865 1465 3919 illud
1512 3874 1755 3934 tempus,

171 3955 392 4024 quando
433 3955 627 4009 ductus
659 3963 744 4010 est
773 3953 825 4008 in
853 3953 1166 4025 Egyptum.
1195 3954 1381 4023 Ibique
1416 3953 1760 4023 prophetavit

170 4045 226 4101 in
258 4044 523 4116 Taphnis,
570 4055 628 4099 ut
673 4045 775 4100 hoc
817 4046 934 4116 ipso
983 4045 1252 4100 volumine
1293 4043 1622 4100 continetur.
1653 4041 1759 4097 Pro

168 4136 356 4191 verbis
400 4135 650 4192 Jeremia
700 4135 1052 4207 Septuaginta
1098 4144 1429 4206 posuerunt,
1465 4154 1482 4185 ι
1522 4133 1758 4190 Verbum

169 4226 321 4296 quod
355 4225 557 4281 factum
581 4234 663 4282 est
692 4229 760 4282 ad
785 4225 1094 4292 Jeremiam,
1119 4246 1137 4278 ι
1167 4228 1271 4281 hoc
1295 4225 1545 4281 videlicet
1570 4241 1755 4291 sensu,

168 4316 319 4386 quod
347 4316 511 4371 verba
541 4314 789 4371 Jeremia
817 4317 1040 4372 verbum
1067 4317 1138 4372 sit
1163 4315 1398 4371 Domini.
1430 4315 1553 4369 Fuit
1576 4323 1757 4370 autem

1864 3139 2090 3205 matris,
2144 3131 2510 3196 sanctiﬁcatus
2571 3150 2726 3197 utero
2785 3154 2868 3199 est
2923 3154 2978 3200 et
3037 3154 3197 3202 notus
3264 3148 3446 3215 Patri,

1861 3228 2058 3298 quippe
2098 3230 2188 3298 qui
2236 3244 2449 3298 semper
2487 3231 2540 3284 in
2593 3231 2786 3294 Patre.
2836 3233 2890 3288 in
2941 3251 3047 3304 quo
3095 3245 3180 3291 est
3232 3253 3447 3309 semper

1863 3319 2041 3374 Pater.

1938 3428 1956 3460 ‹
1988 3409 2054 3464 Ει
2080 3409 2228 3464 dixi:
2261 3410 2360 3476 Ha,
2393 3411 2480 3473 ha,
2515 3411 2604 3476 Ita,
2638 3412 2864 3469 Domine
2901 3415 3078 3471 Deus:
3107 3431 3236 3473 ecce
3268 3420 3450 3474 nescio

1867 3521 1882 3551 ι
1930 3500 2106 3569 loqui,
2147 3503 2273 3571 quia
2322 3517 2457 3571 puer
2500 3519 2599 3573 ego
2647 3519 2786 3558 sum.
2819 3523 2837 3554 ι
2889 3504 3245 3577 Septuaginta
3283 3529 3296 3562 :
3335 3528 3352 3558 σ
3382 3510 3450 3563 Et

1861 3591 2003 3644 dixi:
2036 3591 2080 3646 Ο
2111 3591 2336 3646 Domine
2362 3593 2523 3656 Deus,
2550 3608 2676 3648 ecce
2711 3595 2894 3651 nescio
2939 3595 3107 3666 loqui,
3135 3599 3260 3668 quia
3289 3599 3450 3667 juve-

1863 3681 1944 3734 nis
1979 3696 2116 3734 sum.
2143 3700 2160 3731 ι
2207 3681 2512 3735 Detestatur
2538 3682 2797 3748 oilieium,
2836 3686 2979 3754 quod
3011 3701 3109 3756 pro
3139 3697 3298 3743 atate
3338 3706 3444 3744 non

1861 3779 2035 3842 potest
2080 3774 2364 3838 sustinere,
2412 3775 2601 3829 eadem
2642 3778 2966 3832 verecundia
3013 3794 3120 3850 qua
3169 3789 3226 3835 et
3269 3781 3445 3837 Moses

1863 3865 2038 3917 tenuis
2094 3872 2150 3918 et
2200 3864 2416 3932 gracilis
2457 3866 2606 3920 vocis
2657 3881 2778 3921 esse
2821 3883 2880 3922 se
2923 3869 3054 3922 dicit
3104 3869 3302 3939 (Exod.
3349 3872 3446 3941 iv).

1861 3951 1968 4006 Sed
2003 3952 2089 4007 ille
2129 3954 2282 4022 quasi
2313 3969 2517 4023 magna
2546 3956 2889 4026 robustaque
2913 3958 3088 4012 atatis
3115 3961 3444 4031 corripitur:

1862 4043 1986 4099 huic
2013 4045 2258 4114 pueritia
2286 4045 2444 4100 datur
2464 4046 2641 4110 venia,
2666 4063 2785 4116 qua
2813 4050 3140 4105 verecundia
3161 4059 3215 4106 et
3241 4053 3448 4122 pudore

1861 4135 2172 4190 decoratur.

1937 4245 1954 4275 ‹
1986 4225 2047 4278 Et
2075 4225 2208 4280 dixit
2241 4224 2499 4280 Dominus
2527 4226 2594 4281 ad
2624 4242 2709 4280 me
2735 4245 2748 4280 :
2781 4227 2898 4283 Noli
2923 4228 3120 4293 dicere,
3150 4231 3274 4299 quia
3307 4247 3442 4300 puer

1867 4336 1885 4366 ‹
1930 4330 2073 4378 sum,
2104 4315 2354 4383 quoniam
2398 4314 2466 4368 ad
2493 4315 2676 4369 omnia
2715 4331 2834 4384 qua
2864 4317 3076 4371 mittam
3117 4325 3191 4382 te,
3231 4318 3348 4382 ibis,
3391 4327 3446 4373 ct

167 4407 235 4462 de
261 4422 464 4477 genere
489 4409 852 4473 sacerdotum,
877 4409 967 4477 qui
998 4407 1312 4463 habitabant
1335 4415 1520 4462 contra
1548 4415 1758 4477 septen-
1783 4397 1836 4456 D
1867 4426 1885 4456 ι
1932 4406 2180 4460 universa
2209 4421 2329 4474 qua
2355 4405 2682 4460 mandavero
2706 4405 2826 4470 tibi,
2856 4405 3112 4476 loqueris.
3147 4406 3224 4462 Nc
3251 4408 3446 4464 timeas

169 4497 408 4553 trionem
440 4498 772 4554 Hierusalem
799 4501 850 4554 in
881 4499 1043 4554 tertio
1070 4499 1318 4554 milliario
1339 4507 1391 4554 et
1415 4498 1589 4554 viculo
1613 4499 1757 4553 Ana-

170 4587 350 4641 thoth.
376 4587 653 4655 Simulque
675 4587 1008 4642 admirabilis
1035 4587 1319 4644 clementia
1351 4589 1584 4654 Domini,
1612 4588 1755 4659 quod

165 4675 277 4745 jam
328 4677 637 4746 captivitate
665 4677 870 4742 vicina,
913 4686 968 4732 et
1008 4678 1299 4748 Babylonio
1346 4679 1587 4733 exercitu
1636 4679 1752 4734 val-

167 4767 323 4822 lante
364 4767 721 4834 Hierusalem,
751 4769 1134 4824 nihilhominus
1176 4768 1430 4839 pupulum
1473 4770 1540 4824 ad
1574 4771 1753 4839 pani-

167 4856 400 4911 tentiam
445 4865 736 4926 provocat,
768 4845 987 4912 malens-
1013 4857 1217 4912 salvare
1261 4872 1550 4912 conversos
1584 4873 1750 4927 quam

168 4946 404 5015 perdere
462 4946 854 5016 delinquentes.
903 4947 1007 5002 Pro
1057 4947 1559 5017 transmigratioue,
1607 4947 1752 5016 quod

167 5050 364 5091 omnes
397 5035 488 5107 alii
515 5052 644 5092 voce
668 5051 904 5093 consona
948 5037 1354 5103 transtulerunt,
1400 5037 1752 5109 Septuaginta

169 5139 471 5200 posuerunt
499 5129 864 5199 captivitatem.
890 5131 1017 5185 Post
1044 5129 1327 5185 exordium
1356 5138 1536 5184 autem
1564 5129 1754 5186 vatici-

175 5219 415 5275 nationis
458 5218 727 5285 Jeremia,
757 5219 1031 5275 tricesimo
1071 5220 1258 5289 quinto
1297 5219 1594 5288 prophetia
1633 5217 1752 5288 ejus

169 5323 336 5371 anno,
384 5308 634 5363 Ezechiel
679 5307 734 5362 in
764 5308 1034 5378 Babylone
1081 5309 1166 5364 his
1199 5309 1290 5378 qui
1330 5323 1454 5363 cum
1495 5321 1562 5363 eo
1607 5309 1752 5378 capti

169 5395 413 5462 fuerant,
442 5413 666 5453 exorsus
686 5406 768 5453 est
793 5399 1138 5468 prophetare.

249 5505 268 5535 ι
302 5486 367 5540 Et
415 5486 618 5541 factum
658 5494 741 5541 est
776 5485 998 5541 verbum
1044 5487 1255 5542 Domini
1302 5488 1369 5543 ad
1403 5501 1488 5542 me
1518 5485 1742 5543 dicens:

180 5599 196 5628 ι
243 5577 567 5645 Priusquam
599 5583 652 5632 te
679 5576 967 5632 formarem
997 5576 1050 5632 in
1081 5585 1256 5641 utero,
1302 5577 1423 5632 novi
1454 5586 1534 5643 te;
1569 5586 1624 5632 et
1657 5593 1752 5634 an-

181 5687 196 5718 c
248 5679 464 5737 tequam
508 5667 686 5722 cxires
714 5668 778 5724 dc
826 5667 998 5740 vulva,
1035 5668 1366 5726 sanctificavi
1399 5679 1488 5725 te:
1523 5671 1748 5741 prophe-

1865 4513 1882 4544 ‹
1927 4509 1956 4548 a
1993 4493 2129 4548 facie
2157 4509 2363 4557 eorum,
2405 4494 2530 4563 quia
2564 4503 2742 4549 tecum
2775 4511 2914 4561 sum,
2943 4505 3002 4549 ut
3029 4511 3214 4550 eruam
3252 4507 3326 4563 te,
3365 4500 3450 4553 di-

1865 4603 1882 4634 c
1929 4583 2004 4639 cit
2031 4584 2307 4637 Dominus.
2332 4603 2349 4633 ι
2381 4582 2458 4664 Ne
2482 4592 2714 4648 atatem,
2741 4584 2937 4653 inquit,
2965 4585 3306 4650 consideres;
3338 4587 3444 4641 alio

1855 4675 2000 4728 enim
2039 4675 2301 4744 propheta
2341 4674 2594 4743 loquente
2636 4674 2872 4730 didicisti
2909 4694 2923 4730 :
2969 4694 2986 4726 ι
3042 4677 3174 4731 Cani
3205 4678 3442 4733 hominis

1858 4767 2120 4835 sapientia
2148 4763 2263 4832 ejus
2293 4764 2446 4835 (Sap.
2473 4765 2570 4836 tv).
2597 4786 2614 4816 ι
2655 4765 2782 4820 Tua
2809 4767 2878 4820 sit
2911 4775 3114 4820 tantum
3143 4768 3435 4823 voluntatis

1857 4863 1916 4907 ut
1961 4870 2182 4926 pergas;
2218 4870 2303 4908 me
2349 4855 2602 4908 comitem
2648 4855 2891 4920 habebis,
2925 4871 3030 4926 quo
3059 4866 3254 4911 cuncta
3284 4857 3440 4925 adju-

1856 4955 2016 5000 vante
2042 4945 2356 5014 complebis.
2395 4963 2413 4994 ‹
2443 4945 2605 5014 Aperi
2650 4961 2712 5000 os
2743 4955 2914 5010 tuum,
2952 4956 3006 5001 ct
3036 4947 3266 5016 implebo
3309 4949 3442 5005 illud

1857 5037 2024 5109 (I’sal.
2053 5039 2238 5106 Lxxx).
2263 5056 2281 5088 ι
2318 5036 2428 5091 Nec
2472 5038 2780 5092 consideres
2825 5037 3218 5093 inultitudinem
3248 5055 3433 5096 eorum

1855 5131 1922 5184 ad
1950 5143 2084 5199 quos
2110 5136 2166 5183 et
2194 5136 2384 5184 contra
2409 5142 2541 5196 quos
2568 5127 2842 5181 locuturus
2873 5143 2954 5191 es,
2979 5128 3074 5182 sed
3121 5144 3206 5182 me
3233 5130 3324 5196 qui
3361 5140 3435 5185 tc-

1856 5235 1978 5275 cum
2005 5234 2143 5282 sum,
2171 5229 2231 5272 ut
2273 5232 2459 5272 eruam
2488 5224 2561 5281 te,
2592 5217 2722 5271 dicit
2767 5216 3043 5270 Dominus.
3091 5216 3307 5272 Liberat
3333 5233 3432 5271 au-

1855 5318 1964 5364 tem
2003 5308 2280 5371 Dominus,
2314 5321 2420 5360 non
2449 5321 2558 5374 quo
2585 5306 2848 5376 prepheta
2896 5306 3356 5376 persecutiouibus
3385 5318 3441 5361 et

1853 5397 2116 5468 angustiis
2144 5404 2354 5459 careat,
2401 5395 2598 5464 quippe
2641 5410 2764 5449 eum
2818 5395 3055 5464 legamus
3097 5409 3222 5448 cum
3270 5395 3435 5449 multa
3482 5393 3485 5398 ’

1854 5501 2204 5558 perpessum;
2231 5485 2323 5540 sed
2351 5491 2408 5537 ut
2435 5485 2646 5554 patiens
2674 5483 2854 5538 omnia
2885 5491 3124 5553 superet.
3159 5499 3259 5539 nec
3283 5485 3438 5539 cedat

1855 5577 2136 5649 angustia.

1931 5693 1946 5721 ε
1980 5669 2038 5724 Et
2090 5669 2230 5724 misit
2283 5667 2539 5724 Dominus
2589 5684 2806 5725 manum
2855 5685 3038 5735 suam,
3083 5675 3135 5723 et
3165 5666 3342 5738 tetigit
3380 5685 3441 5724 os
