3910 6338
473 353 575 411 799

1105 348 1164 401 Β.
1210 342 1457 399 ΒΛΒᾹΝΙ
1498 340 1713 396 Μλυιιι
1749 337 2058 393 Αιωιιιιςι).

2163 331 2414 390 OGUNT.
2457 329 2743 387 OPERUM
2782 328 2967 385 PARS
3007 327 3093 383 lli.

3619 325 3721 379 800

477 488 495 518 ι
542 482 740 532 meum,
776 473 829 522 et
867 464 1002 518 dixit
1030 443 1289 516 Dominus
1312 457 1378 511 ad
1415 446 1539 510 me:
1572 453 1706 508 Ecce
1730 451 1851 506 dedi
1879 450 2042 503 verba
2071 453 2121 510 Α
2148 453 2307 500 tantm
2357 442 2682 519 multitudini
2728 450 2783 496 et
2826 440 2999 495 noluit
3040 447 3096 493 et
3140 438 3397 494 obedivit.
3449 433 3728 503 Superbus

479 574 497 607 ι
543 571 664 611 mea
713 555 766 609 in
812 568 906 608 ore
936 560 1049 606 tuo.
1075 571 1093 602 ι
1135 547 1437 604 Notandum
1476 546 1618 614 quod
1666 542 1754 596 hic
1795 541 2044 594 mittatur

475 663 665 704 manus
691 645 804 707 Dei,
833 659 951 712 qua:
981 649 1160 712 tangat
1193 654 1254 693 os
1289 637 1584 706 prophetae,
1627 629 1682 687 et
1709 632 1920 686 dicatur
1949 629 1999 682 ei
2025 645 2038 679 :

481 756 500 789 ι
530 738 667 791 Ecce
690 734 811 788 dedi
846 732 1010 786 verba
1052 745 1168 785 mea
1197 729 1247 781 in
1277 742 1372 781 ore
1409 735 1529 790 tuo;
1555 745 1571 774 ι
1604 724 1656 777 in
1685 721 1822 776 lsaia
1863 730 2045 774 autem

475 825 731 892 scriptum
761 822 828 876 sit
854 838 865 873 :
905 838 922 869 ι
952 820 1017 872 Ει
1046 819 1240 872 missus
1280 823 1364 870 est
1399 813 1467 867 ad
1505 826 1591 866 me
1621 826 1758 864 unus
1785 810 1852 864 de
1900 823 2047 862 sera-

474 926 645 998 phim,
671 932 726 978 et
753 924 807 976 in
838 936 996 974 manu
1025 918 1257 972 habebat
1282 917 1591 978 carbonem,
1630 924 1792 980 quem
1840 907 2046 977 forcipe

478 1025 673 1079 tulerat
699 1022 764 1076 de
794 1019 948 1073 altari
976 1036 990 1071 :
1018 1027 1073 1072 et
1103 1017 1272 1087 tetigit
1301 1030 1361 1067 os
1404 1026 1601 1074 meum,
1627 1018 1681 1064 et
1709 1009 1843 1063 dixit
1868 1025 1880 1060 :
1909 1007 2047 1061 Ecce

477 1115 651 1184 tetigit
680 1114 784 1168 iste
821 1111 961 1165 labia
989 1118 1108 1175 tua,
1133 1117 1188 1162 et
1229 1105 1437 1159 auferet
1479 1102 1790 1170 iniquitates
1820 1107 1962 1162 tuas,
1991 1104 2044 1150 et

475 1222 696 1286 peccata
732 1220 823 1270 tua
868 1208 1142 1285 mundabit
1171 1205 1305 1276 (Isa.
1328 1203 1425 1274 γι).
1449 1223 1466 1254 ι
1497 1201 1572 1255 lbi
1609 1199 1754 1255 enim
1785 1198 1911 1267 quia
1959 1211 2046 1250 so-

475 1305 598 1359 lidae
621 1313 676 1358 et
706 1301 959 1372 perfectae
983 1298 1159 1354 anatis
1187 1303 1323 1359 erat,
1354 1303 1408 1348 et
1434 1294 1546 1362 ipse
1573 1291 1891 1360 simpliciter
1918 1305 2045 1343 con-

476 1398 658 1450 fitetur
683 1393 825 1463 quod
869 1390 1142 1445 immunda
1191 1388 1328 1442 labia
1365 1385 1592 1448 habeat,
1640 1390 1704 1437 et~
1737 1382 1945 1436 habitet
1995 1381 2046 1434 in

475 1483 656 1539 medio
683 1481 865 1551 populi
890 1479 1159 1534 immunda
1184 1475 1323 1529 labia
1349 1472 1616 1527 habentis.
1643 1466 1874 1524 Mittitur
1910 1483 2048 1522 unus

477 1572 546 1627 de
573 1570 866 1638 seraphim,
899 1566 991 1636 qui
1018 1581 1124 1619 non
1153 1578 1335 1627 manu,
1365 1561 1461 1615 sed
1487 1558 1692 1628 forcipe
1727 1565 1785 1612 et
1817 1557 2049 1611 carbone

477 1672 663 1735 tangat
701 1678 762 1718 os
788 1660 924 1731 ejus,
949 1667 1005 1714 et
1029 1656 1337 1725 iniquitates
1361 1652 1571 1707 auferat
1595 1659 1649 1704 et
1674 1648 1897 1703 mundet
1925 1661 2050 1715 pec-

477 1765 617 1812 cata.
667 1753 767 1808 Hic
828 1759 1006 1805 autem
1047 1747 1214 1818 ipsius
1256 1744 1351 1798 Dei
1403 1756 1596 1796 manus
1646 1735 1912 1801 mittitur,
1956 1750 2052 1804 per

477 1860 638 1915 quam
665 1851 862 1900 cuncta
905 1848 1159 1910 operatus
1186 1843 1288 1901 est,
1320 1843 1376 1889 et
1402 1847 1522 1902 qua:
1551 1832 1605 1885 in
1634 1829 1741 1884 alio
1777 1829 1898 1883 loco
1926 1828 2050 1882 bra-

476 1935 659 1991 chium
707 1931 904 1987 dicitur
935 1947 948 1983 :
985 1943 1092 1983 non
1127 1934 1187 1982 ut
1232 1929 1451 1994 peccata
1493 1918 1743 1984 auferat,
1788 1931 1908 1986 qua:
1955 1929 2055 1984 per

477 2025 762 2099 pueritiam
806 2020 973 2077 multa
1009 2035 1116 2074 non
1162 2016 1382 2078 fecerat,
1424 2015 1523 2076 sed.
1547 2019 1604 2065 ut
1637 2006 1888 2077 loquendi
1931 2020 2050 2087 gra-

479 2096 604 2171 tiam
634 2114 852 2168 tribuat.
882 2111 1049 2164 Porro
1075 2104 1323 2162 Ezechiel
1354 2104 1546 2156 librum
1579 2100 1802 2154 devorat
1825 2105 1881 2152 et
1907 2096 2053 2149 intus

473 2213 529 2260 et
559 2202 691 2258 foris
713 2201 990 2269 scriptum,
1019 2205 1130 2251 tam
1157 2200 1496 2250 sacramenta
1526 2189 1706 2244 divina
1731 2201 1895 2256 quam
1923 2185 2055 2238 sini—

474 2293 672 2364 plicem
717 2288 1002 2344 historiam
1039 2284 1403 2340 continentem
1446 2279 1663 2350 (Ezeclti
1689 2277 1778 2345 tt).
1806 2274 2053 2330 Ieremia:

475 2356 538 2439 δε
587 2381 846 2451 tangitur,
891 2387 944 2430 et
977 2375 1190 2430 Domini
1230 2374 1396 2427 verba
1425 2370 1754 2429 tribuuntur,
1785 2356 1848 2419 ut
1885 2363 2054 2417 confi-

475 2474 715 2531 dentiam
743 2468 974 2539 accipiat
1011 2463 1359 2536 praedicandi.
1399 2458 1743 2526 Pulchreque
1781 2453 1936 2524 juxta
1968 2451 2055 2505 lit-

475 2576 650 2620 teram
683 2576 876 2617 manus
918 2558 1172 2621 mittitur,
1210 2563 1269 2610 ut
1309 2555 1665 2608 humanorum
1710 2555 1929 2601 artuum
1974 2543 2056 2596 vi-

478 2655 612 2710 dens
648 2648 1075 2711 similitudinem,
1106 2652 1307 2700 tactum
1345 2656 1535 2695 manus
1571 2653 1677 2693 non
1717 2633 2053 2690 reformidet.

477 2739 679 2811 (Greg.)
722 2738 828 2793 Sed
863 2735 1160 2797 sciendum,
1191 2732 1333 2800 quod
1379 2741 1762 2799 nonnunquam
1797 2723 2057 2795 praedica-

479 2827 639 2884 tionis
663 2823 896 2880 ofﬁcium
921 2830 974 2875 et
1009 2819 1251 2875 nonnulli
1295 2816 1636 2870 laudabiliter
1673 2819 1954 2882 appetunt,
2001 2816 2056 2862 et

479 2918 547 2972 ad
597 2918 700 2972 hoc
754 2912 974 2969 nonnuli
1029 2909 1366 2964 laudabiliter
1417 2905 1589 2960 coacti
1638 2902 2051 2972 pertrahuntur.

479 3006 634 3073 Quod
676 3002 876 3072 liquide
919 3000 1278 3070 agnoscimus,
1309 2997 1354 3050 si
1382 3001 1800 3048 memoratarum
1827 2991 2053 3045 duorum

480 3061 917 3168 prepheta-ntium
954 3061 1102 3144 facta
1129 3101 1436 3160 pensamus,
1463 3097 1691 3154 quorum
1721 3095 1862 3136 unus
1887 3087 1948 3133 ut
1988 3079 2056 3133 ad

2163 3068 2281 3139 in):
2320 3088 2337 3118 ι
2368 3065 2460 3121 Dei
2497 3061 2802 3125 :edllicatio,

479 3185 880 3257 praedicandum
930 3181 1072 3235 mitti
1125 3177 1396 3233 debuisset
1449 3182 1638 3244 sponte
1685 3186 1744 3227 se
1791 3168 2052 3240 praebuit,

485 3290 713 3346 quorum
741 3283 919 3328 tamen
948 3271 1082 3325 alter
1115 3283 1341 3339 pergere
1375 3281 1497 3320 cum
1525 3278 1724 3334 pavore
1763 3259 2055 3316 recusavit.

480 3364 647 3420 Isaias
669 3363 865 3431 quippe
891 3359 1116 3414 Domino
1144 3355 1403 3426 quaerenti
1431 3368 1590 3422 quem
1623 3353 1885 3414 mitteret,
1915 3350 2059 3404 ultro

483 3470 543 3510 se
571 3452 766 3507 obtulit
799 3451 1018 3505 dicens:
1051 3467 1069 3498 ι
1097 3447 1176 3500 En
1196 3461 1318 3517 ego,
1342 3445 1496 3498 mitte
1528 3458 1612 3496 me
1641 3441 1774 3512 (lsa.
1801 3439 1898 3511 vi).
1923 3458 1940 3490 ι
1971 3437 2060 3492 Je-

484 3542 684 3599 remias
708 3548 886 3594 autem
914 3537 1166 3598 mittitur,
1193 3543 1248 3589 et
1275 3544 1452 3588 tamen
1480 3547 1549 3585 ne
1577 3531 1716 3584 mitti
1746 3529 1940 3584 debeat
1965 3528 2061 3581 hu-

487 3642 685 3696 militer
726 3639 1020 3693 reluctatur
1053 3635 1237 3689 dicens
1277 3650 1290 3686 :
1333 3650 1353 3684 ‹
1391 3631 1503 3697 Ha,
1551 3632 1650 3696 ha,
1695 3631 1787 3695 ha,
1837 3628 2062 3682 Domine

487 3732 652 3794 Deus,
673 3743 798 3784 ecce
829 3727 1009 3780 nescio
1039 3724 1202 3793 loqui,
1229 3723 1353 3791 quia
1384 3736 1516 3789 puer
1542 3735 1639 3789 ego
1671 3734 1810 3773 sum.
1835 3738 1853 3770 ι
1888 3718 1968 3770 En
1995 3717 2062 3770 ab

489 3823 731 3889 utrisque
757 3817 995 3872 exterius
1024 3816 1233 3868 diversa
1279 3827 1381 3865 vox
1410 3810 1626 3880 prodiit,
1655 3809 1746 3862 sed
1779 3823 1886 3861 non
1915 3823 1945 3861 a
1973 3807 2056 3860 di—

488 3925 644 3965 verso
685 3908 831 3963 fonte
863 3904 1164 3959 dilectionis
1211 3901 1499 3956 emanavit.
1551 3900 1664 3952 Duo
1710 3896 1909 3965 quippe
1939 3903 2064 3949 sunt

487 4006 754 4071 praecepta
783 3995 1082 4057 cbaritatis,
1114 3991 1209 4045 Dei
1252 3988 1499 4044 videlicet
1528 4001 1700 4050 amor,
1727 3992 1783 4038 et
1806 3982 2060 4053 proximi.

491 4090 598 4145 Per
623 4088 851 4142 activam
876 4085 1042 4136 vitam
1086 4081 1247 4150 igitur
1274 4077 1528 4146 prodesse
1549 4073 1809 4145 proximis
1842 4071 2066 4140 cupiens

490 4179 676 4242 Isaias,
724 4175 956 4230 ollicium
994 4168 1391 4241 praedicationis
1435 4165 1662 4235 appetit;
1691 4179 1789 4233 per
1828 4169 2067 4217 eontem-

493 4268 749 4340 plativam
782 4279 912 4318 vero
943 4260 1201 4316 Jeremias
1228 4256 1400 4312 amori
1431 4254 1736 4310 Conditoris
1763 4251 1946 4307 sedulo
1987 4251 2067 4304 in-

497 4362 704 4414 hazrere
725 4355 1061 4416 desiderans,
1089 4366 1155 4404 ne
1185 4348 1322 4402 mitti
1348 4347 1414 4401 ad
1443 4342 1843 4414 praedicandum
1874 4340 2066 4394 debeat

497 4445 835 4505 contradicit.
862 4443 1014 4510 Quod
1043 4454 1169 4510 ergo
1197 4400 1532 4491 laudabiliter
1558 4430 1935 4509 alterappetit,
1963 4430 2058 4483 hoc

2171 4413 2426 4468 tionibus.
2474 4403 2673 4478 (0rig.)
2725 4400 2949 4471 Mystice

496 4535 843 4593 laudabiliter
882 4531 1019 4586 alter
1043 4527 1274 4597 expavit.
1307 4526 1413 4579 Iste
1444 4537 1510 4576 ne
1537 4521 1712 4575 tacita:
1742 4517 2069 4585 contempla-

497 4629 660 4684 tionis
693 4626 841 4678 lucra
888 4620 1151 4691 loquendo
1194 4616 1461 4687 perderet,
1497 4612 1582 4666 ille
1620 4625 1688 4664 ne
1726 4610 1921 4664 damna
1958 4617 2068 4662 stu-

499 4719 638 4775 diosi
679 4716 856 4786 Oper-is
885 4711 1109 4767 tacendo
1154 4708 1396 4764 sentiret.
1446 4705 1551 4759 Sed
1581 4705 1683 4757 hoc
1726 4703 1781 4756 in
1823 4701 2067 4769 utrisque

498 4816 582 4864 est
615 4805 883 4861 subtiliter
924 4798 1232 4856 intuendum
1261 4816 1274 4850 :
1315 4796 1438 4864 quia
1471 4794 1596 4848 etis
1643 4793 1732 4861 qui
1775 4790 2065 4850 recusavit,

500 4899 731 4971 plcniter
767 4912 869 4950 non
902 4892 1136 4956 resistit;
1178 4898 1233 4943 et
1275 4889 1321 4941 is
1351 4886 1441 4954 qui
1469 4884 1605 4937 mitti
1643 4883 1813 4937 voluit
1859 4888 1984 4933 ante
2011 4894 2071 4933 se

504 5004 598 5060 per
620 4987 804 5041 altaris
825 4983 1089 5038 calculum
1117 4986 1402 5050 purgatum
1430 4975 1578 5040 vidit,
1607 4988 1674 5048 ne
1697 4980 1789 5025 aut
1814 4986 1920 5025 non
1950 4984 2072 5038 pur-

504 5088 660 5153 gatus
700 5077 848 5130 adire
891 5074 1117 5143 quisque
1162 5085 1312 5124 sacra
1362 5064 1662 5119 ministeria
1699 5061 1930 5124 audeat,
1980 5066 2072 5110 aut

500 5149 662 5244 quem
692 5181 918 5238 superna
949 5150 1350 5233 gratiaelegit,
1393 5157 1492 5210 sub
1537 5151 1852 5208 humilitatis
1895 5149 2072 5217 specie

501 5237 730 5331 superba
760 5237 1127 5313 contradicat.
1171 5249 1304 5315 Quia
1349 5246 1507 5317 igitur
1545 5242 1697 5296 valde
1738 5237 1948 5294 ditlicile
1991 5244 2076 5290 est

505 5345 786 5423 purgatum
820 5363 879 5404 se
923 5343 1208 5416 quemlibet
1241 5355 1395 5409 posse
1438 5339 1784 5404 cognoscere,
1813 5327 2073 5398 praedica-

505 5451 664 5507 tionis
694 5447 926 5504 oﬂicium
975 5443 1138 5498 tutius
1184 5437 1514 5495 declinatur;
1548 5446 1646 5484 nec
1678 5437 1857 5483 tamen
1905 5422 2073 5479 decli-

504 5543 648 5606 nari,
679 5549 738 5595 ut
776 5537 1028 5599 diximus,
1061 5528 1408 5602 pertinaciter
1440 5525 1615 5586 debet,
1654 5535 1775 5574 cum
1804 5517 1869 5571 ad
1899 5513 2072 5571 susci-

504 5633 757 5705 piendum
802 5631 906 5685 hoc
951 5641 1177 5695 superna
1235 5620 1480 5674 voluntas
1541 5610 1867 5683 agnoscitur.
1920 5603 2076 5672 Quod

507 5712 677 5783 Moses
721 5733 1004 5792 utrumque
1039 5718 1171 5773 mire
1218 5730 1376 5784 opere
1410 5707 1672 5780 explevit,
1719 5702 1808 5773 qui
1843 5713 2074 5772 [incesse

2147 538 2289 594 enim
2325 535 2570 590 fortassis
2608 540 2781 599 esset,
2822 532 2866 587 si
2912 531 3166 584 ducatum
3211 526 3383 597 plebis
3427 525 3734 579 innumera:

2148 633 2266 686 sine
2314 627 2671 697 trepidatione
2716 623 3052 693 susciperet;
3099 626 3153 672 et
3201 633 3417 671 rursum
3462 612 3738 683 superbus

2148 722 2437 784 existeret,
2480 718 2525 771 si
2573 715 2825 769 Auctoris
2881 710 3107 781 imperio
3153 708 3374 761 obedire
3426 712 3728 759 recusaret.

2150 808 2446 878 Utrobique
2472 820 2602 875 ergo
2630 804 2901 872 subjectus
2925 811 2980 856 et
3022 811 3251 870 praeesse
3289 796 3499 866 populis
3526 802 3729 850 semct-

2149 903 2324 971 ipsum
2352 896 2637 952 metuendo
2665 895 2854 959 noluit,
2884 903 2941 949 et
2983 901 3166 947 tamen
3198 889 3263 944 de
3298 886 3620 955 imperantis
3655 884 3734 936 vi-

2151 994 2298 1047 ribus
2325 987 2613 1044 consentit.

2192 1142 2198 1150 _
2225 1099 2242 1130 ι
2274 1080 2413 1134 Ecce
2441 1093 2541 1147 ego
2575 1074 2829 1130 constitui
2857 1080 2911 1126 te
2939 1071 3101 1126 hodie
3129 1081 3293 1138 super
3333 1074 3518 1137 gentes
3555 1071 3608 1118 et
3637 1076 3735 1115 su-

2155 1187 2184 1220 ¢~
2219 1181 2317 1236 per
2343 1180 2524 1236 regna,
2556 1171 2614 1217 ut
2639 1161 2857 1225 evellas,
2881 1167 2936 1214 et
2963 1160 3234 1221 destruas,
3264 1164 3320 1210 et
3347 1153 3644 1224 disperdas,
3678 1158 3737 1203 et

2157 1275 2175 1308 ι
2221 1257 2469 1326 dissipes,
2515 1262 2568 1310 et
2614 1251 2869 1315 aediﬁces,
2895 1261 2951 1304 et
2978 1249 3215 1318 pientes.
3243 1267 3260 1298 ι
3299 1243 3570 1315 (Iliorum)
3617 1241 3737 1295 Hoc

2149 1347 2292 1427 quod
2323 1362 2420 1401 nos
2453 1346 2518 1400 de
2547 1343 2815 1401 Hebraico
2843 1339 3145 1396 addidimus
3176 1337 3414 1406 dissipes,
3442 1335 3556 1389 sive
3581 1333 3738 1401 (ἱερου

2152 1422 2274 1501 nas,
2311 1438 2364 1490 in
2391 1435 2533 1490 LXX
2576 1449 2680 1487 non
2714 1434 2962 1485 habetur.
2993 1430 3061 1483 Et
3091 1424 3542 1483 considerandum
3586 1422 3737 1492 quod

2149 1534 2381 1596 quatuor
2415 1524 2661 1579 tristibus
2705 1523 2808 1576 duo
2837 1522 2956 1574 laeta
3002 1518 3313 1574 succedant.
3358 1515 3544 1583 Neque
3586 1511 3738 1567 enim

2150 1616 2406 1672 mdificari
2434 1615 2597 1679 bona,
2622 1612 2726 1667 nisi
2753 1612 3026 1666 destructa
3052 1617 3241 1664 essent
3264 1607 3434 1671 mala;
3463 1621 3560 1660 nec
3587 1603 3742 1673 plan-

2152 1708 2256 1762 tari
2312 1707 2543 1777 optima,
2593 1704 2699 1758 nisi
2751 1703 3158 1757 eradicarentur
3228 1699 3512 1770 pessima:
3556 1695 3741 1750 omnis

2079 1789 2125 1848 Β
2153 1802 2297 1858 enim
2333 1799 2613 1870 plantatio,
2657 1811 2818 1866 quam
2864 1809 2969 1849 non
2996 1792 3254 1863 plantavit
3279 1789 3520 1845 caelestis
3548 1787 3738 1848 Pater,

2153 1891 2521 1948 eradicabitur
2563 1887 2781 1960 (Matth.
2807 1885 2920 1956 xv).
2970 1884 3038 1939 Et
3080 1881 3387 1946 aedificatio,
3417 1892 3538 1949 qua:
3573 1890 3741 1945 super

2153 1994 2364 2060 petram
2392 1997 2500 2038 non
2546 1980 2710 2034 habet
2738 1976 3172 2039 fundamentum,
3213 1973 3308 2027 sed
3344 1972 3398 2026 in
3430 1983 3599 2024 arena
3645 1983 3740 2021 ex-

2156 2056 2361 2128 structa
2399 2077 2507 2136 est,
2538 2081 2786 2123 sermone
2816 2065 2910 2120 Dei
2940 2061 3224 2135 sulfoditur
3249 2056 3743 2128 atque‘destruitur

2158 2163 2368 2236 (Matth.
2393 2160 2512 2232 vn).
2543 2159 2688 2214 lllam
2729 2165 2908 2211 autem
2934 2168 3095 2224 quam
3141 2157 3423 2207 consumet
3449 2146 3611 2200 Iesus
3639 2145 3744 2214 spis

2159 2253 2262 2306 ritu
2306 2251 2416 2305 oris
2461 2248 2576 2313 sui,
2617 2254 2671 2300 et
2698 2245 2938 2300 destruet
2985 2242 3219 2295 adventu
3268 2238 3573 2309 praesentia:
3607 2251 3737 2298 suat,

2156 2355 2369 2396 otunem
2393 2339 2598 2394 scilicet
2626 2337 2943 2405 sacrilegam
2968 2345 3387 2407 perversamque
3413 2329 3738 2389 doctrinam,

2157 2432 2429 2503 disperdet
2485 2431 2539 2485 in
2583 2437 2926 2500 perpetuum.
2974 2425 3147 2481 Porro
3189 2440 3251 2479 ea
3301 2437 3421 2492 qua!
3459 2422 3743 2475 elevantur

2158 2534 2345 2581 contra
2381 2522 2660 2579 scientiam
2693 2520 2820 2583 Dei;
2855 2527 2910 2573 et
2938 2519 2990 2571 in
3026 2531 3122 2571 sua
3151 2514 3425 2571 confidunt
3454 2510 3742 2580 sapientia.

2159 2631 2278 2686 qua:
2310 2613 2450 2684 apud
2476 2615 2644 2667 Deum
2671 2610 2896 2665 stultitia
2926 2617 3030 2671 est,
3067 2605 3351 2675 dissipabit
3385 2612 3551 2673 atque
3583 2603 3742 2671 depo-

2159 2715 2249 2762 net
2275 2725 2286 2758 :
2311 2713 2369 2759 ut
2393 2703 2724 2758 aedificentur
2757 2715 2854 2772 pro
2881 2700 2965 2754 his
2998 2697 3244 2760 humilia,
3275 2703 3330 2750 et
3358 2695 3412 2748 in
3443 2695 3625 2748 locum
3661 2709 3746 2746 su-

2158 2796 2429 2864 periorum
2458 2807 2577 2863 quae
2606 2792 2875 2847 destructa
2902 2797 3027 2843 sunt
3053 2797 3107 2843 et
3143 2785 3352 2849 evulsa,
3394 2791 3747 2839 exstruantur

2160 2894 2320 2955 atque
2354 2884 2666 2954 plantentnr
2715 2896 2835 2950 quae
2874 2877 3256 2934 ecclesiastica:
3292 2873 3631 2929 conveniunt
3659 2884 3748 2922 ve-

2160 2977 2338 3042 rilati;
2371 2984 2426 3030 et
2466 2972 2755 3043 impleatur
2782 2969 2924 3039 quod
2970 2967 3102 3021 dicit
3148 2962 3439 3034 Apostolus
3483 2960 3537 3022 (Ι
3566 2959 3743 3013 Caria.

2847 3057 2938 3112 Dei
2984 3054 3312 3125 agricultura
3341 3051 3512 3107 estis?
3540 3069 3558 3100 ι
3600 3047 3744 3101 Multi

2159 3137 2305 3216 hunc
2341 3159 2518 3213 locum
2551 3169 2713 3224 super
2747 3164 3034 3221 personam
3065 3145 3266 3202 Christi
3297 3142 3630 3211 intelligunt.
3662 3137 3748 3192 Je—

2160 3251 2359 3306 remias
2391 3249 2533 3304 enim
2565 3246 2951 3312 interpretatur
2989 3236 3222 3294 excelsus
3270 3232 3502 3294 Domini,
3532 3230 3628 3299 qui
3659 3228 3746 3281 de-

2161 3339 2356 3394 struxit
2390 3350 2552 3406 regna
2585 3331 2801 3397 diaboli,
2828 3345 2948 3399 quae
2975 3326 3076 3382 sibi
3105 3326 3159 3380 in
3185 3321 3401 3378 excelso
3431 3317 3634 3373 montis
3665 3327 3748 3371 os-

2161 3405 2831 3496 tenderataadversarias
2891 3413 3129 3487 perdidit
3166 3418 3512 3481 'potestates,
3565 3405 3750 3460 delens

2159 3516 2576 3588 chirographum
2626 3523 2872 3565 errorum
2917 3507 2969 3559 in
3005 3516 3187 3558 cruce.
3239 3501 3316 3554 De
3365 3497 3561 3564 quibus
3594 3502 3650 3547 et
3695 3493 3748 3546 in

2160 3585 2392 3680 psalmo,
2416 3585 2540 3680 post
2567 3601 2807 3656 historia:
2834 3595 3143 3656 veritatem,
3169 3595 3426 3664 τροπικῶς
3458 3585 3700 3654 loquitur
3727 3597 3742 3635 :

2168 3672 2186 3750 λ
2217 3698 2395 3764 Quare
2417 3672 2766 3747 {fremuerunt
2808 3693 3020 3756 gentes,
3045 3690 3102 3734 et
3131 3676 3314 3747 populi
3346 3672 3588 3728 meditati
3624 3679 3752 3726 sunt

2164 3763 2376 3840 inania?
2403 3782 2703 3836 Astiterunt
2743 3788 2898 3844 reges
2927 3779 3107 3833 term,
3141 3775 3198 3820 et
3237 3763 3748 3834 principes‘conve-

2164 3882 2358 3930 nerunt
2383 3873 2435 3925 in
2461 3882 2625 3924 unum
2653 3863 2825 3935 (Psal.
2851 3860 2932 3932 ιι).
2956 3879 2973 3911 ι
3019 3858 3126 3911 Pro
3165 3856 3251 3909 his
3279 3852 3500 3914 evulsis,
3536 3850 3751 3903 destru-

2163 3966 2284 4028 ctis,
2308 3959 2532 4030 perditis
2546 3965 2599 4010 et
2622 3956 2676 4008 in
2700 3951 2952 4006 inferiora
2971 3945 3252 4008 detractis,
3270 3941 3566 3997 aedificatur
3582 3947 3750 4006 atque

2164 4054 2437 4124 plantatur
2482 4043 2719 4101 Ecclesia
2757 4040 2871 4096 Dei.
2910 4038 3083 4105 Super
3129 4031 3377 4087 Jeremiaa
3417 4035 3594 4082 autem
3627 4040 3751 4095 per-

2166 4119 2298 4200 sona
2332 4140 2476 4195 nulla
2527 4134 2790 4192 dubitatio
2835 4140 2938 4186 est.
2985 4126 3237 4196 Legimus
3279 4121 3423 4176 enim
3467 4119 3522 4171 in
3559 4131 3752 4171 conse-

2171 4498 2367 4568 accipit
2408 4474 2591 4558 verba,
2624 4504 2842 4546 sumens
2881 4486 3110 4557 gratiam
3139 4479 3377 4536 caelestis
3420 4474 3642 4545 eloquii,
3673 4474 3755 4526 id-

2171 4566 2316 4646 circo
2344 4603 2406 4642 ea
2432 4583 2647 4653 accipit,
2680 4587 2736 4635 ut
2768 4593 2932 4647 regna
2980 4581 3275 4644 gentesque
3309 4566 3552 4623 eradicet
3588 4570 3754 4632 atque

2173 4682 2466 4736 subvertat.
2516 4674 2624 4728 Sed
2673 4686 2795 4726 eum
2843 4665 3188 4720 nominentur
3237 4673 3403 4728 regna
3448 4665 3503 4712 et
3541 4663 3749 4726 gentes,

2173 4772 2347 4826 omnis
2373 4769 2463 4838 qui
2492 4765 2670 4820 divina
2696 4760 2858 4815 verba
2891 4754 3152 4823 suscepit,
3182 4751 3306 4805 nolo
3341 4765 3467 4804 eum
3499 4762 3753 4815 corpora-

2174 4864 2298 4918 liter
2342 4857 2637 4927 intelligere
2683 4866 2846 4921 regna
2889 4856 2944 4903 et
2990 4853 3213 4917 gentes;
3259 4841 3354 4896 sed
3401 4838 3754 4894 considerans

2178 4955 2386 5009 animas
2404 4950 2678 5005 hominum
2707 4944 3074 5016 gubernatasa
3096 4942 3336 5007 peccato,
3353 4930 3508 5000 juxta
3534 4931 3586 4984 id
3610 4928 3752 4998 quod

2179 5050 2231 5102 in
2261 5043 2514 5115 Apostolo
2552 5040 2810 5109 scriptum
2838 5043 2956 5089 est:
2993 5031 3109 5086 Non
3153 5036 3342 5099 regnet
3386 5041 3519 5093 ergo
3557 5038 3748 5093 pecca-

2181 5112 2371 5192 tumin
2399 5131 2610 5188 mortali
2641 5136 2820 5182 vestro
2855 5136 3110 5192 corpore;
3158 5119 3348 5172 videns
3373 5128 3589 5183 quoque
3619 5112 3753 5164 mul-

2180 5235 2264 5281 tas
2305 5223 2510 5295 species
2535 5219 2875 5279 delictorum,
2921 5210 3229 5281 allegorizet
3275 5219 3439 5274 regna
3483 5211 3538 5256 et
3569 5209 3752 5271 gentes

2179 5331 2278 5389 per
2298 5294 2444 5368 varia
2469 5310 2684 5372 delicta,
2712 5320 2831 5374 qua:
2855 5304 3119 5356 humanas
3143 5296 3351 5350 animas
3374 5294 3750 5362 possederunt.

2182 5382 2247 5464 Et
2275 5408 2390 5462 hzec
2433 5409 2594 5459 erunt
2636 5411 2755 5467 qua:
2797 5392 3091 5448 cvellentur
3131 5396 3290 5456 atque
3318 5382 3679 5436 suffodientur
3726 5393 3752 5428 a

2182 5496 2517 5556 sermonibus
2554 5487 2676 5548 Dei,
2727 5485 2816 5556 qui
2862 5483 2970 5537 dati
3019 5487 3145 5534 sunt
3189 5476 3304 5529 sive
3347 5469 3600 5526 Jeremias
3642 5468 3750 5520 sive

2183 5590 2390 5649 cancris
2447 5583 2667 5639 sanctis.
2722 5578 2903 5646 Neque
2952 5587 3078 5627 vero
3135 5571 3447 5639 ignoramus
3491 5559 3751 5629 quosdam

2183 5701 2298 5742 esse
2329 5681 2417 5754 qui
2451 5681 2551 5736 ista
2600 5677 2850 5738 referant,
2886 5665 3039 5739 quasi
3070 5662 3269 5730 major:
3305 5654 3558 5710 Jct‘cznia,
3597 5664 3754 5702 sueri-
