3910 6322
170 364 269 419 διε

1094 361 1451 420 EXPOSITIO
1488 361 1711 419 SUPER
1750 360 2118 419 ιειιειιιιςιι.
2160 394 2226 403 -—-
2272 363 2404 419 LIB.
2446 364 2483 417 l.

3320 370 3434 427 802'

174 475 453 530 Salvatore
502 482 686 531 nostro
733 484 786 531 et
822 477 1048 531 Domino
1094 474 1219 531 Jcsu
1268 474 1504 531 Christo.
1554 474 1744 553 Scicn-
1773 480 1819 537 Λ
1848 472 1963 540 ejus
1994 473 2310 528 Emmanuel
2345 474 2478 544 (Isa.
2506 474 2666 547 vn).i
2710 474 2888 553 linque
2926 474 3162 543 additur,
3198 497 3216 528 ε
3246 480 3433 549 prius—'

171 564 409 634 dumque
453 564 608 633 plura
646 580 711 619 ex
754 565 839 621 his
877 580 998 620 esse
1044 580 1163 633 qua:
1210 574 1436 633 possunt
1484 552 1745 620 Salvatori

170 654 482 717 convenire,
509 668 632 722 qua:
664 654 826 709 etiam
855 668 954 709 nos
984 653 1410 721 interponemus.
1440 653 1618 710 Pauca
1656 669 1752 708 au-

172 751 280 797 tem
323 758 511 797 eorum
556 758 674 812 qua:
710 743 776 797 ad
808 742 1099 798 Jeremiam
1141 741 1283 796 dicta
1322 751 1446 797 sunt
1471 751 1748 799 coarctant

171 832 525 897 intellectum,
572 832 714 901 quod
756 846 862 886 non
891 830 1120 900 possint,
1147 838 1205 886 ut
1235 826 1417 901 plures
1456 833 1745 900 aestimant,

166 924 237 977 ad
288 923 454 977 Deum
502 922 714 977 referri.
743 922 873 989 Quae
898 936 1027 993 ergo
1054 930 1180 975 sunt
1219 936 1341 991 quae
1366 932 1589 991 possunt
1620 940 1748 980 con-

168 1011 355 1065 venire
375 1011 442 1066 ad
473 1011 793 1067 Dominum?
826 1030 845 1062 ‹
876 1012 959 1067 Ad
980 1028 1141 1068 omne
1162 1027 1513 1083 quoscunque
1537 1013 1747 1069 mittam

169 1109 243 1165 te,
284 1102 407 1165 ibis,
444 1110 500 1155 et
525 1100 705 1155 omnia
732 1116 853 1171 qua:
897 1102 1092 1157 mando
1122 1102 1236 1168 tibi,
1271 1101 1529 1172 loqueris.
1560 1101 1637 1157 Ne
1675 1104 1747 1157 ti-

167 1208 319 1251 meas
345 1209 374 1247 a
405 1192 543 1248 facie
570 1207 777 1260 eorum,
805 1195 930 1265 quia
966 1204 1142 1252 tecum
1166 1210 1267 1267 ego
1294 1211 1438 1262 sum,
1481 1206 1541 1252 ut
1561 1212 1747 1263 eruam

168 1290 244 1345 te,
268 1282 399 1337 dicit
435 1282 714 1338 Dominus.
754 1304 772 1336 ι
799 1282 1038 1340 Necdum
1074 1285 1176 1341 ista
1204 1287 1377 1343 otiose
1405 1286 1656 1343 videntur
1682 1288 1746 1342 ad

166 1370 505 1428 Salvatorem
554 1372 764 1441 referri,
810 1390 876 1430 ea
920 1390 1049 1431 vero
1102 1390 1221 1445 qum
1258 1385 1597 1446 sequuntur:
1632 1396 1650 1428 ι
1682 1378 1750 1433 Ει

164 1462 409 1516 extendit
442 1463 702 1517 Dominus
739 1478 957 1517 manum
986 1478 1139 1518 suam
1166 1463 1237 1535 ad
1268 1480 1375 1529 me,
1401 1472 1456 1519 et
1486 1464 1659 1536 tetigit
1687 1480 1748 1521 os

165 1564 349 1604 meum
383 1559 438 1605 et
464 1551 600 1603 dixit
638 1551 706 1604 ad
735 1567 823 1605 me
849 1568 863 1604 :
888 1551 1026 1605 Ecce
1055 1551 1174 1606 dedi
1212 1549 1489 1607 sermones
1518 1567 1666 1609 meos
1694 1554 1748 1608 in

161 1651 229 1692 os
279 1647 461 1702 tuum;
494 1653 621 1693 ecce
664 1639 918 1695 constitui
963 1647 1015 1695 te
1058 1640 1217 1695 hodie
1262 1656 1425 1710 super
1472 1651 1657 1713 gentes
1694 1652 1750 1698 et

162 1742 355 1797 regna,
382 1728 661 1783 eradieare
686 1736 740 1783 et
768 1728 1096 1798 disperdere,
1127 1738 1181 1783 et
1207 1729 1496 1795 tediﬁcare,
1522 1750 1539 1781 ι
1572 1732 1638 1786 de
1663 1730 1750 1785 Je-

1850 580 2009 634 quam
2054 572 2343 635 cognoscat
2387 580 2540 633 puer.
2564 586 2582 619 ι
2619 566 2677 621 Si
2718 574 2899 622 autem
2928 570 3093 642 etide
3133 571 3432 643 Evangelia

1848 656 2095 724 accipere
2147 664 2359 725 oportet
2405 657 2797 721 testimonium,
2843 658 3001 715 Jesus
3043 663 3274 718 necdum
3315 666 3421 731 vir,

1848 744 1940 797 sed
1967 743 2143 797 adhuc
2168 742 2363 809 infans,
2389 746 2515 813 quia
2543 760 2599 799 se
2627 748 3001 802 exinaniverat
3024 749 3250 807 formam
3280 755 3424 810 servi

1848 832 2117 902 accipiens
2159 830 2378 903 (Philip.
2406 835 2491 905 ιι).
2523 836 2857 903 proficiebat.
2889 837 3054 893 Nemo
3085 852 3264 897 autem
3302 859 3428 913 pro.

1848 921 1980 988 ficit,
2008 923 2101 992 qui
2136 922 2406 992 perfectus
2452 934 2574 979 est:
2609 926 2702 979 sed
2731 927 2818 980 ille
2848 927 3060 995 proficit
3099 930 3188 998 qui
3224 931 3425 1001 indiget

1846 1009 2108 1082 profectu.
2138 1012 2281 1082 Ergo
2314 1013 2630 1080 proﬁciebat
2659 1024 2835 1079 :clate,
2866 1016 3180 1085 proficiebat
3219 1022 3427 1091 sapien-

1849 1100 1944 1164 tia,
1972 1100 2291 1171 proficiebat
2331 1104 2501 1171 gratia
2528 1104 2669 1172 apud
2702 1104 2867 1158 Deum
2894 1115 2947 1159 et
2975 1108 3120 1175 apud
3145 1110 3416 1166 homines.

1846 1188 1981 1244 Nam
2023 1190 2070 1245 si
2102 1202 2455 1247 evacuaverat
2499 1209 2737 1263 seipsum
2767 1195 2835 1249 ad
2875 1188 2975 1249 nos
3012 1198 3345 1253 descendens
3371 1209 3426 1255 et

1846 1292 2116 1334 evacuans
2139 1279 2395 1350 seipsum,
2421 1284 2713 1351 resumpsit
2739 1284 2933 1338 iterum
2963 1301 3025 1340 ea
3050 1288 3116 1342 de
3142 1289 3336 1357 quibus
3366 1304 3424 1345 sc

1846 1368 1997 1439 prius
2054 1378 2429 1425 evacuaverat.
2480 1371 2618 1438 Quid
2675 1373 2946 1444 indignum
2996 1383 3080 1429 est
3132 1375 3426 1446 profecisse

1846 1471 1971 1511 eum
2017 1457 2302 1525 sapientia,
2346 1459 2637 1528 profecisse
2674 1469 2853 1527 artate,
2906 1462 3198 1532 profecisse
3252 1468 3431 1536 gratia

1847 1548 1988 1617 apud
2018 1546 2187 1602 Deum
2213 1556 2268 1603 et
2302 1549 2569 1616 homines,
2595 1560 2649 1605 et
2676 1568 2803 1606 vera
2836 1553 2901 1607 de
2926 1569 2991 1609 eo
3020 1569 3141 1611 esse
3171 1556 3272 1611 ista
3306 1571 3425 1626 qua:

1848 1636 1991 1691 dicta
2033 1644 2178 1702 sunt,
2217 1654 2236 1686 ε
2263 1637 2911 1709 ρι’ἱιιειιιιιιιιιοοειιοεριιι
2939 1660 3074 1713 puer
3097 1644 3296 1700 bonum
3330 1655 3425 1701 aut

1848 1727 2111 1792 malum,»
2152 1736 2205 1782 et
2232 1743 2297 1783 ea
2323 1743 2443 1797 quae
2471 1731 2538 1783 de
2579 1738 2767 1785 eodem
2814 1732 3265 1801 interposuimus?
3315 1736 3423 1792 Sed

141 1818 337 1871 'remia
367 1816 635 1871 dilIicilem
668 1817 874 1872 faciunt
918 1816 1437 1886 interpretationem,
1477 1818 1578 1873 nisi
1608 1818 1747 1873 forte
1777 1807 1822 1866 Β
1850 1819 1979 1873 dicit
2007 1819 2137 1872 mihi
2164 1818 2392 1888 aliquis:
2424 1820 2597 1874 Etiam
2632 1821 2675 1874 si
2710 1830 2863 1894 potes
2890 1822 3017 1877 illud
3046 1824 3111 1879 de
3139 1824 3422 1882 Salvatore

159 1908 495 1977 accipiamus
521 1923 587 1963 eo
615 1908 774 1963 modo
795 1923 900 1979 quo
928 1923 1091 1978 supra
1114 1908 1367 1975 diximus,
1396 1916 1456 1963 ut
1478 1912 1745 1979 acceperit

160 1999 220 2053 in
252 2015 409 2053 manu
439 2000 664 2055 calicem
695 2000 830 2055 meri
873 1998 1114 2068 plenum,
1142 2007 1198 2054 et
1231 2000 1418 2070 jussus
1448 2000 1521 2055 sit
1563 2000 1746 2069 propi-

158 2103 302 2143 nare
326 2089 535 2144 cunctis
561 2089 616 2143 in
646 2087 874 2143 circuitu
906 2088 1232 2153 nationibus.
1263 2088 1409 2156 Quas
1447 2088 1590 2143 enim
1617 2104 1747 2159 gen—

160 2184 249 2231 tes
284 2177 580 2231 eradicavit
620 2176 915 2241 Jeremias,
964 2192 1083 2245 quae
1134 2192 1297 2247 regna
1345 2178 1637 2239 subvertit,
1688 2186 1747 2232 ut

156 2263 363 2319 merito
396 2265 446 2318 ei
471 2264 673 2318 diemm
700 2263 792 2328 sit,
828 2282 845 2314 ι
873 2262 1014 2318 Ecce
1043 2263 1297 2318 constitui
1329 2272 1378 2318 te
1403 2264 1562 2319 hodie
1586 2277 1747 2334 super

158 2345 439 2421 gentes'ct
468 2342 647 2421 regna'
670 2352 959 2406 eradicare.
981 2360 1036 2407 et
1073 2350 1373 2408 suffodere?
1394 2371 1415 2406 ε
1446 2352 1615 2420 Quam
1652 2353 1745 2408 ha-

154 2440 285 2496 buit
313 2448 635 2509 potestatem
678 2441 746 2495 ad
787 2440 1231 2510 disperdendum,
1276 2449 1338 2495 ut
1384 2442 1613 2498 audierit
1645 2462 1662 2493 ‹
1692 2450 1747 2496 et

156 2518 513 2602 disperdere?
554 2550 573 2581 ι
600 2529 748 2597 Quos
777 2520 907 2586 veio
936 2528 1222 2585 aedificavit
1250 2540 1309 2585 ut
1354 2540 1747 2603 consequenter

154 2620 396 2675 addatur
414 2640 432 2672 ‹
454 2628 508 2675 et
531 2620 837 2676 aedificare?
863 2639 880 2670 ι
909 2618 1171 2675 Jeremias
1186 2620 1351 2675 dixit:
1377 2641 1395 2673 ι
1415 2621 1530 2676 Non
1548 2622 1744 2692 profui,

155 2724 344 2779 neque
381 2709 583 2779 profuit
624 2703 756 2763 'mihi
806 2708 1018 2779 aliquis.
1046 2728 1063 2759 ι
1095 2710 1162 2763 Et
1194 2711 1462 2779 quomodo
1499 2712 1623 2765 data
1661 2721 1747 2766 est

154 2798 216 2853 ei
244 2797 531 2852 aedificatio
561 2805 725 2866 atque
768 2797 1072 2867 plantatio?
1102 2796 1245 2863 llaec,
1292 2792 1353 2852 ut
1397 2799 1649 2865 diximus,
1678 2800 1746 2853 ad

156 2888 506 2943 Salvatorem
556 2886 727 2943 relata
773 2901 879 2941 non
936 2895 1220 2941 coarctant
1274 2888 1741 2958 interpretantem.

154 2976 431 3032 leremias
475 2976 619 3032 enim
648 2976 700 3030 in
730 2977 851 3031 istis
885 2975 1188 3031 Salvatoris
1216 2976 1387 3046 figura
1413 2984 1516 3032 est.
1546 2976 1651 3032 Sed
1679 2993 1744 3033 ea

160 3083 293 3139 quae
339 3076 642 3139 sequuntur
668 3068 833 3122 etiam
879 3066 1195 3121 doctissimo
1225 3067 1429 3121 homini
1458 3066 1745 3121 dilii'culta-

1848 1908 2145 1979 intelligere
2178 1908 2379 1961 dictum
2427 1922 2546 1962 esse
2593 1909 2717 1977 quia
2764 1910 2998 1975 nesciat,
3036 1919 3090 1965 et
3117 1920 3308 1967 cetera
3349 1915 3422 1968 is-

1850 1996 2100 2049 tiusmodi
2143 2011 2265 2069 qua:
2310 1997 2516 2051 minora
2546 2007 2688 2059 sunt,
2719 2000 2877 2051 etiam
2909 1998 3060 2069 si'[et
3085 2000 3153 2071 si]
3194 1991 3422 2069 puerum

1848 2099 1969 2139 eum
1998 2085 2253 2154 accipias,
2284 2099 2458 2138 nonne
2478 2083 2704 2138 oll‘cndis
2734 2085 2805 2137 ita
2842 2088 3120 2141 sentiendo
3139 2088 3205 2142 de
3231 2089 3421 2157 unige-

1847 2176 1961 2230 nito
1985 2184 2041 2230 et
2081 2176 2439 2245 primogenito
2480 2176 2744 2230 universae
2770 2187 3063 2243 creaturae;
3099 2178 3165 2235 de
3198 2194 3284 2245 eo,
3326 2182 3420 2250 qui

1847 2271 2141 2332 antequam
2198 2265 2572 2334 conciperetur
2618 2266 2963 2320 annuntiatus
3006 2276 3121 2333 est,
3168 2268 3422 2337 loquente

1846 2353 2097 2410 Gabriele
2133 2356 2358 2426 angelo:
2400 2374 2416 2405 ι
2442 2354 2673 2424 Spiritus
2700 2363 2918 2410 sanctus
2944 2357 3121 2412 veniet
3154 2372 3317 2429 super
3347 2367 3421 2423 te,

1846 2452 1902 2498 et
1925 2444 2097 2500 virtus
2121 2444 2379 2499 Altissimi
2406 2446 2749 2499 obumbrabit
2779 2453 2828 2499 te
2854 2446 3003 2516 (Luc.
3033 2449 3097 2519 ι),
3121 2467 3140 2499 ›
3172 2457 3226 2503 et
3260 2450 3425 2503 audes

1847 2532 2029 2590 dicere
2055 2534 2179 2602 quia
2207 2533 2407 2589 nesciat
2442 2533 2619 2601 loqui?
2647 2533 3004 2600 Quamobrem
3031 2535 3225 2591 videbo
3254 2536 3300 2591 si
3336 2552 3427 2606 po-

1848 2630 1965 2677 tero
2004 2622 2210 2692 aliquid
2246 2623 2471 2692 dignum
2513 2622 2580 2676 de
2626 2620 2906 2678 Salvatore
2952 2624 3003 2677 in
3053 2624 3156 2679 hoc
3186 2624 3305 2679 loco
3345 2624 3427 2679 af-

1846 2711 2010 2776 ferre,
2056 2712 2322 2788 quomodo
2363 2710 2608 2781 quaedam
2652 2712 2899 2767 nesciens
2936 2702 3108 2783 major
3148 2714 3253 2779 sit,
3284 2714 3328 2768 si
3360 2728 3426 2768 ea

1848 2800 2176 2873 ignoraverit
2204 2818 2367 2872 quam
2394 2802 2439 2856 si
2479 2802 2683 2858 scierit.
2718 2801 2944 2857 Utamur
2969 2818 3100 2859 voce
3132 2804 3267 2874 ejus,
3295 2820 3426 2873 qun-

1847 2892 2007 2946 modo
2046 2891 2155 2947 sint
2197 2891 2397 2961 aliqua,
2436 2906 2555 2960 qua:
2596 2892 2821 2945 nesciat.
2871 2892 3167 2960 Respondit
3201 2895 3282 2956 eis
3326 2894 3420 2971 qui

1848 2978 1949 3033 sibi
1996 2979 2284 3034 dicebant:
2323 2997 2342 3029 ι
2372 2978 2556 3034 Nonne
2595 2979 2649 3033 in
2684 2980 2899 3034 nomine
2932 2989 3021 3034 tuo
3066 2982 3423 3048 comedimus,

1848 3077 1903 3122 et
1938 3067 1993 3121 in
2022 3068 2241 3123 nomine
2272 3076 2362 3122 tuo
2395 3068 2651 3131 bibimus,
2694 3075 2749 3121 et
2777 3068 2829 3121 in
2876 3068 3091 3122 nomine
3119 3077 3209 3123 tuo
3233 3070 3430 3125 daemo-

158 3169 275 3215 tem
310 3156 660 3227 expositionis
689 3156 1017 3226 important,
1067 3156 1337 3225 quomodo
1366 3157 1574 3225 possint
1617 3172 1748 3212 con-
1775 3148 1820 3211 C
1850 3156 1940 3210 nia
1980 3155 2255 3225 eiecimus,
2294 3165 2349 3211 et
2386 3157 2611 3211 virtutes
2657 3155 2917 3221 fecimus?
2960 3156 3229 3212 Discedite
3259 3173 3289 3211 a
3318 3172 3424 3223 me,

162 3263 369 3320 gruere
400 3246 509 3319 [AL
534 3247 659 3301 add.
688 3246 963 3317 Domino].
998 3266 1016 3297 ι
1041 3246 1102 3300 Et
1133 3247 1244 3301 dixi
1274 3264 1288 3300 :
1314 3245 1417 3312 Qui
1463 3262 1543 3311 es,
1574 3247 1746 3301 domi—

162 3348 332 3393 nator
359 3337 619 3392 Domine?
658 3336 799 3393 Ecce
844 3336 1030 3393 nescio
1058 3336 1223 3405 loqui.
1267 3356 1286 3390 ι
1317 3336 1420 3403 Qui
1467 3345 1551 3392 est
1580 3338 1748 3392 virtus

163 3428 289 3493 Dei,
328 3428 420 3496 qui
466 3436 550 3482 est
593 3426 880 3498 sapientia,
912 3428 969 3482 in
1008 3442 1117 3496 quo
1151 3427 1429 3496 plenitudo
1455 3427 1750 3483 divinitatis

169 3520 394 3577 habitat
435 3521 808 3591 corporaliter,
837 3521 1104 3591 quomodo
1154 3522 1279 3575 huic
1329 3523 1501 3593 aptari
1538 3530 1745 3592 potest,

164 3612 348 3666 nescio
378 3609 561 3681 loqui?
587 3610 694 3666 Sed
730 3618 786 3666 et
816 3610 943 3665 illud
962 3650 977 3675 ,
1016 3610 1139 3680 quia
1164 3610 1372 3679 juvenis
1400 3627 1491 3679 ego
1520 3627 1636 3664 sunt
1674 3612 1750 3664 in-

168 3700 460 3755 terdicitur
483 3701 555 3767 ei,
582 3702 736 3771 quasi
772 3716 880 3755 non
903 3700 1038 3755 bene
1064 3699 1420 3769 responderit.
1451 3698 1509 3754 Si
1532 3700 1673 3755 enim
1699 3700 1747 3754 ei

166 3791 307 3846 dicit
334 3790 621 3845 Dominus:
648 3808 665 3841 ‹
690 3789 808 3845 Noli
832 3790 1031 3853 dicere,
1056 3790 1179 3858 quia
1203 3788 1414 3857 juvenis
1438 3805 1538 3860 ego
1562 3805 1702 3856 sum,
1726 3811 1743 3841 ι

168 3879 522 3935 manifestum
549 3888 635 3933 est
660 3880 814 3949 quasi
845 3895 952 3935 non
981 3878 1117 3933 bene
1145 3878 1413 3932 dicentem
1459 3879 1623 3933 fuisse
1667 3894 1751 3932 re-

165 3971 524 4041 prehensum.
569 3968 693 4024 limo
721 3979 847 4023 sunt
889 3983 1008 4037 quae
1052 3965 1315 4020 Salvatori
1362 3966 1612 4020 videntur
1641 3982 1749 4020 non

167 4059 489 4116 convenire.
516 4058 807 4127 Superiora
837 4065 1017 4109 autem
1046 4054 1185 4109 facili
1222 4054 1497 4109 intellectu
1526 4056 1600 4109 ad
1628 4070 1751 4109 eum

169 4148 506 4203 referuntur.
532 4144 589 4201 In
620 4146 721 4200 hoc
766 4160 945 4200 sermo
992 4145 1397 4215 interpretantis
1435 4156 1755 4215 coangusta-

170 4247 286 4293 tur.
317 4233 500 4290 Jesum
525 4233 798 4290 Christum
826 4234 1026 4289 scimus
1052 4234 1238 4288 Deum.
1264 4234 1565 4301 Quaerimus
1592 4236 1753 4290 verba

170 4326 491 4401 quodldicta
517 4332 643 4379 sunt
660 4325 817 4394 juxta
842 4339 1087 4393 persona:
1115 4339 1385 4393 exponere
1414 4324 1749 4394 dignitatem.

168 4419 520 4485 Quapropter
562 4428 785 4468 necesse
814 4414 968 4468 nobis
1004 4421 1087 4467 est
1122 4412 1428 4482 Seripturas
1457 4421 1670 4469 sanctas
1699 4416 1751 4469 in

1845 3257 1958 3297 non
2003 3242 2128 3297 novi
2168 3256 2264 3297 vos
2310 3242 2524 3313 (Matth.
2548 3242 2665 3311 vn).
2689 3261 2708 3293 ι
2759 3241 2922 3310 Putas
2948 3259 3015 3297 ne
3040 3243 3143 3298 hoc
3181 3244 3323 3314 quod
3351 3245 3430 3299 ait

1850 3350 1955 3388 non
1991 3335 2109 3387 novi
2156 3350 2264 3398 vos,
2304 3334 2566 3389 minorem
2600 3335 2852 3389 virtutem
2881 3334 2997 3403 ejus
3040 3336 3315 3403 approbat,
3356 3352 3426 3391 an

1851 3422 2110 3491 majorem
2152 3431 2315 3492 atque
2340 3422 2662 3487 mirabilem,
2687 3422 2813 3491 quia
2840 3422 3010 3477 malos
3045 3424 3420 3493 periturusque

1849 3513 2089 3567 nesciat?
2118 3512 2234 3568 Scit
2262 3514 2404 3567 enim
2434 3511 2501 3565 ab
2535 3512 2618 3566 his
2642 3510 3003 3577 dill‘erentias,
3036 3514 3140 3568 scit
3165 3514 3386 3568 meliora
3407 3552 3424 3579 ,

1850 3603 1953 3658 scit
1984 3602 2240 3656 Dominus
2271 3616 2366 3655 eos
2399 3601 2491 3669 qui
2516 3598 2631 3668 ejus
2669 3609 2824 3665 sunt,
2859 3609 2913 3653 et
2943 3602 2987 3653 si
3028 3601 3150 3670 quis
3172 3602 3426 3671 ignorat,

1852 3692 2147 3761 ignoratur.
2163 3690 2347 3761 Igitur,
2363 3699 2422 3746 ut
2443 3698 2674 3754 constat,
2689 3699 2942 3758 peccator
2958 3690 3235 3759 ignoratur
3251 3704 3282 3744 a
3298 3690 3425 3746 Deo.

1852 3781 1992 3836 Dicit
2041 3782 2171 3835 mihi
2209 3770 2403 3851 aliquis
2432 3782 2498 3835 de
2540 3780 2875 3845 auditoribus
2912 3798 2926 3833 :
2962 3780 3256 3837 Ostendisti
3303 3781 3427 3849 quia

1851 3872 2058 3929 nesciat
2089 3880 2403 3941 peceatores
2437 3870 2596 3933 Deus,
2628 3869 2907 3924 ostendisti
2934 3871 3057 3938 quia
3089 3869 3299 3939 ignoret
3331 3884 3424 3924 eos
3517 3873 3520 3876 ’

1851 3962 1942 4031 qui
1982 3970 2278 4031 operantur
2319 3961 2676 4029 iniquitatem,
2717 3975 2890 4030 neque
2932 3962 3075 4015 enim
3115 3961 3259 4032 digni
3302 3969 3428 4016 sunt

1850 4051 2123 4120 agnitione
2167 4051 2284 4121 ejus
2327 4066 2342 4104 :
2389 4049 2656 4119 quomodo
2699 4051 3021 4119 approbabis
3068 4066 3321 4121 magnum
3370 4060 3427 4105 et

1852 4140 2143 4209 gloriosum
2185 4154 2305 4194 esse
2346 4140 2487 4209 quod
2516 4140 2583 4193 ab
2622 4154 2687 4194 eo
2722 4141 2922 4194 dictum
2958 4148 3040 4195 est
3076 4159 3090 4195 :
3126 4140 3316 4194 Nescio
3352 4139 3431 4192 lo—

1852 4230 1941 4300 qui
1958 4229 1983 4282 .9
2008 4226 2177 4299 Loqui
2214 4229 2505 4283 humanum
2543 4236 2645 4292 est,
2673 4234 2727 4281 et
2756 4227 3053 4281 elocutione
3079 4241 3289 4297 semper
3325 4228 3429 4280 uti-

1856 4327 1961 4382 tur,
2006 4318 2153 4371 verbi
2184 4332 2347 4372 causa
2377 4315 2724 4369 Hebraeorum
2766 4328 2895 4368 voce
2936 4316 3049 4369 sive
3088 4314 3425 4394 Graecorum,

1853 4408 1967 4462 sive
1998 4406 2326 4475 reliquorum
2349 4418 2615 4458 sermone.
2648 4403 2788 4473 Ergo
2817 4402 2863 4455 si
2891 4403 3197 4457 ascenderis
3214 4402 3427 4457 ad‘Sal-

168 4507 553 4563 testimonium
584 4521 795 4559 vocare.
844 4503 1047 4558 Sensus
1085 4504 1283 4573 quippe
1314 4504 1483 4565 nostri
1510 4512 1561 4559 et
1591 4520 1753 4560 cnar-
1783 4487 1832 4544 Ῑ)
1859 4507 2101 4551 valorem
2126 4504 2182 4550 et
2204 4486 2394 4550 scieris
2418 4510 2538 4550 eum
2574 4494 2626 4547 in
2652 4493 2916 4562 PriHClPiO
2944 4494 3081 4564 apud
3111 4494 3278 4549 Deum
3306 4492 3433 4548 vel"

168 4600 422 4654 rationes
446 4598 561 4651 sine
599 4595 683 4649 his
728 4594 952 4648 testibus
982 4607 1088 4646 non
1124 4592 1324 4647 habent
1353 4592 1531 4647 fidem.
1559 4594 1626 4648 Et
1652 4595 1785 4650 hec.

166 4688 325 4757 quod
354 4686 557 4741 dictum
593 4691 712 4738 est:
746 4701 763 4733 ι
791 4682 849 4736 ln
884 4696 979 4736 ore
1004 4682 1231 4736 duorum
1260 4690 1316 4736 et
1343 4683 1514 4737 triunr
1536 4684 1751 4738 testium

167 4778 350 4835 stabit
386 4791 545 4832 omne
568 4775 791 4830 verbum
822 4772 904 4842 (II
931 4771 1051 4826 Cor.
1078 4772 1223 4838 xm),
1248 4791 1266 4823 ι
1302 4774 1485 4842 magis
1505 4773 1755 4827 convenit

169 4871 247 4924 ad
302 4868 719 4947 interpretantis)
756 4864 1127 4937 probationem
1171 4879 1334 4932 quam
1380 4864 1447 4918 ad
1494 4854 1751 4932 quorum-

169 4972 400 5025 cunque
427 4958 701 5011 hominum
738 4969 1040 5010 numerum.
1069 4952 1140 5008 Ut
1171 4952 1387 5007 firmem
1409 4952 1641 5007 Verbum
1674 4954 1754 5007 in-

171 5047 435 5103 tellectus
465 5046 592 5109 mei,
626 5045 893 5114 accipiens
922 5044 1056 5098 duos
1082 5050 1247 5097 testes
1272 5044 1338 5097 de
1378 5041 1526 5097 Novo
1552 5052 1606 5097 et
1648 5043 1755 5097 Ve-

173 5135 288 5191 teri
320 5133 686 5197 Testamento,
715 5133 989 5201 accipiens
1016 5139 1125 5185 tres
1153 5139 1320 5185 testes
1350 5130 1417 5185 de
1445 5130 1755 5201 Evangelio,

171 5224 251 5279 de
298 5222 588 5292 propheta,
630 5221 697 5275 de
738 5221 1013 5289 apostolis,
1050 5222 1129 5276 sic
1170 5220 1310 5275 enim
1341 5239 1359 5271 ‹
1397 5221 1560 5274 stabit
1601 5236 1759 5275 omne

172 5312 435 5367 verbum.
457 5331 475 5363 ι
501 5310 776 5378 Quomodo
804 5311 968 5381 igitur
989 5311 1284 5366 valebimus
1305 5311 1405 5364 ista
1432 5311 1760 5381 conjungere

177 5402 497 5459 Salvator”
536 5402 635 5457 Det
678 5400 809 5455 mihi
856 5400 1223 5455 testimonium
1252 5399 1417 5455 Vetus
1448 5398 1759 5454 Testamen-

177 5502 345 5547 tum:
378 5509 398 5541 ι
427 5492 552 5560 quia
582 5491 893 5561 priusquam
938 5497 1196 5559 agnoscat
1238 5502 1373 5557 puer
1419 5487 1618 5541 bonum
1668 5494 1762 5539 aut

177 5581 463 5646 malum,»
508 5592 613 5636 etc.
645 5598 659 5645 ;
702 5582 791 5635 det
832 5580 994 5635 etiam
1038 5579 1242 5635 Isaias:
1282 5578 1463 5632 «Ecce
1509 5577 1670 5645 Virgo
1706 5577 1759 5630 in

183 5683 349 5727 ntero
376 5672 637 5740 cum-ipim
673 5682 723 5725 et
753 5673 921 5741 pariet
965 5670 1150 5735 filium,
1180 5680 1233 5725 et
1261 5670 1536 5725 vocabitur
1568 5684 1760 5722 nomen

1859 4585 2009 4649 bum,
2038 4585 2242 4654 inspice
2282 4583 2404 4652 quia
2436 4583 2637 4636 nesciat
2675 4582 2841 4649 loqui,
2884 4596 3004 4635 cum
3034 4582 3327 4639 humanum
3360 4584 3431 4637 sit

1832 4678 1963 4732 -hoc
2004 4678 2145 4746 quod
2186 4676 2381 4731 dicitur
2425 4675 2602 4743 loqui?
2631 4674 2735 4729 Sed
2763 4675 2881 4729 ideo
2909 4675 3128 4739 nesciat,
3166 4676 3289 4745 quia
3320 4678 3430 4731 sint

1859 4765 2063 4837 majora
2095 4782 2214 4835 qua:
2239 4765 2465 4820 noverit.
2494 4764 2553 4817 Si
2595 4772 2773 4818 autem
2807 4772 2861 4818 et
2887 4764 3194 4834 angelorum
3222 4765 3431 4835 linguas

1861 4850 2111 4912 humanis
2153 4854 2551 4925 comparaveris
2593 4852 2806 4922 linguis,
2833 4862 2887 4907 et
2932 4853 3120 4907 scieris
3167 4853 3294 4922 quia
3325 4854 3428 4907 iste

1860 4947 2031 5017 major
2078 4946 2147 5000 sit
2190 4946 2352 5000 etiam
2398 4943 2467 4997 ab
2506 4942 2729 5013 angelis,
2777 4943 2933 4996 sicuti
2983 4950 3209 4997 testatus
3252 4942 3319 4997 de
3362 4957 3429 4997 eo

1858 5035 2143 5106 Apostolus
2174 5036 2228 5089 in
2272 5033 2510 5103 Epistola
2540 5048 2635 5087 sua
2670 5047 2829 5101 quam
2860 5032 3048 5086 scribit
3080 5032 3146 5086 ad
3178 5030 3428 5086 Hebraeos

1862 5127 2046 5197 (Hebr.
2070 5124 2135 5196 ι),
2174 5124 2437 5195 intelliges
2484 5122 2737 5189 majorem
2769 5136 2891 5175 eum
2926 5120 3237 5191 angelorum
3262 5120 3427 5175 etiam

1858 5216 2052 5287 linguis
2077 5214 2263 5280 fuisse,
2290 5214 2502 5284 quando
2530 5221 2733 5289 tantum
2761 5211 2855 5265 Dei
2885 5208 3117 5265 Verbum
3139 5219 3260 5265 erat
3285 5210 3424 5277 apud

1860 5306 2093 5360 Patrem.
2145 5304 2284 5358 Dicit
2325 5318 2472 5372 ergo,
2513 5310 2567 5355 et
2608 5300 2999 5369 quodammodo
3038 5298 3231 5366 accipit
3270 5297 3429 5352 disci-

1859 5396 2057 5469 plinam
2107 5411 2211 5450 non
2264 5408 2608 5463 magnorum,
2653 5390 2745 5446 sed
2791 5389 3106 5473 inferiorum
3142 5402 3206 5442 ac
3251 5387 3429 5443 mino-

1862 5504 2001 5543 rum.
2031 5486 2098 5540 Et
2128 5486 2269 5541 sicut
2301 5499 2399 5553 ego
2434 5482 2697 5537 balbutire
2726 5480 2897 5543 disco,
2926 5477 3233 5533 violentiam
3268 5476 3430 5533 mihi-

1860 5576 2082 5647 metipsi'
2115 5575 2337 5639 faciens,
2367 5572 2577 5640 quando
2606 5585 2729 5624 cum
2761 5568 2995 5639 parvulis
3014 5566 3221 5636 loquor,
3251 5579 3457 5634 neque,

1860 5666 2003 5720 enim
2037 5664 2174 5729 scio,
2215 5671 2273 5718 ut
2300 5663 2372 5717 ita
2400 5662 2591 5724 dicam,
2635 5659 2947 5712 infantiliter
2985 5657 3144 5725 loqui,
3182 5664 3235 5709 et
3266 5655 3431 5712 infra-
