3910 6390
402 396 508 452 805

1049 389 1108 444 Β.
1152 383 1404 443 RABANI
1445 380 1668 439 MAURI
1704 375 2029 434 AllCHlEP.
2073 375 2383 434 MOGUNT.
2426 375 2708 433 OPERUM
2748 376 2928 433 PARS
2966 377 3049 433 111.

3564 376 3674 434 804

402 510 505 564 etis
532 507 711 564 verbis
738 515 845 561 tatu
866 500 1183 575 grandmvus
1209 514 1331 554 cum
1362 496 1545 568 pueris
1588 488 1940 549 sermocinari
1968 505 1980 540 :
2013 487 2065 548 Λ
2093 487 2233 543 tibus
2253 487 2478 557 positus,
2500 488 2728 542 observa
2755 487 2808 542 in
2833 488 3290 558 consequentibus
3309 502 3431 542 cum
3453 490 3682 558 jubctur

402 595 605 653 Eodem
635 593 796 649 modo
840 603 897 647 et
944 589 1194 646 Salvator
1232 589 1289 642 in
1335 581 1734 657 magnificentia
1770 577 1986 650 quidem
2092 579 2415 651 prophetare
2445 578 2512 632 ad
2539 593 2726 634 omnes
2750 589 2974 649 gentes;
3007 595 3127 633 nam
3159 578 3462 634 istiusmodi
3491 594 3685 649 super-

404 689 589 757 gloria:
615 686 729 750 Dei,
767 693 823 740 et
853 683 906 737 in
933 682 1096 737 Patre
1125 678 1449 743 consistens,
1485 691 1594 731 non
1623 674 1861 744 loquitur
1895 671 1995 725 hu-

405 793 588 843 mana,
633 774 808 831 nescit
858 770 1160 826 Pharisacos
1215 767 1392 841 [atl'ari
1446 765 1560 837 eos]
1608 764 1701 834 qui
1744 763 1995 818 deorsum

405 878 552 925 sunt.
584 868 813 936 Quando
841 872 1022 919 autem
1051 862 1200 917 venit
1230 861 1285 915 in
1331 875 1527 930 corpus
1569 859 1883 920 humanum,
1917 853 1999 908 di-

404 960 482 1013 cit
520 958 576 1012 in
626 954 900 1012 exordio:
946 972 964 1003 ι
1018 951 1212 1007 Nescio
1264 950 1431 1019 loqui,
1475 949 1601 1018 quia
1642 943 1857 1015 juvenis
1897 958 1997 1014 ego

406 1063 529 1103 sum
572 1065 585 1101 :
643 1067 661 1099 ι
697 1042 944 1116 juvenis,
991 1050 1214 1113 propter
1265 1038 1751 1110 dispensationem;
1809 1048 1996 1097 senex,

401 1137 560 1208 juxta
593 1137 697 1192 hoc
725 1133 871 1204 quod
893 1130 1288 1203 primogenitus
1317 1127 1494 1184 omnis
1523 1134 1785 1182 creatura:
1806 1142 1820 1191 ;
1845 1123 2000 1194 juve-

411 1225 518 1291 nis,
563 1226 656 1294 qui
706 1225 760 1279 in
807 1220 1274 1279 consummatione
1304 1218 1421 1289 jam
1468 1217 1810 1281 saeculorum,
1839 1222 1896 1270 et
1945 1214 1998 1268 in

408 1321 712 1369 extremum
735 1312 897 1382 hujus
925 1311 1052 1366 vita:
1082 1318 1297 1380 tempus
1325 1309 1557 1365 advenit.
1608 1305 1748 1361 Dicit
1779 1305 1997 1375 itaque:

416 1423 436 1455 ι
461 1402 656 1459 Nescio
670 1403 837 1473 loqui,
861 1422 880 1454 ι
900 1400 1013 1458 scio
1032 1401 1180 1456 enim
1206 1399 1451 1468 quaedam
1475 1396 1678 1466 majora
1705 1395 1873 1464 loqui,
1889 1393 2002 1448 scio

411 1495 661 1564 quaedam
690 1492 916 1548 meliora
946 1492 1052 1548 isto
1084 1503 1332 1546 sermone
1360 1486 1597 1544 mortali.
1619 1485 1714 1541 Vis
1743 1500 1830 1540 me
1857 1484 2003 1554 loqui

413 1583 920 1639 terrestribus?nec
948 1581 1075 1637 dum
1111 1580 1380 1649 assumpsi
1417 1579 1708 1633 humanam
1741 1575 2003 1647 fragilita-

413 1682 554 1738 tem;
585 1671 761 1728 habeo
790 1671 1063 1741 eloquium
1091 1678 1264 1735 tuum,
1294 1668 1532 1723 Verbum
1559 1675 1710 1721 tuum
1733 1681 1875 1732 sum,
1907 1666 2001 1720 tibi

415 1763 528 1816 scio
554 1761 725 1830 loqui,
741 1759 1051 1816 hominibus
1076 1759 1261 1814 nescio
1283 1756 1450 1828 loqui,
1473 1756 1600 1826 quia
1620 1755 1836 1824 juvenis
1858 1771 1999 1811 sum.

2095 667 2316 737 scriptio
2343 675 2426 722 est
2455 682 2574 738 qua:
2615 667 2957 737 prophetavit
2996 667 3259 722 Jeremias
3299 682 3462 739 super
3489 683 3688 723 omnes

2096 765 2281 826 gentes
2306 754 2506 822 Elam,
2541 755 2807 823 Damasci,
2839 756 3028 822 Moab;
3057 765 3110 810 et
3135 756 3358 812 habebis
3385 758 3512 827 quia
3553 772 3687 828 pro-

2096 846 2399 915 phetaverit
2441 844 2510 900 ad
2549 860 2739 901 omnes
2781 853 2969 925 gentes
3009 845 3160 916 juxta
3200 847 3251 901 id
3294 847 3438 916 quod
3477 845 3688 902 dictum

2097 944 2223 990 est:
2256 954 2274 986 ι
2307 934 2633 1005 Prophetam
2681 935 2737 990 in
2781 937 3032 1006 gentibus
3069 936 3226 1006 posui
3259 944 3332 1002 te,
3371 957 3390 988 ι
3421 936 3467 991 si
3504 943 3691 990 tamen

2097 1029 2332 1085 volueris
2361 1030 2475 1084 hmc
2504 1029 2570 1083 de
2602 1027 2835 1084 Jeremia
2878 1028 3020 1084 dicta
3050 1030 3271 1085 sentire.
3303 1028 3361 1083 Si
3394 1036 3577 1083 autem
3608 1028 3694 1082 in-

2103 1118 2455 1190 telligentiam
2481 1118 2547 1172 ad
2577 1118 2862 1173 Dominum
2893 1117 3210 1185 transferas,
3250 1119 3356 1175 iste
3389 1133 3519 1175 vere
3547 1119 3694 1174 inter

2102 1210 2386 1265 universas
2434 1216 2620 1277 gentes
2659 1208 2985 1279 praedicavit.
3027 1208 3122 1264 Est
3162 1209 3360 1279 quippe
3400 1208 3545 1264 sicut
3583 1205 3694 1262 alia

2102 1299 2317 1362 similia,
2348 1297 2426 1353 sic
2455 1306 2509 1352 et
2534 1298 2812 1367 propheta,
2836 1306 2896 1351 ut
2933 1306 3015 1353 est
3045 1297 3296 1368 princeps
3322 1297 3693 1360 sacerdotum,

2103 1398 2162 1444 ut
2188 1397 2271 1443 est
2302 1387 2570 1454 Salvator,
2620 1396 2680 1442 ut
2719 1397 2807 1443 est
2846 1389 3118 1454 medicus;
3167 1388 3418 1444 similiter
3460 1397 3516 1443 et
3566 1401 3695 1457 pro-

2103 1482 2266 1551 pheta
2287 1490 2389 1536 est.
2416 1481 2592 1536 Moses
2612 1483 2936 1537 annuntians
2956 1482 3022 1538 de
3043 1497 3109 1539 eo
3133 1498 3239 1539 non
3264 1482 3436 1539 solum
3458 1481 3695 1553 prophe-

2109 1578 2240 1637 tam,
2277 1572 2377 1626 sed
2412 1571 2782 1628 admirabilem
2814 1574 2957 1628 inter
2986 1582 3208 1629 cunctos
3235 1574 3540 1629 nominavit
3569 1588 3696 1643 pro-

2104 1661 2341 1729 phetam,
2385 1661 2570 1715 dicens
2604 1679 2617 1715 :
2656 1679 2674 1712 ‹
2716 1661 3042 1731 Prophetam
3082 1677 3150 1717 ex
3196 1662 3457 1718 fratribus
3493 1662 3696 1717 vestris

2107 1753 2394 1807 suscitabit
2440 1752 2594 1807 vobis
2631 1753 2906 1808 Dominus
2956 1753 3144 1810 Deus:
3178 1753 3331 1824 quasi
3375 1767 3464 1807 me
3510 1753 3696 1809 audite

422 1871 442 1904 ε
480 1851 598 1907 Noli
627 1851 808 1908 dicere
832 1869 844 1905 :
873 1850 1094 1906 Juvenis
1121 1863 1221 1920 ego
1249 1863 1387 1913 sum,
1425 1848 1682 1918 quoniam
1719 1848 1787 1902 ad
1817 1863 2006 1903 omnes
2034 1833 2080 1890 Β
2108 1858 2252 1898 eum.
2279 1842 2344 1897 Et
2369 1844 2490 1908 erit,
2519 1843 2826 1913 quicunque
2851 1859 2958 1899 non
3005 1845 3236 1901 audierit
3268 1846 3594 1916 prophetam
3627 1845 3694 1902 ilo

415 1953 768 2011 quoscunque
790 1939 1002 1994 mittam
1040 1946 1092 1993 te
1126 1937 1248 1993 ibis.
1287 1957 1306 1990 ι
1342 1937 1546 1993 Deinde
1569 1938 1862 1992 commovit
1887 1953 2004 1992 ma—

417 2045 549 2085 num
575 2029 643 2084 ad
677 2029 1006 2100 tangendum
1046 2042 1109 2083 os
1150 2028 1287 2098 ejus,
1329 2035 1390 2082 ut
1421 2028 1472 2083 ei
1501 2027 1592 2082 det
1628 2028 1793 2082 verba
1816 2027 2010 2096 quibus

421 2119 667 2175 eradicet
722 2119 967 2190 imperia.
1017 2117 1204 2186 Neque
1257 2131 1388 2172 vero
1442 2117 1716 2188 indigebat
1765 2115 2014 2170 Salvator

419 2210 622 2275 verbis,
652 2217 713 2264 ut
739 2223 804 2265 ea
832 2209 1123 2280 acciperet,
1176 2208 1392 2278 quando
1419 2216 1536 2262 erat
1575 2209 1630 2263 in
1676 2207 1859 2274 Patre,
1894 2207 2012 2262 nul-

423 2299 491 2356 lis
523 2300 575 2355 in
601 2300 743 2356 coelo
768 2298 967 2369 dignis,
995 2313 1115 2367 qua:
1151 2308 1492 2354 mererentur
1516 2298 1709 2353 everti.
1736 2296 1842 2352 Sed
1871 2311 2015 2352 nunc

423 2389 624 2460 accipit
651 2403 838 2459 parva,
871 2389 1128 2468 deserens
1157 2386 1292 2460 [Af.,
1324 2386 1601 2459 differens]
1651 2388 1856 2458 majora
1885 2404 2016 2458 pau-

424 2478 609 2549 lisper.
640 2477 818 2548 Atque
847 2477 920 2532 ita
948 2492 1012 2531 ex
1043 2478 1145 2532 hoc
1183 2477 1534 2548 approbatur,
1563 2477 1718 2532 sicuti
1757 2477 1882 2532 alibi
1909 2477 2017 2548 glo-

424 2569 572 2626 riose
601 2570 849 2624 dixerat:
891 2585 926 2619 «ι
942 2567 1138 2624 Nescio
1180 2583 1301 2635 vos,
1325 2569 1450 2638 quia
1481 2569 1716 2639 operarii
1757 2569 1888 2624 estis
1914 2556 2017 2622 ini-

425 2661 652 2731 quitatis
692 2660 843 2733 (Luc.
892 2660 1038 2731 xm),
1076 2679 1094 2712 ι
1134 2667 1190 2716 et
1224 2675 1367 2715 nunc
1392 2661 1556 2716 verba
1595 2660 1830 2730 gloriose
1859 2661 2017 2715 acce-

427 2747 571 2818 pisse
598 2761 680 2812 se,
708 2761 832 2801 cum
857 2745 997 2801 Deus
1027 2747 1119 2811 sit,
1160 2755 1216 2801 et
1237 2744 1391 2814 juxta
1420 2747 1879 2819 magnificentiam
1907 2762 2020 2802 suae

428 2836 629 2892 dixisse
657 2835 862 2908 gloriae,
897 2835 1142 2892 «'Nescio
1171 2835 1339 2906 loqui,
1370 2856 1389 2888 ι
1417 2837 1470 2892 id
1497 2847 1600 2904 est,
1638 2839 1874 2893 humana
1913 2853 2019 2894 non

429 2927 576 2982 novi.
611 2945 630 2978 ‹
664 2927 1007 2996 Priusquam,
1053 2927 1247 2996 inquit,
1301 2937 1354 2983 te
1397 2928 1722 2998 plasmarem
1753 2929 1807 2983 in
1842 2939 2016 2994 utero,

430 3018 556 3073 novi
586 3027 655 3073 te.
693 3038 711 3069 ι
740 3018 798 3073 Si
828 3033 1018 3073 omnes
1051 3019 1200 3071 novit
1221 3019 1384 3085 Deus,
1413 3020 1686 3090 quomodo
1713 3020 1868 3090 quasi
1892 3036 2023 3090 prae-

429 3108 649 3178 cipuum
680 3123 711 3161 a
735 3106 947 3163 caeteris
970 3105 1218 3161 Ieremia:
1243 3107 1395 3174 dicit,
1430 3127 1448 3160 ι
1481 3108 1618 3163 Νονί
1649 3110 1736 3163 te?
1765 3128 1784 3160 ι
1818 3107 1900 3162 Αιι
1927 3124 2020 3164 eos

437 3167 648 3252 tantum
675 3197 778 3252 scit
809 3197 1069 3251 Dominus
1091 3197 1180 3265 qui
1210 3197 1436 3252 scientia
1471 3196 1587 3267 ejus
1615 3197 1761 3268 digni
1791 3207 1937 3263 sunt,
1968 3206 2022 3253 et
2048 3167 2092 3229 Ο

433 3286 712 3357 cognoscit
740 3300 835 3340 eos
862 3285 955 3353 qui
977 3283 1092 3352 ejus
1119 3285 1279 3339 sunt?
1301 3285 1550 3356 indignos
1576 3301 1704 3341 vero
1735 3287 1906 3342 nescit
1932 3302 2024 3342 ne«

436 3391 544 3446 que
571 3377 732 3430 Pater
762 3388 940 3442 neque
989 3373 1170 3438 Filius,
1213 3373 1400 3442 dicens
1437 3393 1449 3428 :
1485 3394 1502 3426 ‹
1539 3375 1657 3431 Non
1695 3376 1817 3430 novi
1848 3391 1959 3432 vos.
2000 3396 2019 3429 ι

436 3465 547 3522 Nos
574 3479 696 3520 cum
726 3465 900 3519 simus
936 3463 1207 3529 homines,
1237 3465 1281 3519 si
1315 3464 1496 3534 aliqua
1527 3465 1787 3534 fuerimus
1815 3467 2027 3536 praediti

436 3555 716 3626 dignitate,
748 3554 883 3609 alios
909 3561 1092 3609 nostra
1134 3554 1325 3608 notitia
1349 3554 1558 3624 dignos,
1587 3555 1723 3610 alios
1759 3555 2025 3626 judicavi-

438 3660 561 3700 tuus
589 3644 877 3713 indignos;
909 3651 964 3698 et
993 3657 1127 3712 quos
1156 3642 1299 3698 scire
1324 3630 1593 3710 nolumus,
1643 3659 1817 3715 neque
1841 3647 2029 3703 audire

437 3735 712 3794 volumus.
739 3748 834 3788 eos
868 3734 1159 3788 nescimus.
1189 3734 1328 3800 Quid
1359 3736 1644 3791 arbitraris
1670 3737 1738 3791 de
1765 3738 2030 3793 universi-

440 3824 570 3880 tatis
618 3823 762 3877 Deo?
800 3821 929 3877 Vult
973 3821 1115 3876 scire
1163 3814 1538 3888 Pharaonem,
1586 3823 1701 3878 vult
1748 3823 2032 3896 [Egyptios

442 3926 624 3979 nosse,
653 3913 750 3968 sed
778 3912 981 3983 indigni
1008 3920 1137 3965 sunt
1165 3912 1356 3966 notitia
1386 3912 1532 3982 ejus;
1567 3913 1662 3968 sed
1698 3913 1798 3984 ipsi
1826 3915 2032 3970 faciunt

439 4010 502 4056 ut
534 4001 867 4071 ignorentur.
899 3999 1014 4056 Scit
1047 4008 1232 4055 autem
1267 4000 1471 4067 Mosen,
1505 4004 1607 4058 scit
1640 4003 1950 4074 prophetas,
1978 4013 2035 4059 et

443 4092 488 4146 si
518 4091 642 4160 quis
681 4090 873 4145 similis
917 4105 1105 4144 eorum
1149 4099 1251 4146 est.
1301 4090 1524 4146 Multum
1554 4105 1605 4148 te
1640 4103 1855 4163 Oportet
1883 4095 2033 4149 labo-

447 4195 593 4247 rare,
616 4189 676 4235 ut
697 4180 848 4236 nosci
888 4180 1163 4249 incipiaris
1196 4196 1226 4233 a
1253 4181 1382 4236 Deo.
1414 4183 1478 4236 Et
1503 4182 1792 4238 Jeremiam
1817 4183 2032 4255 quidem

448 4275 763 4343 priusquam
792 4271 1087 4343 plasmaret
1107 4273 1159 4326 in
1189 4274 1366 4339 utero,
1397 4277 1679 4344 cognovit;
1709 4276 1874 4330 alium
1907 4291 2035 4332 vero

445 4366 514 4420 de
543 4365 824 4435 prophetis
873 4364 1090 4432 triginta
1121 4379 1385 4420 annorum
1432 4367 1598 4437 coepit
1642 4382 1824 4433 nosse,
1871 4369 2036 4423 alium

2109 1934 2242 2000 lum,
2265 1934 2507 1990 interibit
2519 1937 2583 1991 de
2597 1935 2791 2005 populo
2813 1951 2910 1990 suo
2924 1935 3101 2008 (Deut.
3118 1937 3295 2005 xvm).
3319 1956 3337 1989 ι
3355 1937 3461 1992 [ste
3473 1945 3558 1991 est
3568 1951 3693 2007 pro-

2112 2023 2272 2093 pheta
2315 2024 2639 2078 constitutus
2669 2025 2723 2078 in
2767 2024 3037 2094 gentibus,
3068 2033 3125 2081 et
3149 2027 3357 2096 accepit
3384 2025 3617 2096 gratiam
3661 2038 3696 2082 ι

2111 2114 2225 2167 Deo
2255 2111 2480 2168 eﬂ'usam
2511 2113 2565 2168 in
2595 2113 2752 2169 labiis
2780 2113 2912 2179 suis,
2943 2121 3004 2169 ut
3041 2129 3150 2170 non
3197 2115 3369 2171 solum
3405 2131 3529 2170 cum
3555 2130 3694 2186 pne

2114 2215 2241 2256 sens
2268 2202 2456 2257 aderat
2478 2216 2725 2271 corpore,
2755 2203 2847 2257 sed
2889 2203 3051 2258 etiam
3079 2217 3224 2257 nunc
3247 2218 3370 2257 cum
3401 2203 3556 2259 adest
3588 2204 3696 2257 vir-

2113 2297 2228 2345 tute
2262 2297 2318 2344 et
2347 2289 2557 2360 spiritu,
2593 2290 2879 2360 prophetet
2924 2290 2991 2344 ad
3030 2305 3219 2359 omnes
3242 2299 3449 2361 gentes,
3480 2298 3534 2346 et
3564 2306 3696 2360 pro-

2113 2380 2296 2448 phetia
2320 2394 2416 2433 sua
2437 2394 2505 2433 ex
2537 2387 2648 2433 toto
2668 2379 2799 2434 orbe
2824 2379 3063 2434 attrahat
3085 2380 3332 2435 homines
3351 2379 3418 2434 ad
3441 2379 3695 2435 salutem.

2116 2471 2269 2538 Quod
2289 2479 2468 2525 autem
2495 2469 2625 2524 dicit
2655 2486 2667 2521 :
2691 2487 2709 2520 ι
2739 2469 2994 2524 Extendit
3015 2470 3275 2525 Dominus
3300 2485 3517 2524 manum
3538 2484 3700 2526 suam

2117 2568 2185 2624 ad
2213 2583 2321 2633 me,
2348 2575 2402 2621 et
2441 2565 2613 2635 tetigit
2658 2580 2721 2620 os
2769 2581 2966 2629 meum,
3006 2574 3060 2620 et
3104 2564 3242 2619 dixit
3287 2565 3355 2619 ad
3401 2580 3524 2619 me:
3557 2564 3703 2620 Ecce

2117 2660 2239 2716 dedi
2277 2673 2555 2714 sermones
2584 2671 2732 2712 meos
2778 2657 2830 2710 in
2879 2672 2942 2712 os
2975 2665 3144 2722 tuum,
3187 2670 3314 2712 ecce
3346 2655 3612 2711 constitui
3649 2665 3706 2710 te

2120 2751 2278 2806 hodie
2325 2764 2486 2820 super
2526 2757 2746 2819 gentes,
2789 2756 2843 2803 et
2886 2762 3048 2818 regna
3100 2747 3398 2802 eradicare.
3438 2765 3456 2798 ι
3488 2744 3590 2812 Qui
3623 2746 3706 2800 sic

2119 2844 2311 2898 beatus
2339 2852 2446 2908 est,
2478 2851 2539 2896 ut
2577 2854 2742 2909 regna
2786 2838 2976 2903 multa,
3015 2853 3135 2908 qua:
3183 2836 3399 2892 Christo
3454 2834 3708 2891 diabolus

2120 2932 2378 2998 ostendit,
2416 2945 2580 3001 regna
2606 2929 2931 2994 daemonum,
2975 2943 3138 2999 regna
3169 2927 3396 2998 peccati,
3440 2925 3708 2989 eradicet,

2123 3024 2209 3078 his
2235 3023 2326 3092 qui
2355 3022 2406 3076 ei
2441 3021 2551 3076 dati
2574 3029 2700 3076 sunt
2726 3035 2756 3074 a
2779 3021 2890 3075 Deo
2920 3020 3275 3075 sermonibus.
3305 3017 3575 3088 Scriptum
3620 3025 3713 3072 est

2124 3116 2268 3171 enim
2298 3131 2312 3168 :
2345 3134 2364 3166 ‹
2393 3114 2532 3170 Ecce
2563 3113 2680 3169 dedi
2717 3125 2996 3167 sermones
3029 3125 3180 3166 meos
3207 3112 3262 3165 in
3290 3125 3353 3166 os
3382 3120 3552 3173 tuum,
3573 3123 3713 3163 ecce

2124 3208 2378 3265 constitui
2409 3216 2461 3263 te
2489 3207 2650 3262 hodie
2674 3221 2835 3274 super
2859 3215 3046 3276 gentes
3071 3215 3126 3260 et
3150 3220 3317 3276 regna
3344 3205 3644 3259 eradicare.
3685 3219 3706 3255 ι

2125 3300 2407 3366 Quomodo
2454 3306 2632 3353 autem
2671 3311 2836 3368 regna
2884 3304 3008 3352 sunt
3052 3296 3309 3366 plurima,
3353 3294 3533 3364 plures
3576 3301 3715 3347 sunt

2126 3390 2375 3446 similiter
2401 3395 2459 3444 et
2505 3396 2728 3458 gentes;
2755 3402 2857 3441 nec
2883 3395 3059 3456 potest
3084 3386 3300 3455 aliquod
3329 3398 3548 3454 regnum
3573 3383 3710 3446 dici,

2126 3481 2229 3536 nisi
2253 3479 2395 3550 quod
2435 3479 2534 3533 sub
2581 3492 2638 3532 se
2671 3477 2909 3531 continet
2939 3477 3203 3530 nationes.
3237 3473 3395 3530 Verbi
3422 3471 3592 3543 gratia
3629 3471 3713 3526 di-

2128 3579 2275 3626 ctum
2326 3569 2432 3625 sit:
2460 3567 2671 3638 Regnat
2711 3565 2995 3620 fornicatio
3038 3565 3092 3617 in
3144 3562 3362 3618 homine
3402 3570 3712 3632 peccatore,

2130 3676 2351 3718 necesse
2383 3669 2468 3716 est
2510 3667 2572 3714 ut
2617 3672 2845 3728 regnum
2883 3645 3254 3709 fornicationis
3295 3653 3488 3708 habeat
3523 3662 3715 3724 gentes

2131 3766 2276 3806 suas.
2305 3750 2483 3820 ipsum
2509 3746 2639 3802 illud
2666 3743 2916 3816 generale
2940 3743 3194 3800 delictum
3218 3742 3460 3797 avaritia:
3485 3750 3540 3796 et
3565 3740 3717 3796 frau-

2132 3841 2239 3904 dis,
2281 3853 2388 3908 quo
2436 3837 2527 3891 vix
2572 3834 2768 3904 aliquis
2816 3833 3070 3888 immunis
3115 3840 3219 3897 est,
3271 3832 3436 3886 habet
3487 3823 3715 3900 regnum

2133 3945 2312 3995 suum,
2349 3937 2404 3984 et
2443 3929 2544 3983 sub
2572 3941 2738 3996 regno
2765 3940 2872 3979 uno
2898 3923 3095 3979 multas
3123 3923 3360 3992 possidet
3382 3930 3586 3992 gentes,
3613 3937 3718 3991 per

2132 4021 2394 4090 plurimas
2428 4017 2637 4072 scilicet
2679 4017 2883 4084 species
2932 4014 3193 4069 avaritiae.
3240 4013 3320 4068 οι)
3363 4014 3415 4068 id
3454 4027 3587 4082 opus
3632 4022 3720 4068 est

2135 4109 2476 4164 sermonibus
2518 4105 2753 4172 Domini,
2786 4112 2845 4184 ut
2881 4104 3184 4159 istiusmodi
3226 4117 3390 4172 regna
3437 4117 3561 4157 cum
3600 4102 3718 4158 suis

2135 4198 2384 4267 gentibus
2404 4196 2718 4252 evellantur.
2751 4192 3001 4250 Salvator
3039 4193 3096 4248 in
3141 4192 3435 4263 Evangelio
3480 4191 3719 4247 ostendit

2137 4290 2323 4343 dicens
2352 4302 2366 4342 :
2404 4306 2423 4338 ε
2468 4286 2656 4343 Omnis
2693 4284 2954 4355 plantatio
2981 4298 3141 4352 quam
3181 4297 3288 4338 non
3323 4281 3591 4352 plantavit
3619 4279 3720 4334 Pa-

2141 4387 2222 4434 ter
2258 4393 2412 4433 meus
2449 4375 2703 4439 caelestis,
2733 4375 3097 4432 eradicabitur
3135 4372 3352 4446 (Matth.
3381 4369 3493 4443 xv).
3526 4392 3545 4424 ι
3584 4371 3722 4426 Sunt

446 4457 826 4527 quadraginta.
857 4453 1147 4509 Sermones
1177 4466 1300 4510 sunt
1337 4456 1633 4514 ineil‘abiles
1662 4461 1726 4514 de
1756 4459 2034 4515 Salvatore
2065 4491 2115 4551 Β
2141 4468 2385 4537 quadam
2408 4467 2736 4522 intrinsecus
2758 4467 2813 4519 in
2837 4464 3032 4519 animis
3055 4464 3252 4520 nostris
3275 4464 3594 4532 insita,quaa
3615 4477 3719 4517 non

446 4557 503 4602 et
524 4563 628 4602 non
659 4558 984 4616 magnopere
1008 4545 1312 4615 quaarendi;
1334 4548 1401 4602 de
1420 4546 1652 4602 Jeremia
1678 4564 1825 4614 vero,
1848 4566 2033 4605 eorum
2065 4545 2102 4551 ⁷
2141 4559 2404 4630 plantavit
2433 4557 2670 4614 οωιεειίε
2696 4556 2858 4611 Pater
2886 4574 2900 4609 ;
2926 4571 3116 4612 omnes
3148 4557 3344 4626 quippe
3363 4556 3721 4626 cogitationes

448 4635 542 4707 qui
571 4636 854 4690 scientiam
879 4634 1281 4704 Scripturarum
1310 4637 1531 4703 habent,
1556 4639 1774 4693 auribus
1802 4639 2036 4710 indigen-

453 4736 553 4790 tes,
588 4727 856 4794 quomodo
895 4726 1079 4780 dicat:
1116 4746 1133 4776 ‹
1171 4725 1497 4798 Priusquam
1539 4739 1594 4784 te
1629 4730 1954 4800 plasmarem
1982 4731 2034 4784 in

453 4825 628 4876 utero,
658 4815 783 4869 novi
818 4825 896 4878 te;
929 4825 982 4868 et
1012 4816 1323 4884 priusquam
1361 4819 1538 4874 exircs
1565 4820 1631 4874 de
1660 4819 1814 4874 vulva
1848 4821 2038 4875 matris

455 4915 579 4968 tum,
609 4903 942 4959 sanetifleavi
971 4908 1053 4966 te;
1095 4920 1112 4952 ι
1147 4901 1286 4954 Deus
1321 4902 1419 4956 sibi
1452 4903 1569 4971 ipse
1605 4904 1909 4960 sanctificat
1939 4905 2034 4961 ali-

453 5010 610 5063 quos.
663 4995 825 5048 Istum
865 4981 970 5048 non
1017 5000 1297 5061 exspectat
1337 5001 1394 5046 ut
1446 4995 1743 5055 sanctiflcet
1773 4998 2032 5067 genitum,

451 5085 544 5138 sed
575 5084 728 5151 prius
758 5082 1061 5137 sanctificat
1094 5098 1256 5153 quam
1284 5097 1314 5136 e
1338 5083 1492 5137 vulva
1521 5088 1845 5154 egrediatur.
1884 5087 1941 5143 Si
1965 5090 2034 5144 ad

453 5175 811 5238 S.dvatorem,
846 5181 905 5227 ut
934 5175 1063 5236 disi,
1093 5174 1318 5240 referas,
1359 5191 1464 5232 non
1499 5185 1583 5232 est
1626 5178 1824 5233 malum
1851 5180 2032 5236 dicere

456 5261 609 5332 prius
629 5275 753 5315 cum
779 5262 1173 5317 sanctificatum
1200 5280 1318 5321 esse
1339 5284 1503 5336 quam
1533 5281 1735 5324 natum.
1773 5274 1828 5327 Si
1855 5276 1920 5327 de
1943 5277 2040 5327 Do-

460 5350 604 5403 mino
631 5350 913 5420 intelligas,
963 5367 1068 5407 non
1115 5353 1287 5408 solum
1330 5368 1617 5428 antequam
1647 5363 1711 5415 de
1752 5362 1907 5418 vulva
1939 5379 2037 5418 cx—

461 5435 565 5488 iret
590 5439 958 5494 sanctificatus
988 5448 1094 5505 est,
1126 5443 1219 5497 sed
1245 5442 1455 5500 infinito
1481 5457 1605 5504 ante
1643 5459 1881 5521 tempore
1909 5469 2036 5510 san-

461 5533 580 5580 ctus
601 5541 812 5597 semper
838 5528 938 5584 fuit
967 5549 977 5583 :
1011 5531 1098 5586 hic
1118 5548 1246 5587 vero
1270 5542 1557 5605 antequam
1581 5539 1646 5594 de
1667 5549 1820 5596 utero
1843 5544 2034 5610 exiret,

460 5619 830 5674 sanetilicatus
849 5629 949 5676 est.
978 5643 995 5673 ι
1026 5622 1348 5694 Prophetam
1375 5627 1426 5682 in
1449 5630 1699 5698 gentibus
1720 5634 1872 5702 posui
1905 5643 1973 5689 te.
2015 5656 2032 5685 ι

462 5708 520 5763 Si
544 5708 610 5764 de
633 5708 862 5767 Jeremia
893 5714 1088 5783 quaeris
1119 5719 1388 5786 quomodo
1428 5720 1498 5775 sit
1523 5723 1780 5792 propheta
1822 5725 1874 5779 in
1905 5742 2037 5797 gen-

2141 4649 2412 4718 pessimae,
2441 4645 2752 4712 homicidia,
2787 4645 3074 4710 adulteria,
3111 4646 3510 4710 fornicationes,
3547 4644 3716 4731 .furta,

2144 4739 2274 4794 falsa
2304 4737 2632 4806 testimonia,
2658 4736 3026 4807 blasphemiae,
3047 4736 3406 4806 plantationes
3434 4744 3559 4792 sunt
3589 4751 3722 4807 quas

2142 4843 2247 4883 non
2275 4828 2538 4897 plantavit
2581 4825 2818 4881 ccclesiis
2837 4825 3016 4880 Pater.
3044 4825 3102 4881 Si
3127 4833 3306 4881 autem
3332 4826 3414 4887 vis
3442 4826 3583 4882 scire
3624 4842 3720 4881 cu-

2136 4917 2227 4984 jus
2254 4917 2325 4971 sit
2352 4916 2613 4985 plantatio
2643 4913 2945 4969 istiusmodi
2965 4914 3248 4984 cogitatus,
3274 4914 3396 4968 audi
3420 4916 3545 4985 quia
3574 4934 3592 4965 ‹
3622 4914 3720 4969 iui-

2146 5010 2315 5064 micus
2345 5009 2507 5063 homo
2540 5007 2643 5063 hoc
2674 5006 2819 5070 fecit,
2848 5006 2941 5074 qui
2966 5007 3414 5076 superseminavit
3458 5008 3720 5062 zizaniam

2144 5097 2194 5151 in
2226 5097 2403 5152 medio
2425 5096 2612 5152 tritici.
2654 5115 2673 5148 ι
2707 5095 2877 5150 Instat
2900 5097 3027 5151 ecce
3057 5096 3216 5161 Deus,
3248 5097 3415 5152 instat
3453 5091 3719 5162 diabolus,

2146 5186 2403 5241 habentes
2434 5187 2657 5241 semina.
2699 5185 2757 5239 Si
2785 5184 3094 5240 dederimus
3130 5185 3306 5240 locum
3346 5184 3582 5250 diabolo,
3624 5185 3722 5240 ini-

2144 5277 2318 5331 micus
2349 5278 2513 5332 homo
2558 5276 2852 5346 superserit
2885 5275 3296 5345 plantationem,
3336 5277 3591 5346 quoniam
3615 5290 3720 5331 non

2146 5365 2405 5435 plantavit
2446 5366 2684 5422 caelestis
2720 5365 2899 5431 Pater,
2948 5367 3131 5436 utique
3175 5367 3578 5422 eradicandam.
3629 5364 3719 5420 Sin

2149 5464 2347 5523 autem,
2379 5456 2593 5526 repulso
2623 5454 2855 5522 diabolo,
2880 5457 3054 5511 locum
3083 5456 3389 5511 dederimus
3416 5454 3548 5518 Deo,
3597 5470 3723 5524 gau-

2149 5549 2282 5605 dens
2307 5550 2448 5604 Deus
2493 5563 2653 5619 super
2675 5549 2974 5619 principale
3000 5548 3178 5603 cordis
3205 5546 3378 5602 nostri
3412 5543 3620 5625 spargit
3644 5557 3724 5598 se-

2149 5640 2269 5693 I‘nen
2296 5653 2472 5693 suum.
2499 5637 2610 5692 Nee
2628 5638 2821 5708 aliquis
2846 5639 3076 5694 mstimet
3095 5637 3263 5691 Deum
3286 5637 3443 5692 triste
3471 5635 3722 5705 quiddam

2149 5726 2395 5782 Jcremizr.
2427 5727 2764 5799 percepisse,
2794 5730 2885 5798 qui
2927 5728 3248 5784 constitutus
3279 5727 3349 5782 sit
3383 5727 3449 5782 ad
3478 5726 3722 5782 eradica~
