3910 6318
110 338 216 398 805

1037 340 1411 399 .EXPOSITIO
1448 341 1670 398 SUPER
1708 344 2076 402 JEREMIAM.
2120 376 2184 387 —
2224 349 2351 404 LIB.
2393 351 2432 404 Ι.

3262 356 3364 412 806

109 455 312 510 tionem
337 469 624 527 regnorum
639 463 704 531 et
729 456 983 527 gentium.
1024 456 1285 510 Bonitatis
1306 456 1397 512 Dei
1432 457 1572 512 istud
1605 451 1686 511 in-
1717 462 1764 522 Λ
1793 454 2016 514 Latinus
2064 458 2234 514 lector
2268 461 2547 532 intelligat.
2595 471 2717 526 nm
2768 479 2874 521 nux
2914 465 3146 530 dicitur;
3191 468 3366 538 vigilia

110 543 309 600 dicium
349 555 452 609 est,
491 544 769 601 eradicare
803 546 930 600 vitia
972 561 1072 616 per
1123 559 1422 612 sermones,
1473 547 1691 601 inimica

107 637 423 693 caelestibus
448 639 630 708 regnis
655 653 822 710 regna
849 639 1149 704 destruere,
1183 646 1239 693 et
1274 637 1536 694 bellantes
1568 655 1691 694 cum

103 746 206 785 sua
231 740 393 802 gente
417 739 660 788 evertere
685 731 952 796 nationes,
984 729 1263 786 eradicare
1283 738 1337 786 et
1357 734 1688 786 subvertere.

108 821 208 876 Est
233 821 477 892 quaedam
507 822 794 878 aediﬁcatio
817 820 1150 886 diaboliyest
1170 821 1414 891 quasdam
1455 821 1693 876 aediﬁca-

111 914 185 969 tio
210 913 336 968 Dei.
360 912 514 980 Quod
536 926 699 983 super
736 927 957 968 arulam
985 912 1304 978 exstruitur,
1342 912 1536 968 diaboli
1566 920 1651 967 est
1675 931 1688 966 :

109 1017 272 1071 super
297 1003 444 1058 nullo
469 1003 612 1058 enim
651 1000 829 1058 stabili
855 1003 1182 1071 robustoque
1220 1000 1497 1056 solidatur.
1540 1000 1693 1067 Quod

109 1101 290 1148 autem
311 1109 479 1165 super
520 1102 728 1164 petram
769 1093 1088 1160 aaditicatur,
1133 1094 1239 1149 hoc
1262 1093 1355 1148 Dei
1398 1101 1499 1148 est.
1533 1093 1692 1148 Unde

106 1192 162 1238 et
194 1185 282 1258 his
306 1185 397 1254 qui
427 1185 543 1256 ejus
585 1194 732 1252 sunt,
781 1185 1011 1240 dicitur:
1045 1203 1068 1237 ‹
1103 1184 1200 1239 Dei
1226 1183 1570 1255 agricultura,
1596 1185 1691 1239 Dei

107 1274 396 1331 mdillcatio
420 1275 551 1330 estis
572 1273 772 1348 (IrCor.
813 1275 918 1346 ιιι).
958 1294 978 1328 ι
1007 1273 1184 1346 Super
1208 1283 1396 1344 gentes
1429 1282 1483 1329 et
1527 1287 1691 1344 regna

107 1365 405 1430 eradicare,
429 1372 483 1419 et
510 1365 843 1429 subvertere,
862 1371 917 1419 et
943 1363 1272 1434 disperdere.
1310 1383 1328 1416 ι
1367 1363 1426 1420 Si
1451 1364 1693 1419 eradica-

107 1462 198 1509 tur
225 1454 428 1525 aliquid
469 1463 525 1509 et
565 1455 858 1509 eradicatio
898 1454 1012 1524 ipsa
1057 1467 1165 1508 non
1205 1452 1692 1522 disperiit,~at'llmc

105 1551 389 1613 permanet
414 1543 557 1613 quod
577 1542 821 1598 evulsum
859 1549 962 1596 est.
1000 1540 1058 1597 Si
1092 1540 1370 1596 subruitur
1395 1540 1607 1608 domus,
1637 1550 1693 1597 et

105 1635 312 1706 lapides
359 1636 414 1690 in
456 1620 611 1690 ruina
648 1643 775 1690 sunt
812 1634 1316 1707 integri,dissipata
1358 1643 1444 1689 est
1476 1632 1689 1699 domus,

103 1741 214 1780 non
261 1734 441 1780 tamen
483 1724 713 1794 perdita.
745 1722 892 1795 Opus
928 1732 1012 1780 est
1040 1723 1203 1797 igitur
1238 1723 1565 1795 benignitate
1595 1723 1689 1779 Dei

1792 559 1974 606 autem
2003 551 2086 606 vel
2114 551 2236 622 vigil
2266 553 2380 608 sive
2409 554 2620 624 vigilare
2648 555 2946 625 appellatur
2965 568 3109 644 πρὶν.
3143 559 3294 616 Unde
3315 571 3370 617 et

1793 641 1845 694 in
1871 640 2262 710 posterioribus
2289 643 2485 712 pardus
2505 642 2733 712 vigilans
2757 644 2858 699 hoc
2895 640 3110 702 nomine
3129 649 3368 716 ponitur.

1791 729 1873 784 Ab
1898 745 1964 784 eo
2001 729 2166 800 igitur
2187 730 2331 799 quod
2355 729 2553 785 dicitur
2593 748 2722 797 nux,
2751 742 2971 802 propter
3003 736 3151 789 verbi
3182 736 3373 791 simili-

1793 821 2031 876 tudinem
2054 823 2122 876 ad
2147 821 2318 892 vigilis
2346 822 2748 893 intelligentiam
2777 839 2973 879 nomen
2997 826 3194 880 allusit.
3220 826 3371 893 Quod

1793 911 2008 979 quidem
2049 919 2104 966 et
2135 911 2189 965 in
2220 911 2441 967 Daniele
2461 911 2613 980 juxta
2649 914 3066 970 Theodotionem
3110 917 3373 988 scriptum

1793 1007 1895 1063 est,
1924 1006 1983 1053 ut
2008 999 2077 1055 de
2104 998 2390 1055 arboribus
2417 1004 2605 1071 σχίνου
2637 1005 2719 1056 καὶ
2743 1006 2949 1078 πρίνου,
2979 1003 3096 1057 ilice
3121 1005 3373 1061 videlicet

1792 1094 1848 1141 et
1884 1087 2118 1153 lentisco,
2149 1089 2337 1144 scissio
2379 1098 2540 1158 atque
2584 1091 2810 1146 serratio
2847 1091 3105 1148 adulteris
3149 1094 3374 1165 presby-

1794 1173 1926 1228 teris
1945 1174 2282 1229 decernatur.
2315 1175 2564 1246 Alioquin
2594 1187 2650 1232 et
2673 1178 2727 1231 in
2757 1179 3020 1248 principio
3041 1178 3314 1238 Geneseos
3339 1198 3371 1236 a

1791 1261 1932 1326 viro,
1962 1261 2054 1332 qui
2097 1262 2293 1317 dicitur
2334 1271 2448 1328 wn,
2494 1264 2686 1320 mulier
2734 1265 3031 1335 appellatur
3055 1276 3189 1326 mm
3216 1268 3372 1337 quasi

1792 1350 2037 1421 quaedam
2069 1350 2275 1421 virago,
2318 1366 2384 1406 eo
2430 1353 2570 1420 quod
2620 1353 2686 1408 de
2725 1355 2840 1408 viro
2877 1362 3087 1424 sumpta
3128 1356 3216 1409 sit.
3268 1355 3375 1409 Pro

1787 1441 1978 1496 baculo
2003 1459 2182 1504 noceo,
2214 1443 2410 1513 virgam
2445 1442 2765 1512 vigilantem,
2802 1443 2992 1512 Aquila
3030 1453 3096 1499 et'
3124 1445 3372 1516 Symma-

1791 1531 1965 1586 chus:
2001 1533 2298 1589 Thcodotio
2324 1551 2473 1600 vero,
2505 1537 2920 1606 amygdalinam,
2959 1538 3368 1593 transtulerunt.

1792 1619 1990 1692 Vigilat
2032 1632 2211 1678 autem
2256 1624 2432 1694 virga,
2464 1634 2657 1679 cuncta
2696 1627 2873 1696 populi
2917 1627 3287 1702 considerans,
3315 1637 3374 1682 ut

1792 1714 2060 1784 percutiat
2089 1724 2144 1771 ct
2181 1715 2441 1786 corripiat
2466 1713 2854 1785 delinquentes.
2879 1717 3032 1772 Unde
3060 1727 3115 1773 et
3139 1719 3373 1788 Aposto-

103 1822 164 1869 ut
190 1823 248 1870 et
273 1813 567 1870 eradicatio
607 1813 722 1884 ipsa
748 1821 804 1869 et
831 1813 1112 1869 subversio
1134 1822 1250 1869 tota
1279 1813 1568 1883 dispereat.
1597 1813 1689 1867 Di-

1792 1801 1875 1856 lus
1924 1803 2115 1857 scribit
2155 1805 2541 1873 peccantibus:
2580 1824 2598 1855 r
2628 1804 2770 1870 Quid
2797 1805 2994 1860 vultis?
3029 1808 3082 1860 in
3104 1805 3253 1878 virga
3280 1823 3374 1864 ve-

103 1903 357 1974 ligentius
401 1903 516 1974 lege
540 1903 810 1972 quomodo
837 1903 1110 1959 eradicata
1157 1903 1475 1972 perdantur.
1509 1920 1530 1954 ι
1578 1900 1685 1956 Pa-

100 1992 218 2048 leas
284 2000 464 2048 autem
511 1991 793 2049 comburet
834 1993 944 2065 igni
1001 1992 1430 2064 inexstinguihili
1486 2010 1506 2046 ι
1553 1992 1623 2047 Et
1671 2009 1686 2046 :

105 2101 125 2134 ι
157 2082 347 2154 Ligate
373 2081 678 2152 manipulos
713 2083 1068 2147 zizaniorum,
1110 2092 1166 2138 et
1204 2082 1405 2137 tradite
1429 2096 1524 2138 eos
1556 2081 1686 2153 igni.

100 2170 332 2242 (Matth.
361 2171 479 2242 ιιι).
517 2191 535 2224 ι
565 2171 742 2227 Sic'ea
768 2181 889 2243 quae
907 2181 1035 2228 sunt
1053 2172 1329 2228 eradicata
1355 2171 1686 2240 dispereunt.

103 2258 164 2314 Si
201 2267 384 2314 autem
413 2259 497 2314 vis
526 2260 667 2317 scire
698 2260 967 2331 quomodo
1008 2270 1064 2316 et
1097 2261 1376 2317 subversio
1411 2261 1691 2332 redigatur

101 2354 158 2409 in
191 2355 417 2409 nihilum
437 2395 453 2419 ,
487 2354 756 2425 quomodo
782 2354 1152 2411 aediﬁcationis
1171 2354 1420 2425 pessima
1460 2355 1688 2409 materia

98 2445 154 2499 in
189 2445 466 2515 pulverem
505 2445 925 2510 comminuatur,
956 2445 1147 2500 domus
1192 2457 1257 2498 ea
1309 2457 1430 2513 quae
1467 2451 1691 2512 propter

98 2533 308 2603 lepram
340 2530 827 2607 distribuijubetur
849 2530 1036 2603 (Lavit.
1067 2530 1202 2600 xiv),
1226 2545 1348 2586 cum
1384 2529 1548 2585 fuerit
1573 2529 1690 2599 pul-

95 2622 184 2677 vis
211 2621 427 2687 eﬂ‘ecta,
467 2630 621 2678 extra
672 2622 945 2677 civitatem
981 2621 1284 2693 projicitur,
1333 2627 1394 2674 ut
1436 2635 1505 2675 ne
1552 2620 1690 2690 lapis

97 2713 319 2783 quidem
345 2729 414 2770 ex
438 2728 506 2770 ea
535 2714 780 2769 residuus
803 2714 895 2780 sit,
915 2712 1070 2782 juxta
1100 2713 1244 2783 quod
1270 2711 1528 2782 scriptum
1564 2719 1686 2768 est:

102 2821 123 2854 ί
163 2789 428 2858 ὃὶωἰιίἶετ
479 2813 541 2858 ut
579 2803 750 2858 lutum
795 2803 1097 2874 platearum
1140 2803 1329 2858 delebo
1371 2815 1467 2858 eos
1512 2800 1685 2873 (Paul.

99 2891 259 2965 xvn).
309 2912 327 2944 ι
375 2892 599 2963 Oportet
632 2894 831 2963 quippe
872 2894 1088 2963 penitus
1131 2892 1356 2948 interire
1403 2891 1684 2947 malitiam.

98 2980 438 3036 Subversum
475 2988 558 3036 est
589 2981 815 3050 aliquid,
844 2980 1049 3051 lapides
1088 2995 1302 3051 quoque
1344 2980 1421 3034 illi
1460 2981 1553 3050 qui
1593 2980 1687 3036 de-

95 3067 296 3124 structi
323 3076 465 3132 sunt,
492 3077 862 3135 conterantur,
885 3083 953 3124 ne
976 3069 1042 3124 ad
1070 3068 1230 3123 aliam
1254 3067 1684 3134 aediﬁcationem,

1786 1893 1935 1948 niam
1959 1893 2034 1948 ad.
2052 1909 2171 1960 vos,
2203 1909 2274 1948 an
2304 1894 2358 1948 in
2384 1895 2653 1951 charitate
2692 1904 2747 1950 et
2785 1896 2974 1967 spiritu
3003 1899 3372 1960 mansuetudi-

1789 1981 1907 2036 nis?
1935 2001 1954 2034 ι
1983 1981 2040 2054 (I
2073 1981 2196 2036 Cor.
2229 1982 2328 2054 tv.)
2354 1983 2462 2038 Ista
2489 1991 2574 2040 est
2599 1984 2752 2055 virga
2778 1985 2862 2040 vel
2905 1986 3147 2051 baculus,
3173 1988 3240 2042 de
3264 2002 3373 2057 qua

1786 2081 1843 2128 et
1865 2072 2034 2127 David
2061 2071 2300 2144 loquitur
2329 2091 2342 2127 :
2377 2092 2396 2125 ι
2434 2074 2594 2145 Virga
2637 2083 2725 2129 tua
2755 2083 2809 2130 et
2830 2076 3052 2132 baculus
3079 2085 3220 2141 tuus,
3252 2078 3373 2148 ipsa

1788 2177 1876 2216 me
1904 2161 2179 2218 consolata
2225 2170 2352 2218 sunt
2390 2160 2563 2233 (Psal.
2608 2163 2764 2234 χιιι).
2806 2163 3141 2234 Pulchreque
3168 2162 3372 2240 p'osuit,

1793 2270 1812 2303 ι
1847 2251 2123 2308 consolata
2167 2259 2314 2306 sunt.
2353 2272 2373 2304 ι
2399 2252 2484 2307 Ad
2512 2253 2615 2307 hoc
2639 2253 2786 2324 enim
2833 2252 3090 2308 Dominus
3129 2254 3375 2322 corripit,

1789 2351 1846 2397 ut
1872 2342 2142 2398 emendet.
2171 2342 2239 2396 Et
2265 2341 2535 2411 quomodo
2563 2358 2674 2397 nux
2711 2342 2824 2397 sive
2850 2341 3188 2412 amygdalum
3221 2357 3374 2397 ama-

1787 2433 2058 2490 rissimam
2079 2434 2244 2489 habet
2263 2433 2546 2497 corticem,
2565 2442 2622 2488 et
2641 2442 2780 2489 testa
2804 2433 3090 2488 durissima
3116 2433 3371 2502 cingitur,

1787 2523 2144 2578 ut‘detractis
2189 2523 2580 2578 austerioribus
2620 2533 2674 2578 et
2717 2522 2865 2578 duris
2891 2521 3096 2577 fructus
3122 2523 3374 2577 dulcissi-

1789 2626 1909 2667 mus
1953 2610 2256 2681 reperiatur
2291 2628 2305 2640 ο
2341 2611 2420 2665 sic
2450 2610 2626 2665 omnis
2652 2609 2924 2678 correptio
2945 2616 3001 2662 et
3027 2607 3180 2663 labor
3198 2609 3374 2663 conti-

1788 2703 2006 2768 nentize,
2030 2716 2216 2756 amara
2246 2701 2462 2772 quidem
2490 2701 2698 2756 videtur
2721 2701 2789 2755 ad
2828 2714 3086 2771 przesens,
3123 2698 3218 2753 sed
3259 2698 3374 2753 lru-

1787 2801 1910 2848 etus
1936 2793 2082 2863 parit
2113 2791 2476 2847 dulcissimos.
2516 2791 2669 2847 Unde
2709 2797 2763 2846 et
2807 2797 2959 2844 vetus
2989 2788 3078 2843 illa
3105 2789 3375 2843 sententia

1787 2891 1906 2937 est:
1935 2880 2262 2936 Litterarum
2292 2879 2502 2936 radices
2529 2885 2750 2950 amarae,
2783 2877 2992 2932 fructus
3015 2874 3220 2934 dulces.
3246 2876 3377 2944 Qui-

1788 2970 1912 3025 dam
1967 2969 2176 3040 virgam
2229 2969 2542 3040 vigilantem
2588 2975 2752 3037 atque
2797 2981 3023 3021 nuceam
3071 2966 3376 3037 intelligunt

1787 3060 2099 3124 Dominum,
2125 3059 2194 3114 de
2220 3074 2328 3128 quo
2365 3058 2498 3112 dicit
2539 3057 2704 3112 Isaias
2735 3075 2748 3111 :
2784 3077 2802 3108 ι
2835 3057 2989 3115 Exiet
3013 3055 3162 3125 virga
3189 3057 3254 3111 de
3289 3073 3376 3110 ra-

96 3174 264 3229 quam
296 3157 558 3227 diabolus
591 3159 917 3215 concinnare
959 3167 1156 3229 potest,
1206 3159 1408 3215 assumi
1451 3159 1683 3234 valeant.
1714 3139 1759 3200 (ἶ
1790 3156 1909 3210 dice
1925 3153 2078 3210 Jesse
2107 3153 2243 3226 (ha.
2273 3152 2372 3224 xi).
2404 3172 2423 3204 ›
2459 3153 2608 3209 Unde
2631 3160 2687 3206 et
2715 3152 2864 3222 virga
2891 3151 3090 3215 Aaron,
3120 3165 3240 3220 quae
3271 3166 3373 3223 pu-

97 3250 242 3316 Quid
286 3249 419 3304 mihi
447 3249 689 3318 prodest,
714 3249 760 3303 si
795 3263 901 3304 non
929 3263 1030 3318 pro
1053 3249 1131 3302 eis
1173 3262 1294 3318 qua:
1333 3247 1606 3303 eradicata
1635 3257 1692 3303 et
1791 3245 2007 3299 tabatur
2035 3250 2302 3306 emortua,
2335 3242 2388 3296 in
2423 3240 2820 3297 resurrectione
2871 3239 3086 3294 Domini
3131 3237 3377 3300 ﬂoruisse

97 3330 329 3395 suffossa
353 3345 502 3403 sunt,
525 3337 750 3392 meliora
779 3337 832 3392 in
859 3350 948 3393 me
983 3336 1294 3407 plantentur
1319 3344 1481 3407 atque
1517 3336 1688 3392 aadili-
1788 3343 2064 3389 narratur.

96 3435 316 3482 centur.
361 3425 655 3496 Propterea
703 3426 798 3481 Dei
827 3427 993 3481 verba
1028 3425 1262 3495 primum
1292 3424 1517 3491 faciunt,
1547 3427 1690 3495 quod
1868 3441 1888 3474 ‹
1930 3423 1998 3477 Et
2021 3422 2218 3477 factum
2246 3428 2331 3476 est
2370 3420 2592 3476 verbum
2624 3419 2835 3476 Domini
2881 3419 3118 3475 secundo
3157 3420 3224 3475 ad
3264 3435 3372 3484 me,

97 3532 326 3574 necesse
357 3526 462 3584 est,
506 3517 804 3582 eradicant,
843 3517 1145 3582 destruunt,
1190 3517 1442 3586 perdunt,
1470 3525 1527 3572 et
1567 3526 1691 3587 post
1795 3533 1814 3567 ι
1859 3515 2044 3568 dicens
2071 3531 2084 3543 -
2118 3512 2257 3579 Quid
2287 3523 2341 3566 tu
2374 3513 2554 3566 vides?
2599 3520 2654 3566 et
2678 3511 2786 3566 dixi
2815 3528 2828 3564 :
2855 3510 3025 3566 Ollam
3057 3525 3374 3567 succensam

97 3608 218 3661 lucc
244 3605 516 3660 aedificant
549 3613 712 3676 atque
735 3606 999 3676 plantent.
1028 3605 1447 3661 Observavimus
1474 3620 1689 3675 semper
1795 3619 1814 3654 ι
1858 3617 1959 3674 ego
1988 3603 2168 3670 video,
2215 3610 2272 3656 et
2316 3601 2508 3656 faciem
2558 3600 2675 3670 ejus
2721 3614 2752 3653 a
2798 3597 2937 3654 facie
2975 3600 3262 3670 aquilonis.
3309 3599 3378 3654 Et

97 3697 151 3749 in
186 3694 486 3764 Scripturis
515 3695 706 3759 sacris,
736 3694 971 3764 primum
997 3707 1062 3749 ea
1087 3708 1206 3763 qua:
1234 3691 1484 3748 videntur
1513 3694 1688 3749 tristia
1796 3710 1816 3743 ι
1859 3693 1995 3747 dixit
2042 3692 2328 3751 Dominus.
2354 3692 2422 3745 ad
2469 3704 2555 3744 me
2589 3705 2603 3742 :
2652 3689 2736 3744 Ab
2780 3687 3029 3757 aquilone
3067 3691 3377 3758 aperientur

97 3784 602 3850 nominari,deinde
623 3798 686 3839 ea
707 3783 1100 3854 quaehilariora
1120 3783 1514 3846 sunt,secundo
1532 3782 1637 3838 dici
1672 3801 1685 3838 :
1795 3800 1814 3833 ι
1859 3781 1985 3854 (sive
2028 3782 2407 3851 exardescent)
2444 3781 2583 3836 mala
2627 3795 2788 3850 super
2824 3795 3012 3835 omnes
3046 3781 3377 3838 habitatores

102 3895 120 3927 ι
163 3876 280 3946 Ego
317 3874 596 3937 occidam,
631 3882 686 3930 et
721 3888 823 3945 ego
872 3873 1156 3928 viviﬁcabo
1191 3871 1379 3944 (Deut.
1422 3872 1627 3961 xx.xu).
1653 3891 1682 3924 .i
1796 3891 1815 3923 ι
1862 3881 2039 3926 teme.
2087 3883 2107 3924 ι
2156 3870 2427 3957 aliteran.)
2473 3869 2802 3937 Quibusdam
2833 3869 3109 3938 gradibus,
3147 3884 3378 3939 peccan—

95 3966 220 4021 Non
249 3965 388 4020 dixit
413 3964 584 4034 prius,
629 3963 741 4033 Ego
765 3962 1069 4027 viviﬁcaho,
1099 3969 1153 4016 et
1190 3968 1394 4030 postea,
1421 3960 1683 4015 occidam.
1791 3966 1932 4020 tibus
1987 3971 2254 4020 tormenta
2302 3964 2630 4026 tribuuntur,
2667 3970 2726 4016 ut
2766 3962 3024 4031 paulatim
3064 3963 3283 4023 veniant
3307 3963 3376 4018 ad

96 4053 436 4125 lmpossibile
478 4053 622 4108 enim
664 4052 809 4121 quod
851 4051 1018 4107 semel
1059 4050 1355 4105 viviﬁcabit
1390 4049 1552 4116 Deus,
1595 4059 1689 4105 aut
1790 4053 2038 4108 salutem.
2073 4052 2174 4119 Qui
2213 4051 2484 4106 noluerint
2512 4051 2846 4121 percutieute
2891 4050 3039 4120 virga
3078 4049 3376 4118 emendari,

97 4143 166 4197 ab
187 4158 254 4198 eo
278 4142 415 4212 ipso,
443 4150 539 4195 aut
566 4140 633 4194 ab
658 4139 766 4194 alio
789 4140 985 4206 occidi,
1012 4139 1106 4195 sed
1136 4157 1149 4193 :
1187 4158 1205 4190 ‹
1236 4139 1347 4209 Ego
1367 4139 1687 4211 interﬁciam
1792 4143 2084 4197 mittuntur
2113 4142 2167 4195 in
2189 4140 2350 4196 ollam
2380 4155 2578 4196 :eream
2603 4149 2765 4209 atque
2795 4154 3139 4210 succensam:
3173 4141 3239 4196 de
3272 4156 3376 4210 qua

96 4245 150 4289 et
181 4249 287 4304 ego
317 4231 617 4288 viviﬁcaho.
646 4249 665 4281 ι
699 4229 871 4297 Quem
914 4229 1274 4285 interﬁciam?
1301 4228 1526 4284 Paulum
1563 4244 1688 4298 pro-
1788 4235 2000 4304 plenius
2026 4234 2217 4292 scribit
2238 4232 2510 4297 Ezechiel,
2535 4241 2654 4301 qua:
2688 4246 2717 4284 a
2749 4229 2886 4284 facie
2905 4230 3170 4298 aquilonis
3184 4245 3350 4286 accen

94 4327 359 4391 djtorem,
386 4323 609 4378 Paulum
640 4331 1070 4393 persecutorem;
1100 4332 1154 4377 et
1173 4321 1479 4395 vivillcabo,
1508 4329 1566 4376 ut
1595 4323 1689 4376 ﬁat
1790 4325 1955 4386 ditur,
1971 4321 2321 4393 Babylonium
2344 4335 2523 4391 regem
2543 4320 2857 4391 signiﬁcans
2879 4326 2932 4373 et
2949 4319 3132 4374 urbem
3155 4317 3378 4375 Jerusa-

95 4415 307 4471 Panlus
335 4413 607 4484 apostolus
644 4412 845 4469 Christi
873 4412 1021 4469 Jesn.
1053 4413 1294 4468 Primum
1323 4422 1428 4480 est,
1461 4421 1521 4468 ut
1548 4413 1684 4469 mala
1717 4473 1760 4484 ﬁ
1791 4410 2273 4479 lem.Pulchreque
2301 4409 2567 4464 infertur:
2596 4429 2614 4460 ‹
2640 4409 2722 4464 Ab
2752 4407 2998 4478 aquilone
3023 4408 3377 4463 exardescent

95 4473 421 4563 auferantur
446 4521 476 4559 a
505 4505 660 4560 nobis
696 4523 710 4558 :
755 4520 862 4561 non
887 4513 1065 4574 potest
1095 4505 1149 4559 in
1178 4504 1296 4559 loco
1321 4473 1689 4585 :editicationis
1717 4473 1766 4531 θ
1792 4500 1933 4557 mala
1976 4514 2140 4570 super
2180 4473 2370 4554 omnes
2415 4498 2746 4559 habitatores
2793 4473 2976 4560 terrae,
3022 4515 3043 4548 ›
3091 4494 3176 4551 vel
3217 4504 3376 4551 terra:

97 4594 256 4650 mala:
300 4593 570 4648 :edilicare
604 4593 881 4649 Dominus.
921 4612 939 4645 ι
986 4593 1116 4660 Qua:
1162 4594 1306 4648 enim
1352 4595 1690 4664 participatio
1791 4592 1949 4658 Juda,
1984 4591 2066 4647 vel
2081 4598 2236 4647 certe
2265 4591 2531 4645 universa:
2558 4597 2735 4644 terrae.
2761 4589 2837 4643 De
2861 4586 3057 4657 quibus
3083 4593 3138 4640 et
3163 4587 3217 4642 in
3236 4588 3376 4655 Apo-

89 4683 330 4753 justitiae
374 4691 430 4737 et
469 4683 814 4752 iniquitatis?
843 4682 972 4750 Qum
1019 4684 1433 4739 communicatio
1481 4683 1583 4738 luci
1621 4683 1687 4737 ad
1791 4683 1994 4755 calypsi
2025 4681 2285 4750 scriptum
2315 4691 2398 4736 est
2423 4697 2436 4733 :
2477 4699 2494 4730 ι
2522 4678 2621 4733 «Vae
2643 4694 2806 4749 super
2825 4692 3014 4734 omnes
3041 4678 3375 4733 habitatores

97 4771 392 4828 tenebras?
422 4791 441 4822 ›
469 4771 695 4842 Oportet
719 4771 978 4827 malitiam
1008 4788 1072 4828 ex
1102 4773 1225 4828 imis
1251 4773 1466 4828 sedibus
1505 4771 1685 4828 eradi-
1794 4781 1970 4829 terrae.
2005 4791 2022 4823 ι
2057 4770 2240 4826 Sancti
2271 4771 2414 4825 enim
2435 4785 2540 4825 non
2572 4777 2697 4825 sunt
2719 4769 3250 4835 habitatores‘terraa,
3277 4768 3372 4822 sed

94 4863 214 4918 cari
243 4880 258 4916 :
289 4869 505 4932 oportet
526 4862 934 4918 aediﬁcationem
969 4864 1259 4933 pessimam
1281 4863 1349 4916 ab
1374 4863 1568 4917 animis
1593 4877 1688 4918 no—
1791 4863 2014 4918 advena)
2040 4871 2095 4918 et
2126 4860 2431 4931 peregrini;
2473 4873 2866 4928 quorum'unus
2895 4857 3060 4912 dicit:
3097 4872 3116 4908 ι
3151 4856 3373 4912 Advena

94 4954 230 5009 stris
251 4953 472 5022 penitus
499 4951 720 5018 auferri,
773 4961 830 5008 at
873 4961 1057 5023 postea
1090 4967 1368 5008 sermones
1408 4953 1500 5008 Dei
1525 4952 1690 5008 :edill-
1789 4968 1888 5023 ego
1919 4967 2039 5007 sum
2068 4965 2230 5019 super
2276 4959 2476 5004 terram
2522 4957 2578 5004 et
2624 4948 2958 5018 peregrinus,
3008 4947 3148 5002 sicut
3182 4959 3373 5001 omnes

95 5050 227 5100 cent
257 5051 423 5111 atque
445 5041 690 5110 plantent
1789 5049 1973 5111 patres
2000 5039 2105 5094 mei
2138 5036 2312 5110 (Psal.
2338 5036 2587 5107 xxxvm).
2620 5055 2638 5087 ι
2672 5036 2739 5090 Et
2781 5036 2916 5090 alius
2944 5053 2957 5089 :
2994 5054 3012 5085 ι
3043 5033 3201 5088 Parvi
3247 5041 3373 5087 sunt

175 5150 196 5183 ι
232 5132 304 5186 Et
326 5131 528 5186 factum
575 5139 658 5187 est
688 5132 909 5188 verbum
947 5131 1157 5187 Domini
1201 5132 1268 5188 ad
1306 5146 1413 5197 me,
1461 5132 1682 5188 dicens:
1793 5137 1848 5184 et
1874 5127 2097 5199 pessimi
2121 5125 2235 5182 dies
2264 5125 2390 5192 mei,
2418 5126 2613 5195 quibus
2638 5137 2736 5196 ego
2775 5123 3088 5195 peregrinor
3126 5123 3180 5177 in
3227 5130 3368 5177 terra

102 5245 120 5276 ι
168 5222 318 5291 Quid
345 5231 401 5277 tu
438 5222 606 5286 vides,
637 5220 903 5277 Jercmia?
942 5223 1007 5279 Et
1036 5224 1143 5279 dixi
1174 5241 1187 5276 :
1219 5222 1437 5293 Virgam
1463 5223 1691 5294 vigilan—
1794 5219 1948 5292 (Gen.
1971 5218 2161 5289 van).
2189 5236 2209 5270 ι
2241 5215 2394 5271 Unde
2419 5225 2475 5271 et
2497 5217 2688 5272 Petrus
2722 5215 3050 5271 Catholicam
3079 5214 3368 5284 Epistolau:

105 5333 122 5366 ι
168 5321 283 5368 tem
315 5326 414 5383 ego
441 5310 615 5366 video.
644 5310 710 5364 Et
734 5311 868 5366 dixit
899 5313 1159 5368 Dominus
1185 5311 1252 5366 ad
1281 5327 1402 5385 me:
1432 5309 1577 5367 Bene
1601 5313 1688 5367 vi-
1789 5311 1982 5366 scribit
2025 5307 2246 5364 advenis
2298 5313 2459 5376 atque
2492 5307 2793 5377 peregrinis
2837 5305 3012 5369 Ponti,
3050 5305 3273 5359 Galatia:
3316 5313 3372 5359 et

103 5423 122 5456 ι
166 5403 323 5467 disti,
369 5402 494 5471 quia
529 5401 760 5473 vigilabo
792 5416 890 5471 ego
934 5419 1096 5473 super
1142 5404 1306 5458 verbo
1343 5417 1465 5457 meo
1502 5411 1561 5456 ut
1599 5403 1682 5457 fa-
1794 5401 2167 5472 Cappadociae.
2199 5400 2265 5454 Et
2288 5400 2442 5468 juxta
2485 5398 2738 5470 mysticos
2783 5395 3083 5450 intellectus
3117 5393 3372 5450 Salomon

103 5514 121 5546 ι
165 5495 316 5550 ciam
343 5493 494 5548 illud.
524 5511 541 5544 ι
576 5490 843 5564 (Ηὲεινοιι.)
872 5492 977 5546 Pro
1001 5494 1148 5565 virga
1175 5492 1429 5562 vigilante
1458 5492 1687 5563 Septua-
1793 5492 2071 5562 loquitur:
2106 5509 2124 5542 ι
2166 5489 2380 5559 Aquilo,
2425 5497 2615 5542 ventus
2655 5488 2840 5542 durus.
2875 5507 2894 5538 3
2930 5485 3223 5558 (MAURU8.)
3267 5485 3374 5539 No-

99 5586 253 5656 ginta
307 5582 551 5637 baculum
582 5598 798 5638 nuceum
851 5583 1255 5638 transtulerunt.
1308 5582 1684 5638 Laborandum
1792 5584 1937 5639 mine
1965 5591 2144 5638 autem
2174 5582 2361 5637 dexter
2387 5587 2630 5643 vocatur,
2666 5579 2792 5649 quia
2821 5594 2942 5634 cum
2987 5593 3084 5648 per
3106 5594 3165 5633 se
3199 5578 3371 5631 durus

100 5677 267 5749 igitur
317 5673 474 5729 nobis
515 5679 595 5729 est
633 5681 694 5728 ut
724 5673 958 5729 breviter
998 5672 1277 5729 llcbrmam
1309 5673 1683 5745 etymologiam
1793 5676 1863 5732 sit
1911 5676 2148 5740 sinister,
2179 5681 2234 5729 et
2280 5672 2491 5728 cervice
2518 5670 2827 5737 durissima,
2852 5670 3038 5741 jugum
3095 5669 3188 5725 Dei
3240 5669 3375 5724 nolit
