3910 6334
498 344 600 398 R07

1140 346 1196 401 ll.
1241 347 1490 402 RABANI
1530 347 1747 402 MAURI
1787 341 2103 399 ARCIIIEP.
2147 341 2456 399 MOGUNT.
2495 336 2780 398 OPERUM
2819 343 2997 399 PARS
3032 343 3115 398 lll.

3655 342 3756 399 808

499 462 762 531 rteipere,
797 463 862 516 ab
893 463 976 516 his
1007 465 1096 532 qui
1142 463 1257 531 ejus
1284 465 1567 534 obriguere
1604 463 1802 534 frigore
1842 472 1896 516 et
1939 461 2083 516 calo-
2110 462 2156 519 Α
2187 465 2463 526 queretur,
2508 450 2802 510 conditoris
2830 453 3145 510 reverentia:
3190 452 3601 509 oblivisceretur
3641 453 3760 524 (Ill

501 565 615 603 rem
650 550 769 604 tidei
800 551 1193 619 perdiderunt:
1223 553 1316 620 qui
1341 562 1545 622 ponunt
1575 554 1727 608 dulce
1755 567 1996 606 amarum
2027 559 2081 605 et

499 655 744 694 amarum
774 640 959 696 dulce:
994 644 1084 710 qui
1112 651 1319 711 ponunt
1350 643 1523 698 lucem
1559 646 1809 699 tenebras
1838 652 1895 697 et
1930 652 2078 697 tene-

499 729 630 785 bras
659 730 852 784 lucem.
905 730 972 784 Et
1009 731 1188 786 nullus
1227 741 1311 786 est
1345 733 1434 801 qui
1487 732 1621 787 fumi
1654 733 1812 804 hujus
1854 747 2080 786 acumen

499 815 736 897 eﬂ‘ugiat.
785 818 955 874 Nemo
981 821 1126 874 enim
1172 821 1376 890 absque
1417 830 1661 891 peccato,
1699 836 1798 876 nec
1836 822 1880 875 si
1924 821 2083 875 unius

501 910 605 963 diei
643 909 804 964 fuerit
830 911 937 964 vita
983 911 1118 979 ejus.
1153 911 1307 968 Unde
1339 913 1405 968 de
1434 914 1535 969 hac
1562 914 1666 969 olla
1713 913 1764 970 in
1806 913 1942 967 libro
1985 911 2084 966 Job

503 997 646 1068 (Job.
677 999 773 1067 iv),
808 999 896 1054 ubi
931 1000 1190 1056 Dominus
1218 1001 1458 1071 loquitur
1487 1003 1553 1056 ad
1584 1003 1757 1072 ipsum
1781 1000 1882 1056 Job
1917 1003 1982 1057 de
2008 1002 2084 1062 fa-

502 1098 656 1144 ctura
685 1091 1002 1160 Leviathan,
1037 1095 1112 1149 ita
1140 1095 1373 1166 legitur:
1406 1115 1424 1148 ι
1461 1098 1538 1153 De
1564 1098 1784 1153 naribus
1813 1097 1928 1166 ejus
1955 1113 2083 1167 pro-

502 1182 648 1236 cedit
688 1181 888 1248 fumus,
928 1185 1068 1240 sicut
1115 1184 1235 1240 ollae
1275 1201 1549 1242 succensae
1597 1195 1758 1257 atque
1805 1186 2083 1242 ferventis.

505 1272 713 1327 Halitus
753 1275 868 1342 ejus
913 1288 1118 1344 prunas
1147 1272 1337 1332 ardere
1383 1277 1533 1342 facit,
1566 1287 1620 1332 et
1644 1277 1856 1332 ﬂamma
1887 1278 1952 1333 de
1993 1293 2088 1332 ore

503 1365 621 1433 ejus
646 1367 940 1435 egreditur.
981 1386 998 1418 ι
1030 1366 1232 1440 (Greg.)
1257 1365 1371 1422 Olla
1401 1367 1545 1420 enim
1576 1367 1941 1431 succenditur,
1964 1383 2088 1421 cum

495 1451 660 1510 mens
687 1457 923 1513 humana
949 1457 1168 1528 maligni
1210 1457 1381 1511 hostis
1411 1457 1751 1512 suasionibus
1781 1455 2086 1526 instigatur.

505 1545 622 1600 Olla
648 1555 827 1600 autem
855 1545 1026 1601 fervet
1074 1562 1196 1602 cum
1222 1541 1334 1617 jam
1361 1549 1524 1623 etiam
1556 1563 1654 1616 per
1682 1561 2003 1601 consensum
2034 1547 2087 1600 in

507 1635 792 1691 desideriis
824 1653 1004 1706 pravae
1033 1638 1402 1707 persuasionis
1433 1639 1766 1693 accenditur.
1794 1638 1861 1691 Et
1891 1646 1969 1692 tot
1994 1654 2092 1692 un-

508 1727 605 1781 das
635 1728 787 1795 quasi
818 1727 1076 1783 fervendo
1100 1729 1336 1797 projicit,
1364 1743 1462 1798 per
1488 1729 1633 1797 quod
1664 1742 1722 1782 se
1762 1728 1874 1782 suis
1904 1728 2091 1796 nequi-

2189 546 2319 616 Reg.
2340 544 2480 614 xxI).
2508 545 2762 599 Avaritia:
2784 559 2999 614 quoque
3014 544 3140 613 igne
3160 542 3344 597 Achab
3367 545 3610 599 animum
3637 561 3767 600 conc

2185 636 2470 699 cremavit,
2491 650 2612 688 cum
2642 651 2764 690 eum
2794 636 2861 690 ad
2895 634 3250 704 appetendam
3288 635 3521 690 alienam
3553 637 3768 691 vineam

2191 725 2596 794 impatientibus
2622 725 2903 779 desideriis
2930 724 3159 792 impulit,
3191 732 3245 778 et
3271 740 3368 794 per
3389 725 3492 780 hoc
3509 741 3681 795 usque
3703 727 3770 781 ad

2183 825 2393 868 reatum
2423 815 2698 869 homicidii
2721 814 2985 882 pertraxit
3009 812 3127 883 (III
3155 813 3440 884 Reguxxl).
3464 815 3645 871 Tanto
3673 816 3772 885 igi-

2188 902 2580 957 turLeviathan
2610 904 2712 957 iste
2732 903 2900 957 halitu
2922 903 2975 956 in
2999 901 3187 972 prunis
3213 901 3549 972 ﬂat,quanto
3577 906 3770 959 adnisu

2186 993 2546 1062 suggestionis
2586 992 2834 1047 occultae
2883 994 3150 1048 humanas
3203 989 3413 1050 mentes
3459 997 3527 1049 ad
3584 997 3771 1050 illicita

2187 1080 2511 1134 inﬂammat.
2538 1081 2690 1135 Unde
2739 1090 2793 1135 et
2821 1081 2957 1135 bene
2983 1097 3106 1135 mox
3150 1084 3402 1138 subditur
3428 1103 3441 1138 :
3478 1103 3497 1135 ι
3531 1085 3601 1138 Ει
3625 1085 3774 1140 ﬂam~

2190 1184 2275 1222 ma
2323 1169 2391 1223 de
2441 1183 2536 1223 ore
2577 1168 2697 1236 ejus
2727 1169 3023 1238 egreditur.
3063 1189 3082 1222 ι
3135 1170 3376 1226 Flamma
3408 1173 3612 1243 quippe
3666 1176 3775 1229 oris

2187 1245 2415 1329 ejus'est
2449 1259 2564 1327 ipsa
2619 1255 2895 1328 instigatio
2952 1259 3177 1314 occulta:
3221 1259 3528 1315 locutionis.
3587 1262 3775 1317 Pravae

2190 1346 2336 1400 enim
2391 1343 2664 1401 suasionis
2710 1348 2880 1401 verba
2933 1347 3004 1402 ad
3058 1347 3484 1418 uniuscujusque
3529 1351 3774 1404 animum

2191 1437 2350 1503 facit;
2405 1439 2498 1492 sed
2529 1437 2745 1492 ﬂamma
2797 1447 2882 1492 est
2917 1440 3060 1508 quod
3094 1439 3162 1494 de
3187 1455 3289 1501 ore,
3331 1443 3452 1509 ejus
3475 1443 3775 1512 egreditur,

2188 1526 2318 1594 quia
2358 1526 2514 1579 ardet
2543 1527 2598 1579 in
2627 1526 2910 1581 desideriis
2939 1528 3154 1583 animus
3182 1543 3308 1583 cum
3332 1529 3450 1598 ejus
3476 1533 3778 1601 suggestio-

2194 1617 2349 1670 nibus
2379 1617 2686 1686 instigatur.
2713 1616 2838 1672 Haec
2885 1618 3126 1686 quotidie
3167 1621 3427 1689 suggerit,
3462 1621 3580 1675 haec
3608 1637 3777 1690 usque

2198 1707 2268 1772 ad
2293 1707 2572 1775 praesentis
2597 1709 2718 1759 vita:
2749 1707 3035 1759 terminum
3077 1721 3366 1775 suggerere
3398 1723 3515 1762 non
3541 1709 3774 1764 desistit.

509 1814 600 1867 tiis
627 1788 750 1884 [per
778 1823 910 1883 quot
934 1829 993 1869 se
1022 1788 1524 1886 nequit-iasjusque-
1541 1815 1608 1868 ad
1630 1817 1901 1870 exteriora
1930 1788 2094 1885 opera
2126 1802 2170 1859 Β
2200 1795 2303 1848 sed
2335 1803 2480 1886 Ψηε-
2504 1808 2562 1847 δε
2592 1794 2823 1886 “equi?”
2861 1788 3071 1886 δίίίῖίέίξ
3101 1809 3226 1886 09‘"
3256 1809 3354 1865 per
3382 1796 3534 1886 mum
3562 1798 3778 1852 damn"

510 1904 775 1957 extendit.
818 1903 974 1958 Hunc
998 1919 1232 1973 namque
1272 1904 1505 1960 carnalis
1533 1905 1897 1972 conscientiae,
1925 1905 1980 1959 id
2016 1915 2098 1959 est

511 1993 654 2059 ollae,
687 1992 975 2059 fervorem,
1009 2007 1076 2048 ex
1100 1994 1398 2048 Leviathan
1439 1993 1588 2049 fumo
1615 1995 1939 2058 venientem,
1963 2009 2098 2062 pra:-

510 2095 638 2136 sens
693 2083 954 2151 propheta
1003 2091 1380 2151 conspexerat,
1411 2097 1535 2137 cum
1583 2082 1839 2138 dicebat:
1873 2102 1891 2133 ι
1924 2080 2102 2159 Ollam'

511 2185 830 2226 sucoensam
870 2161 970 2242 ego
1007 2173 1183 2238 video,
1226 2181 1281 2228 et
1325 2171 1517 2228 faciem
1563 2171 1680 2241 ejus
1711 2173 1742 2227 a
1775 2172 1914 2229 facie
1949 2175 2100 2243 aqui-

514 2260 671 2315 lonis.
722 2253 747 2312 5
793 2262 875 2316 Ab
913 2262 1183 2332 aquilonis
1233 2264 1433 2317 etenim
1490 2263 1629 2318 facie
1687 2264 1909 2319 humani
1976 2281 2100 2320 cor-

515 2349 599 2402 dis
644 2348 747 2403 olla
785 2350 1159 2414 succenditur,
1191 2340 1311 2404 cum
1335 2365 1431 2419 per
1450 2352 1857 2421 instigationem
1907 2354 2098 2408 adver-

517 2435 647 2492 sarii
707 2437 908 2493 illicitis
949 2439 1240 2494 desideriis
1297 2439 1679 2505 inﬂammatur.
1733 2439 1824 2509 llle
1870 2458 2101 2511 namque

517 2526 612 2595 qui
659 2527 787 2579 ait:
842 2544 860 2576 ι
912 2525 1118 2580 Ponant
1172 2529 1353 2601 sedem
1410 2545 1587 2597 meam
1642 2523 1709 2584 ad
1759 2532 2096 2600 aquilonem,

519 2624 576 2670 et
621 2632 718 2670 ero
753 2617 945 2672 similis
991 2610 1295 2697 altissimo
1327 2618 1512 2690 (Psal.
1576 2621 1741 2692 xiv),
1795 2643 1813 2674 ι
1866 2633 2099 2678 mentem

518 2720 682 2776 quam
705 2707 872 2762 semel
896 2694 1098 2777 ceperit
1122 2694 1372 2779 malignis
1405 2713 1770 2779 persuasionis
1815 2729 1925 2781 suae
1960 2713 2099 2769 ﬂati-

519 2799 640 2864 bus,
691 2798 844 2868 quasi
888 2799 1182 2870 suppositis
1228 2798 1463 2870 ignibus,
1516 2788 1780 2868 accendit,
1836 2811 2103 2873 quatenus

519 2904 628 2943 non
666 2897 934 2943 contenta
994 2891 1350 2959 praesentibus
1407 2891 1775 2947 indesinenter
1821 2907 1915 2964 per
1962 2893 2104 2948 desi-

517 2977 671 3031 deria
724 2984 915 3032 aestuet
968 2985 1027 3032 ut
1079 2976 1183 3031 alia
1241 2979 1635 3034 “contemnenda
1691 2977 1948 3049 appetat,
2001 2981 2105 3035 alia

521 3057 1057 3135 adepta‘contémnat
1077 3087 1106 3121 -ε
1139 3075 1197 3121 ιιι
1227 3058 1387 3123 medo
1417 3067 1529 3124 suis
1555 3071 1886 3139 compendiis
1914 3072 2102 3136 inhiet,

2200 1892 2309 1936 tum
2340 1883 2610 1936 hominem
2657 1883 2901 1947 veniens,
2955 1883 3010 1937 in
3061 1881 3219 1950 hujus
3266 1884 3452 1939 mundi
3500 1899 3561 1940 se
3609 1886 3776 1956 gloria

2189 1973 2440 2042 apertius
2488 1980 2745 2027 ostentat.
2807 1971 2958 2027 Tunc
3011 1972 3080 2027 ab
3126 1971 3243 2040 ejus
3296 1974 3520 2029 naribus
3575 1977 3778 2031 vastior

2209 2061 2392 2116 fumus
2417 2062 2681 2131 procedit,
2713 2062 2840 2131 quia
2871 2063 3111 2118 humana
3141 2064 3327 2129 corda,
3364 2064 3643 2134 signorum
3668 2065 3780 2133 eius

2199 2151 2650 2206 admirationibus
2681 2152 2892 2216 territa,
2940 2151 3171 2220 amplius
3198 2152 3478 2222 instigatio
3521 2156 3779 2223 percutit.

2203 2242 2356 2296 Tunc
2380 2241 2496 2310 ejus
2533 2242 2733 2296 halitus
2767 2241 2960 2297 ardere
3001 2242 3378 2298 vehementius
3403 2259 3606 2314 prunas
3628 2243 3782 2312 facit,

2200 2336 2326 2402 quia
2358 2335 2710 2403 reproborum
2749 2342 2980 2398 mentes,
3011 2348 3147 2403 quas
3176 2331 3292 2401 jam
3324 2333 3562 2388 calentes
3589 2347 3780 2388 amore

2201 2426 2384 2495 gloriae
2434 2425 2746 2496 temporalis
2788 2425 3078 2492 invenerit,
3108 2426 3463 2495 suggestionis
3498 2441 3610 2480 suae
3640 2426 3782 2481 flati-

2204 2514 2304 2567 bus
2333 2528 2504 2581 usque
2533 2513 2599 2566 ad
2641 2515 2936 2582 nequitiam
2979 2515 3304 2568 exercendae
3339 2513 3680 2568 crudelitatis
3704 2516 3784 2569 iu-

2205 2602 2404 2655 ccndit.
2461 2590 2639 2655 Tunc‘
2665 2602 2732 2655 de
2777 2599 2872 2655 ore
2911 2602 3028 2670 ejus
3067 2600 3283 2655 ﬂamma
3314 2603 3606 2672 egreditur,
3658 2604 3782 2672 quia

2204 2689 2462 2757 quidquid
2494 2703 2590 2756 per
2611 2703 2691 2754 se,
2717 2689 2978 2758 quidquid
3010 2703 3106 2757 per
3127 2689 3507 2758 praedicatores
3537 2703 3667 2743 suos
3706 2690 3785 2743 lo-

2209 2782 2393 2850 quitur
2415 2781 2554 2848 ignis
2579 2790 2662 2835 est
2689 2796 2795 2850 quo
2816 2780 3148 2836 infructuosa
3171 2781 3314 2849 ligna
3345 2789 3780 2836 concremantur.

2206 2871 2333 2940 Igne
2364 2879 2567 2929 -autem
2607 2880 2837 2925 terrenae
2890 2871 3342 2940 concupiscentiae
3392 2885 3576 2925 eorum
3628 2886 3784 2926 mens

2212 2960 2464 3030 tangitur,
2500 2959 2592 3028 qui
2620 2974 2958 3035 nequaquam
2987 2959 3105 3014 fieri
3134 2961 3373 3029 pretiosa
3400 2960 3614 3015 metalla
3645 2976 3780 3016 con-

2209 3054 2511 3123 cupiscunt.
2546 3052 2653 3119 Qui
2675 3067 2806 3121 ergo
2832 3055 2943 3108 oris
2963 3054 3079 3123 ejus
3107 3069 3216 3107 non
3235 3053 3350 3106 vult
3373 3052 3583 3107 ﬂamma
3615 3053 3782 3118 afﬁci,

523 3155 684 3210 modo
734 3155 926 3211 alienis
974 3151 1274 3212 commodis
1302 3157 1468 3211 etiam
1513 3172 1635 3212 cum
1680 3159 1898 3228 proprio
1937 3160 2099 3215 detri-

2205 3143 2360 3216 juxta
2381 3143 2494 3198 veri
2516 3142 2754 3197 doctoris
2778 3144 3123 3223 sententiam,
3159 3157 3265 3197 non
3313 3142 3536 3212 lignum,
3576 3141 3785 3206 fenum,

523 3253 706 3299 mento
733 3244 1094 3309 contradicat,
1112 3235 1274 3300 modo
1294 3246 1472 3301 carnis
1499 3245 1767 3301 illecebris
1785 3248 2101 3313 satisfaciat,

523 3323 686 3389 modo
738 3336 894 3404 quasi
942 3336 997 3389 in
1044 3336 1278 3403 quodam
1328 3335 1711 3405 culmineper
1759 3338 2104 3406 cogitationis

523 3425 833 3493 superbiam
885 3431 1058 3494 rapta,
1090 3423 1296 3479 carnali
1322 3439 1453 3479 cura
1483 3426 1809 3494 postposita,
1837 3435 2001 3501 tptam
2047 3442 2106 3481 se

525 3513 580 3567 in
613 3523 739 3584 typo
771 3512 902 3584 [Al.,
930 3511 1117 3584 typho]
1150 3512 1400 3570 elationis
1429 3513 1659 3568 attollat.
1691 3513 1826 3581 Quia
1857 3530 1986 3586 ergo
2013 3531 2107 3570 cor

521 3617 621 3672 per
648 3604 795 3657 varia
819 3603 1082 3658 desideria
1111 3604 1348 3668 ducitur,
1377 3604 1522 3673 quod
1547 3604 1889 3674 instigatione
1913 3604 2105 3659 Levia-

526 3692 655 3744 than
698 3691 852 3744 istius
893 3690 1278 3756 inﬂammatur,
1313 3699 1460 3746 recte
1485 3691 1600 3760 ejus
1631 3692 1809 3747 fumus
1834 3707 2106 3747 succensae

523 3789 580 3836 ct
607 3779 835 3834 ferventi
877 3779 998 3834 olla:
1031 3779 1240 3834 similis
1284 3795 1404 3835 esse
1443 3780 1802 3850 perhibetur:
1840 3782 1966 3850 quia
2011 3797 2107 3850 per

526 3875 604 3923 tot
631 3884 689 3923 se
727 3868 966 3923 fervores
999 3867 1179 3924 aﬂlata
1202 3870 1319 3949 ejus
1360 3871 1750 3926 tentationibus
1774 3866 2103 3927 conscientia

524 3958 728 4029 erigit,
787 3973 883 4026 per
908 3967 1039 4027 quot
1084 3960 1226 4013 intra
1261 3973 1324 4014 se
1373 3960 1727 4029 cogitationes
1776 3962 2102 4016 intumescit.

526 4048 680 4114 Quod
709 4046 888 4100 verbis
919 4047 1039 4101 aliis
1065 4049 1243 4102 adhuc
1276 4049 1479 4103 veritas
1505 4049 1744 4116 apertius
1772 4051 2102 4117 exsequitur,

528 4137 654 4191 dum
681 4133 990 4207 subiengit:
1025 4135 1308 4201 «Halitus,
1335 4136 1527 4205 inquit,
1552 4135 1672 4202 ejus
1691 4151 1893 4204 prunas
1917 4139 2107 4191 ardere

530 4225 686 4280 facit.
717 4245 734 4276 ι
758 4225 894 4291 Quid
920 4226 1064 4279 enim
1089 4241 1310 4295 prunas,
1351 4225 1454 4279 nisi
1479 4241 1769 4280 succensas
1801 4227 1854 4279 in
1878 4228 2108 4282 terrenis

527 4314 980 4383 concupiscentiis
1002 4316 1351 4383 reproborum
1376 4315 1653 4369 hominum
1689 4318 2108 4386 mentes-appel-

528 4405 871 4461 lati‘Ardent
899 4407 1042 4460 enim
1065 4421 1187 4459 cum
1212 4406 1488 4474 quodlibet
1515 4408 1804 4475 temporale
1826 4418 2104 4478 appetunt,

528 4496 656 4565 quia
683 4496 939 4548 nimirum
965 4502 1127 4548 urunt
1149 4494 1413 4550 desideria
1465 4509 1586 4564 qua:
1621 4498 1859 4564 quietum
1895 4499 1979 4552 vel
2019 4500 2104 4552 in-

530 4591 741 4657 tegrum
789 4600 908 4639 esse.
934 4585 1172 4639 animum
1214 4599 1321 4639 non
1362 4585 1701 4654 permittunt.
1735 4586 1916 4643 Toties
1947 4589 2109 4657 igitur

530 4675 828 4729 Leviathan
857 4673 1054 4727 halitus
1094 4675 1298 4742 prunas
1323 4673 1597 4738 accendit,
1630 4675 1841 4742 quoties
1875 4671 2108 4745 ejus'oc-

530 4763 675 4818 cult'a
721 4763 994 4832 suggestio
1030 4763 1298 4818 humanas
1346 4771 1554 4820 mentes
1608 4765 1676 4817 ad
1724 4764 2107 4821 delectationes

530 4850 744 4907 illicitas
779 4852 1045 4921 pertrahit
1093 4869 1108 4906 :
1167 4852 1299 4906 alias
1339 4868 1571 4922 namque
1623 4853 1928 4923 superbiae,
1979 4855 2110 4910 alias

533 4937 767 5004 invidiae,
808 4942 940 4995 alias
971 4943 1216 5007 luxuriae,
1246 4943 1380 4997 alias
1404 4944 1644 4998 avaritiae
1668 4943 1876 5002 facibus
1903 4943 2110 5000 inﬂam-

533 5039 664 5082 mat.
697 5029 973 5097 Superbiae
1002 5029 1195 5101 quippe
1229 5033 1398 5087 facem
1426 5035 1591 5088 menti
1622 5035 1745 5088 Eva:
1789 5038 2108 5106 supposuit,

530 5135 656 5174 etim
688 5119 826 5171 hanc
847 5119 915 5172 ad
941 5123 1329 5175 contemnenda
1352 5123 1514 5177 verba
1538 5123 1828 5178 Dominicae
1850 5127 2108 5194 jussionis

535 5204 975 5278 iustigavit(Gen.
1011 5207 1117 5280 ιιι).
1142 5210 1579 5281 lnvitliaequoquc
1605 5213 1817 5268 ﬂamma
1840 5216 1972 5269 Cain
2000 5217 2112 5271 ani-

537 5313 682 5350 mum
713 5297 1010 5361 succendit,
1040 5313 1163 5352 cum
1188 5298 1255 5353 de
1283 5311 1505 5370 accepto
1529 5302 1713 5357 fratris
1733 5305 2000 5360 sacrificio
2021 5306 2114 5360 do-

538 5386 653 5446 luit.
679 5397 735 5440 et
763 5403 856 5455 per
883 5389 1179 5459 hoc-usque
1211 5391 1278 5444 ad
1314 5389 1595 5445 fratricidii
1633 5392 1838 5448 facinus
1869 5397 2112 5464 pervenit

537 5476 693 5547 (Gen.
710 5477 1059 5549 rv).Luxuriae
1073 5480 1386 5534 facibus-cor
1399 5480 1700 5536 Salomonis
1713 5483 1934 5547 exussit,
1951 5499 2108 5552 quem

538 5578 690 5624 tanto
702 5568 1017 5624 mulieribus
1030 5585 1211 5624 amore
1226 5570 1480 5636 subdidit,
1500 5581 1553 5624 ut
1570 5586 1740 5641 usque
1760 5572 1824 5625 ad
1849 5573 2109 5626 idolorum

537 5661 938 5717 venerationem
961 5661 1238 5726 deductus,
1269 5663 1392 5716 dum
1414 5662 1592 5719 carnis
1606 5662 2011 5720 delectationem
2029 5680 2112 5719 sc-

2208 3231 2402 3300 stipula
2431 3269 2446 3294 ,
2499 3231 2594 3286 sed
2634 3245 2824 3284 aurum
2855 3248 2887 3295 ,'
2913 3218 3194 3300 argentum
3239 3238 3295 3286 et
3333 3232 3600 3303 pretiosus
3648 3231 3786 3301 lapis

2207 3326 2361 3380 curet
2409 3316 2677 3381 inveniri,
2715 3318 2840 3386 quia
2903 3325 3054 3372 tanto
3111 3318 3252 3388 ignis
3310 3318 3578 3372 suasionis
3641 3317 3788 3372 illius

2208 3406 2435 3476 amplius
2467 3388 2724 3470 incendit,
2781 3413 2983 3476 quanto
3031 3421 3089 3460 se
3125 3407 3178 3461 ei
3223 3405 3289 3460 ad
3341 3407 3786 3462 consentiendum

2208 3499 2509 3553 molliorem
2533 3497 2762 3567 quisque
2787 3499 3096 3565 praebuerit.
3142 3497 3250 3552 Sed
3274 3498 3367 3564 qui
3395 3496 3537 3553 nulla
3579 3497 3788 3551 ratione

2208 3588 2541 3652 cenceditur,
2565 3596 2625 3641 ut
2653 3603 2804 3641 mens
2830 3588 2881 3640 in
2905 3589 3006 3640 hac
3039 3586 3378 3656 corruptibili
3417 3601 3580 3641 carne
3609 3588 3784 3656 posita

2209 3692 2549 3750 nequaquam
2581 3676 2850 3738 suasionis
2882 3674 3000 3743 ejus
3057 3675 3253 3730 ardore
3303 3684 3571 3744 tangatur,
3618 3685 3789 3730 restat

2209 3783 2268 3821 nt
2296 3767 2547 3838 malignis
2598 3766 2817 3824 ﬂatibus
2867 3767 3078 3832 adusta,
3127 3768 3197 3822 ad
3234 3767 3498 3822 orationis
3546 3781 3703 3835 opem
3732 3782 3789 3821 se

2208 3860 2324 3913 sine
2352 3859 2658 3922 cessatione
2687 3867 2988 3913 convertat.
3026 3858 3327 3912 Flammam
3361 3857 3558 3927 quippe
3599 3873 3783 3928 sugge-

2206 3949 2443 4002 SIionum
2472 3948 2616 4002 illius
2664 3947 2963 4018 exstinguit
3013 3948 3172 4003 citius
3202 3948 3341 4002 unda
3400 3947 3785 4018 lacrymarum.

2287 4057 2304 4088 ‹
2334 4037 2469 4103 Quia
2516 4052 2642 4092 ecce
2693 4044 2792 4108 ego
2833 4039 3144 4094 convocabo
3195 4053 3384 4094 onmes
3439 4039 3790 4108 cognationes

2213 4146 2229 4177 ι
2267 4143 2555 4198 regnorum
2585 4128 2888 4197 aquilonis,
2919 4131 2994 4183 ait
3038 4130 3336 4184 Dominus:
3390 4138 3446 4184 et
3483 4128 3703 4185 venient
3737 4141 3790 4183 et

2213 4235 2230 4266 ι
2271 4227 2473 4285 ponent
2500 4218 2871 4287 unusquisque
2904 4217 3098 4273 solium
3126 4234 3282 4272 suum
3320 4218 3376 4272 in
3414 4219 3635 4272 introitu
3665 4233 3790 4286 por-

2212 4329 2230 4360 ι
2271 4317 2445 4362 tarum
2477 4307 2834 4372 Hierusalem,
2866 4315 2922 4361 et
2949 4322 3112 4377 super
3139 4323 3329 4363 omnes
3371 4322 3554 4362 muros
3581 4306 3701 4374 ejus
3734 4309 3787 4361 in

2214 4417 2231 4448 ι
2262 4398 2516 4462 circuitu,
2540 4406 2595 4451 et
2622 4412 2784 4466 super
2813 4399 3095 4452 universas
3123 4398 3285 4451 urbes
3312 4395 3482 4451 Judae.
3508 4396 3575 4450 Et
3597 4397 3790 4465 loquar

2217 4509 2233 4535 ‹
2272 4489 2472 4558 judicia
2511 4504 2630 4544 mea
2673 4504 2797 4544 cum
2835 4491 2914 4544 eis
2950 4504 3110 4559 super
3149 4489 3295 4543 omni
3332 4487 3536 4543 malitia
3575 4502 3786 4550 eorum,

2215 4598 2232 4629 ι
2267 4580 2393 4648 quia
2423 4579 2827 4648 dereliquerunt
2851 4595 2955 4643 me,
2974 4590 3028 4633 et
3050 4579 3354 4634 libaverunt
3381 4579 3485 4633 diis
3499 4577 3712 4641 alienis,
3735 4588 3788 4632 et

2216 4695 2233 4727 ι
2266 4669 2770 4743 adoraveruntopus
2785 4689 3039 4751 manuum
3054 4688 3296 4728 suarum.
3322 4693 3339 4725 ι
3363 4671 3631 4742 (Hier-on.)
3645 4669 3786 4724 Nulli

2209 4766 2428 4820 dubium
2467 4766 2663 4820 multas
2693 4775 2880 4836 gentes
2905 4773 2960 4820 et
2997 4765 3329 4834 singularum
3357 4765 3596 4835 gentium
3632 4766 3788 4831 reges

2214 4856 2508 4928 Babylonio
2533 4858 2648 4927 regi
2677 4856 2841 4912 fuisse
2865 4857 3175 4927 subjectos:
3209 4855 3300 4924 qui
3328 4854 3548 4908 obsessa
3570 4852 3792 4906 Jerusa-

2211 4949 2657 5018 lem,posuernnt
2699 4950 2752 5002 in
2782 4949 3014 5004 circuitu
3058 4955 3114 5002 et
3161 4945 3394 4999 maxime
3461 4945 3514 4999 in
3555 4944 3792 4998 exitibus

2212 5049 2494 5109 portarum
2540 5041 2792 5094 thronum
2840 5056 2998 5095 suum
3046 5047 3208 5108 atque
3253 5039 3505 5103 tentoria,
3552 5053 3622 5092 ne
3665 5039 3790 5106 quis

2211 5144 2398 5184 eorum
2413 5131 2503 5198 qui
2528 5130 2693 5184 clausi
2713 5139 2870 5184 erant
2889 5138 3070 5199 posset
3089 5144 3370 5198 erumpere
3382 5169 3397 5193 ,
3417 5139 3473 5183 et
3494 5144 3600 5182 non
3616 5128 3788 5182 solum

2211 5220 2533 5295 Jerusalem,
2562 5221 2654 5275 sed
2693 5230 2746 5276 et
2777 5236 2964 5274 omnes
3013 5221 3175 5275 urbes
3211 5221 3411 5275 Judaea:
3452 5219 3618 5273 simili
3647 5220 3790 5273 obsi-

2215 5299 2374 5368 dione
2422 5313 2669 5367 vallatas.
2723 5311 2983 5380 Cumque,
3009 5313 3137 5377 .ait,
3181 5319 3338 5379 capta
3379 5309 3543 5363 fuerit
3577 5310 3788 5370 civitas,

2218 5413 2344 5456 tunc
2382 5402 2573 5471 loquar
2599 5402 2665 5455 ad
2707 5417 2800 5456 eos
2843 5412 2989 5457 recta
3021 5417 3140 5456 mea
3171 5401 3339 5455 fuisse
3361 5401 3587 5470 judicia,
3632 5412 3688 5455 et
3711 5417 3791 5452 re.

2217 5491 2424 5559 cepisse
2452 5489 2689 5558 singulos
2714 5488 2855 5557 quod
2887 5490 3233 5553 merebantur
3261 5503 3274 5539 :
3308 5501 3415 5540 non
3443 5502 3544 5556 pro
3583 5487 3791 5542 caeteris

2216 5579 2360 5633 vitiis
2390 5578 2584 5646 quibus
2608 5578 2849 5646 subjacet
2876 5578 3106 5631 humana
3149 5575 3409 5640 conditio,
3437 5577 3533 5631 sed
3559 5577 3792 5630 maxime

2217 5683 2316 5741 pro
2339 5665 2664 5731 idololatria,
2725 5682 2822 5735 per
2847 5681 3007 5736 quam
3039 5665 3347 5720 deserentes
3375 5681 3486 5732 me,
3532 5665 3794 5719 adorare-
