3910 6358
132 425 240 480 809
1052 417 1417 478 EXPOSITIO
1452 414 1679 475 SUPER
1713 409 2079 470 JEREMIAM.
2121 436 2190 448 —
2227 404 2356 461 LIB.
2397 405 2437 459 ι.
3279 400 3381 455 810

135 539 264 584 mm
303 544 468 600 opera
499 543 758 584 manuum
794 544 1031 586 suarum,
1073 528 1304 596 Quidam
1327 528 1472 582 hunc
1521 527 1696 581 locum
1728 524 1780 584 Α
1803 519 2046 574 veritatis
2066 516 2119 590 (Ι
2133 515 2269 570 Tim.
2286 514 2391 586 ιιι).
2416 534 2433 567 ι
2458 512 2612 570 Unde
2635 512 3265 580 PetrusetJoannes,qui
3289 528 3386 582 pu-
3463 508 3473 514 ’

135 623 191 677 in
221 624 418 682 bonam
466 633 678 693 partem
724 624 1013 694 accipiunt,
1055 622 1196 692 quod
1225 620 1474 676 videlicet
1515 617 1571 672 hi
1617 613 1709 685 qui
1811 614 2064 669 tabantur
2086 611 2349 667 columna:
2379 608 2651 673 Ecclesiae,
2669 608 2923 662 dexteras
2942 606 3205 661 dederunt
3224 605 3376 660 Pault

135 711 190 767 in
215 712 320 767 olla
342 727 491 767 aenea
517 713 725 768 excocti
755 713 974 778 fuerint,
1001 727 1100 783 per
1126 710 1400 783 cruciatus
1429 717 1554 762 ante
1583 719 1710 776 pur-
1809 714 1864 760 et
1905 703 2167 758 Barnabas
2193 699 2610 756 communionis.
2641 696 2753 754 Nec
2777 697 2881 752 hoc
2911 695 3126 761 sufﬁcit,
3158 695 3252 750 sed
3282 694 3386 768 «in

136 805 276 873 gati,
299 811 486 874 postea
517 804 788 874 principes
826 804 934 859 sint
966 802 1266 858 Jerusalem
1296 819 1310 855 :
1346 809 1401 854 et
1429 807 1711 870 postquam
1810 809 2058 858 murum,
2086 792 2196 858 ait,
2219 805 2459 855 aeneum,
2495 808 2514 841 ι
2548 789 2642 858 qui
2681 789 2826 843 nulla
2853 787 3083 843 violatur
3127 787 3392 856 rubigine,

137 893 398 949 misertus
425 894 587 950 fuerit
606 909 793 949 eorum
823 891 1104 958 Dominus,
1145 899 1276 946 tunc
1298 891 1590 961 exprobret
1633 889 1713 944 cis
1813 900 1913 940 nec
1941 897 2116 939 cassus
2141 881 2406 937 imbribus
2427 880 2658 951 deperit,
2689 881 2781 936 sed
2807 887 3074 934 vetustate
3097 877 3157 931 ﬁt
3178 876 3388 934 fortior.

135 983 267 1053 quia
310 998 369 1038 se
397 983 632 1048 deserto,
667 981 957 1038 simulacra
986 981 1225 1038 venerati
1278 988 1420 1036 sunt.
1467 979 1571 1035 Sed
1601 981 1718 1034 haec
1813 973 1936 1029 Eris
1964 981 2145 1028 autem
2175 971 2297 1026 talis
2324 979 2514 1026 contra
2555 985 2708 1040 reges
2736 977 2791 1025 et
2812 969 3108 1040 principes,
3139 976 3195 1024 et
3221 984 3392 1038 popu-

140 1070 376 1126 violenta
422 1081 478 1126 et
505 1087 671 1142 prava
717 1071 1094 1142 interpretatio
1129 1080 1252 1126 est:
1277 1085 1346 1126 ne
1395 1069 1716 1126 calumniam
1816 1060 1953 1128 lum,
1979 1077 2087 1117 non
2112 1061 2401 1132 cujuslibet
2429 1061 2565 1126 loci,
2595 1059 2687 1115 sed
2716 1068 2892 1124 terrae,
2924 1059 3035 1132 [iis]
3063 1061 3152 1128 qui
3181 1069 3396 1114 terrena

139 1158 313 1216 faciat
343 1169 605 1217 tractator
631 1162 901 1218 indoctus.
1819 1154 2033 1224 sapiunt
2057 1163 2113 1209 et
2139 1154 2383 1210 caelestia
2411 1169 2518 1210 non
2545 1163 2833 1220 noverunt,
2858 1156 2950 1225 qui
2982 1156 3180 1210 habent
3204 1155 3397 1228 imagi-

219 1267 242 1302 ι
279 1250 358 1304 Tu
388 1266 518 1322 ergo
545 1252 768 1322 accinge
820 1251 1030 1308 lumbos
1075 1260 1220 1318 tuos,
1264 1259 1321 1306 et
1348 1265 1530 1322 surge,
1557 1258 1613 1307 et
1638 1249 1719 1307 lo-
1821 1261 1944 1302 nem
1979 1251 2162 1318 χοϊκοῦ
2188 1253 2244 1300 et
2271 1260 2379 1300 non
2407 1245 2662 1321 caelestis.
2692 1246 2792 1312 Hi,
2826 1246 3031 1317 inquit,
3070 1264 3089 1296 ‹
3123 1245 3402 1301 bellabunt

150 1359 173 1394 ι
205 1356 373 1415 quere
395 1342 462 1396 ad
490 1357 584 1397 eos
630 1343 810 1398 omnia
849 1358 969 1412 quae
1025 1357 1126 1414 ego
1153 1343 1411 1415 praecipio
1435 1342 1552 1398 tibi.
1584 1362 1602 1394 ι
1656 1342 1724 1397 Et
1823 1336 2107 1390 adversum
2138 1344 2214 1402 te,
2235 1343 2290 1390 et
2313 1337 2420 1390 nan
2441 1335 2827 1405 praevalebunt.
2860 1355 2878 1388 ι
2906 1335 3018 1392 Cur
3035 1337 3257 1406 quaeso?
3279 1336 3407 1402 Quae

140 1429 248 1487 Job
275 1431 587 1500 praacipitur
627 1440 689 1485 ut
729 1432 975 1502 accingat
1019 1432 1231 1488 lumbos
1273 1447 1399 1488 suos
1434 1430 1577 1503 (Job.
1606 1430 1720 1513 IV);

142 1529 204 1574 et
253 1520 509 1590 apostolis
558 1519 720 1592 (Luc.
768 1521 890 1592 Ill)
947 1529 1008 1575 ut
1050 1522 1306 1578 accinctis
1333 1522 1562 1588 lumbis,
1593 1531 1727 1590 quos

148 1611 296 1672 Elias
346 1611 450 1681 (IV
508 1611 635 1682 Reg.
668 1613 709 1684 ι)
759 1621 814 1668 et
856 1609 1091 1669 Joannes
1126 1614 1366 1685 Baptista
1398 1615 1613 1685 (Matth.
1643 1615 1725 1686 ιιι)

1825 1435 1910 1483 est
1936 1434 2099 1482 tantae
2129 1425 2461 1482 fortitudinis
2491 1441 2674 1492 causa,
2707 1435 2768 1481 ut
2797 1442 2894 1482 nec
2922 1442 3098 1498 reges,
3131 1442 3229 1483 nec
3252 1427 3403 1496 prin-

1825 1517 2014 1588 cipes,
2054 1530 2154 1577 nec
2193 1518 2537 1582 sacerdotes,
2570 1534 2668 1574 nec
2708 1518 2887 1589 populi
2928 1519 3211 1575 adversum
3240 1533 3408 1573 unum

1827 1609 2197 1679 praevaleant?
2228 1609 2486 1680 Sequitur
2521 1628 2536 1664 :
2573 1629 2592 1662 ι
2634 1610 2768 1678 Quia
2800 1619 2974 1668 tecum
3018 1627 3117 1682 ego
3145 1627 3291 1677 sum,
3335 1609 3413 1665 ait

149 1703 306 1757 zonis
355 1703 750 1759 mortiﬁcavere
792 1704 1052 1775 pelliceis,
1112 1705 1360 1760 lucernas
1409 1714 1628 1761 teneant
1674 1707 1729 1760 in
1828 1699 2108 1765 Dominus,
2136 1709 2197 1754 ut
2218 1699 2441 1756 liberem
2471 1709 2543 1755 te.
2575 1719 2595 1754 ι
2623 1700 2680 1756 Si
2703 1700 2914 1770 quando
2937 1718 3090 1774 reges
3115 1701 3252 1757 Juda
3272 1743 3286 1766 ,
3315 1701 3409 1773 qui

150 1793 402 1847 manibus
447 1795 557 1849 suis
583 1834 616 1859 ,.
645 1794 1046 1863 praedicationis
1094 1794 1344 1848 videlicet
1388 1793 1725 1864 evangelicae.
1760 1861 1797 1864 _
1831 1788 2218 1859 interpretatur
2244 1791 2522 1859 confessio,
2548 1798 2602 1846 et
2626 1791 2897 1861 principes
2921 1791 3057 1860 ejus,
3087 1801 3141 1847 et
3166 1792 3412 1848 sacerdo-

153 1879 477 1952 Quicunque
511 1861 673 1953 igitur
705 1883 983 1943 locuturus
1011 1891 1095 1938 est
1141 1899 1419 1939 sermones
1447 1861 1550 1938 Dei
1574 1884 1732 1938 debet
1759 1861 1809 1921 Β
1838 1889 1938 1947 tes,
1971 1884 2247 1954 etpopuli,
2278 1885 2516 1954 episcOpi
2536 1885 2803 1950 videlicet,
2828 1887 3129 1958 presbyteri
3157 1895 3211 1941 et
3235 1887 3416 1941 diaco-

153 1972 438 2041 accingere
483 1974 692 2029 lumbos
739 1989 886 2039 suos,
935 1974 1108 2030 sciens
1155 1976 1295 2044 quod
1329 1975 1522 2030 diaboli
1558 1974 1734 2030 omnis
1835 1989 1963 2036 nes,
2001 1982 2058 2027 et
2087 1973 2276 2045 vulgus
2304 1975 2408 2029 vile
2447 1986 2612 2045 atque
2637 1977 2900 2046 ignobile,
2940 1986 3124 2032 contra
3165 1987 3412 2034 sanctum

152 2062 336 2118 virtus
382 2062 434 2116 in
489 2062 686 2118 lumbis
731 2065 802 2119 sit
850 2063 991 2135 (Job.
1025 2062 1137 2134 xc),
1189 2072 1244 2120 et
1283 2063 1462 2133 justus
1504 2065 1649 2119 dicat
1679 2065 1734 2119 in

153 2153 393 2211 Psalmis
431 2170 446 2208 :
511 2172 529 2204 ι
571 2154 764 2208 Lumbi
811 2149 916 2210 mei
975 2154 1179 2225 impleti
1229 2163 1354 2208 sunt
1401 2153 1738 2209 illusionibus

156 2241 339 2324 (Ρειιζ.
365 2242 594 2311 xxxvii).
623 2262 642 2295 ι
679 2242 923 2312 Cumque
952 2243 1252 2298 accinxcrit
1287 2243 1515 2310 lumbos,
1556 2244 1738 2298 audiat

157 2334 297 2391 illud
315 2336 458 2405 quod
481 2336 739 2403 scriptum
761 2343 845 2389 est
870 2353 883 2388 :
915 2353 934 2386 ι
964 2333 1156 2405 Surge,
1184 2336 1275 2405 qui
1304 2336 1530 2401 dormis,
1554 2344 1610 2391 et
1631 2333 1739 2390 ele-

156 2440 332 2489 vare,
384 2424 780 2479 etilluminabit
837 2431 890 2478 te
934 2423 1180 2480 Christus
1225 2422 1451 2496 (Ephes.
1487 2426 1566 2498 v),
1602 2445 1621 2478 ι
1681 2434 1742 2480 ut

160 2528 381 2584 semper
400 2515 630 2584 vigilans
652 2555 667 2579 ,
708 2521 762 2568 et
791 2513 858 2568 de
902 2527 1091 2568 somno
1117 2528 1468 2583 consurgens,
1492 2515 1742 2584 loquatur

161 2618 288 2673 qua:
313 2602 412 2657 sibi
442 2603 760 2672 praeceperit
785 2601 1062 2657 Dominus.

245 2710 264 2743 ι
297 2691 373 2746 Ne
423 2693 614 2747 timeas
662 2707 692 2745 a
740 2691 880 2746 facie
919 2705 1140 2758 eorum,
1176 2706 1276 2746 nec
1304 2693 1448 2747 enim
1478 2694 1668 2750 timere
1694 2704 1745 2750 te

167 2801 190 2835 ‹
226 2782 421 2836 faciam
467 2782 670 2835 vultum
720 2797 929 2837 eorum.
957 2801 975 2835 ι
1022 2780 1170 2848 Sive,
1216 2791 1278 2836 ut
1321 2781 1670 2855 Septuaginta
1693 2796 1748 2840 et

161 2875 351 2929 caeteri
400 2874 597 2927 habent
649 2875 991 2942 interpretes,
1027 2891 1044 2923 ι
1076 2887 1143 2926 ne
1188 2871 1327 2926 forte
1376 2873 1569 2927 timere
1595 2874 1748 2928 tefa-

163 2965 335 3020 ciam.
366 2983 383 3014 ι
408 2963 475 3018 Et
501 2973 586 3019 est
612 2979 827 3030 sensus,
855 2964 1008 3034 juxta
1039 2963 1447 3018 translationem
1471 2972 1742 3019 nostram:

163 3057 293 3114 Noli
339 3058 530 3111 timere
581 3070 612 3111 a
655 3059 792 3111 facie
836 3072 1047 3121 eorum,
1097 3069 1182 3110 me
1209 3056 1354 3110 enim
1392 3056 1637 3126 adjutore
1657 3072 1751 3112 eos

164 3148 368 3203 timere
419 3163 522 3202 non
560 3147 784 3217 poteris.
824 3145 984 3201 Juxta
1012 3145 1175 3210 LXX,
1218 3163 1234 3195 ι
1257 3145 1366 3199 noli
1397 3147 1586 3202 timere
1614 3163 1644 3201 a
1672 3147 1749 3201 fa-

164 3240 258 3296 cie
284 3255 494 3306 eorum,
534 3259 552 3290 ›
589 3239 786 3293 habeto
824 3253 958 3293 mete
989 3236 1662 3305 conﬁdentiamjussionis.
1695 3239 1754 3296 Si

167 3329 320 3386 enim
365 3345 472 3384 non
515 3329 776 3384 obtuler‘s
805 3329 948 3396 quod
994 3328 1180 3392 habes,
1225 3337 1281 3381 ut
1310 3329 1500 3383 timere
1522 3329 1755 3394 desinas,

169 3420 546 3490 derelinquam
594 3429 675 3485 te,
709 3427 763 3473 et
797 3461 809 3472 .
859 3419 1000 3473 :dam
1031 3420 1243 3482 timori,
1274 3428 1327 3472 et
1362 3421 1758 3488 quodammodo

173 3511 403 3566 videbor
435 3511 625 3564 timere
653 3518 706 3564 te
733 3507 935 3573 facere,
966 3507 1090 3562 dum
1123 3509 1435 3578 derelinquo
1460 3509 1755 3564 formidini.

172 3599 292 3655 Hoc
318 3607 499 3654 autem
525 3598 796 3668 significat
836 3598 978 3667 quod
1009 3613 1222 3668 semper
1249 3599 1476 3654 amanda
1519 3601 1587 3654 sit
1612 3601 1757 3654 veri-

174 3701 294 3756 tas,
337 3704 440 3746 nec
466 3691 700 3745 timenda
737 3691 1015 3745 hominum
1044 3689 1348 3755 multitudo,
1393 3691 1484 3759 qui
1515 3691 1762 3760 increpa-

174 3783 384 3837 tionem
415 3797 521 3836 non
549 3782 846 3846 sustinent,
877 3781 972 3835 sed
1013 3781 1234 3835 insidias
1262 3782 1488 3836 tendunt
1519 3781 1567 3835 ei
1597 3797 1626 3835 a
1655 3797 1761 3850 quo

169 3870 565 3939 corripiuntur.
595 3869 855 3939 Quodque
878 3869 1033 3937 juxta
1065 3868 1207 3922 LXX
1242 3870 1523 3938 sequitur:
1569 3890 1588 3922 ι
1627 3871 1762 3937 Quia

174 3968 364 4016 tecum
400 3976 546 4024 sum,
580 3973 637 4014 ut
674 3960 897 4014 liberem
930 3969 1010 4024 te,
1043 3960 1175 4014 dicit
1200 3961 1484 4028 Dominus;
1529 3981 1546 4014 ι
1583 3963 1635 4014 in
1659 3961 1763 4016 He-

179 4051 371 4106 braico
404 4065 511 4105 non
543 4050 789 4105 habetur.
823 4050 891 4105 Et
930 4058 1015 4106 est
1048 4065 1236 4106 sensus
1267 4069 1278 4103 :
1310 4052 1505 4106 Eruam
1542 4061 1623 4118 te,
1656 4067 1761 4107 non

186 4151 238 4197 it
266 4141 369 4196 tibi
397 4141 578 4197 nullus
616 4142 931 4206 insidietur,
961 4143 1056 4197 sed
1085 4143 1139 4196 in
1169 4156 1232 4196 eo
1253 4181 1268 4207 ,
1307 4150 1369 4196 ut
1394 4143 1603 4213 patiens
1631 4142 1764 4198 insi-

187 4237 299 4292 lias
329 4250 441 4290 non
475 4235 770 4304 delinquas.

259 4344 281 4377 ‹
319 4326 435 4395 Ego
471 4325 665 4394 quippe
699 4323 819 4379 dedi
861 4331 912 4379 te
949 4322 1107 4378 hodie
1139 4321 1284 4392 (sive
1325 4335 1452 4378 ecce
1487 4324 1762 4394 composui

185 4435 202 4468 ι
244 4423 302 4470 te
333 4415 390 4468 in
427 4415 528 4468 hac
558 4413 687 4485 die),
715 4413 769 4468 in
798 4413 1071 4469 civitatem
1103 4413 1386 4479 munitam,
1406 4422 1463 4468 et
1483 4414 1537 4468 in
1564 4415 1765 4469 colum-

1835 2062 2012 2116 virum
2059 2075 2386 2134 consurgere
2423 2065 2730 2130 voluerint,
2779 2065 2976 2121 habeat
3021 2067 3144 2122 fidei
3192 2067 3416 2130 firmita-

1839 2161 1950 2206 tem
1977 2159 2031 2206 et
2059 2153 2250 2209 timere
2289 2154 2550 2220 desistat,
2582 2154 2708 2224 quia
2747 2155 2974 2210 Domino
3003 2156 3294 2212 auxiliante
3321 2172 3413 2211 su-

1837 2240 2069 2311 perabit.

2462 2332 2692 2391 CAPUT
2727 2334 2791 2389 ll.

1841 2449 2086 2523 Increpat
2111 2457 2322 2523 propter
2339 2449 2632 2523 sacerdotes
2661 2455 2710 2502 et
2735 2457 2969 2520 pastores
2986 2467 3007 2507 :
3022 2452 3245 2523 deﬁnite
3268 2470 3416 2523 aqua:

1915 2519 2042 2592 vim
2081 2519 2127 2572 et
2155 2519 2391 2592 cisterna:
2431 2519 2639 2573 turbida
2690 2519 2860 2592 Aequa“
2898 2536 2915 2572 :
2951 2519 3418 2592 quod'Jerusa'lcm

1915 2591 1981 2642 sit
2011 2588 2254 2642 meretrix
2292 2589 2607 2656 degenerans
2646 2588 2806 2642 oblita
2831 2590 2922 2644 Dei
2943 2588 3044 2644 sui.

1923 2719 1940 2753 ι
1981 2701 2048 2756 Ει
2076 2701 2278 2756 factum
2324 2709 2409 2755 est
2451 2701 2677 2755 verbum
2717 2701 2783 2756 ad
2819 2717 2906 2756 me
2935 2703 3160 2757 dicens:
3194 2702 3342 2759 Vade
3368 2709 3422 2759 et

1854 2811 1872 2844 ι
1904 2792 2077 2847 clama
2108 2792 2161 2845 in
2190 2790 2412 2846 auribus
2442 2789 2741 2846 Jerusalem
2767 2791 3282 2864 dicens.i(llicron.)
3316 2794 3424 2850 Hoc

1849 2881 1903 2935 in
1955 2881 2305 2951 Septuaginta
2341 2891 2466 2934 ‘non
2519 2880 2768 2946 habetur,
2820 2883 2913 2936 sed
2957 2883 3057 2937 sub
3087 2884 3332 2938 astericis
3361 2885 3425 2939 de

1851 2969 2238 3026 Theodotionis
2266 2971 2504 3026 editione
2537 2969 2777 3026 additum
2799 2980 2904 3038 est,
2939 2974 3028 3042 qui
3060 2975 3282 3029 verbum
3319 2975 3428 3029 He-

1851 3061 2097 3116 braicum
2143 3063 2325 3116 carath
2374 3077 2474 3131 pro
2522 3077 2630 3131 quo
2679 3077 2778 3117 nos
2830 3063 3064 3118 diximus
3101 3063 3271 3118 clama
3319 3066 3432 3120 sive

1855 3155 2083 3224 pra'dica
2103 3195 2117 3218 ,
2171 3155 2556 3224 interpretatus
2585 3163 2667 3208 est
2709 3155 2835 3224 lege.
2880 3155 2946 3208 Et
2975 3145 3259 3210 lectionem
3289 3158 3432 3212 enim

1857 3253 1912 3298 et
1941 3244 2237 3299 clamorem
2261 3252 2317 3297 et
2341 3243 2779 3312 pradicationem
2820 3258 2919 3314 pro
2956 3245 3039 3298 sui
3084 3249 3435 3317 ambiguitate

1861 3331 2147 3402 significat.
2177 3333 2352 3386 Aures
2378 3341 2558 3386 autem
2582 3331 2879 3388 Jerusalem
2922 3348 3021 3402 pro
3066 3335 3286 3390 auribus
3339 3337 3436 3391 ba-

1859 3420 2156 3475 bitatorum
2185 3419 2302 3489 ejus
2325 3421 2583 3476 debemus
2612 3421 2878 3490 accipere.

1935 3529 1953 3560 ι
1992 3510 2118 3566 Haec
2145 3512 2279 3565 dicit
2301 3512 2560 3566 Dominus
2587 3529 2600 3565 :
2642 3511 2973 3566 Recordatus
2999 3527 3118 3566 sum
3144 3517 3245 3578 tui,
3278 3515 3436 3569 miseo

1867 3619 1885 3653 ι
1923 3617 2052 3657 rans
2079 3601 2502 3658 adolescentiam
2531 3613 2675 3656 tuam
2713 3611 2769 3656 et
2798 3603 3117 3658 charitatem
3142 3605 3437 3674 desponsa-

1866 3711 1883 3741 ι
1919 3691 2083 3746 tionis
2121 3700 2254 3756 tuae,
2285 3693 2503 3761 quando
2545 3699 2731 3746 secuta
2763 3707 2822 3744 es
2858 3707 2944 3746 me
2983 3693 3038 3746 in
3068 3693 3283 3748 deserto
3309 3734 3322 3759 ,
3382 3696 3437 3750 in

1868 3799 1887 3832 ι
1927 3790 2069 3836 terra
2108 3797 2228 3851 quae
2282 3799 2390 3838 non
2426 3784 2744 3839 seminatur.
2780 3803 2798 3839 ι
2837 3781 3225 3853 Septuaginta:
3258 3804 3275 3835 ι
3313 3784 3440 3840 Haec

1870 3889 1888 3922 ι
1925 3872 2053 3926 dicit
2111 3873 2370 3928 Dominus
2422 3891 2434 3927 :
2488 3874 2824 3929 Recordatus
2883 3890 3000 3929 sum
3057 3876 3442 3930 misericordia:

1869 3980 1887 4010 ι
1924 3960 2302 4016 adolescentia:
2332 3971 2458 4026 tute,
2483 3971 2536 4017 et
2564 3963 2867 4018 dilectionis
2896 3963 3247 4033 perfectionis
3281 3973 3436 4020 tuae.»

1862 4050 2076 4106 Plenius
2117 4051 2221 4107 hoc
2268 4052 2322 4105 in
2361 4051 2639 4106 Ezechiele
2691 4053 2906 4118 dicitur,
2952 4056 3168 4124 quando
3206 4055 3309 4108 sibi
3355 4053 3443 4110 Je-

1865 4143 2100 4198 rusalem
2153 4143 2208 4197 in
2257 4143 2603 4199 matrimonio
2643 4144 2900 4200 Dominus
2949 4147 3197 4215 copulat,
3245 4156 3300 4201 et
3344 4148 3445 4201 sub

1863 4249 2090 4304 persona
2127 4236 2311 4288 uxoris
2339 4235 2450 4288 suis
2486 4234 2665 4303 jungit
2697 4235 3044 4303 amplexibus,
3091 4237 3226 4302 sive,
3257 4246 3315 4291 ut
3357 4253 3444 4291 ar-

1866 4324 2164 4378 dentiorem
2188 4331 2456 4377 monstret
2477 4321 2746 4386 affectum,
2779 4323 3009 4391 puellam
3052 4339 3172 4378 eam
3222 4335 3276 4379 et
3317 4325 3447 4379 ado-

1865 4414 2217 4472 lescentulam
2261 4422 2316 4468 et
2362 4412 2744 4482 desponsatam
2775 4422 2950 4468 vocat.
2987 4413 3104 4482 Quo
3144 4416 3288 4471 enim
3347 4432 3448 4473 nec

182 4526 201 4560 ι
239 4520 375 4561 nam
408 4502 672 4568 ferream,
699 4511 754 4557 et
789 4503 842 4556 in
872 4519 1082 4558 murum
1120 4518 1328 4557 teneam
1364 4518 1524 4572 super
1549 4517 1761 4557 omnem
1788 4536 1841 4598 Β
1867 4503 1993 4556 dum
2047 4502 2204 4572 potiti
2245 4516 2465 4566 sumus,
2519 4502 2688 4572 magis
2718 4510 2775 4554 ut
2811 4503 3083 4570 potiamur
3119 4506 3441 4573 appetimus.

181 4615 202 4648 ι
246 4607 456 4651 terram
487 4608 502 4646 :
536 4594 750 4664 regibus
770 4592 930 4658 Juda,
953 4593 1286 4663 principibus
1305 4591 1421 4660 ejus
1442 4602 1496 4648 et
1515 4593 1761 4648 sacerdo-

182 4706 203 4740 ι
247 4688 428 4750 tibus,
461 4693 516 4739 et
541 4685 736 4755 p0pulo
770 4691 946 4738 terrae.
977 4684 1046 4738 Et
1072 4683 1346 4739 bellabunt
1379 4686 1659 4739 adversum
1692 4693 1762 4749 te,

181 4799 202 4833 ι
239 4787 301 4835 et
335 4792 445 4832 non
475 4775 840 4846 prmvalebunt
869 4793 881 4828 :
913 4775 1040 4844 quia
1063 4783 1240 4828 tecum
1265 4790 1364 4844 ego
1389 4790 1529 4836 sum,
1558 4773 1634 4826 ait
1659 4773 1765 4826 Do-

183 4889 204 4922 ι
244 4869 461 4931 minus,
504 4873 565 4919 ut
602 4865 827 4920 liberem
868 4873 936 4919 te.
979 4885 997 4918 ι
1037 4865 1309 4919 Describit
1347 4878 1523 4920 sermo
1559 4865 1768 4919 divinus

178 4976 290 5015 cur
310 4959 574 5028 pr0pheta
605 4958 795 5011 timere
815 4969 922 5008 non
959 4956 1169 5010 debeat.
1200 4973 1217 5004 ι
1255 4954 1393 5024 Ego,
1435 4955 1639 5023 inquit,
1670 4971 1767 5024 po-

178 5050 268 5106 sui
295 5089 310 5112 ,
339 5048 455 5100 sive
486 5047 606 5100 dedi
637 5055 686 5099 te
712 5045 870 5100 hodie
893 5086 905 5110 ,
941 5065 958 5096 ι
995 5047 1096 5100 hoc
1125 5054 1209 5099 est
1231 5085 1245 5109 ,
1275 5046 1326 5098 in
1353 5046 1604 5115 prmsenti
1640 5047 1769 5111 vita,

179 5142 365 5196 donec
407 5145 632 5191 vocatur
660 5135 851 5200 hodie,
889 5135 1042 5204 quasi
1073 5135 1340 5189 civitatem
1387 5133 1770 5199 firmissimam,

178 5246 299 5286 non
328 5237 394 5283 ut
420 5242 584 5281 unam
606 5227 844 5290 domum,
870 5241 969 5281 nec
992 5227 1202 5291 turrim,
1229 5233 1320 5278 aut
1346 5224 1523 5293 aliqua
1550 5226 1771 5290 moenia,

181 5321 284 5376 sed
321 5333 542 5374 omnem
571 5317 868 5382 civitatem,
890 5332 1009 5386 qua:
1037 5317 1138 5371 sita
1165 5323 1323 5384 super
1345 5323 1579 5369 montem
1605 5315 1774 5369 latere

183 5429 301 5470 non
332 5419 517 5480 potest
545 5408 756 5480 (Matth.
789 5409 862 5479 v).
892 5408 967 5462 De
1008 5423 1113 5477 qua
1141 5409 1397 5477 scriptum
1425 5413 1508 5460 est
1541 5424 1552 5458 :
1591 5424 1609 5456 ι
1646 5405 1772 5460 Glo-

187 5505 340 5560 riosa
357 5501 506 5556 dicta
529 5501 731 5555 suntde
746 5509 815 5564 te,
831 5501 1019 5556 civitas
1040 5499 1134 5554 Dei
1159 5498 1328 5567 (Psal.
1346 5498 1585 5570 Lxxxvt).
1615 5517 1632 5548 ι
1659 5498 1724 5552 Ει
1753 5517 1765 5552 :

194 5613 215 5648 ι
252 5595 375 5666 Ego
418 5595 614 5647 civitas
652 5595 836 5657 firma,
883 5591 1073 5647 civitas
1109 5606 1228 5659 qua:
1271 5597 1606 5662 Oppugnatur
1634 5588 1768 5658 (Isa.

187 5683 392 5754 xxvii).
429 5703 446 5732 ι
479 5682 548 5736 Ει
581 5700 599 5731 ι
647 5683 702 5735 in
744 5682 1062 5739 columnam.
1104 5681 1292 5749 inquit,
1344 5681 1609 5743 ferream;
1654 5699 1671 5729 ι
1707 5679 1773 5734 de

137 5835 154 5847 ,
191 5793 306 5850 qua
348 5775 546 5831 scribit
577 5774 859 5844 Apostolus
895 5795 905 5828 :
943 5795 958 5825 ι
993 5773 1248 5828 Columna
1286 5783 1340 5829 et
1374 5774 1771 5828 ﬁrmamentum

695 5871 962 5930 ιἰτιιοι..
1015 5866 1181 5931 CXI.

1872 4591 2119 4658 Quando,
2148 4591 2539 4660 inquit,secuta
2563 4607 2621 4645 es
2650 4606 2734 4645 me
2774 4592 2825 4644 in
2855 4591 3157 4658 solitudine,
3192 4603 3246 4648 et
3275 4595 3448 4650 instar

1873 4682 2266 4752 sponsaliorum
2295 4691 2351 4736 et
2382 4681 2540 4746 dotis,
2582 4680 2720 4751 legis
2755 4681 2849 4736 tibi
2881 4693 3197 4739 ornamenta
3235 4694 3289 4739 et
3326 4702 3448 4741 ver—

1872 4776 2063 4836 borum
2104 4773 2356 4828 distribui
2387 4773 2624 4828 monilia.
2655 4775 2954 4841 Totumquc
2981 4777 3079 4830 hoc
3111 4792 3214 4830 non
3238 4778 3303 4830 ad
3332 4794 3445 4832 me-

1875 4866 2038 4919 ritum
2073 4865 2188 4935 ejus
2222 4865 2422 4928 refert,
2455 4865 2547 4918 sed
2573 4866 2638 4917 ad
2663 4879 2815 4917 suam
2859 4863 3305 4930 misericordiam,
3351 4882 3447 4940 per

1878 4972 2036 5025 quam
2088 4964 2143 5009 et
2195 4955 2515 5010 cbaritatem
2565 4962 2852 5009 consecuta
2902 4963 3002 5010 est.
3073 4954 3184 5010 Hoc
3231 4972 3442 5026 quoque

1876 5049 2016 5116 quod
2062 5047 2379 5116 posuimus,
2443 5066 2461 5098 ι
2497 5047 2548 5100 in
2598 5047 2830 5111 deserto,
2879 5048 2931 5102 in
2979 5056 3120 5102 terra
3167 5065 3286 5117 quae
3339 5067 3442 5105 non

1876 5135 2197 5200 seminatur,
2231 5154 2247 5186 ν
2287 5135 2340 5189 in
2372 5135 2720 5206 Septuaginta
2756 5151 2861 5190 non
2892 5137 3140 5191 habetur.

1951 5247 1968 5278 ι
2006 5227 2236 5282 Sanctus
2258 5226 2421 5282 Israel
2449 5228 2674 5281 Domino
2705 5267 2719 5292 ,
2763 5227 3258 5298 primitiaefrugum
3290 5228 3446 5294 ejus?

1881 5339 1900 5373 ι
1930 5320 2129 5376 Omnes
2163 5320 2253 5388 qui
2299 5319 2562 5373 devorant
2593 5334 2746 5381 eum,
2799 5319 3109 5386 delinquont
3137 5337 3148 5371 :
3181 5319 3318 5372 mala
3348 5334 3441 5372 vc-

1882 5431 1899 5463 ι
1936 5412 2085 5465 nient
2125 5425 2285 5479 super
2325 5423 2438 5473 eos,
2488 5409 2616 5462 dicit
2659 5408 2937 5463 Dominus.
2963 5429 2980 5463 ι
3017 5410 3240 5476 Quando
3283 5411 3447 5467 Israel

1875 5502 2005 5557 dicit
2025 5501 2296 5570 primitias
2325 5499 2535 5569 frugum
2570 5499 2811 5563 Domini,
2839 5501 3070 5554 osmndit
3099 5500 3348 5570 populum
3378 5501 3448 5556 de

1877 5594 2123 5664 gentibus
2175 5598 2558 5660 congregatum
2623 5605 2741 5643 esse
2804 5597 2921 5658 post
2963 5591 3253 5658 primitias,
3290 5591 3443 5657 juxta

1880 5683 2006 5737 illud
2047 5683 2188 5752 quod
2221 5683 2273 5736 in
2305 5682 2408 5735 alio
2449 5681 2566 5735 loco
2609 5683 2863 5750 scriptum
2889 5689 2972 5734 est
3001 5697 3012 5731 :
3046 5697 3064 5729 ι
3098 5679 3298 5734 Memor
3329 5691 3446 5735 esto

1878 5773 2308 5844 congregationis
2365 5780 2468 5824 tuae
2500 5811 2513 5833 ,
2555 5785 2715 5838 quam
2751 5769 2972 5839 posuisti
3014 5768 3342 5839 [possedisti]
3379 5771 3446 5824 ab

2934 5863 3012 5920 26
