3910 6346
477 397 578 455 8H

1140 392 1205 447 Β.
1246 389 1498 447 RABANI
1535 390 1753 447 MAURI
1789 386 2107 452 ARCIIIEP.
2149 384 2457 444 MOGUNT.
2496 383 2781 444 OPERUII
2816 383 2996 441 PARS
3030 384 3116 441 III.

3630 382 3738 442 812

481 512 639 570 initio
660 509 831 585 (Paul.
872 508 1089 583 tum).
1124 528 1143 562 ι
1177 508 1441 564 Primitiae
1488 519 1667 581 autem
1706 522 1918 577 semper
1966 505 2058 561 de-
2084 506 2137 567 Α
2162 504 2317 563 feette
2355 508 2411 562 in
2451 506 2671 564 Christo
2704 507 2880 564 aetatis
2902 514 3006 562 est.
3058 504 3263 562 Omnes
3303 506 3449 579 enim
3485 489 3759 575 resurgit?

486 604 684 659 bentur
724 600 1128 664 sacerdotibus,
1172 606 1229 652 et
1264 614 1373 653 non
1402 598 1670 654 hostibus.
1703 594 1856 664 Quod
1882 593 2059 663 sequi-

481 705 600 762 tur,
636 713 657 749 ι
685 708 875 750 omnes
902 693 994 762 qui
1014 692 1295 747 .devorant
1331 706 1490 757 eum,
1530 689 1844 761 delinquent
1876 706 1889 742 :
1918 685 2061 742 mala

482 787 704 843 venient
742 799 906 854 super
952 799 1086 849 eos,
1134 783 1266 839 dicit
1313 780 1649 848 Dominus,»
1708 782 1852 836 hunc
1899 776 2064 833 habet

481 891 702 933 sensum
731 893 746 931 :
775 874 1074 942 Quomodo,
1100 873 1193 943 qui
1227 872 1498 942 primitias
1538 872 1820 936 devorant,
1866 882 2065 937 nequa-

485 983 649 1039 quam
692 969 759 1023 de
808 980 1007 1038 genere
1047 964 1408 1030 sacerdotali,
1449 963 1671 1019 swleris
1698 962 1777 1018 rei
1807 962 1959 1027 sunt,
1984 959 2064 1016 sic

485 1060 578 1131 qui
614 1058 990 1115 contaminant
1039 1055 1206 1113 Israel
1256 1055 1414 1110 malis
1469 1055 1864 1125 subjicientur;
1905 1050 2063 1121 juxta

483 1149 614 1205 illud
654 1148 799 1219 quod
836 1147 890 1203 in
924 1147 1183 1203 vicesimo
1212 1154 1367 1201 sexto
1395 1147 1605 1217 psalmo
1629 1150 1851 1200 sanctus
1893 1142 2066 1212 loqui-

485 1248 575 1294 tur
610 1257 623 1295 :
665 1257 686 1291 ι
714 1238 852 1294 Dum
909 1236 1341 1307 appropinquant
1383 1250 1545 1306 super
1575 1249 1662 1289 me
1686 1243 1962 1298 nocentes,
2008 1238 2068 1285 ut

487 1331 652 1386 edant
681 1318 875 1385 carnes
899 1342 1091 1383 meas:
1127 1327 1222 1397 qui
1255 1326 1513 1383 tribulam
1551 1341 1667 1391 me,
1707 1324 1908 1380 inimici
1935 1322 2062 1388 mei,

482 1418 590 1489 ipsi
624 1417 885 1474 inﬁrmati
928 1425 1056 1473 sunt
1090 1424 1148 1472 et
1185 1416 1518 1472 ceciderunt.
1557 1413 1790 1497 tNeque
1819 1412 1964 1468 enim
1998 1423 2068 1465 ex

485 1522 551 1564 eo
598 1508 743 1580 quod
788 1508 884 1563 Dei
922 1516 1295 1577 exsequuntur
1360 1506 1683 1563 sententiam
1716 1545 1732 1571 ,
1781 1498 2070 1558 'immunes

482 1606 647 1652 erunt
662 1613 699 1652 ι
724 1596 985 1667 supplicio
999 1597 1249 1667 malaque
1268 1597 1489 1652 venient
1508 1609 1671 1667 super
1690 1608 1813 1649 eos:
1848 1610 1868 1644 ι
1899 1590 2070 1663 Opor-

482 1697 564 1745 tet
600 1689 963 1745 enlm'venire
993 1687 1249 1743 scandala
1275 1727 1290 1753 ,
1335 1688 1527 1742 verum
1558 1700 1655 1741 vat
1686 1684 1739 1739 ei
1778 1698 1877 1755 per
1909 1697 2071 1753 quem

485 1780 710 1836 veniunt
751 1777 1004 1836 scandala
1029 1776 1244 1850 (Matth.
1274 1776 1451 1849 xvin).

561 1907 582 1941 ‹
613 1888 813 1944 Audite
840 1888 1066 1943 verbum
1100 1884 1335 1951 Domini,
1365 1886 1557 1941 domus
1580 1882 1769 1951 Iacob,
1798 1891 1855 1939 et
1886 1895 2074 1938 omnes

492 2004 509 2037 ι
543 1984 894 2057 cognationes
936 1981 1131 2037 domus
1171 1979 1357 2035 Israel.
1419 1978 1545 2035 Hiec
1590 1978 1721 2034 dicit
1763 1976 2071 2031 Dominus:

492 2095 509 2128 ι
546 2076 686 2142 Quid
734 2075 1057 2128 invenerunt
1097 2078 1281 2141 patres
1314 2069 1484 2125 vestri
1517 2068 1571 2123 in
1604 2082 1689 2122 me
1730 2065 2033 2135 iniquitatis
2054 2104 2071 2131 ,

493 2184 512 2217 ι
548 2166 673 2235 quia
706 2162 1094 2233 elongaverunt
1118 2174 1151 2214 a
1182 2165 1364 2226 me,et
1377 2156 1791 2212 ambulaverunt
1826 2162 1950 2224 post
1980 2168 2075 2208 va-

484 2260 511 2304 ἰ
550 2253 808 2316 nitatem,
851 2257 908 2304 et
957 2248 1083 2302 vani
1123 2245 1253 2302 facti
1301 2245 1464 2301 sunt?
1498 2264 1517 2319 ξ
1552 2243 1707 2298 Ilunc
1752 2257 1969 2299 sensum
1995 2248 2076 2296 'et

486 2344 623 2398 alius
651 2341 917 2412 pr0pheta
949 2346 1183 2394 testatur
1211 2354 1225 2390 :
1260 2354 1279 2387 ‹
1311 2336 1550 2405 Populus
1587 2349 1740 2390 meus
1762 2374 1777 2397 ,
1810 2333 1941 2402 quid
1970 2331 2075 2387 feci

488 2435 607 2498 tibi,
639 2430 848 2502 etquid
883 2429 1140 2484 molestus
1166 2427 1241 2481 fui
1273 2426 1411 2481 tibi?
1441 2425 1706 2494 responde
1737 2424 1868 2478 mihi
1899 2441 1911 2477 :
1948 2422 2075 2491 quia

488 2522 652 2579 eduxi
690 2531 744 2577 te
782 2521 847 2575 de
874 2530 1019 2574 terra
1053 2516 1305 2589 Egypti,
1337 2523 1406 2570 et‘
1428 2515 1496 2569 de
1528 2514 1689 2568 domo
1725 2511 2074 2567 servientium

486 2592 712 2667 liberavi
753 2609 841 2664 te?
878 2628 896 2661 ι
939 2607 1137 2679 (οΗὲεΙι.
1174 2605 1273 2678 vr.)
1300 2595 1602 2677 Utrumque
1630 2612 1827 2683 [alitem
1880 2616 2075 2657 nomen

488 2698 655 2756 Iacob
678 2707 735 2753 et
750 2696 920 2753 Israel
946 2692 1184 2766 pOnitur,
1207 2709 1313 2749 non
1338 2680 1635 2749 secundum
1654 2680 1791 2747 duas
1811 2698 1866 2746 et
1890 2693 2076 2745 decem

492 2790 691 2855 tribus,
712 2788 807 2843 sed
822 2786 978 2856 juxta
1006 2778 1220 2841 omnem
1246 2782 1526 2852 populum,
1548 2796 1671 2836 cum
1697 2789 1752 2836 et
1774 2781 1887 2850 ipse
1909 2777 2077 2833 Iacob

490 2889 679 2953 postea
707 2878 1008 2951 appellatus
1057 2876 1128 2931 sit
1163 2874 1331 2930 Israel
1360 2872 1512 2949 (Gen.
1553 2873 1750 2946 χχιιι).
1801 2872 2075 2928 Oﬁ‘eusa‘m

480 2979 675 3026 autem
718 2968 866 3025 ducit
906 2984 937 3023 a
969 2966 1242 3037 patribus,
1289 2978 1395 3018 non
1444 2978 1553 3033 quo
1591 2972 1813 3033 peccata
1858 2970 2077 3033 patrum

492 3062 618 3117 filiis
646 3060 998 3130 imputentur,
1045 3057 1139 3111 sed
1182 3070 1289 3125 quo
1316 3062 1370 3109 et
1408 3053 1504 3108 ﬁlii
1541 3054 1806 3111 habentes
1859 3062 2075 3123 patrum

491 3152 923 3216 similitudinem,
947 3156 1004 3204 et
1036 3162 1137 3203 suo
1166 3156 1453 3218 parentum
1502 3146 1706 3202 scelere
1756 3145 2067 3216 puniantur.

493 3245 650 3314 Stepe
677 3242 906 3313 legimus
927 3239 1071 3310 quod
1109 3247 1587 3308 propter‘sauctos
1628 3249 1813 3307 patres
1844 3236 2075 3291 filiorum

492 3337 819 3408 misereatur
842 3332 1006 3387 Deus.
1037 3331 1454 3400 Dereliquerunt
1480 3337 1658 3383 autem
1682 3336 1868 3398 patres
1896 3326 2079 3397 populi

492 3428 797 3501 peccatoris
829 3428 997 3482 Deum
1019 3466 1035 3491 ,
1066 3432 1121 3480 et
1148 3439 1256 3479 non
1298 3422 1559 3485 breviter,
1615 3420 1707 3476 sed
1761 3420 1920 3490 longo
1946 3428 2082 3473 tem—

494 3534 628 3591 pore
662 3535 676 3572 :
707 3525 762 3572 et
791 3533 892 3588 pro
921 3518 1033 3572 Deo
1063 3514 1232 3570 secuti
1262 3520 1387 3569 sunt
1412 3513 1732 3576 vanitatem,
1764 3510 1903 3565 idola
1937 3510 2083 3564 vide-

496 3612 625 3667 licet
646 3651 661 3676 ,
691 3625 811 3679 qua:
839 3610 974 3664 nihil
1002 3616 1231 3679 prosunt
1261 3607 1560 3662 cultoribus
1601 3608 1713 3662 suis
1751 3616 1807 3660 et
1833 3606 1966 3675 ipsis
2009 3605 2082 3659 si—

499 3702 653 3757 miles
712 3701 842 3756 facti
883 3709 1056 3766 sunt,
1092 3699 1391 3756 secundum
1446 3698 1577 3757 illud
1622 3698 1768 3769 quod
1818 3698 2083 3766 scriptum

498 3803 582 3850 est
612 3812 626 3848 :
656 3814 676 3847 ‹
707 3794 924 3851 Similes
950 3793 1057 3848 illis
1078 3792 1212 3849 ﬁant
1232 3792 1325 3863 qui
1352 3792 1560 3848 faciunt
1579 3806 1666 3857 ea,
1697 3799 1754 3846 et
1784 3805 1972 3845 omnes
1994 3788 2085 3858 qui

500 3886 778 3943 conﬁdunt
805 3886 860 3940 in
890 3884 971 3940 eis
994 3881 1169 3957 (Paul.
1196 3880 1375 3954 cxm).
1393 3902 1414 3935 ι

581 4024 598 4054 ι
644 4003 713 4056 Et
742 4016 851 4056 non
882 4001 1137 4055 dixerunt
1164 4017 1178 4053 :
1210 3998 1311 4055 Ubi
1343 4006 1427 4053 est
1478 3998 1741 4053 Dominus
1771 3998 1863 4068 qui
1893 4011 2085 4053 ascen-

508 4114 527 4146 ι
574 4094 704 4149 dere
728 4081 827 4146 nos
852 4089 983 4146 fecit
1028 4090 1096 4145 de
1153 4096 1295 4143 terra
1336 4087 1553 4161 Egypti
1580 4128 1596 4154 ,
1637 4089 1729 4158 qui
1777 4074 2089 4145 transduxit

510 4206 527 4236 ι
571 4199 669 4240 nos
692 4197 791 4254 per
829 4182 1103 4237 desertum
1126 4220 1141 4245 ,
1178 4195 1279 4251 per
1329 4189 1527 4235 terram
1575 4179 1985 4235 inhabitabilem
2033 4192 2090 4237 et

510 4294 529 4327 ι
573 4275 797 4339 inviam,
828 4286 928 4342 per
950 4278 1151 4325 terram
1174 4269 1294 4324 sitis
1324 4279 1378 4325 et
1413 4269 1702 4341 imaginem
1745 4273 1955 4337 mortis,
1989 4287 2089 4343 per

514 4386 533 4419 ι
582 4374 783 4421 terram
827 4363 880 4415 in
915 4376 1022 4430 qua
1052 4375 1158 4413 non
1186 4360 1601 4425 ambulavitvir,
1624 4376 1799 4430 neque
1827 4361 2089 4417 habitavit

517 4476 535 4508 ι
585 4454 793 4511 homo?
833 4471 851 4504 ι
892 4451 1000 4506 Pro
1038 4451 1257 4505 homine
1302 4449 1447 4504 LXX
1472 4440 1891 4519 ﬁlium’hominis
1917 4454 2085 4508 inter-

2100 1848 2150 1909 B

2160 612 2282 670 mus
2302 617 2321 650 ‹
2340 597 2396 652 in
2422 598 2597 652 virum
2619 597 2942 669 perfectum,
2960 597 3015 651 in
3041 611 3349 651 mensuram
3368 596 3549 651 uitatis
3568 594 3739 665 pleni—

2163 688 2364 745 tudinis
2403 687 2605 743 Christi
2650 687 2865 758 (Eplm.
2901 687 2996 761 tv).
3029 708 3048 741 ι
3080 688 3265 758 Neque
3299 704 3539 759 unquam
3575 690 3629 743 in
3674 704 3735 744 ea

2163 780 2372 837 habitat
2390 781 2486 851 qui
2510 780 2673 836 homo
2702 778 2799 834 Dei
2839 788 2962 847 est,
3011 780 3125 837 sive
3152 779 3294 836 ﬁlius
3330 780 3571 835 hominis
3596 821 3613 846 ,
3646 780 3741 834 sed

2163 888 2377 943 semper
2397 874 2465 927 ad
2486 872 2693 943 majora
2720 872 2960 927 festinat.
3009 868 3089 927 Ex
3127 888 3234 943 quo
3282 872 3630 942 perspicuum
3658 881 3746 927 est

2164 977 2272 1017 non
2299 975 2422 1016 esse
2451 961 2507 1016 in
2545 962 2633 1015 via
2662 954 3048 1033 perfectionem
3076 1002 3092 1027 ,
3134 962 3229 1017 sed
3259 962 3313 1015 in
3349 961 3457 1016 fine
3480 962 3584 1016 via:
3611 972 3664 1016 et
3690 962 3745 1016 in

2164 1049 2474 1116 mansione,
2520 1065 2642 1120 quae
2669 1051 2878 1105 sanctis
2906 1051 2964 1105 in
3003 1050 3316 1106 caelestibus
3361 1059 3743 1121 praeparatur,

2164 1146 2219 1195 et
2243 1140 2440 1210 quibus
2468 1140 2667 1196 dicitur
2699 1159 2711 1195 :
2753 1159 2771 1191 ι
2806 1140 2909 1207 Qui
2936 1139 3093 1194 statis
3115 1140 3170 1194 in
3202 1141 3362 1195 domo
3389 1140 3606 1199 Domini
3634 1180 3649 1203 ,
3692 1140 3747 1193 in

2166 1230 2321 1286 atriis
2358 1229 2551 1286 domus
2588 1231 2683 1286 Dei
2728 1231 2899 1286 nostri
2939 1228 3113 1303 (Paul.
3166 1232 3416 1301 omni).
3449 1250 3470 1283 ι
3520 1230 3751 1286 Frustra

2168 1320 2335 1390 igitur
2363 1336 2503 1377 nova
2531 1337 2597 1378 ex
2632 1320 2800 1376 veteri
2848 1321 3071 1377 haeresis
3097 1334 3123 1363 ι
3146 1321 3451 1391 suspicatur
3492 1322 3584 1377 hic
3630 1336 3753 1391 per-

2170 1410 2375 1466 fectam-
2393 1425 2512 1466 esse
2540 1410 2826 1467 victoriam
2850 1450 2868 1477 ,
2910 1411 3002 1466 ubi
3043 1425 3224 1481 pugna
3261 1420 3345 1467 est
3367 1418 3533 1481 atque
3576 1420 3755 1467 certa—

2172 1517 2320 1570 men,
2347 1509 2403 1557 et
2430 1503 2673 1558 incertus
2698 1502 2878 1559 exitus
2900 1500 3225 1558 futurorum.

2249 1635 2268 1668 ‹
2302 1614 2369 1669 Et
2395 1614 2578 1670 induxi
2606 1629 2702 1669 vos
2732 1615 2786 1668 in
2814 1622 3016 1669 terram
3034 1613 3366 1680 Carmeli,ut
3392 1615 3758 1671 comederetis

2174 1726 2199 1759 ir
2241 1705 2477 1761 fructum
2503 1705 2620 1775 ejus
2655 1714 2711 1761 et
2734 1704 2881 1760 bona
2910 1705 3075 1761 illius.
3112 1705 3179 1760 Et
3211 1705 3443 1777 ingressi
3490 1709 3759 1763 contami-

2182 1819 2200 1851 ‹
2243 1800 2415 1855 uastis
2444 1808 2644 1855 terram
2679 1813 2853 1855 meam
2881 1838 2897 1863 ,
2938 1808 2994 1853 et
3034 1797 3403 1855 hereditatem
3448 1814 3630 1855 meam
3662 1818 3758 1871 po—

2182 1910 2201 1942 ι
2232 1891 2431 1945 suistis
2455 1891 2513 1945 in
2543 1890 3020 1945 abominationem.
3057 1909 3077 1943 ›
3110 1890 3216 1946 Pro
3253 1891 3439 1947 labore
3475 1892 3755 1946 durissimi

2173 1980 2385 2036 itineris
2412 1981 2531 2036 dedi
2559 1981 2713 2036 vobis
2737 1982 2977 2036 omnium
3004 1998 3187 2038 rerum
3211 1984 3621 2058 abundantiam.
3643 1984 3758 2040 Hoc

2174 2072 2372 2142 quippe
2402 2073 2673 2143 significat
2702 2072 2983 2130 Carmelus
3003 2115 3017 2141 ,
3050 2076 3142 2144 qui
3166 2075 3431 2143 Hebraice
3454 2078 3760 2149 appellatur

2174 2165 2397 2219 chermel
2417 2173 2472 2219 et
2499 2166 2551 2217 in
2574 2164 2753 2234 lingua
2774 2173 2961 2220 nostra
2982 2174 3138 2221 sonat
3163 2166 3507 2236 cognitionem
3531 2170 3763 2222 circum-

2174 2256 2406 2315 eisionis.
2435 2256 2716 2323 Quomodo
2755 2264 2937 2312 autem
2981 2257 3071 2311 ille
3118 2258 3346 2328 populus
3390 2266 3590 2315 terram
3636 2275 3763 2315 san-

2175 2361 2317 2407 ctam
2353 2351 2681 2406 et-omnium
2721 2365 2904 2406 rerum
2937 2350 3170 2406 fertilem
3210 2353 3512 2409 idololatria
3562 2354 3762 2425 polluit

2174 2450 2337 2510 atqae
2366 2441 2627 2507 violavit,
2680 2442 2759 2496 sic
2803 2456 2904 2497 nos
2948 2438 3092 2498 verte
3145 2444 3569 2500 circumeisionis
3619 2447 3762 2501 θερί·

2176 2528 2387 2598 pientes
2440 2529 2724 2583 scientiam
2754 2569 2769 2594 ,
2814 2532 3148 2586 comedimus
3184 2532 3421 2588 fructum
3449 2535 3593 2605 ejus;
3624 2545 3681 2591 et
3713 2536 3762 2591 si

2176 2620 2498 2690 negligentia
2544 2621 2898 2691 subrepserit,
2947 2625 3382 2681 contaminamus
3410 2635 3608 2682 terram
3638 2627 3759 2694 Dei,

2176 2717 2232 2764 et
2256 2710 2626 2777 haereditatem
2664 2711 2809 2767 illius
2850 2713 3267 2770 abominabilem
3293 2715 3539 2771 facimus.

2256 2840 2272 2872 ι
2317 2818 2637 2877 Sacerdotes
2664 2838 2771 2878 non
2807 2823 3061 2881 dixerunt
3093 2844 3106 2880 :
3137 2826 3240 2883 Ubi
3268 2836 3353 2883 est
3379 2827 3684 2884 Dominus?
3708 2839 3765 2886 et

2183 2929 2203 2963 ‹
2247 2919 2490 2979 tenentes
2520 2912 2694 2982 legem
2735 2930 2915 2978 meum,
2940 2916 3247 2972 nescierunt
3286 2934 3402 2983 me,
3436 2926 3492 2974 et
3515 2929 3764 2989 pastores

2183 3016 2204 3051 ι
2240 3001 2573 3069 przevaricati
2596 3011 2720 3057 sunt
2734 3004 2787 3059 in
2805 3021 2922 3071 me;
2942 3014 2995 3061 et
3007 3008 3284 3078 propheta:
3305 3010 3767 3080 prophetaverunt

2182 3109 2201 3140 ‹
2240 3090 2295 3143 in
2318 3090 2445 3144 Baal
2462 3130 2477 3156 ,
2504 3100 2559 3147 et
2586 3093 2727 3148 idola
2750 3098 2921 3150 secuti
2943 3109 3085 3153 sunt.
3119 3119 3139 3152 ι
3168 3098 3296 3154 Post
3329 3108 3477 3155 tanta
3501 3101 3763 3157 beneﬁcia

2100 3188 2152 3257 α
2181 3190 2460 3237 verterunt
2500 3185 2553 3238 in
2605 3194 2973 3259 eontempuim
3032 3190 3310 3261 privilegia
3354 3191 3652 3263 dignitatis,
3708 3205 3768 3248 ut

2183 3276 2489 3330 sacerdotes
2535 3276 2818 3333 Dominum
2868 3295 2975 3336 non
3024 3290 3358 3350 quaererent,
3411 3292 3469 3336 ut
3515 3283 3769 3339 doctores

2184 3364 2316 3440 legis
2344 3366 2657 3437 ignorarent
2695 3383 2819 3424 eum
2862 3371 2955 3440 qui
2984 3372 3119 3426 alios
3147 3372 3345 3428 docere
3370 3372 3638 3428 debebant
3662 3414 3679 3439 ,
3710 3383 3768 3428 et

2183 3456 2565 3525 przedicatores
2615 3475 2714 3529 per
2761 3461 3135 3532 negligentiam
3165 3467 3606 3534 przevarieatore's
3668 3467 3767 3521 ﬁe-

2186 3554 2335 3600 rent:
2364 3550 2421 3602 et
2444 3551 2740 3620 prophetae,
2763 3552 2855 3621 qui
2885 3553 2938 3607 in
2964 3556 3176 3624 populis
3203 3556 3499 3626 disputant,
3526 3572 3629 3611 non
3659 3558 3770 3612 Deo

2187 3636 2495 3707 loquantur,
2524 3641 2620 3695 sed
2647 3641 2807 3706 idolo,
2838 3649 2892 3696 et
2914 3658 3011 3697 sua
3033 3644 3288 3713 ﬁgmenta
3304 3657 3647 3700 venerentur.
3674 3646 3771 3701 llis

2191 3740 2371 3785 autem
2412 3730 2592 3785 verbis
2628 3734 2888 3796 utendum
2914 3742 2999 3789 est
3028 3736 3312 3791 adversum
3355 3738 3525 3792 nostri
3560 3738 3771 3792 ordinis

2189 3822 2497 3894 magistros,
2528 3824 2620 3893 qui
2668 3825 2932 3879 devorant
2961 3827 3216 3895 populum
3245 3826 3339 3882 Dei
3387 3827 3538 3882 velut
3589 3829 3772 3882 cibum

2190 3917 2373 3985 panis,
2424 3926 2478 3972 et
2502 3932 2599 3986 per
2628 3919 2767 3973 mala
2815 3934 2979 3989 opera
3024 3936 3133 3975 non
3165 3922 3419 3977 invocant
3461 3920 3770 3982 Dominum.

2191 4004 2487 4078 (Greg.)‘Et
2517 4010 2710 4064 nesciri
2752 4024 2884 4081 ergo
2932 4014 3096 4085 segab
3132 4013 3212 4067 eis
3239 4011 3454 4068 Veritas
3481 4014 3772 4083 quaeritur,

2190 4106 2245 4152 et
2270 4099 2479 4153 nescire
2502 4114 2559 4154 se
2585 4100 2950 4171 principatum
2975 4103 3330 4159 nescientium
3357 4102 3777 4175 protestaturmt

2190 4199 2275 4245 est
2304 4191 2434 4245 illud
2466 4192 2521 4246 in
2572 4192 2863 4263 Evangelio
2896 4209 2911 4247 :
2951 4212 2971 4245 ί
3021 4194 3275 4250 Recedite
3303 4212 3333 4249 a
3365 4212 3452 4251 me
3478 4238 3492 4261 ,
3538 4198 3777 4266 operarii

2190 4279 2511 4350 iniquitatis,
2561 4283 2743 4336 nescio
2769 4283 2858 4352 qui
2898 4284 3031 4339 estis
3075 4284 3292 4355 (Matth.
3322 4285 3441 4357 vn).
3486 4286 3620 4352 Quia
3650 4303 3777 4356 pro—

2191 4370 2336 4426 fecto
2368 4372 2584 4443 ‘iniqui,
2623 4374 2750 4427 dum
2783 4388 2846 4427 ea
2877 4389 2996 4443 qua:
3025 4384 3151 4429 sunt
3194 4377 3406 4430 Domini
3436 4379 3718 4443 nesciunt,
3746 4394 3775 4431 a

2192 4464 2420 4520 Domino
2450 4466 2781 4532 nesciuntur,
2809 4467 2974 4522 Paulo
2997 4475 3317 4535 attestante,
3350 4470 3443 4538 qui
3486 4471 3566 4524 ait
3610 4489 3623 4524 :
3666 4491 3684 4521 ‹
3720 4471 3776 4526 Si

509 4548 705 4619 pretati
764 4552 929 4611 sunt,
981 4551 1039 4597 et
1089 4556 1188 4612 pro
1236 4542 1467 4611 imagine
1526 4543 1746 4608 mortis,
1799 4545 1866 4599 de
1913 4544 2079 4601 Theo-

2194 4555 2316 4625 quis
2346 4565 2528 4611 autem
2560 4557 2802 4627 ignorat,
2840 4558 3176 4628 ignorabitur
3202 4557 3253 4631 (I
3277 4535 3401 4615 Car.
3426 4561 3563 4632 nv).
3602 4580 3620 4612 ι
3652 4562 3778 4627 Qua:

511 4640 730 4693 dotione
770 4636 1011 4689 additum
1045 4643 1127 4687 est
1155 4632 1340 4686 umbra
1364 4632 1567 4685 mortis.
1609 4631 1759 4698 Quod
1788 4647 1909 4687 cum
1935 4634 2087 4703 juxta

514 4726 799 4784 historiam
835 4722 1183 4778 manifestum
1229 4722 1319 4787 sit,
1362 4722 1491 4776 illud
1526 4723 1978 4777 considerandum
2006 4740 2091 4779 se-

514 4818 747 4874 cundum
772 4818 1035 4889 αναγαγήν
1056 4852 1073 4879 ,
1104 4812 1248 4882 quod
1288 4814 1525 4882 quandiu
1558 4815 1613 4867 in
1647 4814 1750 4870 isto
1782 4816 1978 4871 smculo
2004 4832 2096 4871 su-

516 4922 666 4970 mus,
707 4913 763 4959 et
804 4905 871 4959 de
908 4902 1141 4974 Egypto
1185 4893 1502 4970 educimur,
1542 4904 1798 4973 paulatim
1844 4908 2095 4963 ascendi-

517 5009 659 5055 mus,
701 5001 758 5048 et
787 4993 1023 5063 primum
1053 5010 1071 5043 ‹
1114 4992 1322 5046 deserta
1366 5011 1384 5044 ι
1418 4993 1707 5050 transimus
1750 5013 1768 5047 ‹
1802 5004 1856 5051 et
1895 5007 2096 5053 terram

517 5082 949 5147 iuhabitabilem,
987 5101 1007 5134 ι
1043 5096 1206 5151 quam
1246 5091 1465 5137 sanctus
1509 5084 1815 5142 inhabitare
1857 5105 1962 5144 non
2009 5092 2103 5146 de-

518 5176 628 5241 bet,
662 5192 680 5224 ι
708 5184 764 5229 et
785 5173 984 5228 inviam
1008 5213 1023 5237 ,
1053 5191 1071 5223 ι
1103 5180 1163 5226 ut
1185 5170 1561 5228 diﬁlcultatem‘
1578 5185 1841 5232 monstret
1868 5179 2102 5235 itineris.

526 5283 546 5315 ι
575 5264 679 5319 Per
714 5270 916 5317 terram
946 5262 1092 5326 sitis,
1133 5281 1153 5314 ι
1189 5263 1278 5316 ubi
1304 5277 1518 5333 semper
1564 5265 1769 5334 majora
1810 5269 2055 5339 cupimus
2083 5313 2100 5337 ,

521 5351 623 5410 nec
643 5354 997 5423 praesentibus
1018 5353 1259 5407 contenti
1280 5370 1494 5420 sumus;
1525 5374 1543 5405 ι
1565 5364 1621 5409 et
1640 5357 1924 5428 imaginem
1948 5380 1966 5412 ι
1988 5361 2101 5417 sive

520 5444 767 5497 umbram
802 5463 819 5493 ι
863 5445 1050 5500 mortis
1085 5463 1098 5498 :
1138 5464 1157 5497 ι
1188 5459 1401 5513 semper
1427 5446 1571 5501 enim
1608 5447 1663 5500 in
1699 5449 1937 5515 periculo
1973 5466 2101 5505 con-

524 5532 795 5595 sistimus,
834 5544 889 5588 et
914 5536 1111 5605 ubique
1158 5536 1401 5592 diabolus
1451 5538 1623 5591 tendit
1663 5537 1883 5607 laqueos
1924 5556 2093 5596 suos:

530 5641 549 5675 t
584 5639 681 5695 per
711 5632 912 5680 terram
942 5627 994 5681 in
1024 5643 1131 5697 qua
1161 5644 1268 5683 non
1306 5628 1602 5686 ambulavit
1644 5631 1729 5686 vir
1750 5671 1766 5698 ,
1804 5652 1825 5686 ι
1852 5634 1946 5703 qui
1971 5648 2097 5705 per-

599 5745 625 5772 τι
650 5736 1057 5809 Pelagianorum
1084 5740 1309 5797 scilicet.

2198 4647 2453 4702 nimirum
2498 4658 2775 4717 pastorum
2803 4659 2945 4719 saepe
2972 4651 3241 4719 imperitia
3287 4652 3496 4706 meritis
3529 4656 3779 4724 congruit

2198 4736 2587 4807 subjectorum.
2614 4739 2715 4806 Qui
2741 4740 2987 4809 quamvis
3009 4740 3191 4794 lumen
3215 4742 3477 4806 scientiae,
3499 4740 3600 4796 sua
3624 4744 3778 4812 culpa

2199 4830 2465 4901 exigente,
2503 4846 2610 4885 non
2642 4832 2897 4897 habeant,
2925 4833 3171 4889 districto
3197 4844 3377 4889 tamen
3417 4835 3634 4906 judicio
3672 4838 3780 4907 agi-

2203 4928 2293 4975 tur
2326 4931 2388 4975 ut
2419 4937 2516 4992 per
2547 4938 2732 4978 eorum
2768 4922 3133 5003 ignorantiam
3158 4927 3214 4981 hi
3250 4927 3414 4982 etiam
3435 4929 3528 4998 qui
3551 4946 3782 5001 sequun-

2204 5020 2291 5064 tur
2329 5011 2619 5066 oﬁ‘endant.
2674 5014 2811 5068 Hinc
2859 5030 3091 5085 namque
3131 5017 3185 5071 in
3231 5017 3520 5088 Evangelio
3556 5035 3660 5089 per
3705 5034 3782 5073 se.

2204 5101 2487 5171 metipsam
2523 5101 2737 5158 Veritas
2776 5103 2945 5158 dicit:
2983 5123 3001 5156 ι
3038 5106 3095 5160 Si
3136 5097 3309 5162 esec'us
3337 5124 3482 5163 caseo
3525 5110 3780 5165 ducatum

2205 5195 2460 5264 praebeat,
2488 5197 2647 5251 ambo
2673 5196 2728 5249 in
2764 5189 2974 5251 foveam
3004 5199 3203 5253 cadunt
3233 5199 3446 5271 (Matth.
3475 5200 3591 5273 xv).
3628 5221 3647 5252 ι

2281 5304 2299 5337 ι
2330 5286 2622 5357 Propterea
2671 5289 2845 5343 adhuc
2878 5287 3086 5356 judicio
3131 5291 3453 5345 contendam
3480 5292 3779 5357 vobiscum,

2214 5394 2233 5427 ι
2275 5377 2352 5430 ait
2378 5376 2669 5442 Dominus,
2705 5386 2760 5433 et
2804 5393 2925 5433 cum
2961 5378 3085 5435 ﬁliis
3139 5382 3335 5435 vestris
3386 5381 3719 5450 disceptaho.
3757 5400 3775 5432 ι

2207 5466 2473 5540 (Ηὶενοη.)
2501 5470 2578 5525 Ne
2601 5471 2846 5525 videatur
2859 5482 3139 5542 percutere
3165 5487 3262 5541 per
3284 5475 3609 5541 potentiam,
3632 5474 3783 5545 quasi

2206 5574 2325 5613 cum
2390 5563 2611 5630 paribus
2664 5562 2871 5617 ratione
2936 5564 3232 5628 contendit,
3264 5561 3424 5633 juxta
3468 5564 3605 5619 illud
3644 5564 3784 5634 quod

2203 5647 2373 5705 David
2397 5651 2544 5706 canit
2587 5661 2643 5707 et
2674 5660 2899 5724 usurpat
2948 5653 3236 5725 Apostolus
3268 5670 3281 5707 :
3315 5671 3336 5705 ι
3374 5652 3446 5711 Ut
3466 5653 3783 5725 justificeria
