3910 6386
240 424 351 484 813

1165 420 1528 478 EXPOSITIO
1564 418 1793 477 SUPER
1830 416 2195 474 JEREMIAM.
2222 447 2295 459 ——
2329 418 2457 474 LIB.
2495 419 2535 475 Ι.

3385 424 3487 478 8M

240 538 298 594 in
336 534 675 592 sermonibus
709 534 847 599 tuis,
885 541 941 589 et
970 533 1157 588 vincas
1197 546 1315 586 cum
1353 531 1615 600 judicaris
1637 527 1808 602 (Prol.
1839 528 1893 589 Α
1916 526 2025 580 rint
2060 527 2347 596 imaginem
2373 526 2683 595 quamdam,
2708 540 2870 595 quam
2900 526 2955 579 iu
2975 528 3362 595 supplicatione
3388 545 3487 597 po-

240 645 294 691 ι..
334 627 484 681 Rom.
515 625 610 697 1).»
644 625 901 696 Quodque
934 626 1114 695 posuit
1140 625 1337 691 adhuc,
1373 640 1515 694 saepe
1538 640 1596 681 se
1622 623 1816 679 fecisse

242 724 491 772 testatur.
523 715 591 769 Et
638 717 780 785 quod
830 716 1009 771 intulit
1034 732 1153 769 cum
1181 715 1308 784 [iliis
1353 718 1555 782 vestris,
1584 716 1814 771 similem

235 806 476 859 ostendit
532 805 694 860 etiam
759 805 814 863 in
892 805 1017 859 filiis
1081 803 1347 858 malorum
1436 806 1809 873 pertinaciam.

237 891 463 949 Occultc
495 902 686 949 autem
731 887 1007 963 significat
1036 893 1178 961 quod
1220 893 1497 961 antiquam
1538 894 1593 949 in
1643 894 1812 950 Deum

233 985 580 1054 negationem
619 981 783 1040 etiam
832 973 926 1037 ﬁlii
974 997 1161 1037 eorum
1215 981 1270 1035 in
1324 981 1557 1039 adventu
1600 982 1812 1039 Domini

233 1072 349 1129 sint
376 1074 568 1129 secuti.

313 1181 333 1215 ι
369 1162 617 1218 Transite
674 1162 742 1217 ad
796 1162 1001 1218 insulas
1055 1161 1291 1228 Cethim,
1320 1170 1376 1217 et
1428 1163 1725 1218 videtezet
1752 1164 1808 1219 in

235 1273 256 1308 ι
291 1256 470 1313 Cedar
493 1258 709 1324 mittite,
751 1267 807 1313 et
855 1257 1194 1313 considerate
1238 1258 1610 1323 vehementer,
1647 1268 1702 1314 et
1730 1260 1811 1313 vi-

234 1367 255 1400 ι
292 1348 415 1429 dcte
450 1349 497 1404 si
546 1348 744 1404 factum
771 1357 853 1403 est
888 1346 1260 1417 hujuscemodi
1296 1365 1309 1402 :
1341 1348 1385 1405 si
1421 1350 1649 1403 mutavit
1677 1364 1809 1420 gens

232 1453 253 1487 ι
298 1436 431 1490 deos
461 1449 587 1489 suos
617 1450 633 1488 :
669 1442 724 1488 et
750 1442 898 1489 certe
920 1434 1019 1503 ipsi
1039 1448 1147 1487 non
1178 1434 1411 1489 suntdii.
1435 1433 1666 1503 Populus
1680 1450 1807 1491 vero

229 1543 249 1576 ι
287 1539 443 1578 meus
463 1524 688 1578 mutavit
716 1524 941 1595 gloriam
968 1539 1122 1578 suam
1154 1524 1207 1578 in
1235 1523 1434 1579 idolum
1454 1524 1589 1595 (sive
1610 1525 1675 1579 de
1698 1539 1806 1594 quo

228 1631 249 1664 ι
284 1612 489 1667 einihil
510 1612 793 1686 proderit).
829 1633 849 1665 ι
883 1598 1355 1683 Comparationem
1406 1611 1536 1667 facit
1571 1612 1685 1682 ejus
1726 1613 1805 1668 rei

222 1717 349 1773 quae
371 1702 811 1773 incomparabilis
837 1712 939 1769 est,
972 1710 1027 1758 et
1054 1718 1243 1759 verum
1272 1703 1557 1758 Dominum
1595 1702 1805 1757 confert

221 1795 597 1849 mendacibus.
624 1794 721 1859 lte,
758 1794 952 1864 inquit,
981 1794 1049 1848 ad
1073 1793 1277 1847 insulas
1302 1791 1533 1857 Cethim,
1560 1806 1695 1861 quas
1721 1790 1807 1845 vel

1915 616 2003 670 siti
2023 615 2225 685 jugiter
2252 614 2609 683 interpellent,
2643 629 2869 684 eamque
2897 614 3285 681 circumferant
3309 628 3490 675 mente

1914 721 1978 761 ac
1996 721 2107 777 pra:
2126 704 2296 760 oculis
2316 714 2533 760 teneant
2559 721 2771 777 semper
2798 707 3033 761 afﬁxam.
3065 706 3238 778 Super
3262 724 3488 778 quorum

1911 798 2017 853 hoc
2045 810 2231 852 errore
2258 804 2625 866 competenter
2648 798 2896 867 dirigitur
2922 797 3009 853 illa
3032 800 3299 853 sententia
3328 818 3341 853 :
3375 818 3393 849 ε
3423 797 3490 854 Et

1913 896 2257 943 mutaverunt
2283 886 2509 957 gloriam
2536 885 2957 955 incorruptibilis
2979 889 3077 948 Dei
3101 889 3156 942 in
3186 887 3493 943 similitudi-

1912 993 2035 1033 nem
2072 977 2318 1049 imaginis
2352 976 2587 1032 hominis
2624 976 3006 1047 corruptibilis.
3051 977 3313 1034 Jeremias
3351 994 3488 1048 quo-

1911 1082 2017 1138 que
2047 1085 2060 1121 :
2095 1086 2115 1119 ι
2143 1066 2414 1138 Populus,
2454 1064 2659 1139 inquit,
2697 1082 2849 1122 meus
2896 1069 3124 1122 mutavit
3164 1068 3386 1139 gloriam
3434 1071 3489 1123 in

1909 1156 2074 1214 idolo.
2107 1176 2128 1211 ι
2153 1156 2254 1224 Qui
2282 1172 2456 1225 error,
2479 1158 2605 1213 licet
2623 1158 2831 1228 origine
2854 1157 2957 1212 hac
2976 1172 3080 1226 qua
3103 1157 3333 1214 diximus
3355 1174 3488 1228 quu-

1909 1248 2156 1303 rumdam
2183 1247 2431 1303 sensibus
2460 1248 2529 1302 sit
2565 1248 2819 1313 inclitus,
2847 1246 3197 1303 nihilominus
3223 1253 3404 1302 tamen
3434 1248 3489 1302 in

1909 1337 2125 1392 illorum
2145 1352 2361 1406 quoque
2392 1337 2589 1392 animis
2611 1337 2701 1406 qui
2726 1353 2997 1402 nunquam
3022 1338 3274 1405 gentilica
3303 1330 3491 1409 super-

1909 1425 2127 1480 stitione
2148 1425 2337 1495 polluti
2359 1432 2505 1492 sunt,
2520 1427 2620 1481 sub
2639 1427 2819 1483 colore
2850 1428 3141 1483 testimonii
3167 1428 3326 1499 hujus
3346 1429 3491 1497 quod

1909 1514 2109 1570 dicitur
2133 1534 2146 1570 :
2185 1533 2205 1567 ι
2244 1515 2533 1573 Faciamus
2557 1518 2830 1574 hominem
2851 1519 2919 1574 ad
2946 1520 3236 1591 imaginem
3266 1527 3321 1575 et
3342 1519 3492 1575 simi-

1907 1605 2188 1662 litudinem
2233 1616 2508 1675 nostram;
2559 1629 2581 1664 ι
2617 1610 2887 1680 imperitia
2927 1628 3023 1667 seu
3064 1612 3369 1673 rusticitate
3405 1612 3487 1668 fa-

1909 1695 2085 1750 ciente
2113 1704 2423 1754 contractus
2455 1707 2569 1765 est,
2610 1701 2685 1754 ita
2714 1708 2771 1755 ut
2800 1701 2966 1756 etiam
2998 1702 3219 1759 haeresis
3254 1703 3493 1759 Anthro-

1908 1787 2374 1856 pomorphitarum
2410 1790 2510 1844 sub
2539 1792 2825 1847 occasione
2850 1792 3183 1849 detestanda:
3220 1794 3381 1865 hujus
3408 1795 3492 1849 in-

219 1882 393 1939 ltalize
412 1884 493 1939 vel
514 1861 939 1939 Occidentalium
966 1883 1201 1951 partium
1222 1881 1480 1937 debemus
1509 1878 1756 1951 accipere
1786 1898 1802 1948 ;
1835 1861 1884 1920 Β
1911 1879 2315 1948 ιεινρτειείἰοηὶε
2353 1884 2635 1938 emerserit
2656 1923 2673 1949 ,
2712 1900 2832 1954 quae
2875 1886 3195 1942 immensam
3240 1861 3385 1941 illam
3424 1902 3491 1943 ac

218 1979 294 2034 ab
314 1994 382 2034 eo
407 1978 549 2048 quod
583 1988 740 2032 terra:
764 1977 961 2033 Juda-a
985 1975 1197 2048 Cyprus
1225 1976 1423 2040 insula,
1456 1975 1510 2029 in
1533 1989 1638 2043 qua
1674 1974 1805 2029 urbs

214 2072 327 2127 hoc
359 2070 620 2126 vocabulo
642 2055 1013 2139 nuncupatur,
1050 2068 1227 2141 vicina
1256 2066 1347 2132 sit,
1378 2066 1446 2121 de
1469 2080 1574 2135 qua
1592 2071 1647 2119 et
1660 2063 1805 2119 Zeno

214 2163 476 2232 princeps
512 2160 816 2215 Stoicorum
845 2158 966 2226 fuit.
1019 2145 1198 2214 Cedar
1226 2165 1408 2214 autem
1434 2156 1584 2226 regio
1605 2164 1689 2210 est
1714 2170 1804 2210 so-

211 2248 465 2305 litudinis
509 2258 565 2304 et
617 2248 1005 2304 lsinaelitarum
1031 2287 1049 2314 ,
1096 2262 1232 2317 quos
1302 2260 1447 2301 nunc
1500 2242 1803 2300 Saracenos

213 2348 438 2395 vocant.
460 2339 658 2394 Contra
706 2355 867 2409 quam
895 2340 1055 2409 hujus
1094 2338 1264 2408 ipsius
1318 2338 1593 2408 prephetm
1621 2338 1676 2392 in
1706 2352 1802 2391 ex-

211 2432 408 2486 tremis
436 2431 676 2500 pertibus
705 2431 906 2485 texitur
934 2430 1252 2484 vaticinium
1270 2469 1285 2495 ,
1328 2438 1383 2484 et
1430 2428 1584 2497 cujus
1613 2427 1799 2483 memi-

207 2520 296 2576 nit
323 2519 491 2575 David
522 2518 726 2573 dicens.
755 2537 773 2569 ‹
796 2517 1043 2572 Habitavi
1070 2533 1192 2573 cum
1216 2517 1584 2574 habitantibus
1604 2517 1797 2585 Cedar,

207 2610 445 2665 multum
476 2611 812 2680 peregrinata
853 2617 938 2664 est
978 2610 1161 2663 anima
1190 2625 1310 2664 mea
1361 2607 1534 2681 (Paul.
1563 2609 1734 2677 CXIX).
1772 2629 1793 2662 ι

208 2702 284 2758 Ει
327 2711 411 2757 εει
445 2715 635 2757 sensus
666 2718 678 2754 :
706 2701 804 2757 Vel
851 2701 920 2757 ad
976 2701 1315 2757 occidentem
1362 2702 1589 2771 pergite,
1620 2701 1705 2756 vel
1743 2701 1799 2755 in

206 2795 559 2853 solitudinem
609 2794 828 2859 mittite,
880 2800 937 2849 et
962 2793 1140 2848 videte
1186 2792 1232 2847 si
1258 2806 1364 2862 qua
1403 2807 1535 2862 gens
1575 2793 1677 2846 hoc
1720 2791 1800 2846 fe-

204 2886 354 2942 cerit
390 2884 532 2955 quod
578 2899 676 2938 vos
717 2883 945 2938 fecistis.
998 2881 1155 2937 Nulla
1204 2882 1349 2937 enim
1405 2896 1592 2936 earum
1642 2895 1795 2952 spre-

204 2979 288 3034 vit
338 2977 467 3033 deos
508 2991 666 3042 suos,
720 2990 821 3030 nec
846 2974 1055 3046 ligneos
1107 2982 1163 3030 et
1205 2974 1446 3044 lapideos
1502 2985 1795 3027 aureorum

202 3068 616 3139 conparatione
662 3066 921 3131 mutavit;
967 3066 1063 3122 sed
1106 3065 1383 3133 antiquum
1423 3078 1664 3119 errorem
1712 3077 1798 3118 se-

201 3168 369 3225 cuta,
408 3159 576 3213 tenuit
616 3158 757 3227 quod
796 3172 827 3212 a
869 3142 1165 3225 majoribus
1208 3162 1510 3231 acceperat.
1541 3155 1608 3209 Et
1648 3163 1797 3210 certe

202 3250 315 3305 hoc
337 3290 351 3314 ,
383 3265 505 3303 cum
534 3249 711 3303 nullus
740 3263 928 3303 eorum
958 3248 1091 3302 deus
1114 3246 1212 3310 sit,
1245 3246 1340 3301 sed
1367 3243 1660 3301 simulacra
1690 3244 1791 3299 ho-

200 3341 417 3415 minum
446 3341 570 3393 ﬁcta
599 3354 781 3393 manu.
812 3337 1045 3409 Populus
1068 3352 1194 3393 vero
1218 3350 1372 3391 meus
1392 3338 1620 3391 mutavit
1644 3350 1769 3392 men

200 3430 367 3487 dacio
392 3428 705 3493 veritatem,
736 3438 792 3484 et
830 3428 1030 3483 idolum
1062 3427 1195 3482 mihi
1232 3426 1499 3498 praetulit,
1535 3425 1679 3496 quod
1713 3425 1796 3481 eis

199 3520 552 3575 necessitatis
584 3528 827 3589 tempore
850 3519 1106 3589 prodesse
1136 3533 1242 3572 non
1262 3518 1477 3587 poterit.
1502 3517 1796 3572 Possumus

196 3610 310 3665 hoc
340 3611 521 3683 dicere
554 3616 609 3663 et
639 3617 829 3663 contra
859 3623 953 3664 eos
986 3607 1079 3678 qui
1108 3608 1312 3679 majore
1351 3606 1531 3663 studio
1560 3622 1794 3675 sequun-

201 3708 295 3753 tur
325 3698 457 3751 vitia
496 3712 660 3766 quam
698 3686 959 3763 virtutes;
992 3712 1130 3767 quos
1166 3706 1349 3752 monet
1385 3696 1676 3767 Apostolus
1710 3696 1795 3751 di-

197 3802 372 3843 oens:
396 3804 414 3837 ε
438 3773 741 3841 Humanum
756 3786 1200 3855 loquor,propter
1222 3785 1588 3839 infirmitatem
1611 3786 1792 3841 carnis

196 3866 420 3940 veStrm.
454 3876 607 3932 Sicut
643 3877 967 3932 exhibuistis
998 3877 1240 3930 membra
1280 3883 1458 3929 vestra
1496 3874 1789 3929 servientia

195 3968 559 4025 immunditiis
580 3976 635 4022 et
653 3967 925 4037 iniquitati
948 3967 1016 4020 ad
1037 3966 1400 4035 iniquitatem,
1429 3964 1505 4019 ita
1530 3979 1673 4019 nunc
1695 3979 1789 4018 ex-

193 4060 385 4116 hibete
407 4059 647 4113 membra
668 4066 849 4112 vestra
878 4052 1171 4112 servientia
1198 4055 1421 4124 justitim
1450 4056 1503 4109 in
1540 4043 1784 4111 sanctiﬁ-

193 4149 475 4206 cationem
499 4146 676 4219 (Rom.
700 4146 797 4219 Vl).
837 4165 856 4198 ι
893 4144 1006 4201 Hoc
1033 4160 1247 4215 quoque
1288 4147 1615 4200 noscendum
1642 4146 1789 4216 quod

194 4239 334 4294 nulli
357 4238 519 4292 liceat
536 4238 591 4291 in
616 4236 861 4291 oratione
879 4236 1076 4304 posito,
1100 4235 1164 4289 de
1186 4235 1365 4289 divina
1388 4226 1671 4303 majestate
1688 4234 1788 4288 ali-

194 4332 331 4403 quid
354 4328 707 4398 corporaliter
729 4334 965 4381 tractare
986 4334 1079 4379 aut
1098 4325 1295 4398 ﬁngere
1304 4325 1457 4395 juxta
1476 4325 1784 4394 Anthropo-

192 4422 594 4493 morphitarum
630 4420 899 4474 interesim.
944 4417 1003 4471 In
1038 4433 1144 4486 quo
1182 4431 1367 4471 errore
1408 4414 1781 4486 Serapionem,

1909 1972 2203 2042 simplicem
2227 1972 2533 2030 Divinitatis
2551 1975 2905 2031 substantiam
2926 1960 3265 2033 lineamentis
3287 1976 3492 2034 nostris

1906 2070 1962 2116 et
1986 2063 2225 2117 humana
2245 2062 2567 2134 ﬁguratione
2588 2065 2962 2135 compositam,
2985 2054 3247 2138 pertinaci
3270 2085 3489 2139 perver-

1906 2152 2067 2208 sitate
2090 2153 2387 2207 contendit.
2419 2153 2591 2221 Quam
2628 2162 2807 2209 tamen
2842 2155 2888 2211 si
2915 2156 3038 2227 quis
3075 2155 3239 2213 fuerit
3264 2158 3490 2214 catholi-

1904 2240 1987 2297 cis
2011 2242 2352 2313 dogmatibus
2380 2243 2690 2310 institutus,
2728 2252 2789 2299 ut
2816 2245 3071 2317 gentilem
3098 2247 3488 2318 blasphemiam

1904 2332 2293 2399 detestabitur,
2334 2341 2391 2389 et
2422 2334 2496 2389 ita
2535 2335 2603 2389 ad
2648 2334 2793 2390 illam
2841 2336 3104 2393 orationis
3140 2338 3487 2407 purissimam

1903 2424 2182 2493 perveniet
2207 2424 2544 2493 qualitatem,
2575 2441 2695 2495 quae
2717 2441 2823 2482 non
2850 2426 3022 2483 solum
3052 2429 3251 2491 nullam
3279 2430 3486 2487 Divini-

1903 2514 2035 2569 tatis
2060 2512 2291 2585 eiligiem
2311 2554 2327 2581 ,
2354 2530 2456 2569 nec
2476 2514 2804 2573 lineamenta
2833 2531 3124 2589 corporea,
3157 2520 3303 2589 quod
3340 2520 3484 2577 dictu

1902 2618 2122 2675 quoque
2146 2603 2300 2660 nefas
2326 2614 2431 2671 est,
2459 2604 2515 2660 in
2541 2621 2637 2661 sua
2665 2606 3054 2678 supplicatione
3081 2609 3348 2675 miscebit,
3390 2612 3484 2668 sed

1901 2708 2003 2751 nec
2030 2694 2191 2750 ullam
2222 2695 2440 2765 quidem
2476 2696 2530 2750 in
2560 2712 2620 2751 se
2644 2697 2960 2753 memoriam
2990 2698 3119 2754 dicti
3144 2700 3483 2773 cujusquam,

1899 2785 1987 2838 vel
2014 2774 2141 2841 facti
2170 2786 2423 2857 speciem,
2456 2800 2553 2841 seu
2583 2784 2812 2841 formam
2841 2786 3128 2858 cujuslibet
3155 2789 3484 2847 eharaeteris

1901 2875 2153 2929 admittit.

1976 2987 1994 3019 ι
2014 2966 2414 3038 Obstupescite,
2430 2968 2573 3033 caeli,
2598 2984 2760 3038 super
2782 2968 2905 3033 hoc,
2931 2978 2986 3023 et
3006 2977 3175 3039 porta:
3199 2971 3317 3041 ejus
3327 2970 3483 3027 deso—

1903 3074 1923 3108 c
1960 3054 2151 3114 lamini
2174 3059 2542 3125 vehementer,
2567 3060 2697 3114 dicit
2726 3060 3003 3116 Dominus.
3032 3061 3149 3117 Duo
3172 3063 3317 3118 enim
3340 3063 3479 3120 mala

1906 3164 1925 3198 ι
1963 3146 2091 3201 fecit
2109 3148 2339 3218 pepulus
2357 3164 2511 3204 meus
2535 3168 2549 3203 :
2574 3165 2662 3205 me
2685 3148 3085 3219 dereliquerunt
3100 3150 3305 3207 fontem
3329 3159 3483 3224 aquai

1905 3258 1925 3292 ι
1958 3239 2130 3306 vivae,
2164 3245 2226 3295 et
2268 3240 2519 3300 foderunt
2557 3241 2672 3296 sibi
2697 3241 2962 3297 cisternas
3000 3243 3319 3314 dissipatas,
3361 3261 3482 3316 qua:

1906 3350 1925 3384 ι
1964 3335 2242 3390 continere
2258 3349 2364 3390 non
2380 3335 2565 3390 valent
2585 3350 2774 3405 aquas.
2797 3334 3006 3391 i‘LXX:
3030 3354 3050 3388 ι
3071 3330 3485 3409 Οιδειιψιιίιεωέ

1897 3424 2010 3479 lum
2036 3440 2200 3495 super
2234 3427 2338 3482 hoc
2356 3467 2370 3492 ,
2400 3436 2460 3482 et
2489 3426 2764 3483 inhorruit
2801 3435 2957 3483 extra
2988 3430 3207 3487 modum
3236 3438 3292 3487 et
3318 3433 3480 3488 velte.

1898 3524 2125 3580 menter,
2162 3534 2183 3569 ι
2215 3524 2414 3571 extera
2452 3516 2721 3571 similiter.
2749 3515 3075 3574 Ctelum-cui
3109 3519 3311 3575 dictum
3339 3533 3421 3577 est
3461 3541 3475 3577 :

1903 3622 1923 3655 ι
1944 3604 2429 3670 Attende,coelum,
2451 3612 2508 3660 et
2528 3604 2749 3676 loquar;
2780 3625 2800 3657 ι
2826 3613 2884 3660 ει
2910 3623 2922 3659 :
2956 3624 2975 3657 ι
3004 3606 3164 3671 Audi,
3180 3610 3402 3678 coelum,
3425 3620 3481 3667 ει

1897 3693 2119 3749 auribus
2144 3693 2385 3764 percipe,
2401 3702 2577 3760 terra;
2610 3714 2629 3747 ι
2655 3694 2845 3750 videns
2865 3694 2961 3750 Dei
2984 3706 3251 3768 praecepta
3271 3699 3481 3756 calcata

1895 3784 2239 3850 inhorrescit,
2262 3793 2317 3839 et
2339 3794 2613 3854 stuporem
2635 3786 2976 3842 dissimulare
3000 3803 3108 3843 non
3129 3798 3325 3859 petest.
3352 3790 3480 3848 0m-

1895 3874 1980 3928 nis
1998 3874 2142 3928 enim
2160 3885 2415 3930 creatura
2439 3876 2791 3946 congemiscit
2814 3886 2869 3930 et
2896 3878 3143 3933 condolet
3168 3896 3330 3952 super
3353 3880 3478 3953 pee-

1893 3964 2032 4019 catis
2057 3963 2354 4019 hominum.
2382 3965 2498 4020 Duo
2518 3967 2661 4020 enim
2683 3966 2911 4036 populus
2930 3966 3027 4023 Dei
3047 3967 3179 4023 facit
3207 3972 3429 4026 adversa
3456 3991 3471 4028 :

1892 4055 2148 4125 primum,
2180 4064 2241 4109 ut
2268 4055 2597 4125 relinqueret
2624 4057 2812 4119 Deum,
2846 4058 2939 4127 qui
2968 4067 3053 4114 est
3086 4058 3208 4114 fons
3252 4061 3395 4130 vitae,
3420 4070 3476 4118 et

1891 4154 2217 4215 praeceptum
2249 4146 2394 4201 dedit
2423 4148 2606 4203 dicens
2640 4167 2652 4201 :
2691 4166 2710 4199 ι
2746 4148 2856 4219 Ego
2891 4166 3008 4204 sum
3048 4151 3309 4206 Dominus
3333 4152 3475 4209 Deus

1894 4242 2051 4300 tuus,
2094 4236 2185 4303 qui
2216 4236 2375 4290 eduxi
2420 4245 2473 4291 te
2515 4237 2581 4292 de
2628 4246 2769 4292 terra
2806 4238 3060 4311 Egypti;
3113 4259 3132 4293 ι
3174 4243 3471 4298 secundum

1890 4321 2034 4394 quod
2060 4324 2114 4378 in
2142 4325 2332 4378 eodem
2362 4325 2480 4380 loco
2508 4327 2769 4396 scriptum
2795 4336 2878 4382 est
2906 4346 2920 4383 :
2949 4348 2966 4379 ‹
2996 4328 3113 4384 Non
3134 4331 3242 4385 sint
3274 4333 3371 4387 tibi
3399 4335 3473 4389 dii

1892 4418 1947 4471 in
1982 4425 2275 4486 conspectu
2319 4433 2473 4485 meo;
2521 4439 2539 4469 ι
2574 4434 2673 4489 pro
2694 4436 2801 4489 quo
2823 4429 3043 4477 secutus
3068 4432 3151 4478 est
3179 4424 3468 4493 daemones,

192 4511 525 4567 monachum
544 4510 997 4579 antiquissimum,
1013 4508 1256 4562 delusum
1274 4522 1393 4563 esse
1411 4508 1464 4561 in
1486 4507 1640 4563 libris
1658 4508 1781 4564 Col—
1807 4547 1863 4606 Β
1891 4523 2028 4578 quos
2049 4506 2340 4579 dissipatas
2360 4510 2625 4565 cisternas
2648 4521 2832 4577 vocat,
2850 4529 2916 4567 eo
2938 4515 3078 4583 quod
3101 4516 3195 4570 Dei
3220 4520 3470 4575 mandata

191 4604 458 4658 laliouum
479 4602 725 4656 refertur.
744 4601 879 4669 Quia
898 4603 1037 4657 Deus
1052 4601 1283 4672 Spiritus
1298 4612 1400 4667 est,
1416 4611 1471 4657 et
1483 4604 1574 4673 qui
1590 4604 1781 4659 adorat

191 4696 369 4750 Deum
391 4701 601 4761 oportet
635 4696 756 4747 etim
797 4694 849 4746 in
886 4694 1076 4763 spiritu
1118 4694 1362 4749 adorare.
1407 4693 1513 4749 Sed
1552 4712 1658 4751 non
1696 4707 1783 4752 est

190 4786 525 4847 mirandum,
556 4784 827 4837 hominem
854 4783 1333 4852 simplicissimum,
1356 4792 1410 4839 et
1439 4786 1505 4840 de
1528 4785 1780 4841 substan-

192 4878 269 4931 tia
295 4891 364 4930 ac
384 4884 576 4929 natura
608 4874 911 4928 Diviuitatis
934 4890 1209 4943 nunquam
1243 4876 1455 4945 penitus
1480 4878 1775 4943 eruditum,

190 4966 518 5034 rusticitatis
535 4966 663 5019 vitio
677 4980 739 5019 ac
758 4967 1144 5020 consuetudine
1161 4967 1362 5021 erroris
1384 4983 1448 5021 au
1458 4968 1589 5038 tiqui
1606 4985 1777 5039 usque

189 5071 342 5111 nunc
367 5054 593 5109 detineri
622 5063 677 5108 et
701 5056 871 5124 decipi
895 5048 1164 5125 potuisse,
1195 5066 1247 5111 et
1280 5066 1335 5111 ut
1374 5059 1551 5114 verius
1577 5060 1777 5125 dicam,

192 5149 247 5202 in
278 5160 469 5201 errore
498 5146 722 5215 pristino
746 5150 1063 5216 perdurare,
1092 5150 1183 5217 qui
1209 5165 1314 5205 non
1347 5153 1548 5206 recenti
1573 5152 1777 5207 daemo-

193 5252 329 5291 num
386 5236 670 5301 illusione,
726 5236 821 5291 sed
875 5237 1195 5308 ignorantiae
1238 5240 1474 5309 pristina:
1510 5243 1779 5312 gentilita-

192 5327 263 5382 tis
306 5326 555 5380 infertur.
595 5325 731 5380 Dum
766 5328 1062 5382 secundum
1102 5330 1539 5384 consuetudinem
1574 5334 1779 5387 erroris

190 5417 339 5474 illius
388 5431 496 5485 quo
546 5416 847 5482 daemones,
901 5418 1178 5472 hominum
1233 5411 1415 5489 [igura'
1451 5422 1768 5489 composita,

187 5509 550 5572 excolebant,
605 5526 746 5564 nunc
798 5527 1011 5580 quoque
1063 5511 1205 5566 illam
1259 5514 1772 5583 incomprehensibi-

188 5601 301 5658 lem
327 5600 444 5656 veri
477 5601 713 5656 nominis
736 5600 1105 5670 maiestatem,
1140 5606 1238 5659 sub
1273 5606 1773 5675 circumscriptione

190 5692 421 5762 alicujus
452 5692 703 5762 imaginis
739 5696 1012 5749 restituant
1048 5695 1407 5760 adorandum,
1436 5695 1569 5749 nihil
1599 5714 1657 5750 se
1690 5704 1770 5750 te—

191 5796 325 5838 nere
350 5782 431 5840 vel
457 5783 659 5839 habere
676 5785 977 5853 credentes,
1004 5785 1048 5841 si
1073 5787 1402 5856 propositam
1430 5803 1536 5842 non
1563 5787 1769 5842 habue-

1889 4615 2107 4655 servare
2134 4616 2239 4655 non
2266 4601 2498 4656 valeant.
2532 4602 2599 4655 Et
2626 4603 2729 4657 hoc
2759 4606 3143 4660 attendendum
3174 4616 3285 4673 est,
3324 4610 3469 4677 quod

1886 4689 2008 4743 fons
2035 4700 2324 4760 perpetuus
2346 4699 2457 4756 est,
2489 4699 2544 4746 et
2572 4691 2762 4745 vitales
2797 4680 2965 4763 aquas
2990 4694 3173 4749 habet.
3204 4695 3469 4753 Cisternae

1886 4790 2070 4836 autem
2105 4793 2161 4837 et
2184 4782 2355 4847 lacus,
2383 4782 2557 4844 veLtle
2590 4785 2940 4851 torrentibus,
2970 4785 3052 4841 vel
3079 4801 3143 4841 ex
3174 4788 3329 4855 aquis
3357 4796 3468 4842 tut:-

1884 4874 2041 4938 bidis,
2076 4882 2219 4927 terra
2250 4873 2591 4943 complentur
2617 4884 2671 4929 ct
2698 4876 2910 4944 pluviis.
2941 4876 3229 4949 (MAURUS.)
3258 4877 3333 4932 De
3362 4878 3468 4934 illis

1884 4982 2015 5036 ergo
2043 4967 2198 5034 aquis
2232 4981 2352 5035 quae
2389 4968 2454 5019 de
2484 4968 2629 5021 fonte
2654 4982 2805 5036 aqua:
2836 4970 2968 5023 vivae
2993 4968 3265 5037 proﬂuunt
3298 4969 3468 5026 Isaias

1883 5055 1960 5107 ait
1994 5071 2004 5105 :
2041 5072 2059 5104 ί
2098 5054 2164 5107 Ει
2202 5064 2362 5109 erunt
2392 5072 2553 5125 super
2579 5072 2794 5111 omnem
2817 5065 3052 5112 montem
3078 5058 3375 5124 excelsum,
3408 5068 3467 5114 et

1882 5160 2045 5215 super
2063 5162 2279 5201 onmem
2299 5147 2491 5201 collem
2519 5147 2787 5203 elevatum
2807 5149 2907 5203 rivi
2937 5148 3269 5204 currentium
3295 5165 3464 5220 aqua-

1884 5250 2001 5289 rum
2041 5234 2183 5304 (lsa.
2220 5236 2304 5307 χ).
2343 5255 2361 5287 ι
2394 5236 2462 5290 Ει
2495 5250 2709 5291 rursum
2757 5253 2770 5290 :
2813 5256 2831 5289 ‹
2868 5238 3120 5309 Aperiam
3157 5240 3209 5293 in
3252 5240 3461 5309 supinis

1879 5326 2107 5381 collibus
2152 5326 2369 5381 ﬂumina
2392 5368 2408 5393 ,
2444 5335 2496 5382 et
2536 5328 2589 5381 in
2631 5330 2807 5383 medio
2841 5344 3150 5399 camporum
3204 5330 3399 5386 fontes.
3435 5351 3454 5384 ι

1881 5417 1992 5471 Νοε
2019 5427 2198 5471 autem
2230 5425 2441 5472 montes
2470 5428 2525 5471 et
2551 5418 2717 5473 colles
2750 5434 2843 5472 eos
2871 5419 3250 5489 intelligamus,
3279 5423 3369 5491 qui
3406 5414 3461 5476 in

1878 5508 2153 5563 excelsum
2184 5507 2473 5562 virtutibus
2501 5508 2690 5562 elevati
2728 5516 2884 5571 sunt,
2916 5508 3006 5577 qui
3034 5510 3279 5564 esuriunt
3307 5518 3362 5565 et
3388 5510 3463 5564 si-

1879 5599 2024 5651 tiunt
2039 5596 2325 5665 justitiam,
2348 5611 2484 5665 quos
2506 5596 2763 5651 Dominus
2779 5606 3037 5666 provocat
3056 5600 3123 5652 ad
3146 5599 3458 5655 bibendum.

1882 5691 1985 5759 Qui
2020 5690 2159 5745 enim
2209 5689 2405 5743 biberit
2446 5689 2512 5743 de
2559 5688 2714 5757 aquis
2741 5686 2882 5758 ejus,
2913 5704 3019 5744 non
3040 5690 3185 5744 sitiet
3213 5690 3267 5743 in
3307 5698 3444 5745 mter

1883 5803 2033 5842 num.
2070 5784 2223 5842 Unde
2244 5791 2298 5838 et
2328 5783 2379 5837 in
2411 5782 2623 5851 psalmo
2656 5780 2883 5851 legimus
2923 5796 2937 5835 :
2973 5801 2992 5832 ι
3024 5775 3333 5859 Beiiedicite
3355 5782 3458 5847 Do-
