3910 6358
425 415 533 472 815

1136 411 1198 465 Β.
1240 405 1493 464 RABANI
1527 403 1748 483 Μᾼυιιι
1781 397 2104 486 ARCHIEP.
2142 393 2450 455 MOGUNT.
2489 394 2774 454 OPERUM
2812 393 3116 458 PARSlll.

3589 392 3704 449 816

423 527 634 583 minum
654 525 722 581 de
747 521 986 578 fontibus
1017 520 1183 576 Israel
1209 518 1382 589 (Psal.
1413 517 1582 589 van)
1601 556 1617 571 .
1651 516 1719 571 Et
1743 514 1801 568 in
1829 513 2010 567 Evan-
2038 512 2094 572 Α
2116 509 2241 579 quia
2277 524 2384 564 non
2427 507 2630 563 habent
2670 505 3033 561 habitatorem
3061 502 3255 568 Deum,
3303 501 3519 558 dicente
3551 500 3709 558 Scri-

425 621 568 694 gelio
595 619 800 675 dicitur
836 615 1021 687 (Joan.
1057 614 1156 685 vn)
1194 613 1339 683 quod
1366 612 1544 666 omnis
1589 611 1682 680 qui
1707 608 1905 664 biberit
1944 607 2009 661 de

426 711 584 780 aquis
608 706 739 762 Iesu
765 704 987 760 flumina
1011 717 1166 772 aqua
1204 702 1332 756 vita:
1364 699 1535 755 ﬂuant
1563 699 1632 754 de
1654 706 1843 754 ventre
1869 695 2006 764 ejus.

425 803 496 857 Et
531 801 600 855 ad
627 800 800 854 Deum
829 802 1050 851 sanctus
1091 793 1332 863 loquitur
1365 809 1379 846 :
1415 809 1434 842 ο
1465 790 1735 858 Quoniam
1785 789 1926 857 apud
1957 797 2010 842 te

426 896 510 947 est
538 887 660 945 fons
684 888 810 942 vita
834 882 1008 957 (Psal.
1028 883 1220 955 xxxv),
1257 901 1276 934 ι
1303 883 1371 938 de
1399 897 1508 951 quo
1536 881 1883 950 purissimum
1909 878 2012 933 flu-

426 997 554 1038 men
579 979 875 1052 egreditur.
905 975 1081 1048 Super
1104 991 1213 1046 quo
1231 989 1448 1052 rursum
1469 973 1748 1043 Scriptura
1774 984 2011 1025 comme-

427 1080 649 1140 morat:
687 1090 706 1122 ‹
739 1068 1008 1125 Fluminis
1051 1067 1282 1138 impetus
1325 1064 1565 1120 laetiﬁcat
1602 1061 1876 1117 civitatem
1914 1061 2011 1115 Dei

429 1165 605 1241 (Psal.
637 1163 786 1236 nv).
826 1182 846 1216 ι
885 1163 954 1217 Et
975 1161 1031 1216 in
1061 1160 1168 1215 alio
1197 1159 1358 1214 loco:
1395 1176 1414 1209 ι
1449 1154 1673 1211 Fluvius
1709 1153 1805 1207 Dei
1838 1152 2014 1222 reple-

430 1267 519 1314 tus
544 1265 629 1314 est
655 1256 828 1325 aquis.
860 1271 880 1304 ι
904 1252 972 1306 Et
993 1252 1048 1306 in
1076 1251 1216 1307 Isaia
1237 1249 1468 1306 dicitur:
1507 1265 1526 1297 ‹
1555 1245 1711 1300 Bibet
1730 1257 1926 1312 aquam
1947 1242 2015 1295 de

428 1349 668 1406 fontibus
721 1343 1023 1401 Salvatoris
1071 1341 1220 1414 (Ita-
1262 1339 1384 1410 ιιι).
1423 1359 1441 1392 ι
1492 1338 1570 1392 De
1621 1334 1816 1405 quibus
1862 1340 1919 1387 et
1959 1331 2016 1385 in

427 1439 662 1495 Psalmis
697 1437 958 1493 canitur:
999 1454 1017 1486 ι
1056 1432 1367 1489 Benedicite
1417 1429 1706 1485 Dominum
1741 1427 1906 1480 Deum
1949 1425 2018 1477 de

429 1531 672 1588 fontibus
691 1529 855 1584 Israel
878 1525 1051 1599 (Paul.
1069 1524 1261 1595 van).
1285 1543 1304 1574 ι
1321 1523 1390 1577 Et
1407 1521 1608 1591 posuit,
1625 1518 1822 1588 inquit,
1835 1517 2019 1570 deser-

433 1634 548 1677 tum
572 1623 628 1676 in
667 1629 920 1690 stagnum
957 1630 1247 1688 aquarum,
1282 1622 1338 1669 et
1385 1622 1584 1668 terram
1621 1610 1822 1664 inviam
1848 1607 1904 1660 in
1940 1605 2018 1660 ri-

428 1729 527 1769 vos
548 1727 836 1784 aquarum.
868 1710 944 1764 De
972 1709 1172 1778 quibus
1203 1705 1357 1774 aquis
1379 1711 1435 1757 et
1456 1701 1710 1757 Salvator
1741 1699 1794 1752 in
1842 1697 2018 1750 Evan-

430 1807 571 1879 gelio
596 1806 829 1878 mystico
850 1815 1102 1857 sermone
1121 1799 1335 1854 dicebat
1359 1813 1373 1848 :
1407 1813 1425 1844 ‹
1454 1793 1558 1861 Qui
1581 1791 1780 1847 biberit
1799 1789 1866 1843 de
1880 1801 2019 1855 aqua

2112 607 2266 670 ptura
2293 616 2306 651 :
2335 617 2354 649 ι
2386 599 2454 653 Et
2472 613 2576 653 non
2609 604 2694 652 est
2719 597 2813 668 qui
2837 596 3044 652 habitet
3065 595 3119 649 in
3145 595 3245 650 eis.
3281 618 3300 646 ι

2187 710 2206 743 ι
2236 691 2356 746 Filii
2389 707 2603 763 quoque
2631 690 2942 761 Mempheos
2961 699 3015 744 et
3039 688 3362 760 Thaphneos
3383 696 3710 758 constupra-

2117 803 2136 835 ‹
2179 789 2375 837 verunt
2412 789 2464 837 te
2485 796 2657 850 usque
2679 780 2747 836 ad
2778 779 3057 834 verticem.
3089 776 3365 846 Numquid
3413 793 3521 832 non
3554 773 3708 830 istud

2119 895 2137 928 ι
2173 876 2377 930 factum
2419 883 2504 931 est
2529 875 2650 940 tibi,
2692 873 2820 944 quia
2855 870 3191 941 dereliquisti
3215 869 3506 924 Dominum
3528 868 3707 922 Deum

2120 987 2137 1018 ι
2173 975 2326 1021 tuum
2351 981 2418 1021 eo
2445 975 2688 1035 tempore
2718 979 2826 1034 quo
2854 962 3089 1017 ducebat
3116 969 3169 1015 te
3191 973 3290 1029 per
3317 952 3498 1012 viam?
3534 976 3555 1009 ι
3586 956 3708 1011 Hoc

2113 1057 2257 1127 quod
2298 1071 2398 1112 nos
2437 1056 2673 1111 diximus
2705 1072 2722 1104 ι
2753 1068 2818 1108 eo
2855 1060 3097 1120 tempore
3124 1065 3231 1120 quo
3259 1049 3490 1104 ducebat
3526 1057 3580 1101 te
3603 1061 3710 1118 per

2114 1147 2280 1211 viam,
2317 1165 2335 1196 ι
2354 1145 2408 1199 in
2439 1143 2790 1214 Septuaginta
2820 1157 2929 1197 non
2951 1140 3203 1195 habetur.
3229 1140 3374 1194 Duas
3401 1146 3584 1193 autem
3611 1153 3712 1192 ur-

2114 1235 2212 1290 bes
2234 1233 2499 1290 maximas
2517 1231 2757 1303 Egypti,
2773 1229 3044 1299 Memphin
3065 1237 3122 1282 et
3141 1228 3406 1298 Taphnim
3435 1227 3710 1290 nominat,

2116 1337 2411 1394 earumque
2457 1323 2588 1377 dicit
2631 1320 2770 1376 filios
2816 1327 3198 1390 constuprasse
3240 1319 3405 1374 Israel
3431 1317 3712 1388 usquead

2117 1414 2417 1477 verticem;
2458 1411 2551 1466 illo
2575 1426 2741 1466 sensu
2764 1425 2872 1480 quo
2899 1409 3064 1464 Isaias
3106 1408 3288 1479 posuit
3321 1425 3334 1460 :
3373 1426 3392 1457 ι
3428 1407 3475 1460 Α
3517 1406 3710 1476 planta

2118 1503 2272 1573 pedis
2297 1515 2470 1570 usque
2497 1499 2566 1553 ad
2595 1501 2854 1560 verticem
2878 1514 2986 1554 non
3007 1506 3093 1554 est
3123 1498 3178 1551 in
3203 1511 3269 1552 eo
3307 1497 3516 1552 sanitas
3563 1494 3707 1566 (Isa.

2122 1609 2140 1647 ι
2164 1591 2206 1665 ).
2254 1610 2273 1643 ι
2310 1590 2482 1645 Tanta
2510 1596 2694 1643 autem
2717 1586 2820 1640 fuit
2849 1587 3014 1642 libido
3036 1585 3438 1657 Egyptiorum,
3464 1585 3558 1654 qui
3582 1591 3718 1639 sunt

2121 1683 2336 1753 magnis
2368 1682 2645 1746 carnibus,
2685 1688 2746 1734 ut
2781 1679 2912 1734 nulli
2963 1690 3253 1750 parcerent
3297 1680 3568 1745 membro,
3614 1677 3714 1734 sed

2124 1775 2306 1830 omnia
2348 1781 2786 1843 constuprarent.
2839 1771 3001 1826 Juxta
3057 1773 3292 1825 litteram
3352 1771 3592 1826 refertur
3642 1772 3714 1825 ad

433 1860 598 1968 agam
647 1860 787 1950 δέω
833 1894 907 1958 οε,
955 1906 1062 1946 non
1110 1889 1260 1943 είιίει
1297 1886 1350 1940 in
1368 1860 1661 1948 mei-num;
1713 1879 1806 1935 sed
1855 1891 2014 1946 aqua,
2048 1860 2096 1918 Β
2125 1867 2264 1923 idola
2283 1864 2856 1938 Egyptiorumu'uxta
2874 1864 3284 1934 intelligentiam
3307 1863 3715 1933 spiritalem,ad

430 1967 597 2060 quam
633 2001 733 2058 ego
752 1984 950 2040 dedero
975 1982 1047 2047 ei,
1070 1982 1163 2035 flet
1195 1980 1249 2034 in
1272 1992 1337 2032 eo
1368 1976 1486 2031 fons
1515 1988 1669 2043 aqua:
1693 1968 1937 2060 salientis
1964 1967 2020 2020 in

433 2057 603 2134 vitam
631 2057 892 2132 aeternam
933 2071 1116 2145 (Joan.
1158 2069 1279 2128 vn).
1321 2087 1339 2120 ι
1370 2067 1437 2120 Et
1463 2066 1700 2119 iterum:
1744 2080 1763 2112 ι
1796 2059 1856 2114 Si
1894 2057 2020 2129 quis

433 2171 568 2235 sitit,
607 2168 794 2223 veniat
834 2165 903 2218 ad
935 2178 1022 2218 me
1059 2171 1116 2216 et
1137 2161 1312 2215 bibat.
1354 2177 1372 2209 ι
1406 2157 1510 2223 Qui
1539 2153 1741 2210 biberit
1765 2153 1831 2206 de
1860 2166 1892 2203 a
1914 2162 2023 2218 qua

432 2276 596 2334 quam
612 2274 713 2330 ego
737 2257 878 2312 dabo
901 2254 973 2318 ei,
995 2251 1218 2306 flumina
1239 2249 1305 2303 de
1321 2256 1511 2301 ventre
1535 2245 1651 2314 ejus
1679 2242 1847 2296 fluent
1868 2252 2022 2305 aqua:

433 2329 592 2408 vivae.
647 2329 666 2402 ἐ
715 2348 830 2403 Hoc
869 2355 1087 2407 autem,
1136 2340 1312 2410 inquit
1367 2335 1700 2406 evangelista
1729 2373 1744 2397 ,
1809 2329 2026 2385 dicebat

438 2447 506 2500 (le
534 2441 742 2512 Spiritu
771 2447 964 2494 saneto
1005 2449 1164 2505 quem
1205 2431 1490 2487 credentes
1536 2428 1591 2480 in
1630 2440 1695 2480 eo
1749 2419 2024 2491 accepturi

439 2543 617 2592 erant.
653 2552 672 2584 ›
702 2528 1183 2601 (Hieron).Portas
1212 2531 1393 2578 autem
1421 2518 1683 2574 caelorum
1713 2513 1833 2567 illas
1865 2516 2029 2564 vocat

442 2630 510 2684 de
543 2625 738 2695 quibus
758 2622 888 2677 etin
911 2635 1047 2672 χχιιι
1067 2616 1274 2686 psalmo
1308 2612 1569 2680 scriptum
1598 2615 1682 2662 est
1710 2622 1723 2657 :
1755 2623 1772 2654 ι
1805 2602 2023 2664 Levate,

438 2727 630 2790 portae,
653 2714 832 2784 capita
848 2711 1048 2774 veStra,
1072 2719 1126 2761 et
1149 2703 1393 2760 introibit
1414 2715 1509 2754 rex
1522 2697 1724 2770 gloriae.
1740 2715 1758 2747 ι
1793 2694 1896 2747 Pro
1920 2705 2026 2760 quo

444 2783 797 2879 Septuaginta
827 2799 1258 2857 transtulerunt:
1298 2813 1315 2843 ι
1352 2793 1553 2847 Levate
1577 2797 1786 2858 portas,
1821 2783 2028 2854 princi-

440 2873 557 2971 pes,
582 2873 793 2952 vestras
822 2912 835 2946 :
868 2911 886 2942 ›
922 2891 987 2944 de
1034 2889 1232 2958 quibus
1260 2883 1470 2954 plenius
1504 2895 1602 2935 suo
1634 2878 1846 2932 dicetur
1882 2873 2025 2927 loco.

447 2965 708 3056 Quodque
736 2981 931 3053 Aquila
977 2989 1032 3034 et
1068 2974 1426 3047 Symmachus
1455 2970 1628 3034 caelos,
1673 2965 2030 3056 Septuaginta

424 3052 575 3135 vero
613 3052 670 3133 et
697 3052 999 3130 Theodotio
1058 3067 1240 3122 caelum
1271 3058 1608 3130 interpretati
1645 3063 1789 3119 sunt,
1825 3052 2031 3107 nullum

444 3180 692 3230 moveat.
715 3166 1044 3225 Hebraicum
1071 3159 1218 3215 enim
1249 3164 1420 3216 Dim
1454 3148 1761 3207 communis
1802 3152 1887 3198 est
1931 3159 2031 3196 nu-

448 3264 606 3320 meri.
645 3261 713 3315 Et
744 3269 855 3313 tam
884 3253 998 3309 cali
1048 3263 1213 3320 quam
1261 3246 1446 3300 coelum
1473 3241 1664 3297 eodem
1696 3234 2032 3307 appellantur

447 3356 687 3419 nomine,
710 3361 772 3406 ut
808 3346 1031 3409 Thebae,
1070 3343 1319 3404 Athenae,
1351 3336 1580 3391 Salonae.

524 3510 541 3542 ι
596 3481 869 3552 Numquid
919 3491 1110 3533 servus
1163 3481 1246 3528 est
1282 3467 1451 3524 Israel
1484 3472 1578 3528 aut
1605 3457 1972 3517 vernaculus?
2011 3474 2029 3507 ι

446 3583 588 3638 Puto
608 3593 677 3632 ex
696 3549 801 3630 hoc
821 3572 940 3625 loco
956 3568 1011 3621 in
1034 3562 1340 3634 superbiam
1363 3558 1532 3616 elatos
1545 3551 1814 3610 Salvatori
1835 3549 2038 3604 dixisse

450 3672 664 3726 Judaeos
693 3686 706 3719 :
745 3683 764 3715 ‹
799 3663 997 3716 Semen
1023 3656 1303 3712 Abraham
1330 3665 1536 3714 sumus,
1568 3656 1624 3702 et
1641 3644 1844 3701 nemini
1869 3640 2040 3697 servi-

451 3764 628 3816 vimus
659 3729 898 3824 unquam
926 3767 939 3814 ;
977 3746 1247 3817 quomodo
1275 3752 1330 3797 tu
1361 3741 1496 3796 dicis
1534 3758 1546 3792 :
1581 3735 1764 3792 Liberi
1798 3731 1983 3788 eritis?
2017 3748 2033 3779 ι

454 3852 642 3924 (Ιοαη.
689 3845 807 3918 vm)
854 3841 1159 3898 nescientes
1185 3835 1328 3906 quod
1366 3831 1540 3888 omnis
1574 3829 1666 3899 qui
1695 3825 1826 3880 facit
1852 3837 2040 3924 pecea-

457 3914 569 4000 tum
603 3914 797 3998 servus
835 3933 1042 4008 peccati
1073 3931 1163 3996 sit,
1197 3937 1252 3984 et
1277 3926 1476 3983 serviat
1509 3919 1886 3989 unusquisque
1913 3914 2042 3968 illia

456 4051 566 4107 quo
590 4004 851 4087 vincitur:
874 4025 997 4079 Nati
1021 4039 1150 4093 ergo
1176 4021 1243 4075 de
1280 4018 1457 4072 amico
1489 4013 1584 4068 Dei
1634 4009 1931 4069 Abraham,
1962 4004 2044 4057 vi-

461 4100 536 4181 tio
568 4139 664 4180 suo
705 4120 832 4174 facti
869 4122 993 4172 sunt
1020 4113 1175 4183 quasi
1202 4110 1300 4164 ﬁlii
1327 4108 1518 4168 Cham,
1561 4102 1648 4156 cui
1686 4100 1890 4154 dictum
1917 4103 2041 4148 est:

465 4236 483 4265 ι
519 4209 838 4267 Maledictus
885 4203 1144 4259 Chanaan
1189 4211 1378 4253 servus
1402 4193 1506 4247 erit
1550 4188 1813 4244 fratribus
1850 4184 1983 4238 suis.
2021 4200 2039 4232 ι

539 4366 556 4398 ‹
594 4343 774 4410 Quare
799 4352 931 4408 ergo
975 4341 1059 4388 est
1109 4330 1282 4385 factus
1318 4330 1371 4380 in
1400 4320 1672 4395 praedam?
1709 4317 1885 4386 Super
1923 4327 2047 4367 eum

472 4458 488 4488 ι
524 4433 803 4503 rugierunt
829 4429 1034 4486 leones,
1058 4430 1112 4476 et
1143 4420 1408 4474 dederunt
1421 4428 1608 4467 vocem
1631 4422 1783 4463 suam
1814 4424 1827 4458 :
1857 4417 2050 4473 posue—

471 4547 488 4578 ‹
524 4496 651 4581 runt
678 4532 879 4579 terram
905 4519 1022 4588 ejus
1050 4515 1106 4569 in
1137 4510 1501 4572 solitudinem,
1543 4513 1598 4559 et
1630 4502 1875 4557 civitates
1905 4496 2050 4549 illius

470 4638 489 4669 ι
526 4622 731 4672 exustae
767 4618 912 4674 sunt,
936 4586 1130 4662 etnon
1155 4611 1238 4658 est
1259 4600 1352 4671 qui
1388 4595 1598 4653 habitet
1617 4593 1670 4646 in
1687 4591 1787 4645 eis.
1823 4606 1840 4637 ι
1873 4586 2047 4639 Inter-

469 4716 627 4777 rogat
649 4718 832 4761 sermo
861 4698 1096 4759 divinus,
1125 4701 1186 4748 ut
1209 4694 1322 4761 ipse
1344 4683 1686 4758 respondeat.
1716 4681 1924 4775 Leones
1956 4690 2052 4727 au-

469 4766 578 4852 tem
605 4799 764 4850 vocat
801 4787 1075 4860 principes
1117 4779 1429 4850 Babylonis,
1461 4775 1550 4845 qui
1578 4782 1778 4827 terram
1807 4766 1922 4834 ejus
1955 4784 2051 4838 po.

471 4893 698 4942 suerunt
724 4883 778 4936 in
802 4876 1165 4935 solitudinem,
1187 4879 1244 4925 et
1262 4868 1510 4923 civitates
1539 4863 1678 4917 illius
1694 4860 1942 4915 incendio
1962 4860 2054 4914 de-

470 4979 741 5033 leverunt.
770 4972 870 5029 Vel
915 4978 1062 5025 certe
1091 4965 1245 5035 juxta
1275 4965 1535 5035 ἀναγωγὴν
1580 4957 1763 5011 leones
1786 4954 2051 5023 intelliga-

474 5081 596 5122 mus
616 5062 956 5119 adversarias
977 5063 1292 5127 potestates,
1334 5059 1426 5104 aut
1454 5048 1830 5103 haereticorum
1853 5044 2055 5115 princi-

473 5171 592 5227 pes,
616 5153 705 5222 qui
738 5160 937 5205 terram
969 5144 1222 5200 Ecclesia:
1244 5139 1568 5201 desolantes,
1591 5151 1778 5190 omnes
1801 5135 1943 5187 illius
1965 5149 2056 5187 ur-

475 5225 572 5303 bes
602 5243 856 5299 lizcretico
889 5237 1139 5294 incendio
1168 5237 1539 5292 vastaverunt,
1572 5235 1624 5282 et
1667 5225 1759 5280 illo
1809 5226 1930 5295 igne
1988 5225 2054 5278 de

478 5353 586 5408 quo
606 5336 864 5405 scriptum
893 5336 978 5384 est
1010 5346 1023 5380 :
1059 5345 1076 5376 ‹
1110 5326 1311 5379 Omnes
1337 5319 1727 5378 adulterantes,
1760 5315 1912 5384 quasi
1961 5314 2056 5367 cli-

478 5406 653 5482 banus
680 5423 840 5478 corda
885 5434 1072 5474 eorum
1104 5413 1250 5485 (Ose.
1281 5412 1401 5480 vn).
1443 5429 1460 5460 ι
1496 5408 1573 5461 llli
1600 5407 1742 5459 enim
1768 5421 1887 5458 vere
1927 5406 2058 5458 dant

480 5519 666 5572 vo'cem
692 5529 865 5567 suam.
892 5512 957 5564 Et
983 5511 1034 5562 in
1059 5510 1163 5561 hoc
1191 5505 1379 5560 eodem
1405 5500 1668 5571 prepheta
1694 5498 1793 5550 sub
1827 5495 2058 5565 perdicis

481 5624 710 5679 persona
740 5606 1008 5659 clamant:
1048 5620 1064 5651 ι
1105 5600 1171 5653 Ει
1207 5602 1536 5665 congregant
1571 5605 1688 5658 quze
1709 5604 1813 5642 non
1837 5603 2060 5657 pepere-

487 5705 633 5758 runt,
649 5695 959 5762 faciuntque
977 5689 1445 5744 divitiasnoncum
1469 5681 1673 5749 judicio
1698 5679 1829 5750 (λεν.
1849 5680 2004 5745 xvii).
2037 5698 2053 5728 ι

486 5790 776 5859 Propterea
811 5794 986 5840 autem
1023 5781 1186 5837 urbes
1208 5779 1349 5832 illius
1377 5783 1599 5829 vastatze
1621 5781 1674 5826 et
1699 5773 1884 5827 deletae
1912 5782 2058 5837 sunt,

2126 1959 2413 2030 magistrOs
2436 1957 2677 2026 perversi
2697 1956 2983 2027 dogmatis,
3013 1956 3107 2024 qui
3135 1954 3388 2009 Ecclesiae
3418 1955 3716 2022 puritatem

2126 2064 2223 2103 sua
2252 2047 2496 2116 polluant
2550 2045 2905 2115 turpitudine.
2956 2043 3083 2099 Haec
3122 2051 3303 2098 autem
3344 2043 3550 2097 idcirco
3589 2057 3718 2097 eve-

2126 2137 2278 2190 nient
2307 2135 2404 2200 illi,
2437 2136 2564 2203 quia
2601 2134 2887 2201 dereliquit
2915 2133 3204 2188 Dominum
3234 2132 3406 2186 Deum
3437 2147 3630 2196 suum;
3661 2138 3720 2185 et

2127 2225 2219 2279 illo
2250 2224 2485 2278 maxime
2521 2232 2760 2293 tempore
2786 2237 2893 2292 quo
2918 2223 3094 2291 ipsum
3123 2221 3405 2276 ductorem
3432 2222 3589 2291 sequi
3620 2221 3718 2274 de-

2127 2318 2262 2372 buit.
2289 2316 2450 2371 Juxta
2481 2315 2836 2386 tropologiam
2862 2329 2995 2369 vero
3016 2327 3186 2384 usque
3209 2313 3277 2367 ad
3303 2313 3564 2367 verticem
3591 2326 3721 2366 con-

2128 2411 2362 2481 stuprari
2389 2419 2473 2466 est
2493 2418 2615 2481 post
2653 2409 2810 2464 mala:
2852 2409 3186 2479 operationis
3225 2424 3380 2463 usum
3407 2409 3569 2463 etiam
3597 2406 3721 2474 jam

2129 2506 2184 2559 in
2215 2506 2328 2574 ipsa
2385 2503 2508 2558 fidei
2547 2502 2878 2559 sublimitate
2918 2501 3212 2575 corrumpi.
3263 2500 3398 2556 Cum
3448 2500 3592 2554 enim
3626 2514 3724 2555 ne-

2129 2594 2372 2664 quissimi
2421 2593 2643 2662 spiritus
2698 2591 3120 2659 uniuscujusque
3165 2589 3400 2643 animam
3443 2589 3497 2642 in
3533 2587 3725 2656 pravis

2130 2685 2384 2755 operibus
2409 2683 2707 2747 involvunt,
2733 2681 2826 2736 sed
2858 2681 3223 2751 integritatem
3253 2678 3376 2734 fidei
3399 2678 3593 2732 vitiare
3612 2693 3725 2732 non

2129 2783 2378 2847 possunt,
2406 2775 2560 2846 quasi
2577 2775 2755 2829 adhuc
2775 2772 3032 2827 inferiora
3053 2771 3296 2826 membra
3330 2771 3597 2840 polluunt,
3622 2769 3726 2826 sed

2132 2865 2487 2919 ad‘verticem
2511 2879 2616 2918 non
2646 2863 2977 2932 pertingunt.
3012 2861 3268 2930 Quisquis
3308 2869 3490 2915 autem
3519 2861 3576 2913 in
3613 2859 3725 2913 ﬁde

2133 2957 2520 3025 corrumpitur,
2565 2955 2678 3024 jam
2709 2968 2882 3023 usque
2921 2955 2989 3008 ad
3015 2953 3278 3008 verticem
3308 2961 3721 3021 constupratur.

2137 3046 2398 3116 Malignus
2443 3045 2587 3099 enim
2629 3044 2851 3113 spiritus
2891 3044 3045 3112 quasi
3074 3044 3143 3098 ab
3169 3034 3522 3098 inferioribus
3546 3056 3725 3095 mem-

2135 3138 2251 3192 bris
2274 3151 2445 3206 usqae
2467 3136 2535 3189 ad
2566 3150 2774 3189 summa
2798 3135 3074 3204 pertingit,
3105 3132 3323 3202 quando
3365 3133 3598 3186 activam
3638 3133 3730 3185 vi-

2056 3201 2104 3266 (δ
2142 3239 2253 3283 tam
2309 3201 2577 3297 polluens,
2626 3201 2831 3280 castam
2867 3201 3240 3282 celsitudinem
3263 3224 3387 3278 fidei
3418 3223 3731 3279 diffidentiae

2138 3321 2330 3375 morbo
2355 3317 2677 3386 corruperit.

2215 3427 2237 3461 ι
2284 3409 2353 3462 Et
2393 3423 2536 3462 nunc
2583 3404 2712 3476 quid
2757 3407 2853 3460 tibi
2898 3407 2983 3462 vis
3021 3407 3077 3462 in
3107 3407 3197 3462 via
3222 3405 3469 3477 Egypti,
3493 3415 3552 3460 ut
3573 3407 3731 3461 bibas

2146 3517 2163 3550 ‹
2202 3512 2398 3566 aquam
2427 3495 2597 3551 Seor?
2622 3495 2692 3549 Et
2719 3495 2848 3564 quid
2895 3496 2990 3550 tibi
3021 3505 3077 3550 et
3109 3497 3210 3550 viae
3243 3497 3615 3566 Assyriorum,
3670 3505 3731 3549 ut

2149 3607 2167 3638 ‹
2201 3587 2356 3642 bibas
2386 3601 2581 3654 aquam
2609 3583 2866 3639 fluminis.
2907 3603 2927 3635 ι
2960 3582 3230 3654 (Περι-οη.)
3263 3583 3368 3639 Pro
3394 3592 3580 3643 ’ππ-1⁷27
3624 3600 3731 3639 nos

2143 3668 2406 3731 turbidam
2449 3675 2785 3743 interpretati
2809 3689 3014 3739 sumus,
3055 3673 3201 3743 quod
3231 3673 3460 3728 verbum
3502 3672 3735 3727 Hebrai-

2145 3785 2268 3825 cnm
2294 3768 2579 3837 signiﬁcat,
2599 3781 2698 3835 pro
2715 3781 2823 3835 quo
2837 3766 3143 3822 communis
3168 3765 3338 3820 editio
3378 3764 3542 3819 habet
3559 3762 3729 3818 Geo».

2145 3861 2281 3928 Quia
2307 3873 2437 3928 ergo
2463 3873 2624 3927 supra
2654 3857 2792 3911 filios
2814 3857 3078 3926 Memphis
3107 3865 3162 3909 et
3189 3855 3428 3925 Taphnis
3449 3864 3729 3924 posuerat,

2144 3952 2237 4020 qui
2276 3955 2764 4016 constupraverunt
2797 3947 2960 4001 Israel
2982 3961 3153 4016 usque
3178 3947 3244 4000 ad
3271 3947 3554 4010 verticem,
3585 3960 3734 4000 nunc

2147 4039 2486 4093 manifestius
2527 4039 2699 4106 ipsam
2727 4036 3022 4107 Egyptum
3053 4037 3298 4092 nominat
3325 4055 3338 4090 :
3369 4037 3610 4107 nullique
3636 4037 3734 4090 du-

2149 4133 2295 4186 bium
2336 4132 2466 4201 quin
2507 4129 2657 4183 Nilus
2701 4145 2869 4198 aquas
2929 4129 3174 4184 turbidas
3222 4129 3442 4194 habeat,
3485 4139 3541 4183 et
3589 4128 3734 4197 quod

2150 4223 2369 4277 fluvium
2424 4221 2770 4292 Assyriorum
2820 4220 3133 4290 Euphraten
3175 4219 3465 4291 signiﬁcet,
3518 4220 3735 4274 dicente

2154 4314 2452 4383 Scriptura,
2487 4312 2631 4392 quod
2664 4311 3102 4379 repromissionis
3139 4320 3283 4365 terra
3324 4311 3454 4366 sita
3492 4319 3734 4365 tornente

2154 4406 2372 4476 {Egypti
2400 4420 2570 4473 usque
2610 4404 2677 4458 ad
2714 4402 2914 4457 flumen
2947 4418 3201 4472 magnum
3235 4395 3572 4470 Euphraten.
3627 4402 3734 4467 Qui

2158 4505 2340 4550 autem
2367 4494 2642 4558 Christum
2667 4493 3007 4562 reliquerint,
3039 4491 3240 4546 fontem
3268 4491 3412 4553 vitae,
3443 4499 3499 4544 et
3526 4491 3740 4544 ἣξει-θίξι-

2158 4601 2345 4641 corum
2377 4585 2479 4639 sibi
2524 4583 2757 4639 foderint
2800 4583 2971 4646 lacus,
3004 4581 3097 4650 qui
3147 4595 3316 4650 aquas
3362 4579 3732 4634 doctrinarum

2158 4679 2438 4735 continere
2473 4693 2581 4733 non
2607 4684 2848 4746 possunt,
2883 4688 3109 4730 necesse
3139 4682 3223 4729 est
3247 4681 3308 4727 ut
3329 4672 3575 4727 leonibus
3605 4671 3736 4725 sub-

2157 4768 2394 4836 jaceant,
2417 4766 2509 4836 qui
2524 4766 2768 4835 redigant
2790 4773 2990 4819 terram
3017 4777 3203 4818 eorum
3223 4761 3276 4816 in
3300 4760 3736 4823 solitudinem,et

2158 4858 2442 4911 universas
2478 4854 2748 4910 Ecclesias
2776 4853 3083 4916 destruant,
3108 4859 3164 4904 et
3186 4864 3356 4919 usque
3379 4849 3447 4904 ad
3473 4849 3733 4904 verticem

2160 4947 2486 5017 polluantur,
2511 4957 2565 4999 et
2599 4946 2790 5000 bibant
2831 4958 2998 5012 aquas
3023 4940 3287 5006 turbidas,
3315 4946 3372 4995 et
3389 4937 3596 4994 ﬂuenta
3629 4938 3734 4993 As-

2162 5038 2292 5107 syrii
2319 5035 2552 5090 fluminis
2585 5044 2640 5089 et
2670 5033 2973 5103 Aquilonis,
3025 5031 3167 5085 unde
3196 5029 3558 5085 exardescunt
3594 5027 3732 5081 mala

2162 5141 2324 5194 super
2347 5134 2568 5178 terram.

2237 5237 2256 5269 ι
2291 5216 2492 5286 Arguet
2523 5226 2575 5269 te
2599 5215 2801 5269 malitia
2831 5222 2919 5267 tua
2941 5211 3077 5283 (sive
3107 5211 3387 5267 erudiette
3411 5205 3732 5278 pmvarica—

2167 5332 2184 5364 ι
2220 5312 2294 5367 tio
2319 5311 2450 5380 tua),
2476 5318 2530 5365 et
2565 5306 2773 5362 aversio
2804 5314 2896 5358 tua
2923 5305 3224 5372 increpabit
3246 5311 3316 5356 te.
3343 5298 3494 5355 Scito
3515 5307 3570 5352 et
3590 5297 3730 5360 vide,

2168 5421 2186 5453 ι
2221 5403 2344 5470 quia
2371 5401 2568 5454 malum
2599 5409 2654 5453 et
2677 5412 2920 5452 amarum
2952 5406 3037 5451 est
3058 5395 3337 5462 reliquisse
3368 5400 3419 5446 te
3444 5390 3729 5445 Dominum

2169 5516 2185 5547 ‹
2219 5498 2385 5550 Deum
2412 5505 2578 5555 tuum,
2613 5501 2668 5546 et
2702 5507 2809 5547 non
2833 5506 2950 5546 esse
2989 5490 3236 5542 timorem
3265 5485 3372 5539 mei
3396 5484 3538 5553 apud
3563 5491 3641 5546 te,
3661 5481 3735 5533 di-

2168 5609 2184 5639 ‹
2220 5588 2292 5641 cit
2319 5587 2574 5640 Dominus
2615 5583 2754 5636 Deus
2804 5580 3157 5636 exercituum.
3203 5594 3222 5626 ι
3256 5573 3562 5629 Notandum
3595 5569 3735 5640 quod

2162 5687 2216 5731 et
2257 5676 2477 5737 malitia,
2532 5675 2644 5726 sive
2695 5667 3086 5740 praevaricatio,
3134 5674 3423 5734 postquam
3459 5658 3737 5716 satiaverit

2165 5768 2626 5837 ιη’ςιιγίιισίοίηιιριιι,
2657 5771 2709 5817 et
2735 5765 2904 5816 instar
2925 5757 3260 5814 coturnicum
3303 5766 3474 5822 usque
3508 5750 3576 5804 ad
3609 5765 3712 5803 nau
