3910 6330
227 316 332 372 817

1145 318 1506 375 EXPOSITIO
1546 317 1773 374 SUPER
1811 318 2173 376 JEREMIAM.
2216 355 2283 370 ρ-
2319 325 2445 380 LIB.
2488 328 2550 382 II.

3363 337 3465 393 818

223 444 372 484 seam
399 429 623 492 venerit,
652 430 860 486 erudiat
882 440 1126 501 agentem
1150 432 1522 501 ptenitentiam
1547 450 1558 485 :
1584 431 1672 485 cui
1694 432 1794 484 im-
1821 437 1873 496 Α
1897 433 2132 502 loquitur
2177 437 2361 504 Israel,
2416 442 2556 508 quod
2592 442 2890 513 conjugalia
2934 444 3137 499 foedera
3173 447 3392 515 ruperit,
3416 454 3471 502 et

220 527 447 590 peratur
471 528 530 572 ut
548 518 726 574 videat
752 521 880 590 quid
906 521 1202 589 reliquerit,
1235 520 1363 589 quid
1388 529 1602 575 secutus
1624 521 1717 584 sit,
1743 528 1797 573 et

219 612 490 682 quomodo
535 627 794 683 spernens
842 613 985 668 bona
1014 620 1069 667 et
1114 613 1308 678 dulcia,
1356 614 1494 667 mala
1527 623 1580 668 et
1610 628 1795 666 amara

219 699 464 770 elegerit.
497 699 608 756 Hoc
632 709 812 757 autem
846 708 1016 754 totum
1047 700 1246 756 factum
1286 709 1368 756 est
1406 702 1530 770 quia
1577 701 1798 770 reliquit

219 787 504 846 Dominum
551 788 718 844 Deum
769 804 947 852 suum,
986 796 1042 843 et
1066 789 1226 843 timor
1253 787 1395 842 illius
1420 804 1527 842 non
1549 797 1630 842 est
1653 785 1795 857 apud

217 891 363 932 eum.
427 897 445 928 ι
499 877 827 947 Principium
881 879 1026 932 enim
1080 879 1354 948 sapientire
1381 879 1540 933 timor
1579 877 1790 932 Domini

217 966 400 1038 (Prov.
429 968 527 1038 Ix),
577 987 595 1019 ι
632 982 792 1037 quem
821 968 946 1038 quia
967 983 1073 1023 non
1098 967 1305 1032 habuit,
1336 967 1476 1022 malo
1505 976 1560 1022 et
1588 967 1787 1021 amari-

216 1057 391 1110 tudini
418 1057 669 1110 traditur.

293 1165 311 1196 ι
347 1147 391 1200 Α
424 1149 618 1203 saeculo
650 1149 959 1220 confregisti
991 1150 1179 1221 jugum
1210 1165 1390 1204 meum
1419 1150 1546 1218 (sive
1580 1150 1782 1219 tuum),

214 1257 234 1288 ι
267 1239 459 1308 rupisti
497 1241 705 1295 vincula
744 1258 861 1297 mea
893 1244 1019 1312 (sive
1046 1246 1159 1304 tua)
1191 1251 1246 1296 et
1264 1243 1445 1297 dixisti
1483 1260 1496 1295 :
1532 1241 1647 1298 Non
1671 1258 1783 1298 ser-

213 1347 232 1379 t
259 1329 425 1383 viam.
457 1330 513 1384 In
538 1333 683 1386 omni
716 1333 859 1386 enim
884 1331 1018 1387 colle
1043 1332 1255 1387 sublimi
1284 1344 1339 1387 et
1364 1333 1463 1387 sub
1475 1333 1620 1388 omni
1643 1333 1785 1401 ligno

212 1441 232 1472 ι
258 1420 512 1477 frondoso
536 1432 591 1477 tu
615 1425 1047 1492 prosternebaris
1063 1425 1318 1480 meretrix
1335 1424 1459 1496 (sive
1492 1425 1564 1479 ibi
1591 1423 1784 1479 diﬂ'un-

211 1525 232 1560 ι
268 1511 484 1566 debaris
529 1512 584 1565 in
615 1511 1014 1584 fornicatione).
1062 1532 1082 1565 ι
1133 1513 1298 1575 Quasi
1330 1515 1396 1569 ad
1438 1513 1784 1570 meretricem

1900 524 2094 580 dixerit
2127 543 2139 578 :
2171 545 2189 576 ι
2225 525 2342 580 Νοιι
2381 531 2630 598 serviam,
2678 552 2695 584 ι
2757 535 3074 588 subauditur
3131 536 3345 591 domino
3384 536 3468 592 vel

1899 617 2120 681 marito;
2159 618 2254 672 sed
2282 618 2337 671 in
2365 623 2508 674 omni
2537 623 2672 678 colle
2694 625 2906 679 sublimi
2943 634 2998 680 et
3023 626 3123 681 sub
3150 628 3292 681 omni
3325 627 3468 698 ligno

1898 705 2151 761 frondoso
2192 717 2458 778 prostrata
2502 711 2660 768 fuerit
2702 715 3033 770 idololatrite.
3065 717 3292 771 Ameana
3319 719 3462 772 enim

1897 813 2109 869 semper
2131 808 2187 856 et
2220 802 2429 857 excelsa
2458 803 2575 858 loca
2607 807 2760 862 izlolis
2782 809 3114 864 dedicantur.
3154 811 3339 866 Potest
3361 813 3464 866 hoc

1895 900 1950 946 et
1976 893 2044 946 ad
2067 908 2190 948 eum
2215 893 2320 948 dici
2350 896 2441 963 qui
2483 897 2550 950 ab
2594 897 2746 952 initio
2768 899 3107 954 Christianus
3126 909 3181 954 et
3201 903 3370 956 sacris
3399 917 3465 956 ex

1893 993 2046 1051 parte
2067 983 2261 1038 litteris
2296 985 2560 1050 eruditus,
2586 995 2767 1055 postea
2795 989 3062 1042 desiderio
3090 991 3361 1045 sazcularis
3382 991 3467 1044 lit-

1893 1080 2165 1136 teratum,
2191 1087 2311 1140 qua:
2338 1074 2674 1144 significatur
2700 1075 2754 1130 in
2780 1077 3007 1131 collibus
3056 1085 3111 1131 et
3161 1078 3214 1131 in
3252 1093 3463 1134 amoena

1889 1163 2215 1233 eloquentia,
2248 1181 2366 1234 qua:
2410 1166 2463 1218 in
2489 1165 2758 1221 frondosis
2797 1177 3128 1222 monstratur
3156 1171 3462 1236 arboribus,

1886 1264 2192 1323 prosternat
2218 1269 2276 1309 se
2299 1255 2646 1320 daemonibus,
2676 1257 2768 1325 qui
2790 1259 2890 1312 sub
2907 1261 3190 1314 occasione
3210 1260 3469 1316 eruditio-

1886 1347 1972 1400 nis
1989 1353 2042 1400 et
2071 1345 2313 1400 sublimis
2347 1345 2580 1400 scientiae
2606 1346 2847 1415 polluunt
2873 1348 3203 1403 credentium
3231 1351 3463 1418 animas,

1887 1447 1942 1492 et
1964 1437 2265 1494 divaricare
2291 1434 2492 1490 faciunt
2516 1437 2680 1508 pedes
2701 1453 2826 1493 suos
2851 1439 2998 1494 omni
3031 1440 3354 1494 transeunti.

206 1685 3445 1722 Μ

1377 1821 1669 1900 LIBER
1726 1819 2289 1902 SECUNDUS.

275 2109 406 2164 Post
455 2114 876 2178 increpationem
925 2123 1032 2178 qua
1074 2114 1333 2166 Dominus
1360 2111 1558 2168 Judaeis
1587 2127 1782 2182 expro-
1810 2121 1858 2180 Β
1887 2115 2072 2185 Itaque
2103 2113 2421 2178 Jerusalem,
2445 2120 2504 2167 ut
2525 2111 2779 2176 diximus,
2809 2113 3096 2186 plangitur,
3121 2122 3176 2170 et
3205 2129 3454 2172 sermone

199 2201 383 2254 bravit
404 2201 545 2269 quod
573 2208 918 2255 mutaverunt
947 2201 1172 2268 gloriam
1198 2218 1348 2258 suam
1382 2205 1433 2258 in
1466 2205 1688 2272 idolum,
1724 2215 1778 2262 et

196 2294 589 2364 dereliquerint
633 2294 834 2350 fontem
887 2309 1037 2363 aqua:
1082 2297 1235 2360 vivae,
1274 2294 1534 2352 fodientes
1562 2299 1664 2352 sibi
1694 2299 1773 2353 ci-

197 2393 418 2438 sternas
442 2383 746 2452 dissipatas,
778 2398 895 2452 quze
926 2383 1200 2438 continere
1226 2400 1332 2439 non
1361 2386 1538 2440 valent
1565 2403 1732 2456 aquas
1759 2407 1771 2443 :

198 2474 400 2528 iterum
429 2475 529 2528 sub
553 2473 657 2528 alio
681 2472 926 2542 exemplo
950 2483 1206 2541 provocat
1240 2475 1307 2528 ad
1333 2477 1646 2530 memoriam
1668 2479 1770 2544 sui,

195 2576 469 2636 quatenus
520 2565 868 2620 recordentur
917 2564 1148 2634 qualiter
1198 2566 1252 2619 in
1309 2567 1551 2636 patribus
1595 2569 1770 2634 electi,

195 2655 426 2725 plantati
458 2666 582 2710 sunt
606 2657 674 2710 ab
695 2670 759 2710 eo
782 2670 930 2709 more
950 2655 1119 2710 vincte
1143 2657 1195 2710 in
1222 2665 1362 2711 terra
1396 2662 1771 2729 repromissio-

194 2748 307 2811 nis,
337 2747 477 2800 sicut
521 2745 804 2800 Psalmista
852 2755 1079 2800 testatur
1127 2747 1346 2801 dicens:
1398 2766 1416 2798 ι
1456 2749 1677 2803 Vineam
1708 2765 1774 2804 ex

193 2837 436 2908 Egypto
472 2837 811 2902 transtulisti,
833 2838 1040 2904 ejecisti
1063 2846 1246 2907 gentes
1274 2847 1328 2892 et
1349 2839 1598 2908 plantasti
1629 2855 1769 2906 eam,

199 2930 341 2982 viam
381 2928 552 2983 fecisti
597 2929 650 2982 in
696 2937 984 2997 conspectu
1029 2929 1164 2998 ejus,
1196 2938 1246 2983 et
1279 2929 1530 2998 plantasti
1565 2931 1772 2986 radices

197 3019 337 3090 ejus,
392 3027 446 3072 et
467 3019 669 3089 repleta
712 3029 794 3074 est
841 3029 1005 3083 terra,
1047 3041 1064 3071 ι
1097 3029 1200 3075 etc.
1245 3018 1418 3091 (Psal.
1448 3022 1657 3092 anx.)
1700 3024 1774 3078 De

193 3124 307 3179 quo
336 3111 498 3163 etiam
522 3125 663 3164 nunc
689 3124 787 3179 per
815 3108 1102 3164 Jeremiam
1133 3110 1329 3165 dicitur
1357 3129 1368 3164 :

272 3220 291 3251 ι
323 3201 434 3271 Ego
465 3211 642 3254 autem
663 3201 896 3269 plantavi
922 3209 973 3255 te
997 3202 1208 3255 vineam
1240 3202 1487 3267 electam,
1510 3217 1668 3258 omne
1689 3218 1772 3258 se-

195 3307 216 3340 ι
247 3304 377 3343 men
404 3303 611 3353 verum,
637 3287 906 3357 quomodo
931 3303 1191 3343 conversa
1218 3306 1276 3344 es
1297 3291 1428 3344 mihi
1466 3293 1518 3345 in
1546 3307 1769 3360 pravum

195 3397 216 3430 ι
246 3380 408 3432 vinea
431 3379 622 3432 aliena.
664 3399 682 3431 ι
703 3378 1052 3448 Septuaginta
1082 3397 1094 3431 :
1134 3397 1152 3428 ι
1184 3379 1294 3450 Ego
1325 3389 1503 3434 autem
1529 3381 1767 3450 plantavi

1878 2206 2195 2276 prOphetico
2216 2206 2360 2259 illius
2387 2206 2540 2258 ruina
2564 2212 2833 2258 cantatur.
2877 2205 3044 2259 Porro
3091 2204 3345 2260 Ecclesia:
3395 2214 3452 2262 et

1878 2295 2073 2365 populo
2102 2295 2368 2365 quondam
2389 2296 2649 2364 gentium,
2700 2294 2844 2349 aliud
2875 2309 3090 2350 carmen
3117 2304 3200 2350 est
3225 2297 3450 2362 editum,

1878 2384 1943 2439 de
1969 2399 2077 2454 quo
2109 2385 2160 2437 in
2189 2383 2417 2439 Psalmis
2459 2384 2684 2452 legimus
2715 2383 2979 2438 :Cantate
3008 2385 3233 2439 Domino
3274 2386 3452 2440 omnis

1877 2482 2043 2538 terra,
2083 2474 2400 2527 annuntiate
2426 2473 2568 2526 diem
2590 2487 2655 2526 ex
2680 2472 2764 2526 die
2795 2482 3028 2526 salutare
3057 2474 3191 2542 ejus.
3229 2474 3448 2528 Annuu-

1879 2564 2009 2618 tiate
2040 2564 2092 2616 in
2118 2562 2366 2634 gentibus
2386 2562 2612 2632 gloriam
2634 2561 2770 2628 ejus,
2787 2563 2841 2616 in
2864 2565 3113 2617 omnibus
3129 2565 3336 2633 populis
3359 2566 3456 2619 mi-

1877 2653 2065 2707 rabilia
2092 2655 2227 2725 ejus.
2256 2653 2323 2708 Et
2348 2669 2562 2707 rursum
2599 2671 2610 2706 :
2644 2652 2869 2707 Cantate
2911 2654 3134 2709 Domino
3180 2657 3449 2710 canticum

1875 2758 2092 2807 novum,
2126 2744 2250 2813 quia
2281 2743 2548 2797 mirabilia
2577 2743 2723 2797 fecit.
2751 2743 3018 2815 (llieron.)
3051 2744 3156 2798 Sed
3185 2753 3238 2799 et
3269 2746 3321 2799 in
3349 2748 3452 2801 hoc

1873 2833 2260 2887 consideranda
2283 2833 2565 2888 clementia
2595 2833 2882 2896 Creatoris,
2912 2837 3052 2904 quod
3080 2837 3168 2904 qui
3196 2837 3248 2890 in
3267 2837 3448 2890 Evan-

1873 2925 2013 2994 gelio
2041 2925 2176 2979 dixit
2207 2940 2221 2978 :
2252 2945 2269 2977 t
2300 2926 2410 2994 Ego
2440 2942 2557 2981 sum
2585 2927 2712 2980 vitis
2751 2943 2900 2992 vera,
2937 2946 2953 2977 ι
2991 2927 3286 3003 disciplinis
3313 2929 3445 3000 ML,

1873 3013 2171 3086 discipulis]
2201 3029 2416 3085 quoque
2441 3016 2551 3070 suis
2574 3017 2782 3070 dederit
2807 3026 2858 3070 et
2886 3018 3123 3072 credenti
3159 3018 3209 3072 in
3254 3035 3312 3073 se
3351 3035 3446 3088 po-

1872 3105 2016 3173 pulo,
2063 3115 2120 3159 ut
2161 3106 2282 3161 vitis
2330 3107 2500 3160 electa
2541 3109 2623 3162 vel
2671 3123 2797 3161 vera
2830 3108 2918 3173 sit,
2965 3108 3009 3162 si
3041 3108 3269 3163 voluerit
3297 3111 3350 3163 in
3379 3126 3444 3165 eo

1873 3196 2014 3264 quod
2037 3196 2273 3264 plantata
2310 3206 2408 3260 est,
2435 3212 2772 3265 permanere.

1945 3305 1963 3337 t
2002 3285 2059 3340 Si
2105 3286 2300 3340 laveris
2329 3296 2379 3340 te
2418 3287 2580 3352 nitro,
2609 3298 2662 3341 et
2703 3288 3144 3357 multiplicaveris
3191 3292 3285 3345 tibi
3317 3293 3437 3345 her-

1877 3397 1894 3425 ι
1931 3378 2053 3431 bam
2083 3378 2294 3442 borith,
2341 3377 2606 3431 maculata
2652 3393 2712 3432 es
2738 3379 2790 3431 in
2823 3379 3104 3447 iniquitate
3129 3387 3216 3433 tua
3253 3396 3436 3435 coram

189 3479 245 3522 te
279 3468 489 3523 vineam
516 3461 849 3535 frugiferam,
885 3483 1100 3523 omnem
1126 3485 1330 3535 veram,
1354 3473 1620 3540 quomodo
1639 3487 1766 3526 con-
1794 3457 1838 3517 C
1877 3484 1896 3515 ‹
1929 3481 2038 3531 me,
2070 3468 2198 3520 dicit
2223 3468 2477 3522 Dominus
2503 3467 2662 3522 Deus.
2698 3488 2716 3521 ι
2745 3467 2849 3522 Pro
2873 3469 3250 3535 herba‘n'I-nn,
3281 3488 3442 3540 quam

189 3573 355 3614 versa
390 3575 447 3612 es
477 3560 530 3612 in
560 3559 972 3615 amaritudinem
1012 3561 1138 3614 vitis
1173 3561 1395 3616 alienas?
1448 3583 1465 3613 ι
1502 3562 1771 3633 (Ηξενοη.)

190 3648 305 3705 Prb
328 3651 480 3704 vinea
503 3649 696 3714 electa,
722 3651 835 3705 sive
856 3649 1128 3720 frugifera,
1161 3652 1215 3706 in
1243 3652 1467 3707 Hebraeo
1492 3665 1643 3736 p312:
1668 3656 1769 3708 lia-

188 3741 379 3803 betur,
414 3755 531 3807 quae
559 3757 607 3792 tn
634 3740 783 3794 Isaiae
803 3742 1015 3794 cantico
1045 3743 1261 3808 ponitur
1291 3743 1423 3812 (lsa.
1454 3743 1528 3813 v).
1556 3745 1650 3798 Est
1679 3759 1743 3797 au

191 3839 308 3886 tem
345 3844 508 3899 genus
533 3829 658 3883 vitis
679 3830 913 3898 optimae,
939 3845 1044 3898 quo
1073 3831 1286 3885 surculo
1320 3841 1374 3886 et
1400 3833 1561 3886 Israel
1591 3833 1772 3888 Domi-

187 3934 301 3974 nus
330 3919 594 3987 plantasse
623 3933 681 3972 se
727 3919 878 3984 dicit,
926 3927 981 3973 et
1028 3921 1253 3974 miratur
1281 3923 1546 3991 quomodo
1587 3939 1770 3978 semen

187 4023 386 4064 verum
412 3999 685 4077 eiectaque
711 4008 866 4064 vinea
881 4024 1140 4064 conversa
1169 4011 1238 4064 sit
1264 4011 1316 4064 in
1335 4012 1768 4079 amaritudinem,

185 4107 247 4153 et
281 4098 402 4152 ideo
431 4098 569 4152 facta
593 4098 664 4151 sit
686 4098 840 4152 vinea
879 4097 1069 4152 aliena.
1103 4099 1398 4170 Nullusque
1426 4116 1646 4156 securus
1677 4104 1769 4168 sit,

185 4188 233 4244 si
271 4195 332 4241 et
358 4187 613 4255 plantatio
653 4188 865 4242 Domini
891 4196 946 4242 et
973 4203 1155 4245 semen
1191 4206 1376 4245 verum
1408 4200 1463 4245 et
1487 4193 1640 4244 vinea
1672 4192 1772 4246 So-

185 4277 327 4334 rech
357 4279 410 4332 in
439 4287 648 4332 tantum
677 4295 774 4334 suo
801 4281 932 4334 vitio
958 4291 1336 4349 commutatur,
1365 4291 1422 4336 ut
1450 4299 1545 4352 per
1575 4285 1772 4338 amari-

187 4371 441 4426 tudinem
473 4370 688 4424 recedat
712 4385 742 4423 a
767 4371 1016 4436 Domino,
1047 4381 1103 4426 et
1130 4371 1226 4428 fiat
1243 4373 1368 4427 vitis
1390 4373 1581 4428 aliena.
1604 4374 1772 4444 (Mau-

183 4461 341 4530 nns.)
369 4461 446 4514 De
468 4476 573 4528 qua
599 4461 744 4516 enim
774 4462 928 4515 vinea
952 4478 1115 4532 supra
1144 4474 1437 4518 memorata
1460 4465 1513 4519 in
1537 4466 1668 4520 Isaia
1698 4467 1771 4520 ita

181 4551 457 4619 scriptum
484 4559 568 4605 est
609 4569 622 4605 :
678 4569 696 4602 t
747 4551 988 4607 Cantabo
1013 4553 1206 4608 dilecto
1241 4569 1361 4610 meo
1386 4557 1651 4611 canticum
1676 4572 1771 4625 pa-

183 4640 386 4696 truelis
436 4642 542 4696 mei
599 4642 767 4696 vineze
807 4657 936 4698 suae.
984 4645 1152 4699 Vinea
1192 4645 1334 4700 facta
1369 4656 1450 4702 est
1497 4648 1686 4702 dilecta
1716 4649 1772 4703 in

182 4722 440 4788 cornuin
478 4731 598 4787 loco
625 4733 777 4786 uberi
808 4731 941 4803 (Isa.
977 4733 1050 4802 v).
1090 4752 1107 4783 ι
1141 4733 1333 4788 Cantat
1361 4737 1619 4804 propheta
1649 4751 1768 4790 car-

1877 3571 1974 3610 nos
1995 3565 2052 3609 ut
2076 3557 2128 3610 in
2161 3555 2424 3611 Hebraico
2443 3559 2614 3626 posita
2645 3567 2748 3622 est,
2774 3560 3051 3623 vertimus,
3091 3559 3438 3630 Septuaginta

1877 3645 2267 3699 transtulerunt
2299 3648 2448 3711 πόαν,
2495 3655 2555 3700 ιιι
2587 3647 2955 3717 significarent
3008 3649 3228 3704 herbam
3286 3651 3447 3707 fullo-

1877 3748 2024 3798 num,
2073 3749 2192 3803 qua:
2211 3733 2364 3801 juxta
2395 3735 2556 3788 ritum
2609 3738 2897 3804 provincia:
2946 3737 3248 3804 Palestina,
3282 3741 3335 3794 in
3365 3742 3446 3795 vi-

1879 3824 2118 3878 rentibus
2144 3833 2198 3879 et
2241 3824 2506 3880 hutnectis
2535 3828 2776 3880 nascitur
2809 3828 2954 3890 locis,
2993 3837 3048 3882 et
3083 3829 3148 3881 ad
3188 3829 3447 3885 lavandas

1875 3916 2061 3970 sordes
2086 3917 2326 3969 eamdem
2353 3917 2461 3969 vim
2506 3916 2665 3970 habet
2695 3933 2855 3985 quant
2901 3927 2953 3971 et
2981 3919 3202 3979 nitrum.
3235 3919 3449 3972 Nitrum

1873 4016 2051 4060 autem
2096 4014 2341 4060 nostrum
2388 4015 2442 4060 et
2486 4008 2652 4062 herba
2696 4007 2935 4073 fullonis,
2973 4010 3288 4078 poenitentia
3341 4020 3444 4065 est.

1875 4093 2290 4150 Ecclesiasticus
2318 4109 2530 4163 quoque
2561 4109 2761 4158 sermo,
2789 4097 2880 4163 qui
2908 4097 3083 4164 arguit
3121 4106 3175 4152 et
3207 4099 3451 4167 increpat

1871 4195 1927 4238 et
1972 4184 2194 4251 corripit
2229 4183 2656 4252 delinquentem,
2715 4185 3068 4240 mordacioris
3107 4188 3234 4240 nitri
3285 4189 3448 4242 habet

1873 4275 2298 4329 similitudinem.
2331 4273 2431 4340 Qui
2454 4289 2581 4328 vero
2609 4274 2711 4328 levi
2738 4286 3083 4343 peccatorum
3125 4277 3284 4332 sorde
3329 4295 3446 4333 ma-

1871 4364 2077 4417 culatus
2103 4372 2208 4428 est,
2232 4363 2522 4418 levioribus
2557 4374 2820 4434 purgatur
2855 4366 3092 4420 monitis.
3121 4365 3290 4421 Porro
3320 4384 3447 4436 pec-

1871 4461 1990 4507 cata
2017 4455 2216 4524 gravia,
2248 4470 2367 4523 qua:
2407 4455 2473 4508 ad
2501 4463 2729 4509 mortem
2757 4457 2998 4521 trahunt,
3029 4472 3129 4512 nec
3157 4460 3316 4522 nitro,
3344 4475 3447 4514 nec

1871 4542 2037 4597 herba
2067 4543 2246 4597 boritb
2273 4543 2400 4596 dilui
2441 4551 2682 4612 possunt,
2708 4544 2802 4597 sed
2831 4545 3167 4612 gravioribus
3199 4554 3439 4597 tormen-

1875 4632 1941 4686 tis
1971 4633 2227 4702 indigent.
2245 4631 2674 4702 Uniuscujusque
2700 4633 2843 4687 enim
2874 4649 3008 4702 opus
3031 4635 3188 4702 quale
3211 4633 3282 4688 sit
3302 4635 3446 4704 ignis

1873 4721 2136 4790 probabit,
2165 4728 2221 4775 et
2241 4721 2294 4774 in
2322 4722 2445 4790 igne
2469 4722 2813 4776 revelabitur.
2837 4722 3172 4792 Pnlchreque
3195 4723 3400 4777 addidit
3425 4743 3442 4777 :

183 4835 321 4876 me"
347 4821 687 4878 lamentabile
707 4823 902 4892 ρορυιο
929 4821 1109 4887 Israel,
1148 4825 1289 4892 quod
1317 4828 1618 4893 οοωροευίι
1652 4827 1760 4893 ωε,
1797 4804 1847 4864 D
1879 4829 1897 4862 ι
1931 4810 2195 4866 Maculata
2229 4826 2289 4866 es
2317 4812 2369 4865 in
2398 4812 2676 4880 iniquitate
2711 4821 2800 4865 tua
2829 4814 2882 4866 in
2913 4821 3204 4880 conSpectu
3235 4827 3376 4876 meo,
3416 4832 3436 4864 ι

182 4911 258 4966 de
318 4926 422 4981 quo
459 4915 713 4983 scriptum
743 4921 826 4968 est
851 4914 904 4967 in
938 4913 1225 4983 Evangelio
1255 4913 1403 4984 (Luc.
1436 4917 1550 4987 xix)
1584 4934 1595 4969 :
1627 4917 1759 4972 Cum

183 5011 376 5065 autem
403 5003 624 5059 vidisset
665 5020 809 5069 eam,
860 5005 1002 5059 haud
1045 5004 1261 5058 dubium
1284 5008 1412 5074 quin
1443 5005 1760 5072 Jerusalem,

189 5112 210 5144 ι
262 5091 594 5162 ﬂevitsuper
613 5108 754 5159 eam,
789 5103 845 5148 et
873 5093 1006 5147 dixit
1033 5110 1045 5145 :
1073 5091 1128 5147 Si
1151 5093 1320 5147 scires
1347 5103 1402 5146 et
1442 5101 1496 5147 tu
1543 5110 1660 5162 qua:
1695 5095 1762 5148 ad

184 5197 385 5254 pacem
409 5183 526 5249 tibi,
552 5183 801 5252 quoniam
822 5183 1041 5237 venient
1079 5185 1192 5238 dies
1240 5199 1401 5254 snper
1448 5195 1520 5252 te,
1563 5194 1617 5240 et
1654 5187 1760 5240 cir-

185 5277 525 5331 cumdabunt
545 5276 638 5330 tibi
675 5277 876 5330 inimici
908 5279 983 5332 tui
1027 5277 1369 5342 munitiones,
1410 5285 1465 5330 et
1492 5278 1766 5332 vallabunt

187 5375 267 5429 te.
327 5375 381 5422 et
445 5375 789 5437 prosternent
837 5377 908 5431 te,
952 5377 1006 5422 et
1031 5369 1168 5422 Iilios
1192 5375 1330 5421 tuos.
1371 5385 1389 5416 ›
1446 5366 1512 5418 Et
1551 5381 1762 5420 rursum

187 5453 415 5526 (Matth.
472 5455 628 5526 um)
662 5473 675 5508 :
715 5474 732 5506 (
767 5453 986 5520 Quoties
1051 5454 1194 5509 volui
1257 5468 1581 5523 congregare
1629 5453 1763 5508 filios

189 5552 316 5598 tuos
338 5544 475 5597 sicut
500 5543 695 5612 gallina
730 5553 1017 5614 congregat
1046 5545 1218 5614 pullos
1259 5543 1358 5598 sub
1388 5543 1498 5597 alas
1539 5560 1684 5610 suas,
1712 5552 1766 5600 et

189 5634 434 5691 uoluisti.
451 5635 596 5693 Ecce
609 5638 905 5694 dimittetur
915 5637 1067 5693 vobis
1085 5638 1275 5693 domus
1285 5644 1466 5692 vestra
1479 5635 1713 5693 deserta.
1737 5654 1756 5688 ι

1875 4903 2016 4972 quod
2043 4901 2205 4956 etiam
2233 4902 2278 4956 si
2309 4902 2613 4956 hominibus
2635 4902 2830 4956 munda
2851 4902 3104 4965 videaris,
3130 4901 3258 4954 mihi
3288 4918 3442 4954 mun-

1871 4992 1937 5047 da
1958 5007 2063 5046 non
2087 4993 2160 5046 sis
2179 5032 2193 5056 ,
2222 4992 2313 5061 qui
2339 4992 2464 5046 novi
2492 4992 2851 5046 conscientias
2891 4991 3240 5061 singulorum.
3287 4989 3440 5046 Unde

1870 5084 1998 5137 etin
2029 5083 2133 5137 alio
2150 5083 2267 5137 loco
2293 5082 2520 5137 dicitur:
2552 5099 2568 5130 ι
2602 5082 2715 5134 Non
2735 5080 3119 5150 justificabitur
3141 5079 3196 5133 in
3214 5095 3440 5150 conspe-

1869 5181 1958 5227 ctu
1986 5180 2076 5225 tuo
2110 5172 2287 5225 omnis
2317 5171 2502 5224 vivens
2539 5167 2709 5240 (Psal.
2751 5169 2935 5238 CXLII).
2976 5189 2994 5220 ι

1944 5283 1961 5316 t
1991 5263 2267 5330 Quomodo
2289 5260 2424 5314 dicis
2451 5277 2463 5313 :
2510 5258 2627 5313 Non
2656 5274 2772 5314 sum
2802 5259 3025 5328 polluta,
3074 5264 3196 5327 post
3227 5257 3436 5313 Baalim

1875 5375 1894 5408 ‹
1931 5371 2036 5410 non
2059 5356 2184 5409 abii.
2214 5354 2347 5409 Vide
2372 5355 2488 5407 vias
2522 5361 2642 5406 tuas
2679 5352 2732 5405 in
2769 5351 3026 5404 convalle.
3072 5369 3088 5400 ι
3131 5349 3256 5404 Sive
3283 5349 3435 5413 valle,

1869 5464 1987 5518 quae
2014 5444 2274 5502 Hebraice
2305 5447 2500 5502 dicitur
2519 5455 2628 5504 an:
2651 5452 2703 5497 et
2734 5458 2764 5496 a
2798 5441 3144 5512 Septuaginta
3172 5441 3438 5509 interpre-

1868 5551 2030 5607 tatur,
2057 5539 2408 5611 πολυάνδριον,
2440 5537 2583 5607 quod
2610 5548 2857 5591 sermone
2897 5542 3083 5589 nostro
3109 5533 3214 5588 dici
3236 5540 3434 5600 potest,

1865 5632 2156 5704 sepulcrum
2178 5629 2546 5684 multitudinis.
2572 5627 2816 5694 Frustra,
2846 5627 3038 5697 inquit,
3061 5643 3162 5682 non
3195 5627 3276 5679 vis
3305 5639 3437 5678 con-
