3910 6348
447 329 551 385 819

1084 331 1144 385 Β.
1187 331 1438 387 RABANI
1472 329 1693 388 MAURI
1727 330 2043 389 ARCHIEP.
2082 329 2391 388 MOGUNT.
2427 329 2708 388 OPERUM
2743 332 2922 388 PARS
2960 333 3046 388 ιιι.

3590 331 3699 388 820

446 439 586 494 ﬁteri
607 439 811 496 scelera
830 441 1202 511 tua,etjactas
1225 443 1699 514 munditiam,qute
1714 443 2026 500 idololatria:
2051 447 2104 507 Α
2129 443 2220 512 qui
2243 441 2514 497 voluerint
2546 456 2666 497 eam
2707 443 2970 505 invenire,
3003 443 3056 495 in
3083 444 3430 512 turpitudinis
3475 442 3702 498 humili-

447 529 648 601 polluta
683 545 744 586 es
773 531 1042 595 sordibus,
1073 539 1128 585 et
1150 532 1487 601 impudenter
1514 548 1679 603 negas
1714 542 1766 589 te
1787 533 2019 590 coluisse

449 619 652 682 idolum
676 619 916 674 vBaalim.
945 619 1173 689 Respice
1208 637 1270 676 co
1294 622 1505 677 \vallem
1554 622 1785 678 ﬁliorum
1807 625 2016 691 Ennon,

444 728 565 782 qua:
595 711 739 765 Siloe
767 711 1004 766 fontibus
1033 712 1254 781 irrigatu
1335 721 1391 767 et
1407 714 1490 789 ibi
1533 715 1716 774 cernis
1738 715 2018 770 delubrum

444 799 588 862 Baal,
643 814 805 870 quem
854 800 1040 855 relicto
1068 802 1257 856 Domin
1324 819 1516 858 venero
1553 821 1580 860 a
1628 821 1708 860 es.
1740 803 2020 875 Quodque

444 890 678 956 additur,
712 908 730 942 ‹
779 890 914 946 scito
942 891 1069 961 quid
1098 891 1274 947 feceri.
1351 915 1370 946 ι
1401 895 1516 950 clau
1555 912 1614 952 os
1638 898 1822 952 oculos
1845 898 2020 969 aperit

445 982 784 1051 denegantis,
815 990 873 1035 ut
893 986 1247 1054 eernatquod
1271 1004 1282 1036 t
1308 987 1499 1042 rubesc
1531 1029 1545 1042 .
1569 990 1828 1058 aspicere.
1854 988 2015 1045 Juxta

446 1071 798 1142 tropologiam
829 1073 1219 1144 impudentiam
1249 1074 1272 1129 ἰ
1314 1077 1446 1132 tntis
1474 1093 1680 1140 eorum.
1711 1081 1802 1148 qui
1830 1081 2018 1136 nolunt

443 1180 538 1217 sua
564 1165 694 1218 vitia
726 1164 972 1220 conﬁteri
1002 1167 1259 1236 operibus
1313 1184 1597 1238 .rguamns.
1636 1170 2015 1236 linjuscemodi

441 1254 585 1307 enim
614 1255 860 1309 homines
889 1270 999 1309 non
1033 1256 1311 1311 ambulant
1340 1258 1393 1311 itt
1440 1269 1590 1313 arcta
1618 1268 1672 1313 et
1709 1260 1763 1313 in
1793 1271 2013 1331 angusta

443 1343 548 1408 via,
573 1360 692 1414 quae
718 1346 865 1400 ducit
897 1347 964 1401 ad
1003 1347 1192 1413 vitam,
1217 1348 1402 1404 sed.in
1428 1349 1535 1404 lata
1559 1356 1614 1405 et
1631 1351 1886 1420 spatiosa,
1920 1366 2017 1420 per

439 1447 602 1501 quam
647 1435 1022 1505 ingrediuntur
1064 1437 1301 1508 plurimi,
1336 1454 1455 1508 qua:
1502 1440 1647 1495 ducit
1674 1441 1741 1494 ad
1785 1449 2014 1496 mortem

441 1521 655 1592 (Matth.
688 1524 804 1597 vn).
834 1525 987 1581 Unde
1013 1537 1068 1582 et
1116 1528 1484 1599 signiﬁcanter
1532 1529 1864 1605 πολυάνδριον
1914 1547 2014 1586 ηο-

441 1614 642 1669 minata
675 1625 778 1682 est,
814 1616 1096 1686 sivejuxta
1126 1619 1412 1674 historiam
1443 1622 1583 1690 quod
1624 1622 1696 1676 ibi
1736 1621 2017 1676 interfecta

440 1713 494 1758 et
512 1705 720 1773 perdita
752 1707 822 1760 sit
850 1706 1166 1763 idololatriae
1197 1710 1341 1764 malo
1366 1710 1550 1780 populi
1575 1710 1879 1765 multitudo.

2122 541 2230 588 tate
2259 534 2542 603 reperient,
2574 543 2632 587 ut
2659 549 2932 603 nunquam
2970 534 3143 603 possit
3186 535 3477 606 voluptatis
3510 549 3703 590 amore

2119 624 2324 678 satiari.
2364 618 2566 693 (Greg.)
2606 622 2816 693 Onager
2849 624 2992 679 enim
3038 627 3266 695 agrestis
3291 640 3375 680 est
3405 627 3624 692 asinus,
3648 635 3704 681 et

2120 721 2269 767 recte
2306 712 2360 764 itt
2403 714 2504 766 hoc
2556 712 2692 766 libro
2738 714 2956 785 onagris
2999 725 3385 783 comparantur
3433 717 3699 779 haeretici,

2117 801 2209 871 qui
2238 802 2289 854 in
2319 800 2431 854 suis
2460 800 2820 870 voluptatibus
2857 803 3063 856 dimissi
3091 819 3120 856 a
3157 803 3383 867 vinculis
3411 815 3541 881 sunt
3577 807 3703 860 ﬁdei

2117 898 2173 944 et
2209 889 2431 944 rationis
2464 891 2644 944 alieni.
2682 891 2892 962 Onager
2939 894 3136 963 quippe
3165 895 3218 947 in
3267 894 3568 968 solitudine
3610 911 3700 950 as-

2118 988 2300 1035 suetus
2329 990 2444 1048 est,
2478 983 2602 1051 quia
2642 983 2766 1036 dum
2799 993 3018 1049 terram,
3063 987 3241 1040 cordis
3280 989 3359 1040 sui
3400 988 3703 1057 diseiplinm

2116 1071 2317 1127 virtute
2349 1087 2453 1127 non
2485 1072 2701 1139 excolit,
2732 1075 2805 1127 ibi
2830 1075 3038 1139 habitat
3067 1077 3157 1130 ubi
3206 1077 3414 1132 fructus
3455 1094 3564 1132 non
3598 1089 3699 1133 est.

2109 1161 2218 1228 Qui
2267 1162 2321 1216 in
2365 1162 2633 1217 desiderio
2684 1163 2876 1216 anima:
2923 1179 3035 1216 sure
3087 1174 3310 1218 ventum
3361 1168 3567 1221 amoris
3618 1167 3703 1222 sui

2117 1251 2371 1317 attrahit,
2425 1252 2549 1320 quia
2620 1267 2739 1321 qum.
2789 1267 2858 1307 ex
2906 1252 3179 1308 desiderio
3225 1256 3462 1322 scientiae
3518 1266 3704 1311 mente

2117 1343 2349 1413 concipit
2400 1343 2587 1397 inﬂare
2625 1342 2955 1412 praevalent,
3008 1359 3112 1398 non
3156 1345 3447 1402 aediﬁcare.
3502 1346 3701 1402 Contra

2116 1446 2252 1503 quos
2289 1435 2485 1489 dicitur
2518 1453 2530 1486 :
2567 1455 2584 1486 ‹
2631 1433 2869 1488 Seieutia
2896 1432 3070 1500 inﬁat,
3103 1436 3342 1492 eharitas
3379 1452 3512 1491 vero
3540 1435 3707 1492 aediﬁ-

2118 1533 2207 1579 cat
2238 1525 2289 1598 (I
2311 1525 2434 1579 Cor.
2476 1526 2615 1595 Vill).
2652 1546 2669 1577 ι

2192 1633 2210 1666 ‹
2243 1615 2475 1672 Prohibe
2501 1617 2691 1686 pedem
2721 1625 2870 1672 tuum
2905 1633 2934 1672 a
2962 1619 3224 1682 nuditate,
3257 1626 3312 1672 et
3338 1627 3527 1688 guttur
3549 1627 3703 1675 tuum

2125 1709 2210 1760 t'a
2240 1707 2348 1760 siti.
2380 1706 2447 1760 Et
2489 1707 2694 1770 dixisti,
2733 1709 3048 1776 Desperavi,
3090 1723 3430 1778 nequaquam
3480 1709 3699 1764 faciam.

517 1812 535 1845 ι
572 1793 774 1850 Cursor
797 1795 930 1852 levis
956 1799 1235 1867 explicans
1263 1801 1380 1854 vias
1417 1815 1542 1855 suas
1563 1840 1578 1865 ,
1607 1815 1809 1871 onager
1836 1817 2022 1858 assue-
2050 1795 2094 1854 B
2129 1813 2146 1845 (
2185 1794 2442 1849 Adamavi
2473 1796 2669 1864 quippe
2721 1795 2948 1862 alienos,
2972 1805 3027 1852 et
3055 1806 3175 1867 post
3192 1813 3296 1853 eos
3338 1800 3647 1855 ambulabo.
3677 1819 3695 1851 ι

445 1906 464 1939 ι
511 1896 598 1952 tus
641 1888 961 1955 solitudine,
1004 1892 1057 1943 in
1095 1891 1360 1946 desiderio
1390 1893 1584 1947 anima:
1619 1909 1744 1948 suae
1797 1896 2020 1949 attraxit

443 1995 464 2029 ί
512 1986 731 2032 ventum
763 1979 963 2034 amoris
998 1982 1099 2035 sui.
1151 1981 1339 2036 Nullus
1363 1991 1588 2037 avertetv
1616 1997 1734 2037 eam
1775 2003 1787 2037 :
1829 2001 2018 2041 omnes

443 2088 464 2121 (
507 2071 598 2139 qui
629 2081 878 2140 quaerunt
908 2089 1026 2126 eam
1057 2089 1162 2127 non
1191 2074 1464 2139 deﬁcient,
1499 2075 1552 2127 in
1583 2077 1872 2132 menstruis
1902 2077 2017 2146 ejus

442 2179 461 2211 ι
508 2153 782 2216 invenient
829 2178 972 2217 eam.
1017 2183 1036 2214 ι
1079 2164 1428 2236 Septuaginta
1465 2184 1480 2220 :
1537 2187 1555 2219 ι
1605 2168 1685 2223 Ad
1734 2183 2016 2239 vesperam

441 2269 461 2302 ι
503 2264 610 2306 vox
653 2251 769 2321 eius
799 2253 1042 2320 ululavit,
1074 2255 1190 2310 vias
1217 2270 1345 2311 suas
1371 2256 1617 2311 dilatavit
1643 2273 1806 2326 super
1844 2274 2014 2328 aquas

441 2360 459 2392 ι
506 2341 830 2408 solitudinis,
872 2344 925 2398 in
957 2344 1223 2398 desiderio
1253 2346 1446 2401 animae
1477 2362 1588 2402 sua:
1617 2349 1808 2416 spiritu
1833 2355 2014 2418 porta-

437 2453 456 2486 ι
499 2436 677 2490 batur.
735 2436 957 2493 Tradita
984 2448 1096 2502 est,
1124 2441 1245 2509 quis
1271 2450 1555 2497 convertet
1601 2444 1766 2497 eam?
1792 2445 2010 2510 Omnes,

438 2547 457 2579 ι
498 2528 590 2598 qui
617 2529 1039 2611 quaerunt'illam
1079 2548 1187 2587 non
1216 2533 1538 2590 laborabunt
1565 2551 1579 2589 :
1611 2545 1675 2592 et'
1708 2538 1760 2592 in
1793 2539 2014 2592 humili-

438 2637 456 2668 ι
503 2626 614 2672 tate
653 2619 796 2674 illius
841 2621 1115 2689 reperient
1145 2639 1286 2678 eam.
1335 2644 1354 2676 ι
1398 2625 1621 2681 Multum
1662 2628 1716 2683 in
1753 2629 1854 2684 hoc
1895 2630 2013 2686 loco

433 2706 784 2779 Septuaginta
831 2711 995 2766 editio
1021 2714 1088 2767 ab
1123 2712 1390 2771 Hebraica
1439 2717 1670 2773 veritate
1718 2719 2009 2786 discordat,

429 2807 613 2852 tamen
670 2809 900 2871 utraque
952 2801 1117 2857 habet
1168 2819 1386 2875 sensum
1442 2821 1619 2861 suum.
1677 2807 1814 2876 Quia
1850 2824 2012 2878 supra

429 2887 602 2942 dixit:
634 2903 742 2944 non
791 2905 910 2944 sum
945 2891 1183 2961 polluta,
1210 2902 1264 2948 et
1293 2895 1446 2963 quasi
1474 2896 1540 2950 ad
1571 2897 1868 2962 mulierem,
1895 2914 2013 2968 quae

429 2979 660 3047 turpiter
684 2994 742 3034 se
770 2990 1010 3051 gesserat
1041 2984 1378 3053 loquebatur,
1405 2987 1663 3042 describit
1702 2987 2015 3045 fornicatio-

429 3083 555 3124 nem
579 3069 714 3140 ejus.
739 3070 1038 3138 Quomodo,
1067 3074 1267 3145 inquit,
1293 3092 1490 3147 caprea
1523 3079 1678 3145 levis,
1705 3096 1866 3150 quam
1911 3097 2011 3137 nos

2123 1884 2472 1955 Septuaginta
2503 1903 2516 1938 :
2551 1902 2569 1935 (
2608 1883 2876 1940 Converte
2901 1887 3090 1956 pedem
3131 1895 3278 1940 tuum
3308 1903 3339 1941 a
3369 1890 3454 1941 via
3485 1905 3700 1959 aspera,

2126 1995 2144 2024 ι
2185 1982 2240 2028 et
2264 1983 2448 2045 guttur
2489 1983 2638 2041 tuum
2669 1991 2700 2029 a
2744 1976 2854 2030 siti.
2885 1977 3013 2042 Qum
3038 1977 3212 2031 dixit:
3246 1979 3486 2033 Viriliter
3518 1995 3699 2050 agam,

2125 2088 2141 2119 ι
2177 2068 2432 2137 quoniam
2472 2067 2632 2121 dilexi
2693 2068 2898 2122 alienos
2936 2079 2994 2124 et
3040 2079 3162 2138 post
3208 2086 3301 2124 eos
3347 2071 3643 2126 ambulavi.
3677 2091 3694 2124 ι

2120 2159 2388 2231 (Ηὸενοη.)
2416 2159 2623 2213 Pascha
2651 2159 2866 2225 facturi,
2891 2160 3258 2215 calceamenta
3283 2163 3483 2217 habere
3506 2163 3698 2230 juben-

2118 2261 2206 2303 tur
2251 2248 2306 2301 in
2342 2248 2572 2316 pedibus
2609 2248 2806 2320 (Exod.
2859 2244 2980 2320 xu).
3013 2250 3079 2303 Et
3099 2250 3384 2321 Apostolus
3427 2253 3698 2310 calceatus

2115 2336 2369 2406 praedicat
2408 2336 2574 2406 pedes
2613 2350 2799 2391 eorum
2836 2338 2927 2406 qui
2969 2337 3259 2409 Evangelia
3300 2352 3677 2410 prteparantur

2117 2443 2185 2484 ne
2220 2428 2345 2482 dum
2385 2442 2480 2497 per
2521 2427 2702 2483 saeculi
2757 2427 2915 2494 hujus
2969 2419 3309 2484 solitudinem
3348 2433 3696 2501 gradiuntur,

2117 2520 2398 2575 venenatis
2427 2527 2649 2588 pateant
2682 2519 3063 2583 animantibus,
3101 2535 3220 2590 quae
3243 2521 3438 2576 debent
3466 2537 3700 2593 evange»

2116 2609 2220 2664 lico
2273 2610 2406 2679 pede
2462 2609 2658 2664 calcari
2697 2617 2752 2662 et
2795 2610 3022 2664 conteri.
3052 2609 3249 2666 Guttur
3283 2613 3636 2681 prohibemus
3665 2628 3696 2667 ι

2116 2703 2225 2766 siti,
2264 2703 2479 2772 quando
2505 2702 2806 2759 Salvatoris
2847 2712 3115 2774 praecepta
3163 2707 3487 2776 suscipimus
3517 2707 3698 2763 dicen-

2117 2795 2186 2851 tis
2213 2793 2393 2866 (Joan.
2425 2794 2524 2864 vn)
2559 2813 2571 2848 :
2605 2813 2624 2846 ‹
2655 2794 2758 2863 Qui
2796 2795 2913 2850 sitit
2953 2797 3136 2851 veniat
3168 2797 3236 2851 ad
3269 2813 3354 2852 me
3383 2808 3436 2853 et
3460 2799 3632 2863 bibat,
3671 2819 3690 2852 ι

2115 2901 2236 2954 qua:
2258 2886 2634 2956 desperatione
2657 2886 2917 2942 malorum
2939 2888 3155 2958 negavit
3184 2903 3241 2943 se
3265 2887 3529 2942 facturam
3550 2890 3697 2958 quod

2117 2977 2374 3032 Dominus
2421 2977 2725 3046 imperavit,
2775 2992 3103 3048 causamque
3168 2981 3417 3048 exposuit
3467 2981 3691 3035 dicens:

2122 3086 2140 3119 ι
2175 3067 2437 3122 Adamavi
2458 3070 2686 3134 alienos,
2717 3079 2771 3124 et
2804 3070 2924 3124 illos
2957 3085 3204 3140 sequar,»
3233 3072 3529 3140 impudenti
3557 3088 3693 3127 eon-

428 3179 626 3234 genere
650 3167 923 3220 communi
944 3182 1220 3223 cursorem
1234 3169 1491 3237 diximus,
1515 3171 2012 3247 signiﬁcantiusque

2121 3156 2348 3211 fessione
2385 3166 2578 3226 putans
2623 3175 2683 3213 se
2737 3159 2966 3213 crimina
3017 3160 3274 3215 devitarc.
3328 3160 3499 3216 Porro
3537 3161 3694 3230 juxta

428 3253 644 3321 Aquila,
663 3253 1022 3324 Symmachus
1041 3267 1094 3311 et
1106 3256 1404 3330 Theodotio
1416 3271 1627 3334 vertere
1647 3262 1839 3338 δρομὰς
1856 3268 2012 3340 κούφη

429 3342 665 3410 explicat
690 3344 807 3398 vias
835 3361 960 3399 suas
979 3387 992 3410 ,
1019 3354 1074 3400 et
1095 3347 1248 3401 velox
1288 3346 1460 3404 fertur
1484 3350 1551 3403 ad
1578 3354 1926 3420 prmamhula,
1960 3365 2015 3410 et

430 3432 573 3486 sicut
591 3448 793 3503 onager
822 3444 1070 3490 assuetus
1105 3436 1161 3490 in
1186 3437 1474 3494 solitudine
1496 3479 1510 3504 ,
1535 3441 1700 3496 trahit
1726 3443 1781 3496 in
1803 3443 2015 3500 deside-

428 3523 511 3577 rio
557 3525 750 3579 animae
798 3541 909 3581 sua:
956 3536 1211 3595 ventum,
1243 3529 1328 3584 vel
1367 3531 1615 3600 spiritum
1661 3535 1861 3590 amoris
1905 3537 2009 3603 sui,

428 3632 536 3671 uno
575 3617 717 3672 enim
757 3607 898 3688 apud
939 3619 1190 3676 Hebrteos
1221 3623 1439 3679 nomine
1464 3628 1565 3686 ma
1604 3633 1657 3680 et
1702 3636 1891 3681 ventus
1921 3642 2012 3698 ap-

426 3707 659 3778 pellatur
679 3719 734 3763 et
762 3711 1001 3778 spiritus,
1035 3713 1113 3768 sic
1135 3723 1189 3769 et
1213 3715 1377 3770 Israel
1404 3717 1515 3772 sive
1538 3717 1871 3773 Hierusalem
1898 3725 2013 3773 toto

427 3799 631 3868 impetu
683 3803 752 3856 ad
784 3803 1110 3859 desiderium
1162 3805 1400 3860 libidinis
1456 3807 1751 3875 ferebatur,
1775 3819 1832 3865 et
1864 3811 2010 3865 omni

429 3892 691 3946 idolorum
717 3906 904 3947 amore
951 3893 1214 3962 fervebat,
1248 3890 1532 3966 nullusque
1580 3907 1663 3954 est
1690 3901 1781 3970 qui
1810 3900 1859 3954 vi
1889 3915 2010 3956 eam

427 3985 598 4052 possit
638 3985 752 4039 suis
789 3985 1012 4041 monitis
1053 3988 1122 4042 ab
1156 3987 1259 4043 hoc
1296 3987 1497 4058 impetu
1561 4000 1805 4045 avertere
1829 4033 1842 4057 ,
1903 4008 2011 4046 non

432 4091 538 4142 quo
563 4075 968 4144 impossibilitas
990 4079 1093 4132 hoc
1117 4078 1306 4133 fecerit
1333 4081 1738 4149 prophetarum,
1775 4085 1869 4138 sed
1897 4099 2012 4137 ma-

429 4166 543 4220 litia
594 4183 848 4235 perversa
901 4169 1188 4236 cupientis.
1247 4189 1263 4220 ι
1325 4171 1641 4242 Quicunque
1690 4188 1846 4240 eam,
1897 4175 2008 4238 ait,

428 4258 743 4326 quaesierint
767 4273 871 4312 non
898 4275 1222 4330 magnopere
1267 4261 1613 4328 laborabunt,
1644 4265 1696 4318 in
1717 4268 2010 4321 menstruis

429 4358 484 4402 et
535 4350 586 4401 in
639 4349 978 4403 immunditia
1027 4351 1141 4420 ejus
1175 4352 1469 4421 'invenient
1512 4369 1650 4408 eam.
1702 4375 1720 4407 ›
1765 4355 1869 4410 Pro
1904 4371 2010 4425 quo

427 4436 622 4505 Aquila
673 4442 953 4508 νιομηνίαν,
1003 4440 1104 4508 hoc
1158 4448 1260 4504 est,
1310 4439 1601 4506 Kalendas,
1651 4442 2007 4514 Symmachus

2119 3246 2470 3317 Septuaginta
2501 3249 2586 3301 via
2614 3259 2959 3318 peccatorum
2999 3263 3190 3318 aspera
3217 3257 3324 3316 est,
3363 3265 3484 3319 quae
3520 3267 3551 3304 a
3580 3251 3691 3306 Do-

2118 3339 2264 3393 mino
2303 3340 2632 3393 convertitur
2674 3339 2727 3393 in
2763 3340 2906 3393 viam
2949 3339 3184 3408 planam.
3235 3339 3550 3410 Quicunque
3583 3342 3694 3395 ha:-

2116 3431 2312 3485 reticos
2360 3431 2627 3500 sequitur,
2676 3431 2868 3486 horum
2919 3447 3169 3492 versuum
3223 3443 3441 3487 notetur
3492 3434 3689 3502 elogio.

2116 3521 2267 3589 Quod
2293 3523 2487 3577 dixerit
2510 3524 2796 3594 desperavi,
2827 3525 2941 3579 sive
2967 3525 3020 3577 in
3051 3523 3191 3578 malo
3221 3525 3497 3592 proposito
3532 3540 3690 3594 agam

2113 3615 2362 3680 viriliter,
2400 3624 2453 3669 et
2481 3616 2537 3668 in
2579 3631 2697 3669 meo
2721 3615 3068 3670 confortabor
3097 3631 3304 3671 errore.
3335 3616 3564 3671 Necesse
3591 3632 3693 3670 au-

2114 3719 2221 3765 tem
2250 3718 2416 3764 estut
2448 3710 2539 3778 qui
2587 3709 2816 3764 alienam
2856 3711 3218 3766 ecclesiastica
3255 3712 3557 3766 doctrinam
3591 3728 3685 3768 se-

2113 3802 2316 3871 quitur,
2344 3801 2548 3856 alienos
2590 3802 2798 3872 diligat,
2826 3811 2880 3857 et
2921 3817 3108 3858 eorum
3147 3812 3404 3873 sequatur
3440 3804 3687 3874 vestigia,

2112 3893 2194 3946 vel
2221 3891 2491 3948 daemones
2528 3892 2613 3948 vel
2657 3894 3032 3949 haereticorum
3058 3896 3350 3966 principes,
3379 3897 3471 3966 qui
3517 3912 3547 3951 a
3575 3896 3690 3952 Deo

2112 3985 2271 4040 alieni
2301 3992 2444 4038 sunt.

2186 4095 2202 4126 ι
2242 4075 2518 4141 Quomodo
2545 4075 2890 4147 confunditut;
2931 4077 3036 4145 fur,
3067 4079 3281 4149 quando
3327 4081 3686 4150 deprehendi-

2119 4184 2136 4216 (
2176 4173 2282 4231 tur,
2316 4165 2394 4219 sic
2437 4165 2646 4220 confusi
2700 4175 2825 4221 sunt
2864 4169 3054 4223 domus
3076 4168 3257 4235 Israel,
3297 4169 3398 4239 ipsi
3427 4179 3481 4224 et
3533 4185 3690 4241 reges

2117 4276 2133 4306 ι
2169 4249 2374 4319 eorum,
2415 4255 2711 4324 principes,
2741 4264 2795 4309 et
2837 4258 3170 4322 sacerdotes,
3215 4267 3271 4312 et
3296 4260 3570 4328 propheta:
3594 4275 3690 4313 eo-

2117 4362 2135 4393 (
2178 4358 2294 4397 rum
2326 4342 2789 4413 dicentes.ligno:
2821 4343 2982 4398 Pater
3011 4360 3162 4399 meus
3197 4361 3255 4400 es
3283 4354 3370 4409 tu;
3397 4355 3452 4400 et
3477 4347 3640 4415 lapidi
3666 4366 3679 4400 :

2120 4450 2138 4482 ι
2176 4429 2255 4484 Tu
2287 4447 2372 4486 me
2396 4431 2646 4500 genuisti.
2683 4451 2701 4482 ι
2754 4431 3010 4499 Quamvis
3042 4434 3116 4487 sit
3146 4434 3427 4505 impudens
3468 4443 3523 4490 et
3559 4447 3684 4504 pro—

428 4544 678 4592 mensem,
706 4529 1055 4598 Septuaginta
1078 4538 1131 4584 et
1152 4529 1450 4584 Theodotio
1472 4531 1814 4595 humilitatem
1840 4534 2007 4587 inter-
2036 4524 2088 4585 Ι)
2114 4538 2213 4576 03X
2240 4523 2417 4576 VllllUS
2447 4522 2760 4585 ῙιιῐἮηιῘυω»
2806 4531 2983 4577 “lmen
3012 4525 3282 4580 εΐυδεεϐίι
3311 4541 3433 4580 cum
3459 4525 3513 4579 in
3543 4525 3687 4581 Ῐῠτω

427 4620 624 4691 pretati
652 4628 794 4675 sunt.
819 4619 988 4674 Porro
1007 4619 1162 4688 juxta
1187 4619 1533 4690 Septuaginta
1567 4621 1654 4676 hic
1679 4637 1868 4676 sensus
1904 4631 2004 4677 est.

429 4709 684 4765 Meretrix
714 4708 1049 4763 Hierusalem
1068 4749 1082 4772 ,
1099 4708 1256 4777 juxta
1287 4709 1429 4764 illam
1462 4711 1740 4765 mulierem
1767 4752 1782 4777 ,
1806 4729 1924 4782 qua:
1953 4713 2006 4766 in

429 4797 740 4854 Proverbiis
778 4797 1102 4852 describitur
1152 4796 1331 4869 (Prov.
1368 4815 1396 4852 v
1421 4810 1469 4853 et
1492 4799 1589 4871 vt),
1631 4801 1696 4855 ad
1726 4816 2006 4872 vesperam

429 4890 652 4946 ululavit
673 4905 806 4945 voce
827 4905 940 4955 sua,
968 4897 1023 4943 et
1050 4898 1320 4945 amatores
1353 4889 1420 4944 ad
1452 4890 1726 4945 libidinem
1751 4907 2011 4961 provoca-

429 4982 541 5036 bat.
574 4980 863 5049 Aperiebat
889 4981 1005 5033 vias
1030 4980 1378 5048 turpitudinis
1405 4995 1536 5044 suae,
1579 4988 1634 5034 et
1677 4981 2011 5035 divaricabat

429 5072 596 5143 pedes
634 5071 781 5125 omni
811 5072 1133 5126 transeunti.
1163 5072 1294 5124 Erat
1334 5080 1512 5125 autem
1542 5072 1693 5127 locus
1723 5073 2008 5125 amwnita-

431 5172 544 5219 tem
570 5163 776 5218 habens
805 5179 1065 5232 aquarum
1089 5162 1391 5227 ﬂuentium,
1421 5164 1512 5234 qui
1535 5163 1899 5218 delectabilior
1927 5163 2007 5228 ﬁt,

433 5255 648 5324 quando
687 5256 740 5309 in
791 5254 1023 5310 circuitu
1073 5255 1304 5310 solitudo
1348 5263 1461 5320 est,
1514 5265 1572 5310 ut
1607 5257 1786 5311 nullus
1836 5257 2012 5311 videat

433 5343 812 5399 fornicantem.
869 5361 888 5395 (
939 5343 1000 5398 In
1054 5344 1350 5409 desiderio,
1392 5345 1594 5415 inquit,
1640 5345 1833 5400 anima:
1878 5362 2010 5414 suas,

430 5443 911 5510 πνευματοφοριῖτο,
927 5436 1039 5491 sive
1064 5451 1319 5506 perverso
1345 5435 1537 5504 spiritu
1558 5435 1870 5498 ducebatur,
1896 5437 2010 5492 sive

434 5529 686 5583 trahebat
711 5527 912 5598 amoris
931 5527 1289 5607 refrigerium,
1315 5527 1399 5581 vel
1420 5537 1564 5582 certe
1592 5527 1818 5581 canebat
1843 5526 2010 5596 turpi-

437 5617 640 5673 tudinis
665 5633 774 5671 sute
803 5617 1062 5671 carmina.
1096 5617 1315 5670 Tradita
1355 5625 1460 5680 est,
1496 5617 1686 5688 inquit,
1715 5615 1861 5669 vitiis
1897 5615 2010 5670 suis

437 5717 491 5763 et
519 5708 746 5776 libidini,
779 5708 954 5763 nullus
979 5723 1101 5763 eam
1145 5716 1461 5763 convertere
1509 5707 1727 5782 poterit.
1777 5704 2003 5779 Omnes,

2114 4612 2276 4665 fuerit
2323 4611 2705 4679 deprehensus.
2759 4611 2827 4665 Et
2873 4613 3039 4690 Israel
3077 4630 3205 4685 ergo
3257 4616 3442 4670 dicens
3498 4615 3644 4686 ligno
3671 4657 3686 4680 ,

2121 4719 2139 4754 t
2172 4700 2332 4756 Pater
2355 4716 2506 4755 meus
2535 4715 2594 4756 es
2623 4708 2711 4764 tu;
2751 4709 2806 4756 et
2831 4701 3026 4770 lapidi:
3058 4705 3136 4757 Tu
3166 4721 3252 4761 me
3274 4706 3504 4776 genuisti
3529 4723 3543 4771 ;
3571 4725 3589 4758 ι
3626 4716 3688 4761 ut

2114 4807 2205 4847 eos
2235 4800 2450 4846 vocaret
2493 4801 2744 4862 parentes
2771 4807 2907 4860 quos
2946 4792 3061 4862 ipse
3098 4794 3388 4850 fabricatus
3426 4805 3531 4862 est,
3556 4813 3690 4854 cou~

2115 4885 2356 4939 funditur
2385 4899 2504 4939 cum
2531 4884 2586 4938 in
2623 4899 2717 4939 sua
2759 4884 3055 4945 idololatria
3096 4886 3258 4940 fuerit
3294 4887 3686 4956 deprehensus.

2114 4975 2180 5030 Et
2206 4992 2270 5030 ne
2296 4986 2544 5046 putemus
2572 4995 2694 5035 eum
2737 4980 2838 5034 hoc
2865 4980 2931 5033 de
2978 4978 3131 5048 plebe
3159 4978 3339 5032 dicere
3371 4997 3382 5032 :
3409 4992 3566 5048 reges
3591 4993 3662 5048 po

2112 5067 2212 5130 nit,
2256 5075 2309 5120 et
2359 5068 2651 5136 principes,
2690 5077 2746 5122 et
2787 5068 3115 5131 sacerdotes,
3154 5075 3207 5119 et
3261 5065 3550 5134 prophetas
3596 5080 3686 5118 eo-

2114 5174 2252 5212 rum.
2299 5158 2525 5212 Utamur
2558 5160 2661 5214 hoc
2702 5158 3028 5224 testimonio,
3067 5157 3111 5209 si
3159 5155 3376 5224 quando
3413 5155 3687 5224 principes

2114 5249 2281 5304 nostri
2311 5260 2365 5305 et
2394 5250 2450 5305 hi
2487 5249 2577 5318 qui
2617 5250 2669 5303 in
2712 5249 2946 5305 Ecclesia
2981 5256 3238 5319 putantur
3265 5246 3428 5301 duces
3467 5246 3522 5300 in
3557 5257 3686 5314 pec-

2116 5340 2253 5394 catis
2276 5340 2519 5408 turpibus
2549 5339 2750 5392 fuerint
2778 5337 3118 5408 deprehensi.

2194 5447 2210 5479 (
2246 5413 2532 5483 Verterunt
2581 5426 2650 5481 ad
2699 5442 2784 5482 me
2838 5436 3048 5499 tergum
3102 5433 3157 5481 et
3236 5439 3344 5480 non
3408 5424 3622 5478 faciem.
3661 5441 3685 5477 ι

2117 5519 2341 5587 Quando
2366 5519 2508 5573 enim
2537 5517 2794 5589 magister
2813 5518 3076 5588 praecipit,
3100 5515 3400 5571 obedientis
3429 5514 3692 5573 indicium

2116 5621 2218 5676 est,
2247 5611 2291 5665 si
2318 5611 2553 5666 demisso
2577 5618 2765 5664 contra
2796 5609 2981 5663 audiat
3012 5607 3215 5677 capite;
3246 5606 3330 5660 sin
3363 5614 3544 5661 autem
3564 5622 3690 5660 vero

2118 5713 2194 5764 tat
2217 5713 2449 5783 tergum,
2471 5703 2684 5782 signum
2708 5701 2793 5758 est
2815 5697 3209 5758 contemnentis
3230 5713 3248 5762 ξ
3273 5705 3330 5760 ut
3357 5699 3414 5765 in
3441 5698 3549 5770 alio
3573 5697 3698 5768 loco
