3910 6324
155 310 245 366 821

1065 295 1429 357 EXPOSITIO
1469 288 1692 348 SUPER
1730 283 2096 342 JEREMIAM.
2139 311 2211 324 --
2247 281 2377 339 LIB.
2416 270 2483 337 Ῑῐ.

154 434 409 498 scriptum
453 429 573 476 est:
611 439 629 473 ι
659 421 725 474 Et
775 425 1054 475 verterunt
1083 417 1152 480 ad
1201 431 1291 471 me
1330 412 1602 484 scapulam
1624 415 1726 464 'I‘C-
1751 410 1805 468 Α
1831 404 1924 459 sed
1964 409 2144 498 VC?!"
2170 399 2399 498 ,ειεξάίιιε
2413 397 2711 498 (Ῑθνοτξὶνίίν
2737 408 2898 498 quin?"
2936 394 3268 498 δυδιίιξυίβίίδ
3304 410 3405 466 Pro

154 497 432 577 cedentem
479 497 664 584 (Ζαειι.
712 509 834 584 vn).
871 529 888 560 ι
941 508 1053 582 Qui
1099 505 1392 578 projiciunt
1445 514 1724 557 sermones

152 609 246 665 Dei
269 613 584 667 retrorsum,
618 601 717 671 ipsi
742 605 964 654 vertunt
982 606 1168 654 contra
1192 611 1315 650 eum
1338 603 1549 664 tergum
1569 604 1726 645 suum

152 707 206 756 et
241 712 348 752 non
384 695 598 750 faciem.
626 693 684 746 In
735 699 964 755 tantum,
1014 690 1186 757 inquit
1234 688 1397 748 Deus,
1433 698 1552 738 mea
1599 695 1730 735 con-

149 797 420 858 tempsere
444 789 734 856 praecepta,
762 789 820 834 ut
846 795 914 832 ne
951 779 1137 832 audire
1175 777 1391 845 quidem
1420 773 1726 836 voluerunt,

151 881 246 937 sed
279 891 543 933 tumorem
567 872 732 928 animi
760 880 913 942 gestu
941 870 1182 937 corporis
1210 867 1518 921 iudicarint.

228 971 349 1024 «Et
388 969 440 1022 in
491 976 731 1034 tempore
777 953 1082 1016 aﬂlictionis
1133 975 1245 1014 suae
1291 959 1508 1034 dicent:
1557 955 1730 1027 Surge

159 1080 177 1112 ι
209 1067 266 1114 et
293 1059 461 1112 libera
504 1031 675 1109 nos.»
712 1052 812 1119 Qui
843 1067 940 1121 per
972 1049 1237 1106 beneﬁcia
1277 1031 1381 1102 non
1419 1053 1724 1112 senserunt,

149 1167 252 1223 per
278 1157 543 1206 tormenta
567 1146 799 1201 sentient
826 1146 1019 1198 Deum.

229 1260 250 1292 ‹
283 1241 384 1296 Ubi
415 1249 538 1293 sunt
563 1238 635 1292 dii
672 1237 746 1290 tui
777 1251 914 1305 quos
944 1233 1118 1289 fecisti
1147 1231 1285 1286 tibi?
1309 1236 1536 1300 surgant
1577 1235 1632 1282 et
1673 1227 1732 1280 li-

159 1351 177 1382 ι
213 1332 404 1384 berem
452 1337 502 1381 te
541 1329 593 1380 in
624 1319 864 1393 tempore
909 1323 1214 1396 afﬂictionis
1239 1331 1362 1376 tute.
1395 1341 1414 1373 ι
1445 1320 1733 1388 [mpudens

151 1415 446 1490 postulatio
490 1424 726 1483 tempore
773 1413 1114 1467 necessitatis
1142 1420 1197 1466 et
1227 1411 1511 1481 angustiae,
1556 1410 1624 1464 ab
1668 1423 1733 1462 eo

151 1523 403 1580 qumrere
429 1505 706 1567 auxilium,
736 1518 896 1571 quem
929 1504 981 1556 iu
1005 1516 1137 1571 pace
1157 1501 1601 1570 contempserint.
1632 1499 1734 1556 Le-

151 1600 493 1668 gendumque
522 1594 851 1663 increpantis
877 1592 1073 1648 affectu
1103 1607 1117 1644 :
1148 1610 1165 1642 ι
1197 1590 1451 1665 Litereut
1479 1598 1530 1643 te
1555 1589 1627 1644 dii
1657 1588 1732 1641 tui

151 1703 293 1757 quos
330 1687 503 1741 fecisti
529 1686 650 1748 tibi,
690 1704 709 1737 ι
746 1692 803 1737 ιιι
835 1699 977 1737 cum
1004 1682 1146 1738 Deus
1180 1682 1265 1737 sit
1311 1689 1526 1733 creator
1557 1678 1734 1732 homi-

1832 496 2068 567 peccatis
2105 492 2318 548 vestris.
2361 489 2532 546 Porro
2563 490 2916 561 Septuaginta
2945 504 3054 545 non
3091 489 3291 545 habent
3326 507 3410 544 ve-

1829 597 1968 652 ster;
2013 586 2108 640 sed
2157 582 2476 652 simpliciter
2524 582 2862 654 interpretati
2907 591 3056 648 sunt,
3085 600 3104 633 ‹
3131 582 3412 639 devoravit

1830 677 2038 749 gladius
2066 675 2355 745 prophetas
2377 661 2645 738 vestros“
2665 682 2723 728 ut
2744 673 3063 730 ostendatur
3092 673 3174 728 vel
3188 660 3409 731 hostilis

1833 771 2063 841 gladius,
2092 767 2177 824 vel
2204 767 2413 837 gladius
2457 754 2628 834 meus,
2660 781 2761 838 per
2788 783 2949 839 quem
2982 775 3161 824 vestra
3187 780 3410 839 peccata

1832 861 2067 915 confodi.

1910 970 1929 1002 ι
1958 951 2122 1016 Quasi
2160 949 2242 1003 leo
2281 954 2538 1013 vastator,
2570 947 2850 1017 generatio
2877 956 3082 1003 vestra.
3120 968 3140 1002 ι
3185 947 3413 1018 Septua-

1834 1043 1982 1114 ginta
2011 1061 2022 1095 :
2055 1061 2072 1092 ‹
2108 1041 2270 1108 Quasi
2302 1040 2383 1094 leo
2431 1046 2669 1094 vastator
2697 1046 2752 1094 et
2788 1053 2893 1093 non
2931 1039 3204 1095 timuistis.
3237 1060 3255 1092 ι
3281 1038 3412 1095 Gla-

1834 1136 1978 1200 dius,
2005 1135 2199 1203 inquit,
2237 1134 2325 1202 qui
2369 1133 2649 1188 devoravit
2688 1133 2982 1204 prophetas
3011 1142 3239 1199 vestros,
3270 1134 3416 1190 haud

1835 1227 2056 1280 dubium
2081 1226 2211 1294 quin
2242 1224 2370 1278 Baal
2398 1231 2452 1278 et
2486 1224 2746 1278 idolorum
2777 1224 2978 1279 ariolus
3004 1224 3296 1294 significet,
3337 1226 3418 1278 in-

1837 1323 1951 1369 star
1979 1315 2150 1368 leonis
2179 1314 2428 1366 universa
2461 1314 2712 1375 vastabit,
2736 1321 2790 1367 et
2829 1323 3007 1368 tamen
3045 1321 3222 1368 vestra
3255 1328 3407 1384 gene.

1837 1408 1995 1471 ratio,
2021 1421 2140 1476 quze
2189 1420 2482 1474 paucorum
2524 1403 2899 1462 interfectione
2941 1406 3203 1461 debuerat
3237 1420 3424 1460 emen-

1838 1498 1987 1562 dari,
2039 1496 2216 1550 omnis
2247 1495 2610 1564 perseveravit
2653 1495 2704 1549 in
2732 1496 2954 1552 scelere.
2988 1495 3149 1551 Juxta
3194 1495 3422 1566 Septua-

1838 1586 1986 1656 ginta
2015 1575 2160 1640 'vero
2186 1585 2273 1640 hic
2313 1600 2508 1639 sensus
2536 1592 2640 1639 est.
2683 1584 2773 1639 Sic
2813 1585 3019 1656 gladius
3058 1585 3306 1651 Domini,
3332 1586 3421 1654 qui

1841 1679 2272 1732 adversariorum
2309 1677 2544 1746 gladium
2571 1678 2988 1743 demonstravit,
3033 1673 3310 1734 devoravit
3338 1687 3424 1732 at—

153 1793 306 1840 num,
348 1777 509 1830 homo
557 1773 744 1828 fecerit
773 1774 974 1836 Deum,
1022 1770 1214 1841 probet
1263 1769 1558 1824 necessitas
1606 1767 1809 1836 quidB
1838 1785 1942 1839 que
1975 1771 2232 1825 laceravit
2271 1772 2762 1843 pseudoprophctas
2817 1781 3057 1838 vestros,
3109 1774 3263 1842 quasi
3307 1772 3423 1839 leo,

151 1869 366 1937 possint
396 1881 531 1936 quos
572 1854 794 1919 securus
825 1872 950 1917 ante
973 1861 1208 1917 coluisti.
1254 1861 1330 1914 De
1372 1860 1554 1914 hocin
1598 1859 1736 1917 lsaia

152 1960 418 2026 scriptum
447 1965 570 2010 est:
606 1975 622 2006 ι
655 1955 754 2010 Ubi
794 1962 920 2008 sunt
957 1954 1030 2008 dii
1061 1953 1137 2007 tui
1179 1967 1316 2022 quos
1360 1951 1570 2007 feceras
1609 1952 1738 2007 tibi?

154 2056 386 2119 surgant
419 2056 474 2102 et
509 2045 714 2105 salvum
756 2053 809 2098 te
857 2043 1062 2099 faciant
1100 2043 1152 2096 in
1197 2051 1438 2112 tempore
1475 2041 1736 2096 malorum

153 2149 397 2193 tuorum.
432 2159 452 2190 ι
483 2138 624 2208 Ergo
667 2137 881 2206 proprie
921 2134 1165 2203 loquitur
1207 2132 1272 2187 ad
1317 2131 1551 2198 Iudaeos,
1595 2132 1741 2202 quod

152 2243 253 2283 eos
284 2243 676 2299 synagogarum
726 2242 945 2281 suarum
975 2226 1130 2280 turba
1163 2233 1408 2295 tempore
1443 2224 1742 2281 obsidionis

151 2319 395 2375 liberare
417 2336 523 2374 non
553 2319 791 2374 valeant.

237 2430 256 2461 ‹
289 2411 595 2466 Secundum
646 2425 930 2465 numerum
987 2409 1269 2465 civitatum
1323 2416 1538 2463 tuarum
1587 2419 1753 2464 erant

161 2518 182 2550 ι
218 2497 296 2553 dii
337 2498 435 2564 tui,
464 2497 621 2553 Juda.
664 2490 981 2570 ι’(Ηίενοη.)
1021 2498 1119 2553 Vel
1145 2499 1361 2552 eosdem
1389 2497 1474 2552 vel
1504 2498 1745 2570 singulos

156 2598 328 2659 atque
375 2590 617 2643 diversos
663 2589 883 2659 singulae
917 2590 1168 2644 civitates
1205 2589 1456 2644 colebant
1491 2589 1639 2655 deos,
1680 2599 1749 2645 ‘ut

155 2694 264 2735 nec
297 2679 353 2733 in
385 2679 664 2749 impietate
705 2680 1021 2734 viderentur
1042 2681 1245 2736 habere
1275 2695 1622 2747 consensum,
1649 2680 1748 2735 sed

156 2785 412 2842 pugnans
442 2780 630 2826 contra
655 2786 712 2826 se
758 2772 1087 2840 superstitio,
1127 2771 1404 2827 diversum
1431 2781 1750 2840 sequeretur

158 2876 429 2916 errorem.
483 2860 741 2930 Quodque
804 2862 1067 2929 sequitur,
1122 2880 1142 2912 ‹
1172 2871 1228 2916 et
1268 2861 1422 2932 juxta
1466 2875 1751 2914 numerum

158 2952 378 3006 viarum
416 2950 749 3007 Hierusalem
783 2951 1133 3007 immolabant
1177 2950 1325 3017 Baal,
1361 2967 1391 3006 a
1434 2950 1578 3006 LXX
1606 2951 1753 3006 addi-

158 3049 283 3097 tum
310 3050 411 3098 88L

1839 1862 1929 1930 qui
1961 1862 2302 1918 avidissimus
2338 1872 2606 1934 repertam
2630 1865 2867 1933 praedam
2898 1865 3120 1930 lacerat,
3151 1874 3208 1919 et
3245 1874 3426 1921 tamen

1840 1969 1938 2009 nec
1969 1954 2355 2032 prophetarum
2396 1963 2700 2012 vestrorum
2747 1957 3011 2028 supplicio
3054 1957 3306 2029 potuistis
3329 1957 3428 2032 ead

1842 2045 2064 2111 meliora
2101 2029 2366 2099 converti.

1857 2153 1861 2157 ’
1920 2156 1938 2186 ‹
1974 2137 2157 2191 Videte
2186 2138 2412 2191 verbum
2443 2138 2677 2193 Domini.
2703 2137 2974 2210 Numquid
3001 2141 3234 2197 solitudo
3255 2141 3431 2197 factus

1849 2247 1868 2279 ε
1905 2242 2024 2282 sum
2053 2226 2262 2290 Israeli,
2303 2236 2393 2280 aut
2433 2236 2576 2282 terra
2607 2217 2882 2284 serotina‘?
2910 2229 3091 2303 Quare
3130 2246 3260 2303 ergo
3295 2231 3433 2287 dixit

1851 2337 1870 2370 ι
1907 2319 2137 2390 populus
2163 2335 2347 2374 meus:
2374 2319 2738 2386 Recessimus,
2767 2336 2873 2376 non
2902 2322 3178 2378 veniemus
3200 2323 3340 2377 ultra
3363 2321 3432 2376 ad

1852 2427 1871 2460 ι
1906 2416 1975 2464 te.
2011 2429 2029 2461 ι
2069 2409 2231 2462 LXX:
2267 2429 2285 2459 ε
2320 2410 2515 2465 Audite
2569 2413 2793 2467 verbum
2847 2413 3079 2467 Domini.
3134 2412 3262 2467 Haec
3305 2413 3436 2468 dicit

1854 2518 1872 2550 ι
1911 2494 2208 2556 Dominus.’
2243 2497 2790 2569 Numquidsolitudo
2819 2501 3013 2567 factus
3057 2517 3178 2558 sum
3225 2502 3433 2571 lsraeli,

1855 2609 1878 2641 ι
1913 2599 2006 2644 aut
2032 2599 2176 2645 terra
2200 2592 2356 2661 plena
2390 2593 2647 2658 sentium,
2676 2594 2801 2662 quia
2834 2594 3219 2672 dixitpopulus
3246 2611 3432 2650 meus:

1856 2697 1876 2731 ‹
1909 2679 2028 2735 Νοιι
2057 2681 2376 2746 serviemus,
2402 2697 2502 2736 nec
2523 2683 2802 2739 veniemus
2822 2684 2889 2739 ad
2911 2684 2996 2739 te?
3024 2704 3042 2737 ι
3065 2684 3130 2738 Et
3160 2683 3335 2740 Moses
3356 2686 3434 2738 vi-

1852 2770 2011 2824 debat
2039 2783 2226 2824 vocem
2259 2769 2583 2846 Dei(jEJ:od.
2616 2771 2832 2843 χχχιιι),
2863 2775 2922 2827 'et
2947 2773 3183 2829 Joannes
3210 2783 3430 2845 aposto-

1851 2860 1937 2914 lus
1948 2861 2172 2915 verbum
2188 2862 2280 2916 Dei
2300 2862 2496 2918 vidisse
2509 2872 2895 2921 etattrectasse
2909 2880 2968 2921 se
2984 2867 3116 2922 dicit
3130 2867 3182 2939 (Ι
3194 2866 3438 2938 10mm).

1855 2955 2080 3011 Miratur
2117 2967 2296 3026 autem
2345 2961 2614 3027 quomodo
2653 2960 2883 3030 populus
2931 2960 3094 3016 Israel
3140 2962 3309 3016 Deum
3352 2963 3443 3015 ba-

1854 3049 2055 3114 buerit,
2087 3050 2242 3119 quasi
2279 3049 2641 3116 Solitudinem,
2672 3067 2797 3106 cum
2830 3047 2989 3116 idOla,
3023 3052 3174 3122 quasi
3211 3052 3441 3108 celebri-

241 3152 260 3184 ι
295 3132 434 3199 Quid
473 3132 634 3186 vultis
674 3132 878 3203 judicio
920 3149 1132 3190 mecum
1171 3136 1533 3192 contendere?
1564 3153 1751 3193 omnes
1777 3119 1822 3182 Ο
1858 3147 2019 3194 tatem
2051 3139 2267 3194 urbium
2310 3140 2380 3194 sit
2421 3149 2655 3196 secutus.
2711 3140 2880 3195 Terra
2924 3119 3160 3196 sero—tina
3200 3134 3284 3197 est
3322 3156 3441 3212 quae

168 3243 188 3276 ‹
226 3223 598 3294 dereliquistis
635 3242 754 3291 me,
796 3224 926 3281 dicit
964 3229 1246 3288 Dominus.
1281 3248 1300 3281 ι
1337 3227 1512 3284 Prona
1561 3239 1645 3292 est
1681 3231 1750 3284 ad

163 3314 574 3368 excusationem
623 3314 705 3368 sui
752 3315 986 3368 humana
1013 3317 1364 3384 perversitas,
1405 3329 1465 3371 ut
1491 3319 1751 3389 quidquid

163 3403 368 3456 metito
405 3404 712 3469 sustinent,
770 3405 969 3471 injuste
1020 3407 1290 3462 sustinere
1327 3409 1633 3475 videantur,
1699 3419 1753 3464 et

164 3495 448 3566 propriam
474 3495 685 3564 culpam
713 3494 954 3550 referant
983 3499 1050 3552 ad
1086 3498 1346 3566 judicium
1381 3500 1495 3554 Dei.
1527 3501 1752 3556 Frustra

166 3583 357 3655 igitur,
389 3584 483 3650 ait,
515 3585 809 3641 obtenditis
833 3588 1222 3656 querimonias,
1252 3599 1308 3644 et
1345 3591 1588 3661 iniquum
1618 3607 1754 3647 cau-

165 3675 368 3730 samini
389 3673 649 3742 judicent,
682 3691 801 3730 cum
844 3678 1140 3747 impietatis
1164 3684 1367 3736 "vestrm
1403 3682 1476 3736 sit
1497 3683 1640 3751 quod
1661 3697 1756 3753 pa-

165 3765 370 3821 timini.
399 3764 963 3836 Quodquesequitur,
999 3787 1017 3820 ί
1051 3776 1107 3823 et
1137 3785 1325 3825 omnes
1361 3771 1545 3841 inique
1570 3772 1757 3842 egistis

166 3858 225 3913 in
256 3869 366 3921 me,
399 3876 417 3908 ι
460 3857 713 3912 similiter
736 3874 766 3911 a
790 3858 936 3913 LXX
959 3860 1200 3915 additum
1226 3869 1329 3917 est.

247 3967 267 3998 ι
310 3947 437 4002 Sine
479 3963 641 4002 causa
679 3951 922 4017 percussi
963 3950 1100 4007 filios
1135 3963 1388 4008 vestros:
1417 3953 1757 4026 disciplinam

173 4058 192 4091 ι
229 4053 341 4092 non
368 4049 706 4109 receperunt.
746 4057 764 4090 ι
805 4039 911 4094 Pro
955 4057 1064 4111 quo
1117 4039 1472 4115 Septuaginta
1504 4062 1756 4116 posuere,

174 4153 194 4186 ι
230 4149 343 4188 non
387 4133 688 4203 recepistis,
715 4153 732 4184 ι
768 4147 1065 4203 sensusque
1104 4143 1188 4189 est
1226 4124 1288 4188 in'
1321 4134 1623 4192 Hebraico:
1654 4137 1758 4206 lpsi

169 4226 266 4296 qui
300 4225 540 4293 percussi
588 4233 733 4289 sunt,
781 4225 1119 4294 disciplinam
1156 4229 1397 4299 recipere
1449 4230 1757 4284 noluerunt.

170 4317 232 4371 In
267 4316 618 4386 Septuaginta
647 4331 770 4372 vero
801 4334 814 4368 :
842 4317 962 4372 Ideo
991 4321 1235 4388 percussi
1259 4320 1399 4376 filios
1424 4330 1662 4386 vestros,
1703 4331 1762 4376 ut

173 4408 398 4462 illorum
429 4424 560 4463 nece
589 4425 679 4464 vos
706 4411 1077 4464 erudiremini.
1110 4411 1177 4466 Et
1197 4427 1264 4466 ne
1291 4413 1430 4468 forte
1455 4415 1712 4469 diceretis
1742 4431 1756 4468 :

170 4498 483 4553 Peccantes
508 4500 778 4569 corripere
809 4501 1048 4566 noluisti,
1091 4502 1264 4573 plagis
1299 4504 1489 4560 discite
1527 4504 1762 4560 filiorum

171 4601 488 4648 vestrorum
531 4594 670 4661 quod
694 4596 992 4650 austeriore
1014 4612 1110 4652 vos
1139 4597 1402 4668 cupierim
1431 4614 1625 4663 curare
1650 4615 1763 4655 me—

172 4687 470 4742 dicamine.
515 4689 588 4742 De
616 4689 719 4743 hoc
745 4690 796 4744 in
820 4690 956 4746 Isaia
996 4691 1073 4745 ita
1106 4692 1307 4762 legitur
1335 4710 1348 4747 :
1384 4712 1403 4744 ‹
1434 4693 1561 4748 Sine
1594 4709 1760 4749 causa

170 4776 427 4847 percussi
464 4776 604 4832 filios
634 4786 861 4842 vestros,
892 4780 1232 4850 disciplinam
1270 4796 1375 4834 non
1404 4781 1702 4850 recepistis.
1736 4802 1756 4834 ι

178 4865 344 4921 Unde
367 4866 535 4921 iratus
560 4865 796 4935 loquitur
821 4882 916 4936 per
942 4868 1083 4924 Osee
1109 4888 1123 4923 ;
1146 4887 1164 4919 ‹
1195 4869 1311 4926 Νοιι
1335 4872 1569 4936 visitabo
1602 4885 1764 4940 super

174 4957 330 5012 fi7ias
352 4965 578 5021 vestras,
610 4972 731 5011 cum
767 4957 964 5014 fuerint
994 4959 1301 5026 fornicatae;
1332 4969 1387 5016 et
1421 4977 1582 5032 super
1605 4978 1766 5032 spon-

174 5059 532 5105 sas-vestras
576 5065 697 5104 cum
746 5038 1168 5106 adulteraverunt
1194 5051 1339 5123 (Ore.
1375 5052 1473 5123 ιν).
1505 5072 1523 5104 ι
1569 5053 1636 5107 Ει
1671 5067 1766 5122 per

175 5138 524 5193 Ezechielem
552 5157 570 5201 ε,
607 5157 625 5189 ς
655 5139 810 5194 Zelus
831 5156 989 5212 ,meus
1017 5142 1234 5198 recedat
1257 5157 1287 5195 a
1315 5149 1386 5206 te,
1422 5152 1476 5197 et
1512 5158 1619 5199 non
1651 5144 1761 5197 ira-

175 5245 312 5286 scar
360 5229 452 5284 tibi
503 5231 733 5301 amplius
774 5232 989 5303 (Ezech.
1039 5234 1174 5307 xvi).
1203 5254 1221 5287 ι
1259 5236 1333 5289 De
1371 5235 1567 5305 quibus
1614 5245 1671 5290 et
1709 5237 1763 5291 in

174 5320 421 5377 Psalmis
465 5321 731 5393 legimus:
765 5343 783 5375 ‹
813 5325 926 5379 Non
968 5335 1053 5380 est
1079 5309 1478 5382 ﬁrmamentum
1526 5327 1578 5381 in
1607 5327 1761 5397 plaga

173 5425 397 5474 eorum,
432 5411 486 5464 in
537 5412 809 5468 laboribus
841 5416 1117 5470 hominum
1166 5435 1272 5472 non
1319 5427 1463 5494 sunt,
1511 5433 1610 5472 nec
1638 5433 1762 5472 cum

176 5501 500 5556 hominibus
530 5501 1129 5577 flagellabuntur(Psal.
1169 5509 1356 5581 xxxv).
1390 5527 1408 5561 ι

260 5609 281 5640 ι
315 5589 604 5645 Devoravit
653 5593 862 5663 gladius
913 5607 1092 5651 vester
1139 5601 1430 5668 prophetas
1473 5607 1712 5655 vestros.
1743 5620 1760 5654 ι

176 5678 305 5746 Non
335 5695 506 5750 meos,
529 5681 626 5738 sed
649 5692 857 5751 vestros
877 5687 1184 5763 prophetas.
1208 5687 1556 5770 Nequaquam
1581 5705 1734 5748 meus
1751 5730 1769 5766 ,

1851 3226 2056 3286 imbres
2087 3242 2192 3280 nou
2242 3228 2432 3305 recipit
2471 3228 2861 3293 doctrinarum,
2898 3243 3001 3284 nec
3052 3229 3327 3301 Evangelii
3359 3232 3441 3285 di-

1855 3318 2157 3388 sciplinam,
2189 3318 2458 3388 plenaque
2487 3319 2744 3385 sentium,
2777 3320 2904 3390 quia
2949 3319 3163 3375 exculta
3191 3335 3298 3375 non
3319 3319 3444 3376 fue-

1854 3416 1959 3460 rat.
1979 3409 2211 3477 Populus
2237 3423 2364 3479 ergo
2385 3411 2657 3480 quondam
2691 3411 2786 3466 Dei
2819 3411 2876 3466 in
2894 3425 2975 3483 ,ρο
3001 3419 3086 3466 est
3106 3411 3439 3474 sceleratior,

1853 3498 1994 3568 quod
2023 3499 2248 3554 recessit
2278 3515 2307 3554 a
2339 3501 2586 3567 Domino,
2614 3508 2668 3554 et
2697 3511 2805 3557 non
2834 3502 2949 3556 vult
2976 3502 3120 3557 ultra
3148 3501 3441 3572 reverti_ad

1854 3593 2026 3648 Deum
2073 3611 2248 3649 suum.
2298 3595 2533 3652 Grandis
2571 3596 2795 3664 offensa,
2832 3598 2977 3655 nolle
3015 3598 3236 3669 placare
3277 3615 3440 3672 quem

1858 3680 2172 3737 offenderis.

1934 3791 1953 3822 ‹
1992 3772 2264 3843 Numquid
2323 3762 2675 3839 obliviscetur
2727 3777 2882 3850 virgb
2945 3780 3250 3836 ornamenti
3318 3781 3445 3849 sui,

1865 3879 1884 3912 ι
1925 3877 2120 3932 sponsa
2151 3864 2335 3921 fasciaa
2359 3869 2647 3937 pectoralis
2677 3872 2827 3925 suae?
2863 3871 3100 3943 Populus
3125 3882 3279 3931 meus
3305 3875 3414 3932 oui

1868 3970 1886 4002 ι
1931 3960 2017 4008 tus
2045 3964 2128 4010 est
2159 3957 2266 4010 mei
2303 3957 2492 4015 diebus
2518 3961 2836 4020 innumeris.
2869 3983 2889 4018 ι
2918 3964 3023 4021 Per
3052 3967 3167 4028 haec
3186 3967 3449 4026 discimus

1863 4058 2121 4112 sponsum
2161 4059 2282 4100 esse
2307 4045 2591 4104 'Christum
2619 4051 2846 4124 virginis
2871 4052 3153 4123 Ecclesia,
3182 4072 3304 4127 qua
3338 4074 3448 4116 non

1866 4133 2028 4188 habet
2072 4134 2336 4188 maculam
2391 4153 2567 4207 neque
2617 4152 2826 4208 rugam.
2869 4140 2924 4197 Si
2972 4142 3153 4200 autem
3202 4147 3318 4216 ipse
3365 4159 3452 4206 est

1865 4239 2113 4293 sponsus,
2139 4225 2310 4294 ipsius
2351 4227 2519 4282 verba
2550 4238 2676 4283 sunt
2697 4231 2764 4286 de
2799 4246 2908 4303 quo
2945 4233 3183 4307 loquitur
3203 4245 3259 4306 et
3291 4237 3453 4295 Joan-

1865 4327 1961 4368 nes
2012 4312 2255 4382 Baptista
2299 4332 2311 4368 :
2353 4333 2372 4365 ‹
2402 4315 2504 4384 Qui
2555 4318 2720 4376 habet
2765 4336 3021 4391 sponsam
3085 4339 3316 4399 sponsus
3367 4343 3454 4389 est

1866 4406 2047 4478 (Joan.
2092 4408 2198 4480 ιιι).
2230 4429 2249 4461 ι
2285 4409 2675 4469 Ornamentum
2719 4424 2853 4487 ergo
2905 4434 3060 4475 suum
3106 4423 3317 4493 perdit,
3358 4429 3453 4499 qui

1871 4502 2072 4555 recedit
2097 4517 2127 4556 ιι
2151 4503 2397 4570 Domino,
2425 4513 2480 4560 et
2508 4506 2707 4562 amittit
2733 4509 3143 4584 intelligentiam
3174 4513 3453 4587 doctrina-

1869 4609 2008 4659 rum,
2041 4607 2161 4664 quae
2201 4595 2537 4666 significatur
2560 4600 2615 4654 in
2651 4609 2892 4671 pectore.
2933 4605 3078 4661 Unde
3117 4616 3172 4662 et
3208 4592 3448 4668 Joannes

1869 4684 2196 4755 evangelista
2253 4689 2521 4743 recumbit
2572 4705 2735 4762 super
2786 4705 2975 4763 pectus
3012 4696 3224 4754 Domini
3258 4700 3446 4773 (Joan.

1871 4779 2014 4843 xm).
2043 4775 2110 4829 Et
2151 4778 2524 4835 sacerdotibus
2552 4781 2694 4837 inter
2722 4793 2916 4841 caetera
2953 4781 3447 4861 separatur‘peetu-

1869 4867 2077 4922 sculum
2097 4866 2441 4924 victimarum
2462 4871 2651 4943 (Num.
2683 4876 2858 4948 xvtu).
2891 4877 3102 4944 Quanto
3123 4889 3308 4938 autem
3334 4901 3450 4940 ma-

1862 4955 1952 5024 jor
2007 4966 2089 5012 est
2145 4974 2403 5016 numerus
2464 4970 2765 5035 temporum
2824 4964 3022 5037 Quibus
3078 4971 3449 5030 obliviscimur

1870 5048 2062 5116 Deum,
2094 5059 2243 5131 tanto
2269 5053 2445 5139 major
2455 5069 2629 5124 spcena
2649 5060 2883 5128 peccati,
2914 5059 3058 5132 quod
3086 5078 3185 5120 nec
3213 5066 3447 5139 longitu-

1874 5142 1998 5198 dine
2018 5144 2335 5225 smculorum
2363 5137 2601 5216 potuerit
2625 5151 2889 5209 edomari.

1949 5252 1967 5283 ι
2003 5232 2140 5300 Quid
2183 5237 2374 5292 niteris
2421 5239 2618 5295 bonam
2666 5246 2951 5301 ostendere
2999 5238 3141 5304 viam
3184 5259 3332 5308 tuam
3370 5257 3441 5313 ad

1877 5340 1897 5372 ς
1933 5324 2278 5392 quaerendam
2307 5327 2690 5388 dilectionem?
2718 5334 2847 5402 Quae
2886 5337 3106 5410 insuper
3129 5347 3193 5397 et‘
3210 5346 3446 5405 malitias

1877 5435 1894 5467 ι
1933 5423 2053 5471 tuas
2081 5419 2308 5475 docuisti
2333 5421 2450 5478 vias
2478 5433 2612 5489 tuas,
2645 5435 2699 5481 et
2722 5425 2775 5482 in
2803 5429 2903 5484 alis
2937 5433 3059 5499 tuis,
3090 5436 3202 5490 sive
3241 5438 3294 5491 in
3326 5456 3444 5495 ma-

1876 5524 1894 5556 t
1934 5505 2092 5561 nibus
2121 5509 2367 5566 inventus
2411 5523 2494 5568 est
2541 5519 2762 5585 sanguis
2807 5521 3447 5598 animarumgpauperum

1875 5619 1895 5652 ι
1931 5611 1985 5655 et
2022 5602 2391 5659 innocentum.
2440 5605 2556 5663 Non
2595 5610 2646 5665 in
2684 5611 2852 5666 foveis
2900 5614 3079 5669 inveni
3113 5596 3230 5681 eos,
3259 5596 3366 5676 sed
3393 5622 3450 5677 in

1878 5709 1897 5745 ι
1930 5692 2178 5749 omnibus
2221 5693 2363 5762 istis.
2404 5697 2519 5760 sive
2571 5701 2668 5762 sub
2706 5702 2854 5764 omni
2897 5718 3124 5774 quercu.
3153 5726 3172 5762 ι
3199 5707 3451 5797 Frustra,
