3910 6358
449 307 555 365 825

1083 308 1144 362 Β.
1187 304 1438 362 RABANI
1477 302 1696 361 MAURI
1731 303 2048 361 ARCHl‘EP.
2091 305 2396 362 MOGUNT.
2436 303 2718 362 OPERUM
2757 305 2934 361 PARS
2965 305 3050 360 Ill.

3623 301 3722 360 εει

451 427 731 498 inquit,'te
769 439 922 494 cupis
957 423 1248 479 verborum
1289 429 1407 474 arte
1447 419 1762 487 defendere,
1798 429 1852 475 et
1891 421 2047 491 quasi
2075 424 2130 483 Α
2160 438 2178 472 ι
2215 436 2388 486 suam,
2429 428 2483 474 et
2513 419 2771 477 recedens
2796 420 2863 475 ab
2891 433 2973 484 eo,
3010 418 3223 474 duxerit
3251 420 3430 475 virum
3470 419 3722 487 alterum,

450 521 589 575 bona
631 514 917 572 Ostendere
945 529 1110 585 opera
1159 521 1252 566 tua
1280 519 1342 565 ut
1377 511 1643 566 merearis
1674 510 2038 576 dilectionem,

451 606 572 682 quae
598 609 819 678 insuper
843 608 1008 662 etiam
1038 604 1173 658 alios
1211 600 1442 657 docuisti
1471 600 1589 655 vias
1621 610 1759 666 tuas,
1788 609 1843 656 et
1865 616 2044 656 exem-

447 699 540 771 plo
597 697 748 752 fulsti
793 695 1046 750 omnibus
1101 691 1371 748 malorum
1429 705 1676 761 operum.
1725 691 1793 744 Et
1835 690 1889 744 in
1942 688 2041 771 alis

450 767 648 862 quippe
672 789 786 843 sive
813 788 866 840 in
905 786 1157 840 manibus
1183 786 1290 840 tuis
1315 786 1568 841 inventus
1599 791 1681 839 est
1708 781 1927 852 sanguis
1953 767 2038 835 iri-

451 886 770 944 nocentum,
801 891 936 947 quos
968 877 1022 932 id
1045 876 1128 932 plis
1173 876 1488 938 immolasti,
1521 875 1637 930 sive
1663 888 1892 944 quorum
1925 873 2043 926 ani-

450 983 570 1023 mas
597 967 879 1038 perdidisti
923 965 1312 1022 sacriﬁciorum
1355 964 1728 1020 similitudine.
1771 964 2043 1033 Pauperes

447 1060 516 1116 de
542 1058 809 1118 Hebraico
838 1059 1140 1130 posuimus,
1170 1058 1262 1128 qui
1311 1057 1367 1112 in
1397 1056 1748 1128 Septuaginta
1777 1070 1900 1110 non
1940 1055 2040 1109 ha-

451 1148 669 1204 bentur.
712 1149 821 1205 Hos
859 1158 1062 1214 autem,
1095 1148 1288 1219 inquit,
1336 1162 1604 1218 pauperes
1633 1155 1688 1204 et
1729 1148 2042 1202 innocentes

451 1257 560 1298 non
608 1242 788 1296 inveni
843 1242 899 1295 in
942 1240 1113 1295 foveis
1176 1239 1512 1306 interfectos,
1563 1239 1708 1310 quod
1757 1237 1894 1293 solet
1931 1235 2043 1306 ple-

449 1349 680 1404 rumque
701 1333 945 1389 accidere
972 1324 1257 1388 latronum"
1283 1324 1516 1389 insidiis.
1550 1333 1659 1388 Sed
1681 1332 1736 1387 in
1764 1329 2039 1394 omnibus,

447 1443 569 1498 qua:
599 1443 761 1498 supra
785 1427 1103 1490 memoravi,
1128 1427 1242 1481 sive
1267 1427 1367 1482 sub
1389 1440 1616 1497 quercu,
1638 1439 1758 1496 quae
1779 1420 2042 1477 Hebraice

448 1519 649 1573 dicitur
697 1518 798 1572 clla
849 1519 992 1588 quod
1035 1517 1255 1587 quidem
1299 1526 1352 1573 et
1388 1518 1490 1571 ista
1538 1514 1825 1585 signiﬁcat,
1866 1520 1924 1566 ut
1973 1512 2044 1566 sit

448 1624 678 1674 sensus:
707 1609 761 1663 in
811 1609 1064 1665 omnibus
1120 1609 1262 1674 istis,
1304 1609 1419 1665 sive
1467 1607 1567 1663 sub
1627 1621 1832 1677 quercu
1881 1613 2044 1672 atque

454 1699 786 1764 therebinto,
817 1700 918 1754 sub
962 1699 1114 1768 cujus
1155 1699 1348 1753 umbra
1375 1708 1429 1753 et
1454 1697 1756 1762 frondibus,
1795 1696 1950 1767 quasi
1988 1696 2043 1749 in

448 1790 680 1844 amoenis
710 1788 844 1844 locis
867 1789 1184 1845 idololatriae
1207 1787 1507 1844 sceleribus
1527 1787 1818 1843 fruebaris.

525 1899 545 1933 ε
578 1880 648 1936 Et
708 1882 890 1936 dixisti
931 1882 1195 1953 :Absque
1249 1889 1473 1952 peccato
1525 1887 1580 1934 et
1627 1880 1889 1934 innocens
1945 1893 2045 1949 ego

449 1993 472 2027 ς
506 1990 651 2040 sum,
675 1983 732 2030 et
754 1984 1036 2044 propterea
1070 1981 1346 2033 avertatur
1376 1971 1527 2026 furor
1554 1979 1678 2026 tuus
1707 1986 1738 2024 a
1772 1985 1878 2025 me.
1906 1970 2046 2024 Ecce

451 2081 473 2116 ι
510 2077 610 2135 ego
653 2063 862 2133 judicio
905 2062 1232 2117 contendam
1285 2067 1485 2124 tecum,
1531 2073 1598 2115 eo
1639 2060 1790 2129 .quod
1817 2058 2040 2113 dixisti:

450 2171 472 2205 ‹
509 2151 626 2207 Non
674 2152 918 2222 peccavi.
959 2151 1135 2218 Quam
1187 2151 1311 2206 vilis
1361 2165 1420 2206 es
1481 2148 1624 2204 facta
1673 2149 1873 2218 nimis,
1931 2148 2047 2203 sive

452 2259 472 2293 ι
511 2243 728 2312 quando
772 2241 1144 2312 contempsisti
1194 2240 1378 2306 nimis,
1430 2241 1636 2294 iterans
1689 2239 1807 2293 vias
1832 2239 1984 2293 tuas!
2019 2259 2038 2291 ι

445 2336 544 2390 His
570 2336 828 2390 utendum
858 2342 944 2389 est
972 2334 1262 2389 adversum
1287 2348 1404 2398 eos,
1435 2332 1524 2401 qui
1555 2330 1746 2386 nolunt
1785 2345 1882 2385 sua
1919 2344 2047 2400 pec-

446 2435 571 2480 cata
605 2439 954 2496 cognoscere,
1002 2425 1098 2480 sed
1133 2425 1188 2478 in
1231 2433 1476 2492 tempore
1516 2420 1823 2477 afﬂictionis
1868 2428 1925 2476 et
1956 2436 2047 2476 an-

447 2514 660 2585 gustiae,
711 2513 899 2569 dicunt
938 2529 997 2568 se
1026 2512 1226 2581 injuste
1266 2513 1562 2576 sustinere,
1592 2527 1712 2580 quae
1751 2510 2043 2576 sustinent,

447 2604 727 2675 magisque
764 2611 1065 2674 provocant
1104 2604 1242 2658 iram
1271 2590 1388 2667 Dei,
1432 2604 1560 2658 dum
1584 2603 1816 2656 alterum
1847 2600 2046 2669 majus-

447 2709 556 2765 que
597 2701 878 2765 peccatum
930 2695 1020 2759 sit,
1048 2708 1154 2748 non
1211 2693 1398 2764 lugere
1434 2692 1579 2762 quod
1638 2691 1888 2754 fecerint,
1950 2691 2047 2746 sed

446 2800 614 2840 vanas
639 2786 1020 2840 excusationes
1045 2785 1342 2841 obtendere
1363 2791 1732 2854 peccatorum.
1763 2803 1780 2833 ‹
1810 2782 2041 2850 Judicio,

447 2879 646 2950 inquit,
686 2879 1009 2936 contendam
1049 2887 1248 2944 tecum,
1287 2893 1385 2948 pro
1413 2892 1479 2933 eo
1508 2876 1654 2947 quod
1683 2874 1908 2940 dixeris,
1926 2874 2045 2930 Non

448 2974 692 3042 peccavi,
739 2973 894 3043 quasi
941 2970 1116 3040 majus
1147 2971 1424 3040 quippiam
1474 2970 1546 3024 sit
1592 2970 1695 3024 hoc
1736 2971 2054 3039 peccatum,

453 3066 601 3120 aliud
623 3065 826 3121 habere
853 3066 908 3119 in
930 3065 1287 3127 conscientia,
1317 3063 1464 3118 aliud
1493 3078 1744 3119 sermone
1763 3063 2039 3133 proferre:

449 3153 634 3210 audiat
676 3169 815 3210 nova
863 3169 932 3209 ex
981 3163 1166 3210 vetere
1200 3153 1446 3218 haeresis,
1471 3154 1618 3207 'iram
1651 3153 1747 3208 Dei
1789 3168 1912 3208 esse
1959 3153 2046 3208 vel
2074 3127 2120 3192 ο

451 3250 747 3304 maximam
795 3247 939 3302 nolle
981 3256 1265 3318 peccatum
1311 3247 1591 3306 humiliter
1629 3246 1899 3313 conﬁteri,
1950 3249 2046 3304 sed

451 3340 796 3410 impudenter
818 3339 1029 3409 jactare
1053 3336 1342 3406 justitiam.

525 3447 545 3480 ι
581 3430 649 3482 Et
679 3428 746 3482 ab
776 3425 1014 3500 [Egypto
1055 3427 1402 3484 confunderis
1440 3429 1580 3483 sicut
1627 3427 1850 3484 confusa
1880 3443 1940 3484 es
1976 3432 2046 3485 ab

457 3538 477 3572 σ
511 3522 703 3576 Assur.
739 3517 875 3572 Nam
920 3526 975 3574 et
1004 3519 1073 3574 ab
1114 3519 1223 3574 ista
1260 3519 1584 3590 egredieris,
1621 3526 1676 3573 et
1717 3533 1912 3575 manus
1941 3528 2047 3574 tua:

457 3630 478 3664 ι
516 3618 680 3667 erunt
713 3624 877 3679 super
924 3616 1087 3679 caput
1127 3616 1304 3662 tuum.
1346 3609 1610 3676 Quoniam
1641 3608 1900 3665 contrivit
1948 3609 2050 3663 Do-

458 3723 478 3756 ‹
517 3705 698 3759 minus
733 3702 1116 3757 conﬁdentiam
1162 3703 1278 3756 sive
1320 3717 1472 3770 spem
1499 3709 1668 3768 tuam,
1711 3711 1766 3755 et
1810 3702 1945 3756 nihil
1992 3702 2047 3755 in

461 3813 480 3847 ι
517 3809 580 3850 ea
607 3793 832 3849 habebis
861 3805 1202 3862 prosperum.
1237 3810 1255 3842 ι
1286 3791 1357 3847 Ut
1381 3790 1760 3863 Egyptiorum
1787 3793 2047 3862 impetum

453 3883 809 3949 declinarent,
837 3882 1221 3953 confugiebant
1248 3883 1316 3939 ad
1354 3883 1630 3953 Assyrios,
1660 3897 1890 3952 quorum
1911 3898 2050 3938 ‘cas-

453 3991 575 4034 sum
605 3975 706 4029 fuit
751 3973 1080 4044 praesidium.
1118 3972 1304 4028 Victos
1342 3973 1488 4028 enim
1532 3988 1625 4028 eos
1672 3972 1741 4026 ab
1787 3972 2050 4046 Egyptiis

456 4068 704 4139 legimus,
737 4080 952 4120 rursum
973 4072 1032 4118 ut
1060 4065 1196 4118 iram
1227 4065 1435 4134 Assyrii
1466 4063 1734 4135 fugerent,
1774 4064 2053 4134 IEgyptio—

459 4177 581 4216 rum
604 4160 870 4230 adjutorio
905 4158 1236 4221 nitebantur,
1269 4172 1406 4226 quos
1435 4158 1500 4211 ab
1537 4157 1775 4227 Assyriis
1823 4173 2048 4228 superae

459 4252 544 4307 to‘s
573 4260 761 4304 narrat
805 4249 1052 4303 historia.
1102 4247 1458 4317 lncrepantur
1485 4259 1625 4318 ergo
1662 4247 1806 4316 quod
1851 4249 2051 4303 omissa

459 4354 555 4410 spe
580 4339 636 4393 in
665 4339 856 4403 Deum,
887 4338 1167 4392 hominum
1194 4338 1438 4391 nitantur
1467 4338 1687 4413 auxilio,
1720 4339 1863 4407 quod
1891 4343 2053 4394 Omne

459 4429 752 4486 contritum
773 4437 830 4483 et
855 4429 930 4482 ita
956 4427 1278 4483 subversum
1303 4436 1410 4493 est,
1439 4435 1500 4482 ut
1521 4428 1656 4482 nihil
1682 4428 1737 4482 in
1763 4444 1829 4483 eo
1854 4430 2054 4484 utilita-

463 4522 533 4575 tis
559 4519 733 4573 valeat
768 4518 1028 4587 reperire.
1081 4517 1234 4573 Unde
1271 4517 1370 4582 ait,
1405 4535 1424 4568 ‹
1451 4524 1509 4572 et
1557 4517 1624 4572 ab
1672 4517 1774 4571 ista
1813 4519 2054 4587 egredie-

461 4613 559 4677 ris,
593 4632 610 4663 ι
640 4613 744 4667 hoc
773 4620 879 4675 est,
913 4612 980 4665 ab
1010 4609 1266 4681 IEgypto,
1297 4611 1437 4665 sicut
1462 4624 1678 4681 egressa
1708 4625 1768 4664 es
1796 4609 1865 4664 ab
1891 4614 2056 4681 Assy-

463 4704 598 4767 riis;
635 4721 652 4752 α
682 4710 736 4757 et
758 4717 952 4757 manus
985 4710 1090 4757 tua:
1116 4712 1276 4757 erunt
1323 4717 1485 4772 super
1519 4713 1678 4772 caput
1720 4711 1891 4771 tuum,
1923 4724 1941 4756 )
1968 4705 2052 4759 Ιιι-

463 4794 722 4863 gebisque
767 4801 818 4846 te
845 4792 1046 4847 frustra
1093 4794 1160 4847 ab
1195 4791 1468 4865 Egyptiis
1496 4803 1840 4864 exspectasse
1867 4795 2054 4864 prazsi-

466 4883 635 4935 dium.
668 4882 1037 4935 Recordemur
1059 4881 1318 4947 historiae,
1351 4884 1566 4952 quando
1595 4883 1663 4936 ab
1692 4884 1864 4939 Amon
1889 4884 2055 4939 fratre

468 4971 892 5028 sceleratissimo
938 4984 1192 5041 corrupta
1233 4984 1288 5028 et
1340 4974 1535 5028 violata
1581 4974 1840 5041 Thamar,
1894 4990 2055 5044 supra

443 5123 445 5125 _
469 5076 721 5131 sparsum
751 5070 913 5130 caput
940 5063 1120 5116 cinere
1147 5078 1338 5117 manus
1363 5064 1620 5133 posuerit,
1649 5072 1702 5119 et
1735 5066 1806 5118 ita
1838 5081 2054 5121 reversa

471 5151 542 5205 sit
569 5151 622 5205 in
659 5151 875 5207 domum
903 5168 1055 5207 suam
1084 5152 1170 5223 (II
1196 5153 1322 5220 Reg.
1355 5155 1499 5220 xm).

1099 5263 1330 5338 CAPUT
1366 5265 1452 5320 ιιι.

477 5351 631 5424 Quod
657 5370 774 5405 cum
801 5353 978 5408 multis
1000 5356 1327 5424 gmatoribus
1357 5355 1619 5424 fornicata
1639 5363 1724 5419 sit,
1757 5365 1804 5410 et
1827 5361 1890 5409 de
1918 5360 2055 5411 dua-

548 5421 642 5493 bus
672 5425 957 5493 sororibus.
997 5420 1098 5478 Ubi
1131 5420 1367 5493 sequitur
1395 5426 1604 5480 verbum
1634 5425 1845 5480 Domini
1877 5438 2056 5481 contra

545 5491 808 5560 Assyrios,
833 5500 931 5546 etc.

553 5619 572 5650 ε
614 5601 782 5670 Vulgo
825 5604 1023 5658 dicitur
1051 5627 1068 5657 ι
1102 5604 1220 5677 (pro
1246 5623 1352 5676 quo
1379 5608 1754 5678 Septuaginta,
1799 5624 1818 5656 ι
1850 5616 2056 5664 tantum

485 5706 506 5742 ι
539 5690 736 5746 dicitur
763 5714 782 5747 ι
817 5698 1250 5758 transtulerunt).
1295 5717 1312 5750 ε
1344 5697 1405 5754 Si
1430 5700 1698 5755 dimiserit
1719 5699 1804 5754 vir
1831 5714 2055 5755 uxorem

2151 528 2170 561 ι
2206 509 2466 578 numquid
2524 517 2824 564 revertetur
2875 508 2942 563 ad
3003 513 3125 563 eam
3195 502 3346 564 ultrzl’
3370 509 3395 562 ?
3455 508 3723 579 Numquid

2151 620 2170 653 ι
2205 617 2310 661 non
2355 600 2556 670 polluta
2585 609 2640 656 et
2681 600 3044 656 contaminata
3091 599 3198 655 erit
3233 600 3426 656 mulier
3472 600 3563 655 illa
3603 602 3724 670 (sive

2151 713 2168 745 ι
2207 701 2351 749 terra
2392 693 2542 764 illa)?
2581 692 2648 746 Et
2691 701 2748 746 tu
2799 692 3064 748 fornicata
3119 707 3179 747 es
3225 703 3352 747 cum
3392 693 3725 749 amatoribus

2144 786 2324 841 multis
2355 786 2479 856 (sive
2509 786 2854 856 pastoribus).
2888 806 2907 838 ι
2940 786 3172 842 Verbum
3197 786 3340 840 enim
3371 789 3498 841 reim
3519 828 3534 853 ,
3557 796 3722 852 Dm.

2145 877 2285 947 quod
2313 886 2545 946 quatuor
2574 876 2769 932 litteris
2793 877 3049 932 scribitur
3081 890 3189 941 res,
3221 877 3330 941 ain,
3350 874 3467 945 jod;
3504 894 3646 933 mem
3671 887 3726 932 et

2144 979 2402 1024 amatores
2423 977 2478 1022 et
2503 979 2734 1038 pastores
2763 977 3049 1038 utrumque
3087 969 3375 1039 signiﬁcat.
3409 970 3476 1024 Et
3503 971 3549 1025 si
3587 970 3727 1041 lega-

2144 1076 2265 1117 mus
2296 1061 2442 1122 reim,
2474 1069 2744 1114 amatores
2775 1068 2962 1124 sonat;
2991 1058 3036 1114 si
3065 1060 3220 1124 roim,
3244 1068 3511 1128 pastores.

2220 1171 2239 1205 ι
2273 1153 2477 1209 Tamen
2532 1159 2802 1207 revertere
2852 1150 2918 1205 ad
2963 1166 3069 1215 me,
3125 1151 3255 1207 dicit
3300 1150 3562 1207 Dominus
3605 1152 3728 1222 (sine

2149 1260 2169 1294 α
2203 1240 2563 1296 revertebaris
2589 1239 2656 1295 ad
2698 1255 2805 1306 me,
2837 1239 2970 1295 dicit
3001 1239 3303 1311 Dominus).
3338 1260 3359 1294 ι
3405 1241 3462 1296 ln
3501 1240 3730 1296 Hebraeo

2142 1334 2306 1389 etiam
2339 1341 2462 1404 post
2515 1332 2930 1388 fornicationem
2977 1333 3206 1404 suscipit
3255 1321 3634 1403 potnitentem,
3677 1342 3730 1388 et

2144 1428 2392 1482 hortatur
2407 1433 2468 1480 ut
2492 1434 2796 1481 revertatur
2817 1426 2884 1480 ad
2897 1441 2976 1480 se.
3001 1425 3060 1479 ln
3082 1425 3431 1497 Septuaginta
3459 1441 3591 1481 vero
3618 1439 3723 1480 non

2143 1523 2400 1586 provocat
2445 1517 2510 1570 ad
2537 1515 2935 1585 penitentiam,
2995 1515 3089 1570 sed
3132 1517 3313 1586 arguit
3341 1515 3729 1584 impudentiam

2144 1608 2463 1673 meretricis,
2495 1606 2637 1676 quod
2674 1615 2795 1677 post
2828 1605 3154 1661 adulterium
3197 1607 3395 1662 reverti
3421 1607 3620 1661 audeat
3666 1605 3730 1661 ad

2145 1702 2418 1756 maritum.
2447 1699 2706 1768 Quodque
2733 1700 2826 1764 ait,
2865 1719 2882 1750 ‹
2911 1706 2967 1753 et
2996 1699 3356 1753 contaminata
3385 1700 3492 1754 erit
3536 1698 3730 1753 mulier

2070 1785 2120 1845 B
2149 1792 2257 1860 illa,
2286 1813 2306 1846 ι
2334 1808 2433 1862 pro
2461 1808 2570 1862 quo
2595 1792 2650 1846 in
2677 1791 2943 1846 Hebraico
2970 1800 3167 1845 terram
3195 1791 3444 1863 legimus,
3473 1788 3732 1859 relinquit

2145 1881 2454 1952 exemplum
2495 1889 2550 1936 et
2592 1879 2931 1936 manifestius
2979 1879 3044 1934 de
3081 1888 3226 1934 terra
3266 1880 3504 1950 loquitur
3542 1878 3729 1945 Israel,

2146 1992 2266 2047 qua:
2290 1975 2546 2030 adulterae
2587 1973 2798 2028 mulieri
2844 1981 3208 2043 comparatur.
3242 1971 3468 2027 Utamur
3494 1973 3602 2026 hoc
3642 1982 3727 2030 te-

2147 2067 2400 2122 stimonio
2432 2065 2716 2120 adversum
2743 2079 2838 2119 eos
2868 2063 2959 2131 qui
2988 2061 3391 2117 ﬁdem'Domini
3421 2056 3732 2132 relinquen-

2147 2165 2248 2222 tes,
2279 2164 2333 2210 et
2371 2155 2750 2210 haereticorum
2780 2153 3058 2208 erroribus
3094 2151 3402 2222 praepediti,
3440 2161 3564 2221 post
3588 2152 3729 2207 mul-

2148 2257 2231 2302 tas
2272 2236 2656 2301 fornicationes
2696 2253 2751 2299 et
2798 2243 3168 2314 deceptionem
3212 2243 3515 2297 animarum
3565 2243 3732 2298 simu-

2148 2336 2260 2390 lant
2290 2351 2348 2390 se
2376 2335 2574 2390 reverti
2601 2335 2667 2389 ad
2693 2334 2978 2404 pristinam
3005 2333 3312 2398 veritatem,
3344 2348 3450 2388 non
3481 2341 3542 2387 ut
3566 2333 3730 2404 depo-

2148 2437 2279 2482 nant
2327 2441 2534 2481 venena
2591 2424 2868 2493 pectoris,
2931 2424 3026 2479 sed
3072 2432 3132 2476 ut
3179 2423 3389 2478 caneris
3436 2423 3728 2480 insinuent.

2150 2514 2351 2588 (Greg.)
2380 2517 2518 2571 Ecce
2543 2514 2609 2571 de
2628 2515 2890 2570 fornicata
2918 2523 2973 2569 et
3001 2515 3068 2570 de
3096 2515 3284 2569 relicta
3309 2514 3536 2571 muliere
3577 2531 3736 2587 argu-

2149 2618 2390 2664 mentum
2430 2608 2654 2677 justitiat
2701 2609 3036 2679 proponitur,
3091 2616 3155 2662 er
3185 2617 3367 2664 tamen
3410 2611 3568 2666 nobis
3609 2621 3734 2679 post

2149 2701 2356 2771 lapsum
2398 2701 2747 2756 redeuntibus
2781 2716 2887 2755 non
2912 2701 3146 2770 justitia,
3185 2701 3278 2756 sed
3304 2703 3478 2771 pietas
3503 2703 3729 2759 exhibe-

2151 2790 2354 2868 tura‘Ut
2385 2790 2511 2845 hinc
2538 2791 2725 2860 utique
2748 2790 3080 2862 colligamus,
3107 2793 3150 2846 si
3181 2793 3335 2847 nobis
3363 2793 3728 2863 delinquenti-

2147 2883 2252 2937 bus
2277 2890 2426 2937 tanta
2469 2883 2668 2952 pietate
2717 2884 2981 2953 parcitur,
3019 2899 3050 2936 a
3096 2883 3251 2940 nobis
3302 2900 3402 2940 nec
3432 2895 3556 2955 post
3597 2887 3735 2943 deli-

2151 2983 2298 3030 ctum
2325 2976 2672 3032 redeuntibus
2718 2983 2915 3044 quanta
2943 2975 3287 3045 improbitate
3321 2988 3598 3046 peccatur,
3641 2989 3735 3034 aut

2151 3082 2270 3137 quae
2298 3066 2365 3120 ab
2394 3066 2484 3120 illo
2524 3067 2631 3120 erit
2668 3080 2830 3135 super
2864 3065 3136 3134 improbos
3163 3065 3339 3129 Venia,
3368 3066 3461 3135 qui
3487 3081 3595 3121 non
3617 3082 3734 3123 ces-

2153 3168 2238 3214 sat
2277 3174 2473 3214 vocare
2518 3166 2640 3228 post
2683 3156 2916 3226 culpam.
2965 3155 3095 3223 Quae
3135 3156 3407 3210 nimirum
3455 3158 3592 3224 bene
3634 3173 3733 3228 per

2152 3252 2315 3306 alium
2341 3252 2655 3320 prophetam
2691 3257 2815 3319 post
2859 3248 3112 3304 delictum
3153 3249 3531 3304 misericordia
3573 3264 3734 3306 voca—

2152 3345 2313 3400 tionis
2359 3343 2699 3413 exprimitur,
2732 3357 2854 3396 cum
2883 3328 3071 3397 averso
3100 3341 3308 3396 homini
3337 3341 3536 3398 dicitur
3566 3361 3582 3397 :
3617 3362 3635 3394 ι
3665 3343 3733 3398 Et

2152 3444 2309 3488 erunt
2335 3433 2478 3488 oculi
2509 3433 2583 3486 tui
2632 3431 2876 3488 videntes
2923 3437 3309 3500 praeceptorem
3337 3441 3513 3498 tuum,
3544 3443 3601 3487 et
3641 3448 3735 3488 au-

2153 3538 2242 3577 res
2272 3532 2377 3577 tua:
2414 3521 2631 3578 audient
2656 3522 2878 3576 verbum
2916 3529 3038 3590 post
3062 3528 3274 3590 tergum
3303 3523 3573 3578 monentis
3598 3522 3732 3593 (lu.

2156 3610 2308 3681 xxx).
2343 3631 2362 3663 ι
2392 3611 2694 3665 Humanum
2729 3609 2928 3681 quippe
2959 3623 3129 3678 genus
3167 3609 3426 3666 Dominus
3457 3612 3513 3666 in
3539 3610 3734 3667 faciem

2152 3701 2384 3766 monuit,
2413 3700 2627 3770 quando
2654 3700 2711 3754 in
2745 3699 2998 3770 paradiso
3038 3700 3286 3755 conditor
3325 3701 3532 3756 homini
3577 3710 3738 3771 atque

2154 3791 2209 3844 in
2237 3789 2406 3844 libero
2433 3789 2659 3843 arbitrio
2683 3788 2868 3854 stanti,
2899 3789 3042 3858 quod
3063 3787 3243 3844 facere
3269 3789 3481 3858 quodve
3520 3805 3628 3844 non
3654 3789 3739 3845 fa-

2153 3894 2276 3935 cere
2306 3880 2527 3934 deberet
2557 3879 2768 3933 indixit.
2813 3878 2929 3941 'Sed
2960 3879 3121 3934 homo
3145 3879 3200 3934 in
3228 3880 3324 3935 Dei
3363 3879 3558 3937 faciem
3587 3889 3737 3952 terga

2153 3971 2318 4035 dedit,
2354 3985 2476 4026 cum
2522 3970 2837 4040 superbiens
2882 3971 2998 4041 ejus
3035 3971 3188 4042 jussa
3239 3973 3566 4042 contempsit
3596 3991 3609 4027 :
3639 3987 3738 4029 nec

2155 4071 2336 4116 tamen
2375 4051 2774 4131 superbientem
2803 4061 2945 4116 Deus
2970 4061 3224 4126 deseruit,
3257 4061 3350 4132 qui
3378 4064 3446 4116 ad
3476 4077 3738 4117 revocan-

2157 4153 2280 4208 dum
2317 4154 2590 4208 hominem
2639 4153 2812 4223 legem
2840 4151 3006 4218 dedit,
3037 4161 3092 4207 et
3129 4153 3480 4207 exhortantes
3519 4153 3738 4222 angelos

2155 4247 2323 4312 misit,
2365 4245 2420 4302 in
2448 4262 2612 4302 carne
2660 4255 2862 4302 nostra;
2907 4247 3252 4302 mortalitatis
3279 4248 3549 4317 apparuit.
3594 4248 3736 4319 Ergo

2157 4349 2278 4409 post
2313 4347 2524 4409 tergum
2571 4346 2719 4393 stans
2748 4353 2847 4393 nos
2876 4339 3172 4402 admonuit,
3201 4338 3291 4408 qui
3330 4339 3400 4392 ad
3436 4340 3737 4408 reparatio-

2158 4443 2283 4484 nem
2333 4443 2433 4483 nos
2479 4429 2666 4498 gratiae
2707 4429 2872 4482 etiam
2903 4435 3266 4496 contemptus,
3313 4430 3548 4484 vocavit.
3586 4431 3738 4498 Quod

2159 4521 2323 4590 igitur
2350 4519 2676 4590 generaliter
2722 4518 2882 4574 simul
2922 4519 3096 4589 potuit
3125 4518 3227 4574 dici
3264 4518 3331 4574 de
3359 4521 3591 4586 cunctis,
3636 4523 3738 4578 hoc

2159 4615 2382 4666 necesSe
2429 4618 2512 4665 est
2566 4610 2870 4679 specialiter
2913 4610 3105 4665 sentiri
3161 4611 3228 4666 de
3281 4611 3527 4683 singulis.
3570 4613 3739 4681 Quasi

2157 4701 2301 4755 enim
2333 4715 2518 4754 coram
2556 4701 2764 4770 positus
2809 4699 2918 4755 Deo
2948 4700 3176 4770 quisque
3211 4701 3377 4755 verba
3425 4702 3741 4759 monitionis

2157 4789 2275 4860 ejus
2299 4790 2546 4861 percipit,
2575 4805 2697 4845 cum
2735 4791 3047 4860 priusquam
3077 4799 3297 4860 peccata
3325 4801 3624 4861 perpetret,
3649 4807 3744 4848 vo.

2160 4879 2378 4934 luntatis
2406 4879 2522 4948 ejus
2562 4889 2834 4950 prmcepta
2868 4881 3165 4951 cognoscit.
3196 4879 3388 4936 Adhuc
3426 4884 3576 4937 enim
3615 4893 3740 4940 ante

2157 4973 2271 5039 ejus
2299 4971 2491 5026 faciem
2533 4980 2697 5038 stare,
2727 4981 2812 5028 est
2857 4971 3086 5026 necdum
3131 4987 3255 5027 eum
3302 4974 3582 5044 peccando
3615 4990 3742 5030 con-

2160 5071 2418 5117 temnere.
2471 5062 2604 5117 Cum
2635 5078 2763 5119 vero
2810 5063 3064 5119 derelicto
3108 5064 3251 5120 bono
3281 5065 3604 5121 innocentia:
3641 5068 3740 5124 ini-

2164 5153 2422 5223 quitatem
2449 5153 2652 5223 eligens
2691 5154 2912 5224 appetit,
2945 5162 3092 5226 terga
3123 5154 3238 5226 jam
3275 5156 3330 5210 in
3381 5155 3496 5224 ejus
3542 5155 3738 5214 faciem

2164 5245 2352 5299 mittit.
2383 5244 2488 5299 Sed
2517 5259 2643 5300 ecce
2671 5246 2845 5300 adhuc
2893 5238 2955 5300 et
2977 5255 3099 5315 post
3129 5255 3336 5317 tergum
3377 5245 3521 5302 Deus
3549 5249 3738 5305 subse-

2164 5350 2334 5405 quens
2377 5343 2579 5390 monet.
2609 5333 2710 5400 Qui
2751 5335 2914 5391 etiam
2943 5343 3065 5404 post
3101 5335 3313 5405 culpam
3354 5337 3422 5390 ad
3469 5351 3529 5391 se
3572 5337 3742 5394 rediri

2164 5425 2452 5494 persuasit,
2507 5424 2788 5478 adversum
2829 5434 3067 5492 revocat,
3114 5440 3238 5480 cum
3291 5427 3577 5481 commissa
3632 5443 3739 5484 non

2165 5519 2401 5587 respicit,
2441 5518 2732 5573 revertenti
2771 5519 2945 5573 sinum
2970 5520 3184 5589 pietatis
3213 5520 3488 5589 expandit.
3535 5518 3740 5577 Vocem

2163 5621 2289 5678 ergo
2317 5615 2439 5677 post
2478 5617 2685 5677 tergum
2733 5608 3000 5664 monentis
3036 5608 3281 5665 audimus
3312 5611 3357 5664 si
3387 5609 3454 5664 ad
3497 5609 3743 5666 invitan-

2165 5709 2270 5756 tem
2305 5716 2405 5755 nos
2432 5700 2719 5757 Dominum
2745 5701 2932 5758 saltem
2979 5709 3099 5772 post
3137 5712 3360 5772 peccata
3389 5702 3740 5760 revertimur.
