3910 6320
1102 306 1463 365 EXPOSI'I‘IO
1500 309 1726 366 SUPER
1761 307 2121 364 JEREMIAM.
2159 339 2225 349 —
2264 310 2391 366 LIB.
2431 310 2494 365 ll.

3307 325 3413 382 826

185 421 448 477 Debemus
477 419 640 490 igitur
665 418 920 490 pietatem
941 421 1182 475 vocantis
1218 421 1562 488 erubescere,
1591 423 1636 477 si
1658 423 1745 491 ju-
1770 427 1824 487 Α
1847 423 1998 491 quasi
2037 421 2313 476 mulierem
2338 437 2614 492 procacem
2647 434 2702 479 et
2737 426 2914 482 nimia:
2953 428 3315 497 impudentiae,
3353 443 3414 488 ut

182 512 384 567 stitiam
425 509 673 566 nolumus
698 509 1010 575 formidare,
1051 511 1178 579 quia
1207 519 1354 566 tanto
1380 513 1616 582 graviori
1646 513 1749 567 im-

179 601 450 672 probitate
478 603 856 670 contemnitur,
886 611 1089 672 quanto
1129 612 1183 659 et
1207 608 1543 676 contemptus
1575 607 1750 662 adhuc

181 705 373 747 vocare
393 707 499 750 non
520 692 857 764 dedignatur.

255 797 274 831 ι
310 779 454 836 Leva
483 782 668 837 oculos
698 791 820 836 tuos
865 781 918 836 in
955 782 1236 850 directum,
1265 793 1322 839 et
1345 783 1466 840 vide
1504 785 1596 840 ubi
1639 800 1748 842 non

181 891 200 924 ς
231 883 499 944 prostrata
522 875 616 929 sis.
647 873 705 928 In
729 873 833 930 viis
861 873 1086 930 sedebas
1106 883 1428 944 exspectans
1446 889 1562 942 eos,
1591 878 1748 947 quasi

182 979 200 1013 ι
237 961 378 1018 latro
425 963 480 1016 in
514 961 824 1028 solitudine,
868 963 980 1017 sive
1008 964 1164 1032 quasi
1205 965 1398 1019 cornix
1453 965 1683 1020 deserta.
1722 985 1741 1017 ι

175 1049 443 1123 (Ηὶενοη.)
482 1049 587 1106 Pro
630 1051 838 1108 latrone
883 1061 936 1108 et
988 1053 1203 1109 cornice
1249 1054 1304 1108 in
1352 1053 1576 1109 Hebraeo
1610 1064 1747 1120 ’.ι’-ιν

173 1143 436 1212 scriptum
459 1152 562 1210 est,
590 1144 732 1214 quod
761 1152 936 1215 potest
965 1153 1020 1200 et
1044 1145 1244 1200 Arabas
1271 1145 1599 1215 significare,
1627 1161 1746 1216 quae

171 1250 324 1306 gens,
361 1233 652 1307 latrociniis
678 1237 878 1302 dedita,
915 1252 1087 1306 usque
1113 1237 1274 1292 hodie
1301 1221 1545 1292 incursat
1564 1239 1745 1294 termi-

171 1341 274 1380 nos
316 1325 634 1392 Palzestinae,
666 1335 720 1380 et
747 1326 1193 1383 descendentibus
1224 1328 1289 1382 de
1325 1327 1660 1383 Hierusalem
1689 1329 1744 1384 in

169 1414 426 1470 Hiericho
451 1417 664 1472 obsidet
685 1416 818 1470 vias.
843 1413 1006 1484 Cujus
1029 1417 1104 1471 rei
1126 1424 1182 1471 et
1205 1417 1462 1473 Dominus
1488 1418 1540 1472 in
1570 1418 1744 1472 Evan-

169 1505 312 1572 gelio
333 1507 662 1560 recordatur
683 1504 834 1577 (Luc.
867 1505 944 1576 x).
973 1506 1135 1560 Elcva
1188 1507 1352 1578 igitur
1378 1508 1563 1564 oculos
1599 1515 1740 1574 tuos,

166 1607 202 1647 ο
230 1593 584 1658 Hierusalem,
611 1604 668 1649 et
705 1595 811 1650 huc
846 1594 1078 1664 illucque
1118 1596 1494 1668 circumspice,
1540 1607 1595 1654 et
1623 1599 1744 1653 vide

166 1683 263 1738 ubi
294 1699 402 1739 non
447 1685 802 1742 fornicatione
843 1695 1116 1758 prostrata
1155 1689 1252 1745 sis.
1293 1689 1570 1757 Quomodo
1597 1693 1740 1746 enim

1849 525 1955 565 non
1982 511 2049 564 ad
2077 525 2242 564 unum
2267 521 2322 564 et
2361 512 2589 567 alterum
2612 515 2829 583 procaci
2873 517 3020 571 vultu
3059 518 3288 586 feratur,
3321 522 3414 576 sed

1848 599 2052 654 nullum
2083 599 2384 653 erubescat.
2417 599 2640 655 Utamur
2686 603 2789 659 hoc
2840 618 3086 662 sermone
3127 610 3412 665 adversum

1849 688 2224 743 haereticorum
2273 687 2703 759 conciliabulum,
2743 692 2837 763 qui
2882 694 2940 750 in
2978 697 3089 752 suis
3135 699 3412 755 erroribus

1848 778 2166 849 gloriantur.

1921 891 1939 924 ‹
1971 861 2114 942 Ergo
2139 871 2327 927 saltem
2355 875 2549 930 amodo
2580 890 2716 930 voca
2755 894 2862 944 me,
2902 879 3064 936 Pater
3097 897 3268 948 meus,
3305 888 3412 936 dux

1853 981 1872 1014 ι
1909 964 2233 1034 virginitatis
2268 978 2399 1020 meae
2429 975 2483 1020 tu
2514 981 2592 1021 es.
2623 967 2891 1038 Numquid
2925 972 3174 1029 irasceris
3210 975 3264 1028 in
3291 991 3414 1044 per-

1851 1071 1870 1104 ‹
1906 1060 2143 1122 petuum,
2185 1063 2277 1108 aut
2312 1057 2681 1123 perseverabis
2702 1058 2757 1112 in
2794 1058 2994 1114 finem?
3021 1080 3040 1114 ι
3081 1062 3414 1119 Erubescant

1846 1143 2104 1209 haeretici,
2131 1145 2220 1213 qui
2259 1145 2448 1200 nolunt
2491 1147 2558 1200 ad
2606 1148 2828 1204 meliora
2875 1154 3138 1219 converti,
3187 1170 3286 1210 nec
3330 1172 3415 1210 re-

1845 1231 1994 1300 gredi
2018 1231 2085 1286 ad
2099 1231 2312 1287 Patrem
2333 1242 2632 1290 creatorem
2645 1251 2820 1302 suum,
2839 1247 2895 1293 et
2906 1240 3154 1295 audiant:
3184 1261 3202 1292 ι
3225 1242 3414 1298 saltem

1845 1319 2036 1374 amodo
2068 1335 2197 1376 voca
2233 1337 2340 1387 me,
2370 1322 2533 1378 Pater
2570 1339 2738 1388 meus,
2778 1326 2885 1380 dux
2911 1329 3234 1398 virginitatis
3281 1347 3416 1386 meae

1844 1426 1903 1466 es
1929 1420 2006 1467 tu.
2038 1430 2056 1462 ι
2083 1411 2201 1482 Ipse
2235 1413 2518 1482 despondit
2547 1416 2783 1471 animam
2813 1426 3054 1473 nostram
3085 1422 3414 1490 amplexibus

1844 1503 1974 1567 suis,
1996 1510 2051 1555 et
2069 1502 2224 1557 docet
2243 1503 2510 1571 quomodo
2536 1518 2692 1558 orare.
2724 1507 2933 1570 debeat,
2971 1517 3027 1563 et
3056 1523 3215 1580 agere
3240 1511 3416 1580 paeni-

1845 1592 2088 1646 tentiam.
2128 1591 2341 1658 Quanto
2373 1602 2552 1648 autem
2598 1595 2688 1650 ille
2733 1597 3064 1666 clementior,
3099 1603 3189 1668 qui
3227 1602 3416 1658 salutis

1843 1691 1966 1752 post
2013 1682 2421 1741 fornicationem
2465 1688 2702 1743 ostendit
2739 1690 2912 1755 viam,
2965 1700 3112 1747 tanto
3166 1695 3415 1751 miserior

164 1775 346 1830 solent
369 1776 605 1833 latrones
633 1779 699 1834 ad
720 1793 1023 1849 vesperam,
1053 1789 1107 1835 et
1127 1781 1183 1835 in
1217 1781 1446 1837 desertis
1469 1782 1601 1839 locis
1633 1784 1743 1838 via-
1771 1770 1820 1830 Β
1847 1771 2121 1837 meretrix:
2157 1788 2276 1842 qua"
2311 1789 2418 1830 ιιου
2455 1775 2569 1830 “lu
2609 1783 2732 1846 P0st
2775 1777 2999 1834 νυιηετδ
3050 1781 3288 1850 τθοίρευθ
3328 1797 3414 1838 3a-

162 1865 376 1922 toribus
424 1867 650 1924 insidias
692 1872 934 1935 tendere,
976 1871 1056 1926 sic
1100 1879 1156 1926 tu
1198 1871 1354 1942 juxta
1393 1872 1742 1929 fornicariam

161 1953 586 2012 Proverbiorum
617 1955 796 2029 (Prov.
822 1958 951 2028 (vn),
984 1959 1209 2015 sedebas
1254 1961 1308 2014 in
1335 1961 1435 2018 viis
1463 1963 1529 2016 ad
1559 1979 1743 2033 vespe-

159 2063 310 2114 rum,
341 2057 402 2103 ut
429 2051 718 2106 concubitu
749 2059 841 2105 tuo
870 2051 1078 2107 animas
1108 2052 1443 2110 interficeres
1472 2053 1743 2112 fornican-

159 2140 322 2204 tium,
358 2148 582 2210 propter
631 2139 774 2210 quod
818 2141 1069 2196 universa
1115 2151 1259 2196 terra
1309 2144 1512 2213 polluta
1561 2156 1645 2201 est
1685 2148 1739 2203 in

158 2229 613 2287 fornicationibus
669 2233 774 2286 tuis
829 2231 1026 2302 (Eccli.
1082 2234 1190 2303 ix).
1255 2232 1741 2307 Significanterque

152 2317 317 2388 juxta
362 2323 644 2393 ἀναγωγήν,
679 2321 764 2374 his
793 2322 884 2389 qui
926 2321 1209 2376 haereticos
1238 2338 1451 2378 errores
1491 2326 1740 2382 deserere

157 2424 223 2464 se
258 2410 579 2478 promittunt
619 2410 929 2480 praecipitur
972 2420 1031 2464 ut
1074 2411 1254 2465 levent
1289 2412 1473 2468 oculos
1520 2415 1574 2468 in
1605 2416 1741 2471 dire-

155 2510 332 2556 ctum.
370 2500 482 2556 Nisi
515 2501 660 2556 enim
703 2511 851 2556 recta
881 2502 1062 2557 videre
1091 2504 1375 2573 cmperint,
1416 2506 1738 2576 pravitatem

151 2591 448 2661 pristinam
483 2591 740 2646 damnare
767 2606 872 2645 non
903 2599 1148 2660 possunt.

238 2699 258 2732 ι
297 2680 364 2734 Et
385 2680 620 2749 polluisti
639 2679 1119 2752 (aioainterfecisti)
1137 2690 1334 2737 terram
1350 2684 1404 2738 in
1421 2684 1736 2742 fornicatio-

158 2791 181 2822 ι
224 2771 386 2848 nibus
412 2774 536 2836 tuis,
569 2781 625 2826 et
667 2774 721 2826 in
748 2774 968 2829 malitiis
1010 2775 1134 2830 tuis.
1171 2775 1531 2842 Quamobrem
1555 2780 1739 2848 probi-

159 2880 181 2914 ι
226 2847 355 2916 bita:
383 2871 508 2916 sunt
543 2862 697 2917 stillae
734 2863 1109 2933 pluviarum-et
1135 2867 1408 2922 serotinus
1428 2847 1601 2923 imber
1629 2885 1735 2924 non

158 2970 182 3004 ι
220 2950 326 3005 fuit
369 2951 496 3022 (sive
543 2961 598 3006 et
634 2953 867 3008 habuisti
892 2965 1138 3024 pastores
1175 2957 1372 3012 multos
1397 2957 1452 3012 in
1487 2956 1737 3012 offensio.

158 3061 181 3094 ι
224 3058 349 3098 nem
375 3043 495 3114 tui).
519 3064 538 3096 ι
559 3043 841 3100 lnterfecta
860 3054 941 3099 est
969 3054 1135 3112 terra,
1158 3047 1272 3102 sive
1292 3048 1494 3116 polluta
1516 3057 1736 3120 propter

154 3111 589 3188 interfectionem
645 3149 854 3200 eorum,
893 3135 986 3204 qui
1033 3111 1346 3191 idololatriae
1384 3111 1733 3195 fornicatione
1761 3111 1806 3174 (ἶ

150 3222 458 3294 perierunt.
501 3221 652 3278 Unde
675 3224 852 3278 ablata
899 3233 981 3279 est
1010 3226 1253 3280 omnium
1289 3242 1471 3283 rerum
1515 3229 1736 3283 benedi-

148 3315 288 3378 ctio,
320 3319 381 3367 ut
427 3320 738 3383 paterentur
789 3313 1088 3372 siccitatem
1136 3317 1400 3370 sermonis
1445 3317 1560 3372 Dei.
1610 3315 1736 3371 Sive

151 3403 354 3460 habuit
395 3412 658 3473 pastores,
708 3419 806 3473 per
843 3420 978 3474 quos
998 3404 1294 3462 offenderet
1335 3407 1524 3474 Deum,
1558 3416 1619 3462 ut
1641 3409 1735 3478 qui

151 3494 409 3566 magistri
433 3509 552 3550 esse
578 3495 898 3560 debuerant,
934 3503 993 3549 ut
1019 3495 1154 3550 alios
1181 3497 1248 3551 ab
1278 3512 1463 3552 errore
1485 3496 1738 3576 prohibe—

152 3595 305 3651 rent,
357 3593 606 3641 auctores
659 3585 948 3656 impietatis
997 3586 1309 3640 extiterunt.
1361 3584 1564 3657 (Greg.)
1619 3586 1733 3642 Ali-

150 3676 380 3748 quando
418 3691 651 3745 namque
681 3675 738 3730 in
771 3690 928 3744 sacro
955 3675 1168 3746 eloquio
1201 3675 1331 3730 solis
1357 3675 1572 3730 nomine
1597 3690 1738 3745 prm-

153 3761 464 3821 dicatorum
484 3763 705 3819 claritas
735 3764 1068 3835 designatur,
1097 3763 1236 3817 sicut
1257 3777 1354 3831 per
1365 3761 1626 3816 Joannem
1650 3762 1734 3816 di-

149 3856 332 3912 citur:
361 3872 379 3905 c
398 3854 593 3909 Factus
612 3861 696 3908 est
719 3853 799 3909 sol
820 3862 1084 3908 utsaccus
1110 3851 1354 3926 cilicinus
1377 3851 1558 3922 (Apoc.
1581 3850 1679 3921 vr).
1709 3871 1730 3905 ι

149 3945 213 4000 In
239 3953 488 4001 extremo
513 3945 711 4014 quippe
742 3957 982 4013 tempore
1027 3943 1108 3999 sol
1139 3941 1296 4015 quasi
1336 3931 1525 3997 Saccus
1567 3941 1738 3998 cilici-

150 4055 264 4095 nus
289 4038 611 4103 ostenditur,
639 4038 764 4106 quia
799 4036 1010 4105 fulgens
1036 4037 1148 4090 vita
1181 4035 1585 4105 praedicantium
1610 4042 1736 4089 ante

151 4130 516 4200 reproborum
541 4129 728 4184 oculos
769 4143 960 4197 aspera
1007 4139 1064 4182 et
1092 4127 1344 4196 despecta
1385 4134 1732 4180 monstratur.

150 4221 264 4288 Qui
292 4219 570 4274 stellarum
594 4233 808 4288 quoque
828 4218 1070 4272 claritate
1108 4217 1427 4284 figurantur,
1451 4215 1578 4284 quia
1610 4214 1737 4268 dum

150 4318 314 4367 recta
353 4309 726 4379 peccatoribus
776 4309 1070 4377 praedicant
1119 4307 1369 4362 tenebras
1406 4312 1605 4360 uestrae
1640 4318 1738 4358 no-

149 4404 264 4460 ctis
318 4402 608 4458 illustrant.
648 4400 802 4456 Unde
846 4410 901 4456 et
952 4401 1243 4456 subtractis
1290 4400 1732 4469 praedicatoribus

149 4509 259 4565 per
284 4492 604 4564 prophetam
639 4491 836 4547 dicitur
861 4510 874 4546 :
904 4511 920 4543 ‹
949 4491 1238 4546 Prohibitae
1260 4499 1386 4546 sunt
1429 4490 1583 4546 stilla:
1618 4490 1734 4558 plu-

148 4585 396 4640 viarum.
431 4603 450 4634 ι
485 4582 621 4650 Quia
648 4597 778 4638 vero
805 4581 885 4638 sol
917 4596 1012 4652 per
1050 4582 1194 4636 diem
1223 4580 1411 4652 fulget,
1440 4581 1606 4636 stellae
1637 4581 1733 4634 ob-

149 4673 482 4729 scuritatem
509 4671 682 4727 noctis
731 4671 1012 4726 irradiant.
1043 4671 1110 4724 Et
1136 4671 1454 4742 plerumque
1483 4672 1538 4724 in
1579 4685 1736 4725 sacro

149 4764 380 4834 eloquio
407 4764 515 4818 diei
561 4762 916 4834 appellatione
948 4771 1152 4816 aeterna
1183 4764 1378 4830 patria,
1417 4762 1591 4825 noctis
1639 4775 1734 4815 au-

150 4866 271 4911 tem
330 4857 546 4910 nomine
595 4858 830 4925 praese'ns
879 4854 990 4908 vita
1043 4854 1306 4922 signatur.
1348 4853 1737 4908 Praedicatores

150 4948 342 5004 sancti
367 4956 423 5000 et
456 4946 535 5001 sol
563 4948 762 5002 nostris
802 4946 968 5002 oculis
996 4946 1149 5011 fiunt,
1180 4961 1301 5000 cum
1331 4946 1738 5015 contemplatio-

152 5051 291 5094 nem
323 5035 481 5092 nohis
505 5049 646 5090 verae
673 5036 806 5090 lucis
832 5034 1096 5106 aperiunt,
1121 5043 1176 5089 et
1202 5034 1349 5089 velut
1378 5035 1545 5090 stellxe
1567 5036 1622 5090 in
1659 5043 1739 5090 te-

151 5126 355 5183 neb‘ris
383 5124 596 5190 lucent;
633 5139 754 5178 cum
798 5138 893 5194 per
946 5127 1176 5180 activam
1203 5124 1369 5177 vitam
1407 5139 1505 5193 pro
1560 5123 1736 5179 futura

151 5225 378 5274 nostris
404 5215 812 5270 necessitatibus
843 5223 1061 5269 terrena
1082 5215 1390 5284 disponunt.

236 5324 259 5357 ι
293 5303 471 5360 Frons
499 5303 737 5359 mulieris
772 5304 1076 5358 meretricis
1113 5302 1254 5358 facta
1295 5310 1377 5358 est
1407 5303 1523 5368 tibi,
1558 5304 1734 5359 nolui-

157 5416 179 5450 ι
223 5395 301 5452 sti
348 5395 689 5451 erubescere.
724 5392 988 5447 iLXXu
1015 5393 1204 5448 Facies
1249 5393 1547 5447 meretricis
1594 5392 1737 5447 facta

158 5508 182 5543 ι
226 5486 460 5550 esttibi,
485 5486 602 5540 sine
627 5486 821 5540 rubore
838 5483 985 5546 facta
1011 5498 1070 5537 es
1096 5484 1164 5538 ad
1186 5497 1391 5538 omnes.
1416 5501 1434 5533 ι
1467 5479 1540 5552 (Η
1547 5481 1735 5553 icron.)

152 5577 305 5647 Quia
337 5589 502 5646 supra
541 5575 766 5643 dixerat,
796 5594 814 5627 ε
845 5571 962 5628 Non
1006 5576 1244 5644 peccavi,
1280 5594 1298 5626 ι
1327 5579 1382 5628 et
1409 5573 1580 5642 magis
1607 5587 1734 5641 pec-

1758 4452 1810 4511 D

1846 1863 2091 1918 nitatem.

1919 1974 1937 2006 ‹
1971 1955 2110 2010 Ecce
2131 1954 2308 2010 locuta
2328 1971 2406 2023 es,
2437 1965 2494 2011 et
2519 1956 2694 2013 fecisti
2715 1959 2874 2024 mala,
2902 1968 2956 2015 et
2983 1963 3221 2030 potuisti.
3254 1982 3274 2015 ›
3304 1963 3409 2021 Pro

1842 2045 2021 2100 verbis
2049 2047 2401 2115 poenitentiae,
2436 2048 2614 2103 verbis
2638 2050 2902 2119 superbiae
2924 2051 3325 2121 blasphemasti,
3357 2065 3414 2112 et

1842 2137 2070 2205 implesti
2093 2139 2286 2192 malam
2311 2139 2692 2208 cogitationem
2717 2148 2882 2206 tuam,
2907 2149 2966 2201 et.
2983 2145 3262 2199 ostendisti
3282 2159 3413 2200 con-

1842 2237 1924 2282 tra
1953 2229 2128 2282 virum
2155 2227 2526 2284 fortitudinem
2570 2239 2742 2295 tuam,
2769 2239 2829 2285 ut
2865 2231 3040 2301 possis
3065 2231 3246 2288 facere
3271 2233 3414 2303 quod

1840 2330 2086 2370 sermone
2115 2317 2380 2372 tractasti.

1916 2423 1934 2454 ‹
1971 2405 2036 2458 Et
2066 2406 2201 2460 dixit
2221 2406 2478 2461 Dominus
2507 2406 2577 2461 ad
2611 2422 2696 2462 me
2724 2407 2779 2462 in
2808 2409 2994 2465 diebus
3014 2408 3193 2466 'Josia‘.
3220 2413 3362 2483 regis
3393 2429 3406 2467 :

1830 2515 1864 2548 ἰ
1900 2495 2166 2566 Numquid
2221 2498 2399 2552 vidisti
2448 2513 2569 2567 qua;
2617 2496 2805 2554 fecerit
2859 2503 3160 2557 aversatrix
3213 2502 3414 2558 Israel?

1844 2603 1864 2636 ι
1901 2585 2044 2640 Abiit
2081 2587 2297 2641 sibimet
2329 2601 2490 2656 super
2513 2601 2730 2642 omnem
2756 2599 2993 2644 montem
3036 2589 3329 2654 excelsum,
3359 2599 3418 2646 et

1845 2695 1864 2728 (
1897 2677 1997 2731 sub
2022 2692 2179 2732 omne
2213 2678 2414 2748 lignum
2445 2677 2778 2745 frondosum,
2810 2688 2864 2734 et
2913 2679 3175 2737 fornicata
3205 2689 3287 2737 est
3315 2683 3410 2737 ibi.

1845 2785 1863 2819 ι
1899 2767 1966 2821 Et
1993 2767 2120 2833 dixi,
2137 2783 2258 2821 cum
2274 2767 2514 2834 fecisset,
2536 2770 2651 2824 hac
2671 2770 2850 2824 omnia
2872 2770 2940 2824 ad
2963 2786 3050 2825 me
3077 2780 3410 2838 convertere,

1844 2879 1863 2912 ι
1897 2869 1954 2917 et
1983 2876 2090 2916 non
2123 2869 2209 2916 est
2259 2876 2492 2918 reversa.
2525 2861 2593 2915 Et
2631 2861 2766 2915 vidit
2815 2864 3218 2932 prazvaricatrix
3259 2879 3414 2918 soror

1844 2969 1862 3001 ‹
1895 2948 2011 3017 ejus
2064 2948 2230 3007 Juda.
2284 2949 2449 3017 quia,
2508 2963 2606 3018 pro
2665 2963 2730 3006 eo
2778 2950 2920 3019 quod
2964 2951 3227 3005 mtecbata
3273 2959 3418 3006 esset

1846 3057 1862 3088 ι
1901 3037 2195 3091 aversatrix
2223 3035 2408 3100 lsrael,
2437 3036 2789 3092 dimississem
2817 3053 2960 3103 eam,
2989 3046 3044 3093 et
3075 3038 3337 3110 dedissem
3363 3039 3413 3093 ei

1845 3147 1862 3179 ι
1901 3127 2133 3183 libellum
2169 3128 2395 3197 repudii,
2427 3135 2481 3181 et
2507 3144 2611 3182 non
2640 3128 2817 3182 timuit
2844 3130 3243 3197 prievaricatrix
3274 3129 3410 3186 Juda

1844 3237 1862 3269 ι
1900 3233 2052 3273 soror
2087 3217 2222 3287 ejus,
2259 3218 2352 3273 sed
2382 3218 2516 3272 abiit
2543 3228 2597 3272 et
2617 3217 2880 3273 fornicata
2910 3227 2993 3274 est
3015 3221 3174 3274 etiam
3198 3221 3332 3290 ipsa,
3356 3230 3412 3276 et

1844 3327 1862 3359 ι
1897 3308 2156 3363 facilitate
2188 3304 2561 3364 fornicationis
2607 3322 2719 3362 suae
2765 3309 3151 3364 contaminavit
3189 3320 3412 3378 terram,

1843 3395 1862 3448 ὰ
1897 3399 2166 3452 ηιωοιιαιει
2185 3407 2269 3452 est
2292 3413 2416 3452 cum
2446 3397 2622 3465 lapide
2642 3405 2838 3452 etcum
2877 3397 3040 3468 ligno.
3063 3399 3131 3453 Et
3156 3399 3210 3455 in
3239 3401 3413 3456 omni-

1842 3504 1861 3537 ι
1894 3485 1995 3540 bus
2028 3485 2113 3539 his
2136 3500 2242 3539 non
2271 3493 2356 3539 est
2382 3498 2598 3539 reversa
2623 3483 2692 3539 ad
2715 3498 2802 3540 mo
2829 3487 3231 3554 przevaricatrix
3258 3503 3414 3544 soror

1842 3593 1860 3626 ι
1896 3573 2011 3644 ejus
2039 3573 2175 3627 Juda
2202 3574 2256 3628 in
2289 3582 2402 3628 toto
2428 3575 2589 3628 corde
2618 3589 2750 3639 suo,
2798 3575 2894 3631 sed
2924 3575 2980 3631 in
3008 3575 3305 3643 mendacio,
3337 3579 3414 3635 ait

1843 3682 1860 3714 (
1897 3664 2173 3718 Dominus.
2209 3683 2227 3715 ›
2270 3664 2514 3718 Aliorum
2563 3650 2851 3726 tormenta.
2907 3666 3136 3722 aliorum
3177 3670 3413 3724 remedia

1838 3754 2240 3825 sunt.Cumque
2263 3755 2487 3826 punitur
2513 3755 2781 3810 homicida
2810 3755 3004 3825 recipit
3031 3755 3244 3824 quidem
3271 3757 3411 3826 quod

1836 3849 1992 3914 fecit.
2047 3851 2140 3903 sed
2176 3850 2263 3902 alii
2312 3851 2708 3904 deterrentura
2767 3849 2994 3905 scelere.
3043 3851 3240 3906 Decem
3286 3866 3413 3921 ergo

1838 3939 2080 3994 tribubus
2138 3955 2258 4010 quae
2311 3940 2718 4010 appellabantur
2769 3939 2936 3995 Israel
2982 3942 3155 4010 captis
3192 3941 3260 3996 ab
3313 3940 3414 3997 As-

1837 4029 1996 4100 syriis
2018 4029 2352 4100 Mediamque
2384 4030 2664 4084 translatis
2693 4027 2800 4101 (IV
2834 4029 2959 4100 Reg.
2988 4030 3141 4102 xvn),
3173 4031 3290 4084 dua:
3318 4032 3415 4085 tri-

1837 4120 1938 4174 bus
1964 4118 2099 4178 Juda
2123 4129 2177 4174 et
2203 4119 2503 4188 Benjamin,
2531 4131 2659 4188 quae
2680 4119 2974 4173 debuerant
2997 4118 3193 4172 similia
3217 4117 3406 4172 formi-

1835 4210 1985 4274 dare,
2012 4218 2066 4264 et
2091 4219 2201 4263 tota
2228 4209 2296 4262 ad
2322 4208 2492 4262 Deum
2518 4218 2696 4263 mente
2739 4207 3004 4271 converti,
3040 4207 3284 4283 vice-runt
3311 4206 3402 4260 de-

1835 4315 1951 4355 cem
1973 4300 2208 4354 tribuum
2235 4297 2460 4363 scelera,
2477 4305 2534 4352 et
2559 4297 2616 4353 in
2642 4305 2851 4351 tantum
2877 4295 3018 4350 idola
3050 4302 3176 4349 sunt
3193 4301 3410 4359 secutaa,

1836 4387 1894 4445 ﬁt
1916 4392 1970 4444 in
2000 4390 2195 4459 templo
2209 4389 2303 4444 Dei
2330 4392 2565 4443 statuam
2580 4387 2709 4442 Baal
2730 4393 3012 4456 ponerent,
3037 4400 3154 4454 qua:
3182 4385 3234 4441 iu
3281 4384 3410 4439 Eze-

1835 4478 2006 4533 chiele
2035 4477 2258 4549 (Ezech.
2282 4476 2444 4546 xvtu)
2492 4483 2716 4530 vocatur
2762 4473 2979 4538 idolum,
3030 4473 3098 4526 ad
3139 4471 3310 4525 zelum
3356 4479 3408 4526 et

1836 4568 2226 4624 aemulationem
2274 4567 2484 4622 Domini
2530 4567 2870 4622 collocatum.
2921 4563 3184 4633 Loquitur
3230 4572 3408 4624 autem

1837 4659 1935 4714 sub
1965 4659 2386 4730 liguraduarum
2411 4671 2678 4720 sororum,
2707 4655 2833 4725 quia
2862 4656 2928 4710 de
2955 4670 3062 4708 una
3089 4662 3215 4708 sunt
3240 4653 3411 4706 Abra-

1839 4752 1984 4818 ham,
2012 4759 2068 4805 et
2091 4750 2265 4815 Isaac,
2292 4758 2346 4803 et
2389 4748 2556 4803 Jacob
2585 4749 2752 4816 stirpe
2787 4755 3076 4816 generatae,
3101 4753 3153 4799 et
3179 4745 3412 4814 priorem

1839 4842 2237 4904 aversatricem,
2265 4847 2576 4908 sequentem
2598 4834 3087 4906 praevaricatricem
3114 4840 3288 4888 vocat.
3317 4831 3413 4886 illa

1839 4932 1982 4986 enim
2021 4930 2186 4983 Deum
2217 4929 2430 4998 penitus
2457 4933 2703 4980 aversata
2726 4932 2845 4989 est,
2875 4923 3060 4978 statim
3090 4921 3329 4976 adoratis
3356 4921 3412 4975 in

1839 5023 1953 5076 Dan
1983 5028 2037 5074 et
2079 5017 2262 5073 Bethel
2290 5018 2468 5072 vitulis
2497 5016 2704 5077 aureis,
2734 5015 2836 5069 ista
2875 5023 3054 5068 autem
3084 5012 3223 5082 apud
3250 5027 3410 5080 quam

1836 5119 1955 5166 erat
1982 5109 2252 5186 templum,
2284 5119 2338 5162 et
2359 5107 2466 5160 veri
2491 5105 2584 5160 Dei
2609 5105 2796 5175 religio
2818 5104 3114 5158 imitatione
3139 5116 3406 5173 germanae

1837 5201 2094 5273 paulatim
2138 5198 2360 5253 recessit
2397 5211 2429 5250 a
2465 5197 2693 5252 Domino
2745 5194 2864 5266 (III
2903 5195 3028 5265 Reg.
3062 5195 3181 5257 an).
3212 5194 3280 5246 Et
3330 5193 3410 5247 id-

1838 5295 1984 5348 circo
2011 5289 2412 5360 praevaricatrix
2448 5288 2663 5351 dicitur,
2693 5285 2986 5340 secundum
3020 5287 3284 5359 ἀναγωγὴν
3308 5297 3408 5337 au-

1841 5395 1945 5440 tem
1985 5385 2052 5437 de
2082 5381 2346 5436 haereticis
2375 5378 2656 5448 prophetia
2699 5384 2800 5442 est,
2831 5377 2958 5444 quia
2999 5375 3122 5430 falsi
3169 5373 3402 5430 nominis

1838 5473 2117 5530 scientiam
2169 5469 2291 5522 dum
2339 5482 2397 5522 se
2443 5466 2772 5522 arbitrantur
2814 5465 3067 5520 haeretica
3116 5463 3410 5530 subtilitate

1839 5565 2054 5629 sectari,
2084 5560 2378 5615 ascendunt
2415 5567 2652 5613 montem
2682 5557 2969 5626 superbiae,
2993 5564 3049 5610 et
3081 5555 3259 5609 carnis
3303 5553 3407 5607 hu-

153 5643 518 5729 caverat—sua
553 5668 755 5723 scelera
785 5643 1113 5738 denegando,
1157 5666 1357 5722 idcirco
1388 5678 1530 5719 nunc
1561 5663 1738 5733 arguit
1832 5658 1922 5728 jus
1971 5651 2326 5723 voluptatibus
2372 5648 2575 5708 deliniti
2613 5648 2714 5704 sub
2745 5648 2891 5704 omni
2930 5646 3072 5717 ligno
3117 5643 3410 5700 frondonso
