3910 6336
498 324 602 383 m
705 302 709 323 .

1134 314 1196 370 Β.
1234 310 1502 384 ΒΑΒΑΝΙ,
1524 310 1743 367 MAURI
1784 308 2063 364 ARCHIEI

2164 302 2454 363 KOGUN'I‘.
2494 301 2779 361 OPERUM
2811 304 2993 362 PARS
3028 306 3115 363 III.

3619 308 3722 366 828

493 446 552 494 et
594 446 809 490 amomo
849 436 1122 501 exponunt
1143 425 1555 483 fornicationem
1599 437 1769 479 suam.
1801 420 1901 488 Qui
1933 435 2054 475 cum
2082 422 2135 482 Α
2158 424 2428 474 etarctam
2442 417 2585 472 viam
2597 416 2977 488 ingredientes,
2991 431 3111 486 qua:
3128 419 3275 474 ducit
3287 419 3356 475 ad
3372 421 3724 477 vitammunc

493 524 780 583 traduntur
839 517 1047 575 diabolo
1101 517 1158 571 in
1207 514 1484 569 interitum
1534 512 1750 577 carnis,
1810 510 2059 579 frequen-

495 622 577 670 ter
603 592 803 677 evenit,
824 615 889 663 ut
914 608 1112 664 domus
1160 604 1328 669 Iuda,
1358 603 1414 658 id
1452 610 1557 669 est,
1606 601 1974 664 confessionis,
2007 608 2062 656 et

493 720 638 761 verae
662 701 804 766 fidei,
828 714 1168 770 nequaquam
1204 706 1469 752 terreatur
1488 695 1751 765 exemplo,
1775 694 1867 749 sed
1892 693 2059 748 multo

497 794 700 864 majora
752 792 1082 853 committat,
1132 797 1186 843 et
1232 786 1492 842 facilitate
1535 784 1902 841 fornicationis
1948 799 2061 850 sum

497 883 830 941 contaminet
859 872 1058 935 terram
1097 878 1373 943 Ecclesiae,
1399 886 1481 932 ‘et.
1507 876 1809 932 mtecbetur
1832 890 1955 931 cum
1974 875 2061 930 .ia-

496 977 617 1047 pide
640 984 694 1029 et
724 974 884 1043 ligno,
911 986 977 1026 ea
1020 984 1259 1041 sequens
1286 970 1554 1048 dogmata,
1599 982 1721 1037 qua:
1757 966 2060 1021 adversaria

497 1064 607 1119 Deo
631 1071 773 1117 sunt.
805 1060 899 1116 Sin
922 1067 1105 1128 autem
1146 1056 1544 1114 ecclesiasticus
1562 1056 1648 1111 vir
1677 1056 1945 1126 corrigere
1972 1066 2065 1111 vo-

496 1151 659 1207 luerit
690 1159 959 1206 errantem
1006 1155 1061 1203 et
1103 1145 1346 1217 putridas
1380 1160 1627 1203 resecare
1654 1160 1865 1223 carnes,
1902 1155 1959 1200 et
1990 1146 2061 1201 ad

495 1242 866 1313 paenitentiam
907 1241 1186 1295 retrahere
1206 1238 1450 1308 eos,.qui
1476 1237 1642 1293 secuti
1675 1236 1893 1292 fuerunt
1915 1235 2063 1292 falsi-

498 1341 679 1396 tatem,
717 1330 1158 1398 ac.nihilominus
1194 1329 1269 1383 illi
1319 1330 1419 1384 sub
1458 1328 1637 1396 specie
1688 1315 2063 1383 ecclesiastica:

494 1422 738 1477 veritatis
764 1422 1041 1491 antiquum
1073 1428 1365 1489 sequantur
1385 1433 1648 1483 errorem,
1676 1418 1780 1473 dici
1803 1426 1977 1487 potest
2000 1418 2064 1474 do

495 1511 573 1566 eis
605 1529 618 1564 :
647 1511 704 1566 In
741 1511 987 1567 omnibus
1013 1510 1100 1579 his
1136 1523 1245 1563 non
1276 1517 1359 1562 est
1382 1523 1600 1562 reversa
1625 1508 1697 1562 ad
1737 1522 1823 1561 me
1859 1522 2066 1576 prima.

497 1600 724 1656 ricatrix
741 1598 876 1659 Juda
904 1599 957 1652 in
972 1606 1099 1654 toto
1117 1597 1281 1653 corde
1302 1611 1417 1659 suo,
1449 1599 1543 1650 sed
1558 1594 1626 1650 "in
1651 1596 1950 1653 mendacio.
1978 1595 2065 1649 Fit

495 1700 674 1749 autem
703 1673 817 1745 haec
848 1689 1130 1759 prophetia
1150 1688 1491 1757 temporibus
1536 1684 1698 1742 Josize
1744 1687 1889 1757 regis
1909 1682 2063 1771 justi.

2157 524 2286 564 vero
2322 509 2537 577 quando
2590 509 2719 564 facti
2781 524 2968 565 sumus
3005 508 3187 579 plures
3220 530 3233 565 :
3289 532 3308 565 ς
3338 513 3488 568 Multi
3525 516 3723 579 vocati,

2156 598 2313 670 pauci
2333 605 2514 653 autem
2538 598 2696 659 electi
2720 596 2936 669 (Hatth.
2967 598 3126 676 x_xn).
3166 618 3184 651 ι
3228 600 3307 656 Ex
3334 604 3500 658 tantis
3528 602 3727 659 Christi

2158 707 2319 745 unam
2349 676 2507 746 tidem
2545 689 2940 760 pollicentibus,
2994 691 3149 760 pauci
3200 692 3334 747 satis
3364 694 3725 768 reperiuntur,

2158 783 2248 852 qui
2278 784 2514 843 habeant
2542 781 2735 848 fidem,
2762 783 3249 840 vera‘beatitudine
3281 787 3521 857 dignam.
3546 787 3606 843 Si
3631 788 3730 842 ita-

2158 888 2263 942 que
2288 872 2419 927 dicit
2442 874 2679 942 primum
2702 889 2717 928 :
2739 874 2921 929 dimisi
2966 886 3188 946 propter
3214 870 3437 945 peccata
3464 876 3650 942 Israel,
3678 886 3731 933 et

2160 962 2352 1032 reliqui
2374 978 2493 1017 eam
2523 963 2577 1016 in
2610 963 3064 1029 comminatione;
3095 963 3259 1019 Judas
3296 951 3478 1020 autem
3509 966 3731 1022 audiens

2156 1066 2251 1118 ea,
2267 1067 2395 1123 quae
2418 1051 2726 1108 acciderant
2756 1050 2937 1116 Israel,
2966 1052 3139 1107 noluit
3160 1054 3228 1106 ad
3251 1069 3337 1108 me
3363 1056 3645 1121 converti,
3668 1056 3733 1111 de

2160 1150 2361 1205 nostris
2390 1140 2890 1211 loquituupeccatis,
2904 1141 2997 1210 qui
3025 1140 3265 1212 legentes
3290 1157 3375 1207 ea,
3392 1158 3514 1212 quae
3542 1160 3734 1212 passus

2160 1239 2244 1293 est
2263 1230 2489 1300 populus
2509 1230 2835 1296 Judieorum,
2861 1246 2967 1285 non
3001 1232 3250 1288 timemus
3271 1249 3451 1313 neque
3480 1230 3749 1303 dicimus;

2164 1318 2221 1374 Si
2245 1322 2580 1376 naturalibus
2603 1321 2769 1376 ramis
2791 1336 2897 1376 non
2927 1324 3166 1393 pepercit
3190 1326 3349 1391 Deus,
3381 1338 3586 1398 quanto
3618 1344 3732 1383 ma-

2160 1411 2245 1482 gis
2270 1406 2443 1480 neque
2466 1412 2621 1466 nobis
2644 1420 2831 1480 parcet
2854 1412 2993 1468 Deus
3026 1431 3039 1467 :
3076 1418 3123 1470 si
3152 1415 3273 1472 illos
3301 1417 3598 1487 gloriantes
3615 1434 3734 1475 esse

2163 1515 2223 1555 se
2257 1500 2455 1559 olivam
2479 1502 2674 1556 bonam
2694 1509 2751 1556 et
2786 1503 2854 1558 de
2874 1503 3053 1559 radice
3078 1507 3534 1575 patriarcharum,
3564 1510 3737 1566 Abra-

2166 1592 2311 1656 ham,
2363 1594 2512 1657 Isaac
2548 1602 2604 1649 et
2658 1592 2845 1661 Iacob,
2899 1580 3167 1662 Christus,
3196 1599 3289 1668 qui
3339 1602 3522 1656 suavis
3562 1611 3649 1657 est
3686 1610 3737 1655 et

2168 1684 2618 1743 clementissimus
2660 1687 2845 1751 Deus,
2900 1702 3001 1757 pro
3041 1703 3139 1743 suo
3183 1691 3378 1746 merito
3422 1692 3736 1757 eradicavit.

494 1782 594 1837 sub
619 1788 819 1850 quoet.
835 1778 1097 1836 Jeremias
1138 1790 1367 1847 exorsus
1385 1786 1468 1832 est
1488 1777 1837 1846 prophetare.
1870 1774 2067 1847 (Θήρ.)
2098 1771 2144 1830 Β
2170 1784 2373 1843 quanto
2395 1776 2763 1846 magis‘neque
2787 1776 2941 1831 nobis
2962 1787 3275 1846 parceretur
3296 1779 3340 1834 si
3369 1780 3564 1835 similia
3592 1780 3738 1837 fece-

501 1868 557 1922 Si
586 1868 893 1923 intellexisti
939 1868 1072 1921 duos
1124 1865 1347 1936 populos
1396 1865 1557 1920 Israel
1582 1874 1641 1918 et
1682 1866 1949 1937 gentium,
1985 1865 2066 1919 in.-

496 1960 672 2031 tcllige
708 1958 1233 2029 transmigratitinem
1258 1956 1424 2012 Israel
1447 1958 1500 2012 in
1530 1957 1727 2027 populo
1742 1956 2061 2020 Iudaeorum,

494 2064 550 2109 et
572 2053 639 2113 de
659 2068 725 2109 eo
750 2052 1175 2123 scriptumesse:
1197 2050 1381 2106 Dimisi
1398 2057 1589 2107 eamet
1610 2050 1737 2106 dedi
1755 2050 1805 2104 ei
1833 2044 2066 2119 libellum

496 2145 721 2215 repudii.
742 2143 1110 2199 Dimisitenim
1135 2157 1261 2197 vere
1284 2141 1423 2197 Deus
1442 2142 1696 2211 populum
1723 2140 1886 2196 Israel
1910 2148 1962 2194 et
1983 2141 2069 2195 der

495 2234 573 2289 dit
588 2234 637 2302 ei
657 2232 889 2289 libellum
900 2231 1132 2303 repudii,
1149 2242 1204 2289 ut
1226 2232 1534 2300 relinquens
1552 2230 1728 2289 ﬁrmet
1740 2232 2064 2302 exemplum.

492 2319 654 2376 Jubct
678 2323 763 2376 lex
786 2322 913 2376 Mosi
938 2321 1146 2376 mulieri
1171 2320 1475 2391 displicenti
1497 2322 1614 2375 viro
1636 2337 1733 2376 suo
1761 2323 1875 2377 dari
1912 2322 2067 2378 libelo

491 2410 600 2468 ium
627 2412 923 2481 repudii,et
942 2411 1138 2466 dimitti
1176 2426 1295 2465 eam
1322 2429 1335 2465 :
1370 2418 1425 2466 et
1446 2418 1572 2467 tunc
1595 2412 1711 2467 viro
1733 2412 1897 2468 licere
1918 2422 1975 2466 ut
1991 2413 2070 2465 al-

490 2508 666 2556 teram
711 2501 873 2556 ducat
899 2500 1078 2571 (Deut.
1132 2488 1314 2571 inv).
1352 2499 1514 2557 Juxta
1551 2500 1694 2556 hunc
1733 2516 1949 2557 sensum
1989 2503 2071 2557 in-

495 2590 674 2661 tellige
719 2590 1045 2659 accipientes
1085 2588 1298 2647 Judzeos
1327 2591 1566 2648 libellum
1596 2593 1826 2663 repudii,
1856 2601 1910 2648 et
1955 2609 2070 2648 om-

496 2681 625 2736 nino
650 2698 681 2735 a
716 2681 943 2736 Domino
972 2682 1278 2738 derelictos.
1319 2684 1421 2740 Ubi
1446 2678 1595 2740 enim
1628 2687 1743 2755 jam
1785 2665 1923 2756 apud
1975 2692 2067 2741 eos

494 2771 792 2855 Prophetin,
825 2773 1094 2844 ubi-signa
1118 2776 1402 2840 virtutum,
1432 2776 1521 2829 ubi
1549 2775 1910 2831 munifestatio
1937 2764 2068 2831 Dcii

496 2861 613 2918 Non
633 2864 907 2931 templum,
943 2880 1050 2919 non
1074 2858 1456 2932 victimtemon
1481 2867 1619 2923 alius
1641 2868 1864 2937 quilibet
1894 2869 2069 2925 cultus

493 2954 855 3011 voluminibus
883 2957 1016 3027 legis
1044 2972 1352 3027 expressus,
1389 2957 1544 3026 ejecti
1590 2969 1715 3028 sunt
1739 2962 1806 3015 de
1834 2961 2067 3031 regioni-

496 3047 603 3102 bus
624 3046 758 3114 suis,
801 3056 962 3117 atque
991 3049 1085 3112 ita_
1109 3050 1257 3104 dedit
1286 3049 1542 3106 Dominus
1591 3050 1827 3107 libellum
1859 3053 2066 3121 repudii

495 3139 676 3193 Israel.
725 3138 852 3195 Post
877 3153 991 3205 eos,
1038 3154 1156 3205 nos,
1184 3141 1274 3211 qui
1306 3141 1359 3195 in
1384 3140 1681 3210 Scripturis
1708 3140 1876 3197 Judaei
1910 3158 2068 3197 voca-

497 3243 639 3283 mur.
662 3226 829 3284 Judaei
863 3238 1083 3300 propter
1120 3230 1318 3284 tribum
1346 3228 1505 3294 Juda,
1538 3243 1605 3285 ex
1634 3230 1788 3300 cujus
1817 3230 2068 3286 Salvator

496 3317 665 3387 stirpe
694 3318 990 3384 descendit,
1019 3317 1268 3373 conversi
1319 3333 1504 3371 sumus
1547 3319 1613 3371 ad
1664 3319 1947 3373 Dominum
1967 3359 1981 3384 ,
2013 3326 2069 3374 et

498 3408 786 3462 novissima
816 3416 1020 3471 nostra,
1037 3407 1380 3476 quaa'utinam
1404 3406 1594 3461 saltem
1620 3408 1673 3462 in
1698 3409 1800 3463 hoc
1828 3416 2068 3477 tempore

497 3515 605 3555 non
635 3500 1050 3571 complerentur.
1093 3498 1297 3553 Similia
1320 3498 1497 3553 futura
1527 3507 1655 3553 sunt
1674 3500 1912 3570 peccatis
1929 3499 2065 3555 inda

496 3587 606 3642 imo
628 3586 829 3657 pejora.
872 3588 938 3642 Et
964 3595 1021 3641 tu
1063 3586 1252 3642 credas
1291 3587 1345 3640 in
1382 3585 1851 3643 consummatione
1883 3589 2067 3644 smcuii

495 3680 767 3737 deteriora
786 3681 941 3734 nobis
959 3687 1239 3745 eventura,
1268 3680 1524 3748 quoniam
1551 3690 1819 3736 venerunt
1842 3680 2063 3748 Judzeis,

493 3772 619 3827 audi
662 3771 983 3827 salvatorem
1010 3771 1063 3825 in
1091 3771 1382 3842 Evangelio
1408 3771 1790 3841 praedicantem
1824 3789 1837 3825 :
1883 3791 1902 3822 ι
1932 3772 2064 3828 Cum

495 3860 863 3930 multiplicatae
897 3859 1094 3915 fuerint
1123 3860 1455 3930 iniquitates,
1485 3860 1798 3931 refrigescet
1827 3862 2065 3917 eharitas

494 3953 783 4007 multorum
819 3969 834 4004 :
867 3951 959 4020 qui
996 3959 1185 4004 autem
1216 3946 1647 4021 perseveraverit
1674 3951 1727 4004 in
1758 3950 1917 4007 tinem
1963 3951 2066 4006 iste

496 4042 677 4097 salvus
698 4041 803 4096 erit
828 4038 1043 4111 (Matth.
1078 4040 1247 4109 xxiv).
1280 4060 1300 4091 ι
1324 4040 1392 4094 Et
1418 4041 1471 4093 in
1496 4040 1603 4094 alio
1630 4040 1748 4095 loco
1783 4058 1795 4093 :
1829 4059 1847 4119 ᾳ
1885 4040 2067 4095 Faciet

500 4136 652 4204 signa
681 4143 735 4187 et
758 4133 1002 4202 prodigia
1025 4132 1079 4186 in
1104 4131 1243 4187 calo
1268 4139 1323 4187 et
1347 4132 1401 4185 in
1440 4140 1584 4186 terra
1610 4132 1677 4185 ad
1701 4132 2065 4201 decipiendos,

495 4226 541 4281 si
572 4225 688 4280 fieri
709 4221 1085 4294 potest,etiam
1113 4230 1167 4277 et
1191 4222 1391 4277 electos
1407 4222 1565 4294 (Luc.
1598 4222 1735 4293 xxi),
1760 4242 1778 4275 ι
1807 4230 2067 4293 tantaque

495 4314 843 4369 incredulitas
871 4315 925 4368 iu
955 4316 1205 4367 universo
1236 4315 1474 4368 humano
1520 4328 1717 4387 genere
1744 4314 1925 4378 futura
1950 4324 2061 4382 est,

2166 1858 2356 1927 rimus.
2391 1862 2524 1918 Vide
2550 1865 2938 1937 benignitatem
2970 1876 3026 1923 et
3045 1868 3391 1923 severitatem
3414 1870 3530 1924 Dei.
3555 1868 3741 1941 Neque

2165 1954 2308 2022 enim
2341 1955 2605 2026 benignus
2653 1965 2860 2013 tantum
2880 1964 2976 2015 est
3001 1966 3062 2014 ,et
3106 1975 3215 2016 non
3248 1975 3515 2029 severus,
3563 1966 3742 2033 neque

2164 2059 2388 2111 severus
2433 2046 2642 2107 tantum
2668 2055 2739 2105 ,et
2774 2063 2881 2103 non
2934 2049 3098 2103 etiam
3145 2052 3423 2122 benignus.
3473 2052 3532 2107 Si
3582 2053 3740 2110 beni-

2167 2153 2303 2208 gnus
2330 2148 2476 2194 esset
2518 2140 2908 2206 tantummodo,
2936 2140 3232 2199 bonitatem
3275 2142 3391 2211 ejus
3434 2152 3743 2202 contemne-

2164 2241 2369 2293 remus,
2417 2227 2463 2281 si
2517 2242 2755 2293 severus,
2794 2230 3098 2301 desperatio
3143 2246 3242 2287 nos
3286 2232 3473 2287 salutis
3522 2242 3745 2303 propter

2167 2328 2389 2386 peccata
2424 2330 2544 2385 quae
2587 2316 2814 2372 fecimus
2862 2306 3222 2389 praecipitaret
3265 2321 3318 2376 in
3354 2322 3486 2376 vitia
3538 2340 3553 2375 :
3600 2337 3746 2378 nunc

2166 2419 2297 2461 vero
2324 2407 2479 2475 quasi
2510 2407 2650 2461 Deus
2666 2406 2732 2479 (ἲ)
2756 2410 3117 2467 necessariam
3140 2411 3337 2482 quippe
3362 2413 3624 2468 habemus
3651 2413 3738 2468 bo-

2169 2496 2360 2557 mines,
2390 2504 2445 2551 et
2469 2496 2766 2552 bonitatem
2793 2496 2909 2567 ejus
2927 2499 2997 2556 ob
3031 2489 3439 2571 paenitentiam,
3461 2510 3519 2556 et
3545 2502 3747 2557 severi-

2174 2595 2336 2643 tatem
2390 2589 2459 2642 ob
2492 2589 2710 2652 delicta,
2761 2590 2946 2659 sicque
2988 2606 3210 2649 severus
3262 2603 3317 2649 et
3351 2594 3613 2665 benignus
3640 2603 3742 2649 est.

2168 2675 2278 2731 Nos
2302 2677 2392 2747 qui
2421 2693 2605 2733 sumus
2631 2677 2788 2745 Juda,
2818 2679 3058 2751 legentes
3085 2681 3141 2737 in
3168 2684 3338 2739 sacris
3362 2683 3742 2752 voluminibus,

2170 2765 2471 2821 invenimus
2495 2767 2751 2836 quoniam
2771 2768 2837 2824 de
2860 2770 3110 2826 omnibus
3137 2773 3332 2842 quibus
3358 2776 3745 2845 comprehensa

2170 2866 2272 2919 est,
2301 2856 2353 2910 in
2385 2856 2579 2925 quibus
2607 2858 2980 2916 mcechabatur
3026 2862 3291 2919 habitatio
3318 2863 3507 2930 Israel,
3542 2865 3743 2920 dimisit

2171 2959 2291 3011 eam
2321 2945 2552 3010 Deus,et
2578 2946 2724 3005 dedit
2746 2949 2795 3003 ei
2821 2948 3057 3018 libellum
3096 2953 3326 3021 repudii,
3348 2961 3405 3008 et
3435 2970 3558 3009 cum
3593 2954 3747 3010 debo-

2172 3050 2353 3091 remus
2381 3050 2447 3089 ex
2474 3036 2579 3100 his,
2594 3051 2715 3105 quae
2742 3038 2817 3091 illi
2840 3040 2983 3107 passi
3004 3038 3146 3107 sunt,
3164 3056 3263 3097 nos
3285 3041 3354 3097 ad
3372 3044 3593 3098 meliora
3613 3060 3743 3100 con-

2094 3108 2140 3172 C
2170 3125 2331 3190 verti,
2359 3134 2414 3182 et
2439 3128 2724 3197 inspicere,
2765 3128 2892 3197 quia
2938 3128 3011 3183 illi
3037 3140 3258 3202 propter
3308 3143 3533 3200 peccata
3565 3136 3743 3191 traditi

2172 3221 2299 3269 sunt
2352 3216 2649 3285 captivitati
2700 3223 2757 3273 et
2786 3217 3055 3274 interfecti
3094 3220 3164 3274 ab
3194 3220 3460 3288 inimicis,
3503 3223 3746 3280 civitates

2171 3320 2358 3361 eorum
2386 3307 2495 3376 igni
2516 3316 2719 3387 exustae
2741 3318 2894 3363 sunt:
2918 3324 3041 3365 cum
3056 3310 3262 3382 itaque,
3289 3321 3348 3367 ut
3362 3312 3617 3377 diximus,
3632 3314 3744 3370 hac

2170 3398 2447 3453 nobiscum
2470 3398 2813 3456 debuerimus
2844 3410 3114 3471 reputare,
3151 3422 3171 3455 ‹
3207 3404 3332 3473 quia
3358 3406 3403 3460 si
3431 3404 3573 3460 Deus
3593 3414 3744 3461 natu-

2171 3487 2373 3547 ralibus
2402 3490 2566 3551 ramis
2589 3505 2697 3545 non
2740 3491 3002 3560 pepercit,
3030 3478 3438 3566 ‘qnanto'magis
3473 3512 3575 3552 nec
3597 3498 3746 3555 nobis

2164 3566 2358 3644 parcet
2390 3574 2567 3648 (Rom.
2600 3576 2709 3650 xl),
2748 3596 2767 3630 ι
2794 3579 2841 3634 si
2876 3578 2996 3634 illos
3020 3619 3034 3645 ,
3084 3581 3177 3651 qui
3206 3582 3273 3637 de
3314 3583 3743 3651 patriambarnm

2169 3677 2369 3733 genere
2409 3664 2827 3731 descendebant,
2873 3668 2953 3722 sic
3000 3678 3221 3739 propter
3268 3680 3492 3739 peccata
3522 3673 3744 3739 dimisit,

2170 3753 2299 3821 quid
2336 3768 2434 3808 nos
2458 3770 2679 3811 necesse
2724 3756 2796 3811 sit
2820 3766 3041 3825 vocatos
3063 3773 3132 3814 ex
3159 3760 3421 3831 gentibus'
3449 3764 3585 3834 pati,
3614 3764 3746 3820 nihil

2167 3842 2361 3901 horum
2394 3843 2741 3913 reputamusi
2768 3845 2835 3900 Et
2861 3846 2983 3903 ideo
3008 3862 3110 3903 nos
3136 3858 3379 3915 vocatos,
3406 3859 3466 3905 ut
3506 3853 3744 3910 ῆι·Ιίιίυαὶ-

2165 3938 2350 3985 tentur
2375 3932 2443 3987 ad
2464 3932 2640 3987 zelum
2666 3934 2909 3990 videntes
2944 3950 3131 3993 servos
3155 3940 3425 4009 quondam
3447 3940 3663 4007 liberos,
3691 3952 3747 3999 et

2170 4019 2429 4090 ignobiles
2474 4021 2791 4091 aliquando,
2823 4040 2967 4081 nunc
2993 4025 3090 4082 Dei
3136 4026 3297 4083 filios.
3352 4027 3410 4084 Si
3457 4032 3745 4093 autemjlii

2171 4121 2316 4167 tanta
2344 4113 2485 4182 passi
2520 4121 2664 4179 sunt,
2693 4123 2896 4183 quanto
2937 4110 3107 4187 magis
3134 4132 3234 4173 nos
3260 4118 3306 4173 si
3341 4122 3746 4189 peccaverimus

2164 4201 2347 4273 pejora
2408 4202 2697 4273 patiemur.
2752 4202 2811 4258 Si
2859 4205 2981 4275 quis
3033 4221 3204 4277 nuper
3260 4218 3493 4279 emptus,
3528 4210 3746 4277 domum

2165 4292 2426 4363 emptoris
2448 4301 2505 4350 et
2539 4295 2741 4351 domini
2770 4293 2936 4351 fuerit
2982 4295 3279 4367 ingressus,
3316 4290 3637 4357 sciscitatur
3673 4304 3745 4358 ab

494 4414 554 4459 ut
586 4404 835 4458 Salvator
882 4402 1083 4467 noster,
1112 4403 1367 4472 quoniam
1394 4392 1411 4469 ,7
1457 4385 1584 4473 quae
1612 4413 1736 4458 sunt
1765 4404 1943 4460 futura
1970 4422 2063 4463 co-

2167 4385 2347 4473 aliquo
2374 4388 2659 4451 conservo,
2685 4386 2806 4457 quis
2838 4387 2904 4443 de
2948 4389 3220 4457 prioribus
3244 4391 3423 4446 servis
3463 4393 3746 4458 otlenderit

494 4506 772 4569 gnoverat,
797 4496 1107 4564 loqueretur
1133 4514 1145 4548 :
1181 4513 1201 4545 ι
1231 4494 1397 4549 Putas
1418 4496 1643 4552 veniens
1666 4496 1808 4552 filius
1831 4498 2063 4554 hominis

2167 4468 2441 4531 dominum
2468 4476 2596 4546 quid
2637 4478 3018 4545 promeruerit,
3060 4489 3117 4534 et
3151 4479 3196 4534 si
3222 4480 3458 4539 voluerit
3499 4482 3554 4536 in
3584 4482 3743 4538 domo

490 4588 725 4641 inveniet
752 4584 910 4640 fidem
925 4600 1091 4654 super
1110 4584 1347 4639 terram?
1364 4603 1388 4635 ι
1408 4570 1548 4640 V’ere
1574 4586 1770 4656 quippe
1792 4586 1838 4641 si
1856 4586 2063 4654 judice-

491 4692 612 4739 mus
639 4677 798 4731 fidem
822 4684 1059 4732 nostram
1093 4685 1152 4731 et
1170 4691 1275 4746 non
1304 4676 1703 4743 multitudinem
1726 4685 1781 4731 et
1809 4678 2064 4748 respicia-

489 4782 611 4823 mus
638 4766 963 4824 voluntatem
985 4764 1263 4822 hominum
1301 4780 1406 4821 non
1444 4767 1939 4838 wngregationem.
1972 4767 2062 4823 Vi—

489 4859 733 4914 debimus
756 4858 812 4913 in
840 4865 989 4912 tanta
1028 4846 1252 4913 numero
1281 4857 1643 4914 Ecclesiarum
1682 4858 1895 4914 fidelem
1921 4859 2060 4915 ditiis

489 4948 593 5005 cile
629 4947 873 5018 reperiri.
924 4946 1077 5003 Tunc
1103 4955 1257 5003 erant
1274 4931 1405 5002 vere
1429 4947 1634 5016 fideles,
1661 4951 1890 5020 quando
1917 4965 2061 5004 mar-

491 5049 668 5117 tyrum
700 5038 932 5094 victima:
980 5038 1198 5114 fiebant,
1236 5039 1451 5108 quando
1497 5049 1748 5095 cruentas
1773 5044 2060 5111 exsequias

490 5132 760 5203 prosecuti
813 5131 996 5186 tristes
1048 5131 1118 5185 ad
1170 5121 1466 5187 Ecclesiam
1520 5131 1942 5187 revertebamur.
1995 5134 2061 5189 Et

491 5223 666 5279 omnis
680 5231 796 5278 erat
815 5221 1101 5278 multitudo
1123 5222 1439 5291 ingentium,
1454 5224 1667 5294 quando
1686 5226 2057 5281 catechumenl

487 5316 545 5371 in
566 5318 740 5387 prima
772 5316 954 5371 statim
979 5314 1101 5393 fidei
1132 5318 1475 5387 perceptione
1505 5319 1571 5373 de
1596 5317 1887 5374 differendo
1916 5336 2055 5375 mar-

491 5407 641 5477 tyrio.
673 5406 1056 5483 docebantur:
1098 5404 1313 5476 quando
1342 5406 1670 5466 muliercula!
1697 5420 1751 5465 et
1795 5410 2057 5487 inﬁrmior

489 5512 651 5553 sexus
678 5512 849 5569 usque
870 5498 942 5551 ad
971 5504 1197 5553 mortem
1218 5502 1907 5573 permanebat-intrepidus,
1931 5513 2057 5561 tunc

486 5603 615 5645 vere
642 5589 794 5662 signa
824 5589 891 5645 de
926 5591 1087 5660 cmlo,
1113 5598 1239 5646 tunc
1273 5583 1470 5647 ﬂebant
1508 5603 1758 5662 portenta
1789 5594 1856 5648 de
1889 5602 2053 5663 terra,

485 5690 617 5751 tunc
641 5692 799 5741 erant
816 5684 974 5775 pauci
995 5678 1235 5759 quidem,
1258 5682 1355 5743 sed
1382 5699 1511 5745 vere
1544 5685 1750 5761 fideles.
1769 5697 2056 5767 angustam

2165 4567 2366 4623 domini
2420 4583 2802 4639 perseverare,
2852 4578 3007 4625 cavet
3047 4585 3111 4637 ea
3160 4571 3362 4637 facere,
3397 4588 3639 4642 quaeue
3666 4574 3741 4630 fe-

2165 4657 2303 4712 cisse
2332 4659 2501 4723 audit,
2518 4660 2609 4728 qui
2635 4658 2945 4714 verberibus
2967 4670 3021 4715 et
3038 4658 3327 4716 tormentis
3345 4670 3403 4716 et
3427 4663 3742 4734 religatione

2164 4748 2309 4819 digni
2348 4751 2689 4804 exstiterunt.
2723 4751 2923 4816 Deinde
2971 4750 3381 4822 diligentissime
3437 4755 3738 4823 inquirens.

2162 4838 2290 4908 quid
2317 4836 2541 4893 fecerint
2561 4838 2764 4911 illi,,qui
2788 4839 3090 4894 libertatem
3106 4854 3137 4895 a
3165 4839 3380 4908 domino
3402 4852 3738 4907 meruerunt.

2163 4930 2310 4984 omni
2343 4928 2526 4984 labore
2583 4930 2787 4994 nititur,
2814 4939 2871 4984 ut
2912 4944 2977 4983 ea
3030 4928 3211 4996 faciat,
3244 4945 3364 4999 qua:
3404 4945 3501 4987 eos
3546 4933 3742 4990 fecisse

2163 5017 2439 5088 cognovit.
2470 5018 2535 5073 Et
2570 5034 2667 5073 nos
2697 5019 2897 5089 itaque,
2928 5018 3017 5087 qui
3057 5034 3167 5080 non
3199 5033 3417 5074 eramus
3444 5022 3591 5077 servi
3620 5023 3735 5088 Dei,

2163 5114 2255 5170 sed
2304 5097 2565 5171 idolorum
2595 5126 2651 5173 et
2676 5117 3001 5196 daemonum,
3031 5127 3087 5173 et
3135 5118 3324 5191 postea
3370 5133 3439 5175 ex
3489 5120 3739 5190 gentibus

2161 5208 2465 5277 congregati
2490 5207 2815 5282 credidimus
2838 5208 2893 5265 in
2920 5200 3214 5278 Christum,
3234 5211 3476 5282 legamus
3493 5210 3739 5282 Scriptu-

2161 5288 2296 5362 ram,
2328 5298 2606 5354 videamus
2632 5300 2757 5368 quis
2788 5299 3114 5369 justifieatus
3159 5302 3252 5368 sit,
3280 5303 3407 5373 quis
3448 5302 3738 5359 oﬂenderit

2160 5390 2444 5446 Dominum
2473 5397 2671 5446 etcum
2700 5391 2843 5446 omni
2890 5393 3264 5469 observatione
3293 5393 3533 5450 nitamur
3556 5411 3624 5451 ea
3654 5395 3737 5458 fa-

2158 5495 2303 5545 cere,
2334 5496 2453 5549 qua:
2491 5488 2547 5537 et
2567 5479 2743 5550 justos
2764 5480 2990 5556 legimus
3017 5481 3231 5549 fecisse,
3267 5492 3322 5539 et
3361 5499 3654 5555 caveamus
3681 5488 3738 5542 in

2158 5570 2274 5627 haec
2304 5573 2557 5637 incidere,
2592 5573 2644 5627 in
2674 5587 2792 5642 quae
2818 5574 3122 5630 inciderunt
3152 5575 3228 5641 hi,
3272 5574 3363 5646 qui
3392 5576 3576 5632 traditi
3608 5585 3738 5633 sunt

2158 5667 2456 5743 captivitati
2480 5673 2535 5725 et
2561 5662 2717 5741 ejecti
2738 5666 2803 5725 de
2823 5665 3135 5729 haereditate
3163 5666 3281 5729 Dei.
3304 5666 3377 5729 Et
3396 5680 3507 5730 non
3530 5668 3736 5735 timuit.
