3910 6324
164 314 267 371 829

1086 316 1451 385 EXPOSITIO
1485 314 1714 377 SUPER
1755 311 2119 369 JEREIIIAM.
2155 342 2225 354 —-
2260 314 2389 371 LIB.
2425 314 2489 371 ll.

3294 316 3401 376 850

162 430 352 501 inquit,
383 431 780 501 pravaricatrix
810 430 969 497 Juda,
1005 441 1059 488 et
1089 433 1222 487 abiit
1262 439 1320 488 et
1347 430 1610 486 fornicata
1648 438 1733 485 est
1756 436 1811 496 Α
1835 435 1888 484 et
1920 442 2017 497 pro
2060 426 2151 482 illo
2189 442 2284 483 vos
2328 430 2465 484 idola
2513 429 2832 486 delectarint
2861 438 2915 487 et
2957 430 3238 491 fornicata:
3284 434 3404 499 sitis

158 535 214 577 et
248 524 384 594 ipsa.
442 519 568 575 Post
616 518 1020 577 fornicationem
1069 522 1123 577 in
1178 535 1284 590 qua
1327 520 1476 589 prius
1522 512 1728 575 corruit

159 610 346 677 Israel,
369 612 631 667 fornicata
659 622 742 667 est
766 614 930 669 etiam
956 610 1115 677 Juda,
1145 620 1200 666 et
1226 611 1363 666 facta
1390 620 1472 667 est
1493 611 1731 666 fornica-

159 706 235 759 tio
262 702 443 771 ejusin
457 703 678 757 nihilum
707 712 760 758 et
782 704 1151 757 mtechabatur
1166 702 1369 773 lignum
1395 711 1450 757 et
1474 703 1726 773 lapidem.

157 794 383 859 Quando
424 794 761 863 peccavimus
787 792 923 845 duro
948 800 1135 846 contra
1167 792 1334 846 Deum
1382 792 1564 856 corde,
1596 792 1729 846 nihil

158 884 304 939 aliud
358 884 582 938 facimus
622 884 722 939 nisi
771 882 1002 952 lapidem
1053 883 1398 947 fornicamur,
1431 886 1641 952 quando
1672 884 1725 937 in

158 974 432 1028 voluntate
459 986 746 1040 peccamus
772 974 1108 1029 moechamur
1136 973 1320 1028 subter
1343 988 1501 1028 omne
1525 974 1726 1044 iignum

156 1078 521 1121 nemorosum.
549 1064 615 1117 Et
643 1064 696 1118 iu
740 1064 825 1119 his
854 1064 1103 1120 omnibus
1135 1081 1241 1120 non
1265 1074 1347 1120 est
1371 1080 1629 1120 conversa
1661 1064 1727 1119 ad

156 1168 246 1207 me
295 1151 694 1223 praevaricatrix
745 1151 879 1207 Juda
915 1168 981 1209 ex
1021 1160 1131 1208 toto
1169 1152 1333 1226 corde
1382 1167 1497 1216 suo,
1547 1154 1640 1208 sed
1668 1153 1725 1225 [in

156 1244 456 1298 mendacio.
486 1243 551 1301 Et
579 1258 678 1298 nos
697 1244 941 1299 conversi
972 1259 1157 1309 sumus
1196 1234 1271 1297 ad
1292 1242 1602 1307 Dominum,
1631 1240 1743 1299 sed'

155 1333 283 1401 quia
314 1348 419 1388 non
468 1348 533 1387 ex
560 1340 673 1388 toto
716 1335 877 1388 corde
922 1336 1202 1397 conversi,
1239 1334 1457 1398 dicitur,
1510 1341 1727 1389 nonest

153 1434 413 1475 conversa
442 1422 508 1475 ad
536 1437 619 1475 me
640 1421 1036 1490 prmvaricatrix
1051 1419 1185 1475 Juda
1212 1437 1275 1476 ex
1295 1429 1403 1476 toto
1425 1421 1585 1475 corde
1605 1435 1721 1486 suo,

152 1510 248 1565 sed
281 1512 332 1564 in
381 1512 687 1566 mendacio.
718 1510 901 1580 Neque
929 1525 1053 1565 vero
1088 1511 1184 1576 ait,
1216 1527 1321 1566 non
1353 1520 1436 1565 est
1466 1526 1724 1566 conversa

152 1599 219 1653 nd
249 1615 335 1654 me
359 1602 760 1672 przevaricatrix
783 1601 939 1667 Juda,
962 1610 1015 1655 et
1039 1601 1235 1667 tacuit;
1262 1601 1354 1665 sed
1384 1616 1489 1655 non
1517 1608 1619 1665 est,
1644 1601 1724 1655 in-

149 1692 290 1762 quit,
321 1708 576 1747 conversa
627 1694 694 1747 ad
740 1709 826 1748 me
877 1692 1278 1762 pmvaricatrix
1328 1691 1463 1763 Juda
1510 1707 1577 1746 ex
1613 1699 1723 1746 toto

1835 517 1935 574 sub
1958 518 2103 573 omni
2134 518 2277 588 ligno
2306 520 2557 576 umbroso
2588 530 2749 593 atque
2796 521 3071 591 frondoso.
3098 523 3253 592 Quod
3277 526 3398 595 qui-

1832 608 1952 663 dem
1978 617 2034 663 et
2058 607 2127 662 ad
2154 609 2453 676 haereticos,
2476 612 2561 667 vel
2585 612 2640 666 in
2668 612 2908 669 Ecclesia
2941 612 3278 685 negligentes
3297 615 3399 673 dici

1831 700 2100 765 convenit,
2118 700 2209 771 qui
2230 698 2469 770 quotidie
2501 717 2596 773 per
2616 704 3008 767 ecclesiasticos
3022 706 3167 761 viros
3190 706 3255 761 ad
3281 720 3399 776 pte-

1829 790 2106 846 nitentiam
2134 786 2517 861 provocamur,
2545 802 2599 847 et
2625 794 2820 862 quibus
2847 795 3065 870 proprie
3094 795 3263 866 aptari
3309 810 3404 866 po—

1828 888 1965 959 test,
1998 899 2016 932 ι
2042 889 2095 936 et
2119 896 2304 937 vocem
2331 896 2506 937 meam
2544 896 2650 937 non
2672 885 2917 940 audistis.
2964 903 2982 937 ι
3012 883 3199 941 Omnis
3219 895 3397 941 autem

1824 968 2109 1030 Alitereticus
2136 970 2342 1026 habitat
2372 970 2424 1024 in
2452 970 2735 1042 Aquilone,
2764 981 2820 1027 et
2845 974 3079 1028 calorem
3123 974 3243 1029 fidei
3271 990 3394 1045 per-

1822 1058 1984 1133 didit,
2013 1075 2113 1115 nec
2141 1060 2330 1115 audire
2352 1068 2529 1130 potest
2558 1061 2684 1127 illud
2733 1062 2972 1132 Apostoli
3000 1082 3031 1129 «η
3065 1064 3256 1134 spiritu
3298 1063 3403 1120 fer-

1825 1159 2030 1216 ventes,
2065 1170 2083 1203 i
2113 1160 2169 1206 et
2192 1152 2317 1220 quia
2342 1165 2400 1205 se
2433 1152 2794 1221 voluptatibus
2834 1154 3081 1220 tradidit,
3121 1156 3345 1210 recessit
3371 1170 3402 1211 a

1825 1240 2071 1309 Domino,
2100 1250 2156 1310 et
2174 1240 2428 1311 dispersit
2450 1242 2566 1296 vias
2588 1258 2712 1298 suas
2742 1244 2932 1299 alienis
2960 1246 3321 1316 dogmatibus,
3346 1255 3403 1302 et

1824 1331 2149 1399 voluptatem
2174 1339 2392 1394 secutus
2411 1340 2514 1386 est.
2542 1330 2693 1385 Nulla
2723 1333 2865 1397 enim
2895 1330 3114 1390 haeresis
3141 1336 3242 1390 nisi
3262 1351 3399 1405 pro-

1822 1428 1945 1488 pter
1973 1419 2152 1491 gulam
2178 1428 2529 1489 ventremque
2556 1422 2911 1488 construitur,
2940 1423 2999 1477 u't
3032 1423 3252 1479 sedarat
3282 1442 3400 1479 mu-

1823 1508 2075 1565 lierculas
2094 1516 2346 1563 oneratas
2365 1511 2620 1580 peccatis,
2645 1526 2859 1591 semper
2884 1512 3156 1575 discentes
3184 1522 3239 1567 et
3265 1530 3401 1568 nun-

1824 1616 1985 1670 quam
2027 1601 2095 1655 ad
2124 1600 2690 1655 scientiam‘veritatis
2734 1604 3107 1671 pervenientes
3145 1604 3232 1675 (II
3261 1604 3397 1661 Tim.

1823 1687 1937 1757 ιιι).
1970 1687 2043 1743 De
2072 1688 2266 1757 quibus
2295 1703 2417 1743 vere
2444 1686 2644 1743 dicitur
2674 1707 2687 1756 ;
2728 1709 2746 1741 ι
2776 1690 2876 1758 Qui
2914 1692 3170 1747 devorant
3188 1694 3397 1763 plebem

148 1782 318 1837 corde
347 1797 463 1846 suo,
500 1797 687 1836 verum
740 1783 792 1836 in
838 1782 1137 1838 mendacio.
1169 1779 1241 1835 Ut
1273 1780 1578 1837 ostenderet
1606 1795 1722 1845 eos,
1751 1788 1798 1849 Β
1826 1793 2002 1832 meam
2043 1779 2189 1833 velut
2236 1793 2417 1834 escam
2463 1780 2619 1849 panis
2664 1768 2838 1851 (Psal.
2899 1782 3040 1855 xm).
3100 1802 3119 1834 ι
3149 1784 3216 1839 Ει
3262 1801 3399 1856 quos

148 1873 245 1943 qui
274 1881 691 1937 convertuntur,
728 1875 773 1929 si
799 1890 904 1928 non
935 1889 999 1928 ex
1037 1873 1199 1928 corde
1238 1880 1637 1939 convertantur,
1667 1873 1722 1934 in

149 1964 433 2031 mendacio
485 1979 591 2017 non
628 1964 680 2017 in
711 1964 936 2019 veritate
966 1964 1226 2021 converti.
1258 1963 1591 2035 Quapropter
1642 1962 1721 2018 le-

148 2068 343 2123 gamus
368 2053 579 2112 Veteris
609 2053 933 2117 Testamenti
967 2053 1221 2108 historias
1256 2061 1311 2130 et
1344 2052 1647 2123 prophetas,
1670 2060 1726 2107 ct

146 2145 195 2199 si
218 2160 366 2217 quos
412 2136 737 2214 justiﬁCatos
780 2146 1144 2200 invenerimus
1197 2145 1473 2203 imitemur
1517 2144 1600 2209 ea;
1629 2159 1725 2214 per

145 2249 272 2304 qua:
296 2233 373 2287 illi
395 2232 675 2301 iustiﬁcati
698 2241 843 2289 sunt.
876 2233 1141 2305 Legamus
1168 2234 1454 2304 Evangelia
1484 2241 1537 2287 et
1562 2247 1723 2288 omne

144 2321 358 2377 Novum
389 2323 811 2388 Testamentum,
856 2324 1092 2394 legamus
1141 2324 1365 2393 apostoli
1401 2323 1549 2377 Pauli
1598 2322 1723 2392 Epi-

144 2411 337 2475 stolas,
380 2422 433 2466 et
462 2412 742 2466 universas
772 2412 1073 2477 scribamus
1121 2412 1173 2472 in
1212 2412 1462 2478 cordibus
1502 2412 1717 2474 nostris,

143 2504 391 2557 viventes
414 2503 567 2573 juxta
588 2511 853 2575 praicepta
882 2501 1148 2567 cmlestia,
1180 2510 1240 2556 ut
1266 2517 1372 2565 non
1396 2501 1639 2564 tradatur
1668 2509 1723 2555 et

142 2595 305 2649 nobis
333 2594 544 2651 libellus
574 2593 801 2665 repudii,
849 2594 942 2649 sed
989 2594 1229 2648 haeredes
1275 2591 1572 2649 efﬁciamur
1598 2607 1719 2647 cum

139 2680 368 2738 Christo
396 2682 547 2745 Jesu.

221 2790 240 2822 ι
286 2771 354 2825 Et
390 2772 527 2825 dixit
570 2770 830 2835 Dominus
856 2770 922 2825 ad
951 2785 1038 2825 me
1080 2812 1092 2824 .
1122 2770 1443 2825 Justifleavit
1485 2768 1717 2823 animam

145 2878 170 2912 ι
207 2874 361 2915 suam
391 2872 691 2914 aversatrix
737 2859 926 2923 lsrael,
954 2859 1358 2929 comparatione
1394 2856 1716 2928 praevarica-

143 2972 168 3005 c
210 2953 364 3008 tricis
392 2952 548 3007 Juda.
578 2938 845 3024 (Ηίετοη.)
893 2971 911 3003 ι
943 2949 1179 3017 Justior,
1208 2950 1399 3019 inquit,
1445 2956 1528 3012 est
1556 2945 1718 3003 Israel

136 3041 546 3115 comparatione
572 3039 741 3103 Judie,
773 3041 897 3109 quia
928 3039 1017 3093 illa
1045 3040 1226 3093 statim
1257 3040 1309 3091 in
1335 3036 1598 3107 principio
1618 3050 1713 3106 pe-

1825 1866 2023 1924 Cbristi
2060 1856 2333 1939 apostolus
2360 1874 2511 1922 notat
2540 1886 2560 1919 ι
2608 1868 2932 1926 devorantes
2972 1864 3160 1927 domos
3209 1873 3396 1928 vidua-

1825 1973 1943 2012 rum
1985 1957 2195 2029 (Matth.
2224 1960 2344 2030 xu).
2386 1978 2404 2010 ι
2443 1959 2680 2029 Cumque
2706 2000 2722 2025 ,
2778 1958 2972 2029 inquit,
3012 1962 3265 2017 misertus
3316 1960 3393 2017 tui

1824 2045 1995 2113 fuero,
2021 2064 2087 2103 ne
2103 2047 2309 2117 justum
2340 2056 2391 2104 te
2413 2063 2531 2104 esse
2557 2057 2734 2119 putes,
2760 2038 2852 2105 sed
2878 2065 3091 2122 semper
3122 2048 3392 2108 memento

1823 2138 2121 2208 iniquitatis
2149 2147 2270 2204 tute,
2322 2146 2377 2193 et
2414 2127 2570 2203 scito,
2603 2140 2727 2209 quia
2757 2141 2809 2208 in
2848 2141 3131 2196 Dominum
3161 2138 3396 2198 fornica—

1819 2227 1908 2281 'tus
1948 2228 2040 2291 sis,
2070 2236 2125 2282 et
2162 2226 2439 2296 superbiae.
2485 2216 2631 2284 colla-
2672 2224 2915 2296 demitte,
2957 2232 3128 2302 utqui
3169 2217 3396 2293 offendi-

1821 2316 1887 2369 sti
1945 2317 2112 2371 Deum
2158 2331 2257 2387 per
2308 2319 2691 2387 arrogantiam,
2728 2318 2942 2388 placeas
2984 2334 3082 2388 per
3125 2318 3396 2376 humilita-

1820 2413 1951 2459 tem.
1985 2403 2065 2459 Illi
2114 2413 2293 2459 autem
2328 2402 2469 2475 q'ubd
2512 2417 2672 2477 supra
2704 2407 2964 2477 diximus,
3003 2427 3023 2459 ι
3059 2418 3111 2463 et
3151 2420 3258 2465 non
3306 2410 3395 2465 fir-

1820 2495 1980 2549 mabo
2001 2493 2193 2550 faciem
2225 2506 2405 2550 meam‘
2429 2512 2590 2565 super
2610 2502 2751 2560 ’v'os,
2787 2511 2808 2547 ι
2844 2498 2973 2552 illud
3022 2500 3393 2569 propheticum

1819 2589 2070 2644 convenit
2102 2606 2115 2642 :
2155 2606 2175 2640 ‹
2208 2587 2407 2653 Averte
2442 2587 2648 2643 faciem
2695 2596 2841 2643 tuam
2879 2602 2908 2644 a
2960 2591 3197 2659 peccatis
3234 2593 3392 2659 meis,

1816 2688 1874 2732 et
1903 2694 2090 2733 omnes
2117 2678 2426 2746 iniquitates
2456 2693 2604 2733 meas
2631 2678 2747 2732 dele
2787 2676 2961 2749 (Psal.
2990 2679 3063 2750 ι).
3099 2700 3118 2731 ι

1893 2788 1911 2820 ‹
1951 2768 2365 2833 Convertimini,
2392 2768 2483 2823 filii
2516 2777 2855 2824 revertentes
2874 2768 3003 2841 (sive
3029 2771 3149 2840 vagi
3170 2778 3225 2825 et
3243 2785 3395 2830 reco-

1822 2878 1841 2911 ι
1882 2859 2111 2931 dentes).
2143 2860 2280 2914 dicit
2306 2859 2585 2925 Dominus,
2618 2861 2744 2929 quia
2776 2875 2876 2931 ego
2926 2861 3009 2915 vir
3052 2870 3231 2917 vester
3269 2863 3396 2935 (sive

1821 2970 1840 3001 ι
1878 2951 2180 3025 dominator
2201 2951 2425 3017 vestri);
2445 2952 2511 3005 Et
2539 2967 2811 3007 assumant
2837 2968 2933 3007 vos
2963 2969 3132 3008 unum
3166 2955 3233 3010 de
3257 2956 3393 3012 civi-

1821 3057 1841 3090 ‹
1867 3047 2008 3105 .tate,
2039 3048 2094 3093 et
2119 3041 2252 3095 duos
2276 3039 2341 3094 de
2361 3042 2701 3110 cognatione,
2742 3049 2797 3095 et
2835 3041 3173 3097 introducam
3203 3059 3299 3099 vos
3337 3045 3392 3100 in

138 3129 256 3184 riit.
288 3129 412 3185 Hinc
439 3130 582 3201 illius
609 3130 933 3184 cruciatibus
961 3130 1135 3199 potuit
1182 3127 1474 3185 emendari.
1524 3127 1713 3181 Atten-
1738 3126 1784 3190 C
1819 3150 1838 3183 ι
1875 3129 2025 3195 Sion,
2076 3139 2130 3186 et
2173 3130 2310 3185 dabo
2338 3131 2489 3185 vobis
2516 3140 2761 3201 pastores
2799 3130 2950 3200 juxta
2978 3147 3076 3188 cor
3101 3148 3302 3200 meum,
3339 3142 3398 3199 et,

133 3220 235 3273 dat
262 3235 398 3274 nova
425 3235 488 3273 ex
515 3220 679 3273 veteri
706 3219 944 3279 haeresis,
961 3218 1101 3286 quod
1128 3216 1292 3272 Israel
1315 3217 1713 3287 comparatione

127 3308 341 3385 pejoris
362 3308 656 3386 justiﬁcata
687 3308 916 3378 dicatur.
940 3306 1064 3378 .‘Nec
1094 3307 1287 3359 mirum
1332 3307 1436 3359 hoc
1460 3306 1525 3358 de
1553 3305 1712 3359 unius

130 3402 317 3475 gentis
364 3398 659 3468 sororibus,
696 3416 816 3456 cum
881 3400 1112 3456 Sodoma
1164 3409 1375 3469 quoque
1426 3392 1711 3452 collatione

130 3488 475 3544 Hierusalem
526 3488 751 3561 iustitia:
809 3503 1000 3553 nomen
1055 3488 1308 3565 accipiat,
1339 3488 1550 3541 dicente
1600 3486 1708 3540 Do-

129 3585 288 3641 mino
310 3601 408 3655 per
434 3584 768 3639 Ezechielem
801 3602 814 3637 :
843 3602 861 3635 ι
885 3582 1184 3657 Justificata
1206 3591 1287 3637 est
1308 3581 1537 3636 Sodoma
1566 3598 1633 3638 ex
1657 3591 1709 3637 te

126 3675 356 3747 (Eucti.
389 3676 556 3745 xvi;,i
589 3685 645 3729 et
660 3675 976 3745 publicanus
1013 3673 1272 3729 Pharisaei
1308 3674 1709 3743 comparatione

130 3767 198 3821 fit
219 3766 422 3836 justus.

210 3874 229 3905 ε
266 3854 414 3910 Vade
436 3863 491 3908 et
517 3854 685 3909 clama
725 3854 851 3923 (sive
875 3853 1013 3924 lege)
1052 3858 1327 3907 serinones
1361 3852 1494 3907 istos
1519 3861 1705 3907 contra

130 3965 151 3997 ι
193 3928 597 4015 Δουίιοηειηοι
640 3944 786 3999 dices
817 3962 830 3998 :
858 3943 1168 4004 Revertere,
1193 3942 1491 3996 aversatrix
1518 3941 1702 4007 lsrael,

129 4053 153 4085 ‹
192 4033 329 4087 dicit
375 4033 646 4096 Dominus,
669 4042 725 4087 et
751 4048 854 4086 non
885 4040 1124 4087 avertam
1174 4032 1301 4104 (sive
1350 4032 1595 4104 firmabo)
1629 4032 1706 4086 fa-

126 4142 152 4178 c
189 4124 334 4179 ciem
362 4138 532 4178 meam
562 4139 593 4178 a
614 4124 767 4179 vobis
796 4123 918 4196 (sive
967 4130 1126 4193 super
1147 4123 1297 4196 vos),
1330 4125 1455 4194 quia
1486 4132 1704 4181 sanctus

126 4230 151 4266 ι
186 4213 324 4285 (sive
348 4211 674 4288 misericors)
704 4229 821 4267 sum
840 4254 854 4277 ,
896 4214 1025 4268 dicit
1054 4213 1331 4278 Dominus,
1379 4223 1433 4268 et
1462 4228 1565 4267 non
1599 4215 1704 4267 ira-

124 4321 146 4355 ι
185 4294 317 4357 scar
360 4302 412 4355 in
463 4288 794 4371 perpetuum.
852 4302 1232 4358 Verumtamen
1269 4305 1404 4358 scito
1452 4304 1702 4372 iniquitao

124 4408 145 4443 ι
195 4400 312 4445 tem
338 4380 729 4460 tuam,quia-in
755 4393 1035 4446 Dominum
1067 4394 1233 4447 Deum
1270 4394 1618 4462 praevaricata
1641 4409 1701 4450 es

1819 3240 1838 3272 ι
1871 3229 2092 3291 pascent
2117 3236 2212 3276 vos
2233 3221 2458 3276 scientia
2479 3229 2534 3276 et
2554 3221 2821 3277 doctrina.
2850 3222 3095 3293 Cumqne
3129 3225 3388 3296 multipli-

1820 3329 1837 3362 ι
1874 3312 1980 3370 cati
2014 3312 2222 3370 fueritis
2247 3320 2300 3370 et
2334 3313 2620 3370 creveiitis
2667 3314 2720 3368 in
2751 3321 2915 3379 terra,
2956 3314 3011 3368 iu
3035 3315 3226 3371 diebus
3264 3316 3388 3383 illis,

1816 3420 1835 3456 ι
1872 3405 1946 3459 ait
1967 3405 2243 3468 Dominus,
2258 3420 2365 3460 non
2386 3404 2567 3459 dicent
2588 3406 2727 3460 ultra
2746 3423 2758 3458 :
2776 3406 2915 3459 Area
2937 3405 3077 3475 pacti
3100 3405 3199 3477 (uel
3225 3414 3391 3463 testa-

1814 3513 1833 3545 ι
1873 3495 2058 3564 menti)
2104 3495 2333 3557 Domini,
2380 3510 2555 3564 neque
2601 3498 2855 3551 ascendet
2887 3511 3048 3565 super
3069 3512 3185 3563 cor,
3216 3512 3390 3569 neque

1813 3604 1834 3636 ι
1871 3586 2296 3640 recordabuntur
2316 3584 2477 3651 illius,
2496 3601 2596 3642 nec
2613 3588 2939 3653 visitabitur,
2958 3602 3059 3642 nec
3072 3587 3165 3642 flet
3183 3588 3342 3645 ultra.
3363 3608 3385 3643 ι

1808 3673 1977 3729 Judzei
2025 3674 2130 3729 hoc
2176 3674 2452 3745 impletum
2504 3682 2699 3743 putant
2740 3683 2864 3746 post
2909 3676 3269 3731 reversionem
3308 3691 3388 3733 ex

1806 3764 2079 3835 Babylone
2104 3765 2204 3819 sub
2225 3764 2366 3834 Cyro
2394 3778 2519 3835 rege
2543 3764 2852 3830 Persarum,
2875 3774 2929 3820 et
2960 3765 3252 3820 Zorobabel
3274 3765 3385 3822 lilio

1808 3852 2088 3919 Salathiel,
2108 3854 2270 3907 etiam
2294 3854 2339 3907 si
2356 3869 2464 3909 non
2485 3869 2675 3909 omnes
2703 3857 2905 3910 reversi
2926 3865 3069 3921 sunt,
3095 3857 3197 3912 hoc
3218 3858 3385 3929 signia

1805 3940 1977 3996 ficari.
2010 3958 2028 3992 ι
2064 3940 2350 3995 Assumam
2389 3956 2552 3996 unum
2604 3942 2670 3997 de
2706 3943 2931 3997 civitate
2956 3953 3014 3998 et
3037 3945 3173 4000 duos
3201 3945 3268 4001 de
3295 3961 3395 4018 ge-

1806 4051 1955 4090 nere.
1995 4054 2014 4086 ι
2048 4034 2155 4090 Sed
2184 4034 2377 4089 melius
2428 4036 2483 4088 in
2512 4035 2745 4090 adventu
2767 4034 2989 4101 Christi,
3012 4038 3224 4107 quando
3258 4040 3382 4095 reli-

1807 4129 1948 4198 quiae
1988 4128 2179 4206 salvas—
2203 4125 2359 4181 factre
2408 4135 2552 4191 sunt,
2598 4128 2807 4182 dicente
2834 4137 3216 4199 etexponente
3242 4132 3383 4200 Apo-

1804 4219 1940 4275 stolo
1982 4236 1998 4273 :
2048 4238 2067 4270 ι
2125 4218 2238 4273 Nisi
2296 4219 2553 4273 Dominus
2598 4220 2821 4274 sabaoth
2875 4221 3177 4289 reliquisset
3226 4225 3379 4280 nobis

1803 4323 2006 4372 semen,
2036 4308 2193 4377 quasi
2221 4306 2454 4363 Sodoma
2480 4322 2745 4373 essemus,
2796 4318 2850 4365 et
2886 4312 3040 4380 quasi
3081 4310 3379 4371 Gomorrha

1802 4399 2011 4477 similes
2032 4398 2320 4454 fuissemus
2358 4382 2548 4469 (Rom:
2567 4400 2668 4472 ix).
2704 4420 2722 4451 ι
2754 4400 2907 4457 Tunc
2940 4404 3228 4459 introducti
3253 4414 3380 4462 sunt

114 4500 145 4531 Ι
186 4482 322 4552 (sive
345 4482 506 4550 impie
534 4481 732 4551 egisti),
758 4491 812 4535 et
834 4483 1133 4551 dispersiin
1162 4484 1286 4554 (sive
1315 4482 1698 4554 eﬂudisli)vias
1722 4466 1775 4525 Ῑ)
1802 4488 1857 4542 in
1880 4468 2033 4554 Sion,
2066 4490 2131 4544 de
2157 4504 2261 4559 qua
2291 4466 2550 4560 scriptum
2580 4466 2661 4545 est
2687 4509 2701 4544 :
2737 4508 2758 4541 ι
2794 4491 3053 4547 Gloriosa‘
3079 4496 3220 4550 dicta
3251 4503 3376 4551 sunt

121 4590 143 4623 ι
188 4581 317 4626 tuas
342 4570 531 4625 alienis
559 4573 657 4625 sub
684 4572 828 4624 omni
876 4572 1020 4643 ligno
1065 4573 1340 4639 frondoso,
1371 4581 1426 4628 et
1465 4588 1569 4629 non
1598 4590 1695 4628 au-

122 4680 145 4713 c
172 4662 321 4727 vdisti
350 4676 534 4716 vocem
558 4657 763 4725 'meam,
804 4662 934 4716 dicit
970 4662 1247 4719 Dominus.
1284 4684 1303 4715 ι
1338 4665 1572 4721 Verbum
1601 4665 1698 4719 He-

113 4750 373 4805 braicnm
394 4760 554 4835 ηιξ-πρ
580 4758 633 4804 et
660 4766 782 4804 voca
812 4752 924 4806 sive
954 4751 1121 4806 clama
1147 4761 1200 4807 et
1230 4753 1339 4823 lege
1362 4753 1691 4823 intelligitur.

118 4838 281 4895 Unde
314 4839 503 4908 Aquila
542 4850 597 4896 et
625 4840 979 4910 Symmachus
1006 4843 1249 4908 clamita;
1274 4842 1616 4913 Septuaginta
1641 4852 1697 4899 et

112 4930 427 4987 Theodotio
469 4932 575 5001 lege
613 4934 947 5004 interpretati
982 4943 1121 4989 sunt.
1153 4935 1233 4989 Ad
1258 4936 1573 5006 Aquilonem
1600 4952 1696 4989 au-

113 5032 231 5079 tem
262 5029 322 5076 et
348 5030 533 5076 contra
557 5023 879 5093 Babylonem
904 5035 1065 5095 atque
1085 5017 1334 5097 A'ssyrios
1352 5040 1547 5082 sermo
1566 5027 1697 5081 diri-

111 5115 292 5186 gitur,
324 5113 390 5167 ad
416 5114 599 5168 decem
629 5124 683 5169 et
704 5117 769 5170 ad
798 5118 936 5197 duas
952 5120 1211 5183 tribus,et
1242 5128 1427 5172 earum
1459 5118 1695 5173 reversio

108 5206 470 5275 praedicatur.
491 5223 511 5255 ι
530 5205 593 5259 Ει
613 5221 715 5261 non
736 5216 991 5272 avertam,
1029 5210 1219 5279 inquit,
1253 5208 1441 5263 faciem
1468 5221 1642 5262 meam
1661 5224 1691 5263 a

109 5297 301 5358 vobis,
329 5296 442 5350 sive
468 5311 574 5350 non
605 5284 828 5351 llrmabo
871 5297 1061 5353 faciem
1101 5316 1273 5355 meam
1304 5309 1486 5355 contra
1517 5318 1634 5368 vos,
1665 5322 1684 5356 ι

111 5393 177 5440 ιιι
235 5398 579 5453 nequaquam
623 5400 718 5439 vos
765 5388 1334 5458 austeritate-iudicii,
1384 5391 1475 5446 sed
1536 5393 1688 5448 vultu

111 5473 511 5536 misericordiae
542 5462 844 5543 suscipiam.
904 5476 1133 5537 Sanctus
1179 5481 1321 5535 enim
1377 5490 1431 5536 et
1483 5482 1692 5537 miseri-

112 5580 245 5622 cors
302 5578 443 5628 sum,
498 5574 558 5619 ut
612 5581 714 5620 non
778 5570 1023 5624 recorder
1078 5571 1217 5625 ultra
1270 5573 1563 5644 iniquitatis
1600 5591 1692 5632 ve-

112 5667 269 5728 stra,
302 5671 408 5719 nec
461 5658 795 5722 meminerim
849 5662 991 5745 quod
1029 5678 1059 5724 a
1092 5665 1318 5727 Domino
1370 5667 1689 5743 recessistis,

1797 4578 1866 4634 de
1889 4588 1959 4645 te,
1985 4580 2175 4634 civitas
2192 4581 2286 4636 Dei
2314 4578 2485 4651 (Psal.
2510 4581 2751 4651 uxxvt).
2783 4601 2801 4634 ι
2821 4583 2889 4637 Ει
2910 4584 3021 4638 dati
3051 4594 3176 4639 sunt
3196 4583 3376 4655 pasto-

1798 4683 1885 4723 res
1903 4666 2057 4735 juxta
2078 4684 2173 4723 cor
2189 4682 2322 4737 eius,
2353 4669 2580 4739 apostoli
2608 4678 2662 4725 et
2687 4671 2963 4739 apostolici
2987 4673 3107 4737 viri,
3136 4684 3189 4729 et
3210 4690 3374 4743 pave-

1798 4758 2270 4814 runtcredentium
2299 4758 2715 4839 multitudinem,
2738 4776 2844 4815 non
2876 4755 2933 4815 in
2949 4760 3185 4817 Judaicis
3212 4766 3369 4820 caeri-

1796 4856 2012 4919 moniis,
2039 4855 2133 4910 sed
2154 4855 2209 4908 in
2238 4854 2466 4909 scientia
2497 4854 2696 4909 Christi
2729 4864 2890 4925 atque
2923 4856 3187 4919 doctrina,
3232 4863 3285 4909 et
3312 4855 3367 4911 in

1801 4952 1913 4999 toto
1935 4944 2069 5023 orbe
2093 4943 2475 5021 praedicatione
2500 4944 2773 5015 Evangelii
2801 4946 3111 5000 .seminata.
3153 4944 3367 5015 Nequa-

1798 5049 1958 5105 quam
1988 5034 2040 5088 in
2064 5049 2189 5088 arca
2215 5033 2447 5100 Domini,
2475 5050 2594 5105 quae
2624 5036 2723 5090 fuit
2743 5045 2929 5093 custos
2951 5037 3082 5108 legis
3102 5037 3361 5103 Mosaicae,

1798 5124 2072 5179 habebunt
2099 5124 2371 5192 ﬁduciam,
2397 5126 2489 5180 sed
2529 5126 2629 5196 ipsi
2655 5138 2812 5183 erunt
2841 5129 3092 5200 templum
3119 5132 3233 5197 Dei,
3264 5146 3363 5187 nec

1788 5214 1943 5284 juxta
1967 5224 2209 5273 errantes
2231 5215 2515 5274 Nazamos
2531 5218 2729 5282 abditis
2748 5221 3029 5278 sacrificiis
3050 5223 3357 5288 inservient,

1795 5307 1886 5361 sed
1913 5306 2209 5375 Spiritalem
2241 5307 2451 5363 cultum
2481 5310 2843 5366 sectabuntur.
2874 5312 2976 5369 Alii
3017 5329 3146 5369 vero
3177 5315 3277 5370 hoc
3307 5314 3369 5369 in‘

1795 5397 1951 5451 finem
1980 5406 2279 5468 temporum
2306 5399 2617 5471 intelligunt,
2651 5404 2864 5470 quando
2888 5405 3224 5461 subintrante
3243 5407 3358 5476 ple-

1791 5488 2033 5543 nitudine
2061 5490 2297 5557 gentium
2330 5491 2505 5545 omnis
2530 5491 2701 5553 Israel
2722 5493 2903 5549 salvus
2930 5494 3023 5550 flet
3053 5496 3228 5567 (Rom.
3256 5497 3357 5568 ιι).

1866 5598 1884 5630 ι
1933 5578 1989 5634 ιιι
2044 5588 2283 5651 tempore
2328 5581 2421 5636 illo
2475 5584 2745 5640 vocabunt
2810 5584 3131 5664 Jerusalem
3166 5589 3360 5646 solium

1796 5689 1817 5727 ι
1850 5671 2085 5743 Domini,
2130 5680 2187 5733 et
2234 5676 2699 5753 congregahuntur
2723 5678 2790 5738 ad
2807 5694 2928 5745 eam
2954 5695 3145 5748 omnes
3172 5691 3365 5770 gentes
