3910 6358
471 323 574 387 851

1113 319 1174 375 Β.
1217 315 1471 373 RABANI
1505 315 1726 373 MAURI
1762 314 2084 401 ARCHIEP.
2127 313 2434 372 MOGUNT.
2476 311 2762 369 OPERUM
2801 311 2978 367 PARS
3018 311 3106 367 III.

3652 311 3758 367 85%

476 455 500 494 ι
534 439 590 495 in
620 437 838 494 nomine
865 433 1076 490 Domini
1107 433 1162 488 in
1212 429 1573 496 Hierusalem,
1602 435 1658 483 et
1679 443 1788 483 non
1813 407 2058 482 ambula-
2082 429 2135 489 Α
2166 445 2185 480 ι
2221 434 2511 495 vertentes,
2543 434 2600 480 et
2643 425 2846 480 sanabo
2874 424 3186 480 aversiones
3210 425 3338 497 (sive
3375 424 3758 496 contritiones)

477 549 500 586 ι
531 532 666 588 bunt
691 537 813 599 post
844 526 1167 597 pravitatem
1189 521 1370 578 cordis
1398 521 1482 576 sui
1523 518 1768 591 pessimi.
1797 539 1818 572 ι
1853 517 2066 587 Nequa-

473 637 639 696 quam
666 619 926 675 Dominus
956 615 1164 673 sedebit
1209 629 1371 684 super
1422 627 1606 668 arcam
1656 609 1968 667 testamenti
2012 617 2068 665 et

475 711 757 776 cherubin,
795 709 882 765 cui
905 707 1057 778 prius
1083 707 1151 762 ab
1176 705 1270 760 illo
1307 702 1506 774 populo
1555 702 1874 758 dicebatur:
1915 718 1935 751 ι
1962 698 2064 766 Qui

473 804 630 861 sedes
654 816 819 872 super
842 799 1146 865 cherubim,
1175 795 1528 853 manifestare
1572 783 1747 866 (Ρεᾶι.
1774 790 2001 862 LXXIX);
2039 811 2059 845 ι

474 895 572 952 sed
601 909 792 950 omnes
832 890 1076 963 perfecta
1129 897 1309 945 mente
1341 887 1626 943 credentes
1649 893 1812 941 erunt
1837 880 2066 941 thronus

473 989 593 1046 Dei.
629 988 726 1044 Vel
751 993 901 1042 certe
942 985 1137 1040 melius
1179 991 1351 1038 totum
1378 981 1446 1036 de
1475 979 1720 1035 Ecclesia
1760 977 2065 1047 intelligen-

473 1081 621 1145 dum,
649 1077 866 1149 quando
887 1083 1286 1144 congregantur
1310 1085 1501 1127 omnes
1530 1078 1720 1141 gentes
1763 1069 1820 1122 in
1847 1067 2064 1122 nomine

472 1170 710 1235 Domini,
742 1170 799 1224 in
843 1165 1200 1231 Hierusalem,
1231 1164 1288 1218 in
1328 1178 1436 1234 qua
1467 1168 1551 1216 est
1597 1160 1736 1214 visio
1785 1157 1936 1229 pacis
1967 1175 1980 1210 :
2008 1163 2065 1211 et

472 1275 814 1332 nequaquam
873 1257 1152 1324 ambulant
1189 1262 1312 1326 post
1360 1252 1684 1324 pravitatem
1743 1249 1924 1305 cordis
1979 1247 2064 1303 sui

472 1352 716 1424 pessimi,
764 1357 824 1404 ut
870 1348 1091 1413 faciant,
1122 1361 1244 1417 quae
1294 1344 1623 1407 desiderant,
1674 1354 1776 1396 nec
1825 1353 1952 1395 suos
1975 1352 2065 1394 se-

470 1449 712 1511 quuntur
735 1453 969 1503 errores,
1002 1437 1096 1492 sed
1117 1435 1304 1491 dicunt
1328 1448 1452 1488 cum
1473 1432 1743 1503 Propheta
1774 1448 1790 1484 :
1822 1449 1840 1480 ‹
1871 1428 2065 1484 Λάδω-

474 1531 547 1587 sit
583 1532 766 1585 anima
821 1544 942 1585 mea
985 1537 1112 1600 post
1159 1536 1233 1596 te,
1282 1525 1526 1596 suscepit
1572 1539 1660 1579 me
1699 1523 1923 1578 dextera
1970 1528 2063 1575 tua

472 1621 650 1696 (Psal.
683 1622 841 1694 ιω).
880 1643 899 1675 ι

549 1751 568 1784 ι
609 1732 670 1787 In
698 1732 890 1788 diebus
912 1732 1019 1787 illis
1049 1732 1146 1789 ibit
1165 1731 1357 1787 demus
1375 1727 1514 1784 Juda
1540 1727 1609 1783 ad
1630 1728 1849 1784 domum
1867 1727 2060 1796 Israel,

476 1843 494 1878 ι
529 1832 586 1878 et
633 1824 854 1879 venient
900 1823 1063 1878 simul
1099 1822 1166 1877 de
1207 1830 1358 1884 terra
1416 1819 1702 1890 Aquilonis
1755 1819 1825 1874 ad
1853 1826 2060 1873 terram

476 1932 496 1965 ι
535 1930 697 1985 quam
721 1913 842 1968 dedi
862 1912 1107 1983 patribus
1127 1910 1341 1966 vestris.
1370 1929 1389 1962 ι
1408 1907 1524 1964 Hoc
1545 1907 1762 1979 proprie
1783 1907 1838 1962 in
1859 1907 2065 1963 Christi

471 2004 774 2074 completur
802 2004 1056 2069 adventu,
1094 2003 1310 2072 quando
1356 2000 1426 2056 de
1456 2000 1741 2055 duodecim
1778 1998 1940 2054 simul
1965 1999 2064 2054 tri-

470 2096 645 2155 bubus
694 2095 991 2166 Evangelio
1028 2095 1380 2150 crediderunt
1413 2108 1428 2147 :
1456 2091 1824 2161 relinquentes
1858 2099 2063 2146 terram

470 2187 754 2259 Aquilonis
805 2185 1082 2241 durissimi
1125 2183 1363 2253 frigoris,
1419 2190 1476 2237 et
1514 2197 1545 2237 a
1585 2180 1784 2237 diaboli
1835 2180 2064 2252 imperio

471 2279 808 2343 recedentes,
835 2285 964 2331 tunc
1006 2284 1329 2346 receperunt
1356 2285 1562 2329 terram
1604 2266 2060 2342 repromissionis,

471 2383 632 2438 quam
677 2364 948 2435 pollicitus
988 2363 1165 2418 fuerat
1215 2361 1472 2417 Patribus
1506 2375 1717 2427 eorum,
1763 2360 2058 2425 Abraham,

471 2457 622 2514 Isaac
649 2465 703 2513 et
728 2456 918 2513 Jacob.
934 2455 1092 2511 Edidi
1112 2469 1284 2526 nuper
1309 2469 1539 2525 parvum
1560 2453 1802 2508 libellum
1823 2453 1891 2508 de
1914 2460 2063 2508 terra

473 2546 909 2618 repromissionis
938 2558 987 2599 ο.

547 2679 567 2713 ι
597 2660 711 2732 Ego
733 2667 916 2714 autem
938 2659 1049 2714 dixi
1087 2676 1101 2712 :
1149 2657 1430 2726 Quomodo
1467 2673 1667 2728 ponam
1695 2665 1750 2712 te
1779 2657 1833 2712 in
1857 2655 1983 2712 ﬁliis
2009 2665 2065 2712 et

476 2769 497 2805 ι
533 2751 766 2806 tribuam
798 2749 895 2806 tibi
953 2757 1154 2805 terram
1203 2749 1635 2812 desiderabilem,
1689 2749 2063 2804 hmreditatem

477 2861 497 2894 ι
529 2841 848 2912 praeclaram
881 2841 1218 2897 exercituum
1247 2841 1525 2912 gentium?
1560 2841 1627 2896 Et
1663 2841 1812 2896 dixi:
1839 2841 2061 2896 Patrem

478 2951 497 2984 ι
533 2932 755 2988 vocabis
774 2947 883 2998 me,
915 2940 971 2988 et
997 2939 1118 3001 post
1139 2947 1224 2986 me
1253 2931 1460 3002 ingredi
1486 2947 1591 2986 non
1623 2932 1883 2987 cessabis.
1907 2951 1926 2984 ›
1957 2931 2064 2987 Pro

472 3021 843 3078 hereditatem
883 3021 1199 3092 praeclaram
1241 3021 1577 3076 exercituum
1607 3022 1868 3092 gentium,
1896 3035 2061 3089 quam

473 3111 618 3167 LXX
650 3111 1068 3177 transtulerunt,
1107 3132 1125 3163 ‹
1163 3111 1535 3166 hazreditatem
1583 3111 1916 3165 nominatam
1965 3112 2063 3167 Dei
2092 3128 2137 3191 ο

473 3204 862 3274 omnipotentis
906 3204 1167 3274 gentium,
1220 3223 1237 3255 ι
1281 3201 1620 3258 Theodotiou
1673 3201 2068 3272 signiﬁcantius

476 3292 750 3350 transtulit
774 3292 1144 3348 haereditatem
1168 3291 1423 3362 inclytam
1447 3289 1779 3345 fortitudinis
1805 3290 2070 3346 robustis-

474 3384 598 3442 simi
623 3384 890 3455 gentium,
947 3383 1224 3439 Christum
1269 3383 1601 3455 signiﬁcans,
1653 3385 1745 3453 qui
1797 3384 1990 3439 ductor
2015 3394 2071 3439 et

475 3480 736 3536 Dominus
782 3488 865 3535 est
891 3480 1271 3535 universarum
1298 3480 1540 3551 gentium
1582 3493 1681 3534 suo
1712 3479 1918 3534 nomini
1945 3494 2070 3550 pas-

476 3571 725 3639 sionique
753 3570 1111 3624 credentium.
1142 3570 1258 3639 Ipse
1284 3569 1420 3623 dixit
1465 3568 1724 3624 ad'Israel
1750 3586 1764 3622 :
1803 3588 1821 3620 ι
1850 3569 2069 3624 Patrem

476 3661 697 3717 vocabis
720 3676 842 3726 me;
875 3679 894 3712 ι
929 3669 1021 3715 et:
1060 3680 1078 3711 ‹
1106 3659 1206 3726 Qui
1238 3660 1414 3716 credit
1455 3660 1511 3714 in
1552 3676 1658 3724 me,
1685 3661 1859 3716 credit
1885 3661 1940 3714 in
1970 3660 2072 3716 Pa-

477 3760 637 3808 trem.
673 3771 692 3803 ι
727 3751 846 3821 Ipse
872 3751 1144 3821 pollicitus
1166 3759 1270 3816 est,
1307 3769 1325 3802 ‹
1363 3750 1568 3805 Ponam
1609 3758 1659 3805 te
1681 3751 1736 3805 in
1765 3749 1927 3818 ﬁlios,
1967 3769 1985 3801 ι
2017 3751 2072 3805 in

477 3857 706 3900 numero
734 3842 941 3897 scilicet
970 3842 1204 3898 ﬁliorum
1254 3857 1523 3906 meorum,
1554 3841 1646 3910 qui
1683 3841 1815 3895 mihi
1847 3842 1912 3896 de
1937 3856 2071 3911 gen-

479 3935 615 3989 tium
667 3935 864 4003 populo
901 3934 1254 3989 crediderunt
1295 3950 1308 3988 :
1348 3941 1408 3988 et
1441 3931 1641 4004 quibus
1694 3931 1815 3988 dedi
1869 3940 2074 3988 terram

484 4023 922 4080 desiderabilem.
953 4043 971 4075 ι
1001 4023 1278 4092 Quotquot
1308 4025 1451 4078 enim
1478 4030 1805 4093 receperunt
1825 4037 1952 4078 eum
1987 4024 2076 4078 de-

481 4116 562 4172 dit
587 4116 668 4172 eis
691 4123 1014 4186 potestatem
1042 4123 1101 4170 ut
1131 4114 1227 4170 filii
1254 4115 1350 4169 Dei
1378 4114 1512 4168 ﬁant
1542 4112 1724 4185 (Joan.
1751 4112 1813 4184 ι).
1844 4132 1864 4164 ι

558 4226 577 4258 ι
609 4205 716 4262 Sed
767 4206 1038 4276 quomodo
1084 4205 1131 4260 si
1179 4212 1496 4261 contemnat
1550 4203 1748 4258 mulier
1773 4212 2077 4258 amatorem

488 4315 507 4349 ι
543 4312 717 4359 suum,
748 4296 828 4351 sic
856 4297 1181 4366 contempsit
1221 4310 1308 4350 me
1338 4295 1528 4350 domus
1557 4293 1742 4359 Israel,
1789 4292 1921 4348 dicit
1968 4293 2076 4348 Do-

489 4408 508 4441 ‹
544 4389 745 4443 minus.
769 4407 788 4440 ›
817 4386 1018 4442 Christi
1046 4401 1151 4442 vox
1180 4394 1264 4441 est
1283 4384 1437 4453 juxta
1457 4385 1715 4456 populum
1737 4383 2073 4449 Iudaeorum,

2091 1781 2140 1840 B

2173 539 2191 572 ι
2228 527 2455 574 vestras.
2494 536 2513 567 ι
2546 515 2652 572 Pro
2676 532 2784 586 quo
2827 516 3187 588 Symmachus
3232 517 3512 572 transtulit
3537 533 3758 572 conver-

2166 609 2356 663 siones.
2385 605 2642 662 Libenter
2667 606 2808 661 Deus
2829 606 3055 677 suscipit
3072 605 3418 675 pcenitentes,
3433 617 3492 661 et
3515 606 3763 661 occurrit

2167 699 2277 755 ﬁlio
2306 699 2486 769 inopia
2514 706 2570 754 et
2611 698 2858 767 squalore
2907 696 3175 762 confecto,
3230 699 3526 768 statimque
3586 697 3766 752 induit

2165 795 2410 866 pristinis
2436 794 2700 858 vestibus,
2749 800 2806 846 et
2831 790 3009 846 reddit
3059 788 3288 859 gloriam
3333 787 3656 852 revertenti,
3689 788 3766 840 ita

2167 887 2427 941 duntaxat
2460 893 2521 939 ut
2561 890 2866 939 revertatur
2918 880 2974 935 in
3011 880 3227 950 ploratu
3278 889 3333 934 et
3382 879 3617 934 ululatu.
3651 877 3766 932 Suo

2165 977 2310 1030 enim
2333 974 2462 1028 vitio
2487 973 2616 1029 fecit
2642 973 2881 1042 iniquam
2907 970 3049 1023 viam
3072 978 3317 1035 suam,et
3331 969 3532 1025 oblitus
3552 976 3640 1023 est
3657 967 3764 1021 Do-

2165 1065 2296 1120 mini
2335 1064 2432 1120 Dei
2473 1073 2527 1120 et
2562 1063 2855 1119 Patrissui.
2895 1062 2976 1116 Ad
3012 1078 3148 1133 quos
3197 1061 3528 1133 prophetalis
3576 1074 3769 1116 sermo

2165 1171 2308 1210 nunc
2354 1155 2635 1225 loquitur:
2687 1173 2705 1204 ι
2752 1151 3160 1216 Convertimini,
3204 1151 3296 1205 ﬁlii
3347 1159 3705 1206 revertentes.
3740 1166 3761 1200 ι

2165 1248 2311 1316 Quos
2355 1247 2557 1302 idcirco
2599 1245 2740 1300 ﬁlios
2782 1259 2939 1309 voco,
2998 1243 3126 1313 quia
3179 1241 3466 1296 intellectis
3518 1241 3770 1310 peccatis

2162 1342 2381 1406 vestris,
2413 1341 2466 1394 in
2497 1339 2712 1410 ploratu
2739 1345 2904 1407 atque
2952 1335 3158 1390 ululatu
3201 1333 3539 1389 revertimini
3568 1333 3642 1386 ad
3671 1348 3770 1401 pa-

2164 1442 2394 1489 rentem.
2427 1432 2668 1502 Cumque
2694 1446 2808 1494 vos,
2849 1430 2947 1493 ait,
2978 1428 3187 1485 reversi
3217 1426 3429 1481 fueritis
3475 1425 3541 1479 ad
3573 1424 3770 1478 Domi-

2163 1542 2316 1592 num,
2348 1525 2565 1580 sanabit
2591 1538 2780 1580 omnes
2803 1521 3164 1580 contritiOnes
3206 1528 3432 1583 vestras,
3461 1518 3576 1571 sive
3607 1532 3772 1570 aver-

2165 1617 2364 1680 siones,
2395 1613 2594 1685 quibus
2617 1629 2648 1668 a
2679 1612 2908 1668 Domino
2933 1609 3314 1672 recesseratis,
3349 1607 3436 1662 vel
3463 1617 3616 1662 cene
3638 1621 3772 1660 con-

2163 1704 2463 1760 versiones.
2489 1701 2748 1769 Quamvis
2770 1699 3161 1770 enimtpropria
3184 1697 3347 1752 volun
3359 1705 3469 1752 tate
3490 1696 3558 1750 ad
3580 1696 3773 1750 Domi-

2166 1813 2294 1853 num
2325 1806 2702 1851 revertamur:
2738 1801 2918 1848 tamen
2971 1791 3078 1848 nisi
3134 1791 3224 1846 ille
3269 1806 3370 1846 nos
3415 1791 3674 1854 traxerit,
3715 1798 3770 1844 et

2164 1889 2517 1960 cupiditatem
2543 1896 2786 1943 nostram
2812 1902 2910 1942 suo
2941 1886 3284 1942 roboraverit
3320 1885 3594 1956 praesidio.
3632 1885 3765 1939 salvi

2165 1999 2284 2039 esse
2313 1997 2420 2037 non
2462 1981 2783 2052 poterimus.
2813 1979 3190 2046 lntelligamus
3215 1979 3319 2034 hoc
3345 1987 3402 2032 et
3427 1978 3494 2032 de
3545 1974 3761 2030 Judzeo-

2163 2090 2285 2130 rum
2313 2073 2513 2144 populo
2545 2072 2616 2128 ad
2643 2071 2931 2126 Dominum
2960 2077 3290 2135 revertente,
3318 2079 3373 2124 et
3402 2070 3469 2124 de
3492 2067 3764 2123 haereticis

2171 2166 2265 2236 qui
2289 2165 2578 2222 Dominum
2601 2162 2959 2231 reliquerunt.

2239 2276 2257 2308 ‹
2279 2257 2419 2312 Ecce
2431 2271 2529 2312 nos
2555 2255 2804 2310 venimus
2829 2253 2896 2309 ad
2917 2262 2993 2318 te,
3008 2260 3068 2307 tu
3083 2253 3231 2307 enim
3259 2267 3319 2310 es
3340 2253 3604 2308 Dominus
3625 2253 3770 2307 Deus

2169 2369 2187 2403 ι
2217 2358 2424 2406 noster.
2461 2349 2605 2404 Vere
2646 2347 2936 2402 mendaces
2971 2354 3129 2401 erant
3156 2345 3342 2410 colles,
3389 2355 3445 2400 et
3479 2345 3770 2399 multitudo

2169 2457 2187 2491 ι
2219 2439 2344 2511 (sive
2390 2436 2668 2508 fortitudo)
2719 2436 3004 2492 montium.
3065 2436 3204 2490 Vere
3257 2435 3313 2489 in
3374 2435 3605 2488 Domino
3659 2433 3768 2488 Deo

2169 2551 2188 2584 ‹
2215 2539 2401 2586 nostro
2445 2529 2591 2584 salus
2633 2527 2819 2584 Israel.
2856 2547 2873 2578 ι
2911 2525 3067 2580 Dicat
3108 2526 3212 2580 hoc
3251 2525 3547 2595 paenitens,
3580 2533 3634 2578 et
3658 2539 3770 2578 om-

2162 2637 2287 2677 nem
2316 2619 2626 2690 superbiam
2659 2617 3062 2685 derelinquens,
3109 2623 3163 2670 et
3210 2614 3617 2669 multitudinem
3650 2613 3766 2666 sive

2165 2715 2503 2770 altitudinem
2533 2713 2799 2767 montium
2820 2718 2875 2765 et
2899 2709 3139 2775 collium,
3164 2723 3265 2778 per
3289 2722 3454 2777 quam
3486 2705 3769 2774 superine.

2164 2812 2258 2867 bat
2291 2816 2480 2865 contra
2504 2808 2695 2870 Deum,
2723 2813 2778 2860 et
2803 2804 3108 2858 humilitate
3130 2808 3444 2872 prostratus
3468 2798 3726 2868 loquatur
3750 2815 3765 2850 :

2171 2921 2189 2953 ι
2220 2902 2359 2956 Vere
2381 2900 2435 2954 in
2463 2898 2692 2953 Domino
2737 2895 2848 2950 Deo
2874 2904 3062 2949 nostro
3100 2891 3246 2946 salus
3270 2888 3455 2944 Israel.
3495 2907 3514 2940 ›

2242 3009 2260 3042 ι
2290 2983 2545 3045 Confusio
2577 2987 2808 3044 comedit
2843 2985 3084 3040 laborem
3104 2990 3320 3054 patrum
3346 2989 3668 3056 nostrorum
3699 2979 3767 3033 ab

2174 3103 2192 3133 ι
2222 3081 2586 3137 adolescentia
2643 3087 2860 3143 nostra;
2918 3091 3110 3148 greges
3155 3088 3346 3128 eorum
3411 3082 3469 3126 et
3521 3077 3768 3125 armenta

2175 3192 2194 3224 ι
2223 3171 2410 3228 eorum
2439 3211 2454 3237 ,
2505 3170 2645 3224 ﬁlios
2673 3178 2730 3223 et
2758 3168 2895 3222 ﬁlias
2939 3180 3149 3220 eorum.
3191 3183 3208 3214 ι
3246 3163 3450 3218 Omnes
3480 3161 3767 3215 haeretico-

2171 3278 2292 3318 rum
2334 3263 2569 3326 labores,
2613 3259 2681 3313 de
2713 3257 2909 3327 quibus
2943 3256 3207 3325 scriptum
3240 3261 3343 3316 est,
3389 3270 3408 3302 ι
3445 3249 3766 3305 defecerunt

2178 3365 2478 3414 scrutantes
2507 3352 2771 3411 scrutinio
2792 3391 2808 3418 ,
2844 3370 2861 3401 ι
2899 3351 2968 3405 ab
3004 3345 3370 3402 adolescentia
3399 3358 3597 3398 eorum
3629 3356 3766 3411 quos

2175 3451 2522 3519 deceperant,
2546 3444 2687 3498 ﬁlios
2713 3452 2769 3498 et
2797 3442 2939 3496 filias
2968 3454 3183 3503 eorum,
3213 3437 3307 3508 qui
3335 3436 3392 3490 in
3419 3435 3618 3490 haeresi
3644 3449 3767 3504 pro-

2171 3536 2436 3600 fecerant,
2462 3534 2609 3589 velut
2641 3540 2888 3586 armenta
2926 3529 3141 3583 luxuria
3170 3526 3498 3582 tenebantur
3523 3526 3763 3595 oppressi

2173 3626 2522 3690 confusione;
2563 3624 2705 3678 unde
2734 3621 2992 3676 inferunt.
3027 3639 3043 3671 ι

2250 3761 2268 3793 ι
2295 3740 2635 3796 Dormiemus
2691 3737 2748 3791 in
2800 3734 3121 3791 confusione
3174 3741 3385 3798 nostra,
3447 3740 3506 3788 et
3561 3732 3769 3802 operiet

2178 3854 2198 3886 ι
2227 3848 2326 3889 nos
2351 3830 2646 3902 ignominia
2677 3837 2883 3892 nostra,
2920 3825 3182 3895 quoniam
3217 3824 3328 3879 Deo
3358 3831 3548 3878 nostro
3572 3837 3766 3892 pecca-

2183 3947 2201 3978 (
2232 3926 2429 3989 vimus,
2461 3937 2561 3978 nos
2582 3931 2636 3975 et
2666 3929 2850 3990 patres
2876 3919 3050 3973 nostri
3082 3918 3151 3971 ab
3176 3916 3547 3970 adolescentia
3575 3923 3765 3969 nostra

2181 4037 2199 4070 ι
2226 4031 2399 4086 usque
2431 4014 2498 4068 ad
2554 4014 2694 4068 hanc
2740 4010 2908 4076 diem,
2961 4015 3018 4064 et
3066 4023 3172 4062 non
3222 4005 3529 4061 audivimus
3573 4020 3766 4061 vocem

2182 4127 2200 4158 ι
2245 4105 2457 4162 Domini
2500 4102 2596 4158 Dei
2649 4101 2840 4155 nostri.
2880 4119 2898 4150 ι
2955 4097 3070 4153 Hoc
3124 4097 3378 4166 loquatur
3428 4097 3620 4159 Israel,
3672 4097 3764 4164 qui

2175 4212 2331 4253 suum
2363 4196 2647 4251 Dominum
2691 4207 2797 4246 non
2845 4190 3084 4245 audivit:
3121 4189 3225 4244 hoc
3268 4188 3446 4243 omnis
3477 4189 3766 4243 haereticus

2177 4287 2269 4357 qui
2295 4286 2405 4357 agit
2431 4281 2831 4354 paenitentiam,
2863 4288 2919 4335 et
2955 4287 3135 4333 tamen
3179 4293 3308 4347 pars
3334 4278 3526 4332 salutis
3554 4287 3644 4333 est
3668 4293 3767 4332 sua

2176 4378 2447 4442 conﬁteri,
2476 4385 2532 4430 et
2560 4388 2718 4429 nosse
2759 4379 3007 4443 peccata.
3042 4390 3061 4421 ι
3109 4369 3227 4434 Dic,
3271 4370 3467 4439 inquit,
3509 4378 3562 4423 tu
3607 4371 3763 4438 prius

483 4483 573 4539 cui
599 4483 848 4537 dixerat:
888 4500 906 4532 ‹
935 4479 1143 4535 Ponam
1172 4489 1225 4534 te
1259 4478 1314 4532 in
1358 4476 1517 4541 ﬁlios,
1557 4486 1614 4531 et
1653 4477 1792 4531 dabo
1835 4475 1934 4531 tibi
1961 4485 2073 4530 ter—
2099 4486 2154 4548 1)
2179 4469 2490 4540 iniquitates
2519 4474 2638 4521 tuas
2661 4474 2720 4518 ut
2734 4462 3048 4534 justiﬁceris
3077 4458 3211 4532 (Ita.
3233 4460 3442 4530 mu)»
3463 4460 3602 4514 Vere
3615 4460 3764 4515 enim

486 4580 604 4630 ram
628 4572 1066 4647 desiderabilem,
1084 4580 1139 4627 et
1157 4572 1373 4626 Patrem
1398 4569 1615 4624 vocabis
1636 4582 1744 4632 me,
1770 4575 1824 4622 et
1844 4574 1966 4638 post
1989 4581 2076 4621 me

485 4665 694 4736 ingredi
754 4681 860 4720 non
919 4664 1179 4720 cessabis.
1229 4682 1247 4713 ›
1292 4662 1590 4728 Quomodo,
1646 4659 1842 4728 inquit,
1883 4657 2078 4712 mulier

485 4757 781 4814 cantemhit
805 4771 912 4810 non
935 4755 1132 4821 virum,
1185 4753 1280 4809 sed
1310 4762 1629 4816 amatorem,
1659 4751 1706 4807 si
1736 4749 1904 4807 semel
1929 4765 2076 4805 com-

485 4849 648 4902 mista
676 4847 862 4913 fuerit,
905 4861 1138 4901 cernens
1192 4845 1342 4900 illum
1385 4859 1495 4898 suae
1523 4841 1733 4898 libidini
1777 4840 2077 4895 inservien-

490 4947 618 5005 tem,
646 4949 702 4993 ct
725 4941 778 4993 in
810 4955 869 4994 se
896 4946 1156 4994 mutatam
1183 4938 1357 5005 legem
1379 4950 1500 4990 esse
1539 4942 1766 4998 natum,
1788 4947 1886 5003 per
1912 4946 2076 5002 quam

485 5032 606 5087 viro
631 5033 902 5101 quondam
933 5031 1171 5099 subjecta
1196 5031 1395 5094 fuerat,
1427 5029 1639 5083 dicente
1664 5026 1926 5082 Domino:
1963 5043 1981 5075 ι
2010 5023 2078 5078 Et

488 5122 556 5178 ad
584 5131 637 5178 te
663 5123 948 5178 conversio
976 5120 1092 5197 ejus
1144 5119 1295 5191 (Gen.
1331 5120 1449 5191 III);
1488 5139 1506 5169 ι
1557 5118 1635 5172 sic
1663 5117 1854 5172 domus
1888 5114 2073 5179 Israel,

489 5217 593 5273 hoc
642 5225 746 5282 est,
775 5216 1004 5286 populus
1046 5211 1353 5270 Iudaeorum
1421 5210 1744 5280 contempsit
1786 5207 2074 5263 Dominum

492 5305 826 5362 Salvatorem
852 5308 906 5361 in
935 5306 1232 5377 perniciem
1258 5318 1432 5360 suam.

567 5419 586 5452 ι
610 5385 726 5454 Υοχ
753 5399 808 5453 in
823 5399 924 5453 viis
945 5398 1070 5469 (sive
1087 5399 1139 5452 in
1157 5395 1334 5465 labiis)
1356 5393 1537 5449 audita
1557 5400 1661 5457 est,
1677 5390 1918 5460 ploratus
1939 5390 2077 5445 ﬁlio-

496 5510 519 5547 ι
553 5507 676 5548 rum
704 5488 890 5554 Israel,
919 5487 1173 5557 quoniam
1200 5487 1444 5555 iniquam
1464 5482 1707 5537 fecerunt
1728 5480 1871 5533 viam
1894 5495 2072 5545 suam,

495 5603 518 5641 ι
554 5583 706 5642 obliti
735 5590 861 5639 sunt
889 5579 1110 5636 Domini
1132 5579 1229 5634 Del
1257 5577 1361 5634 sui.
1403 5571 1819 5637 Convertimini,
1870 5571 1964 5625 lilii
1994 5586 2077 5625 re-

564 5728 592 5758 ι
619 5714 756 5773 Vide
781 5713 1094 5786 Hieronymi
1115 5711 1274 5783 epist.
1306 5708 1428 5776 129,
1460 5708 1528 5765 ad
1563 5705 1893 5764 Dardanum.

2175 4558 2343 4616 Israel
2364 4556 2568 4612 dimisit
2584 4553 2857 4609 Christum
2885 4552 3172 4607 Dominum
3219 4549 3389 4604 Deum
3416 4565 3590 4612 suum,
3632 4561 3684 4603 et
3711 4550 3764 4603 in

2178 4664 2242 4704 eo
2263 4646 2525 4718 peccavit,
2553 4660 2659 4698 non
2680 4642 2852 4698 solum
2874 4642 2966 4696 illo
2987 4654 3249 4710 tempore,
3283 4640 3497 4708 quando
3518 4646 3601 4692 est
3617 4640 3766 4695 visus

2178 4741 2232 4795 in
2258 4717 2440 4802 carne,
2477 4735 2572 4790 sed
2607 4743 2661 4789 et
2698 4741 2823 4788 ante
2856 4733 3148 4787 adventum
3170 4730 3332 4784 illius.
3365 4729 3516 4783 Unde
3539 4717 3763 4783 di‘cunt:

2187 4851 2205 4884 ‹
2239 4846 2338 4886 nos
2368 4837 2422 4883 et
2442 4835 2626 4897 patres
2650 4824 2822 4881 nostri
2853 4822 2921 4877 ab
2968 4821 3332 4876 adolescentia
3366 4828 3549 4874 nostra
3588 4835 3764 4887 usque

2181 4922 2248 4976 ad
2274 4922 2412 4975 hanc
2437 4919 2599 4982 diem,
2633 4926 2685 4971 et
2707 4931 2814 4971 non
2841 4913 3144 4968 audivimus
3168 4925 3357 4966 vocem
3379 4911 3474 4966 Dei
3505 4911 3704 4972 nostri,
3741 4931 3760 4964 ι

2179 5013 2270 5082 qui
2321 5013 2521 5066 nostris
2581 5009 2824 5082 patribus
2867 5007 3185 5076 loquebatur
3229 5018 3244 5057 :
3281 5023 3298 5055 ι
3362 5002 3420 5057 Si
3467 5000 3766 5056 crederetis

2179 5102 2332 5168 Mosi,
2364 5101 2655 5157 crederetis
2683 5107 2738 5156 et
2777 5097 2946 5163 mihi;
2990 5096 3056 5151 de
3086 5110 3172 5151 me
3213 5094 3359 5147 enim
3408 5091 3498 5147 ille
3543 5091 3763 5160 scripsit

2179 5191 2362 5264 (Joan.
2389 5190 2464 5263 v).
2497 5209 2515 5241 ι

2790 5277 3016 5336 CAPUT
3054 5276 3141 5332 IV.

2184 5401 2519 5457 Promittitur
2547 5398 2695 5454 venia
2737 5400 2782 5452 si
2819 5413 2872 5452 se
2913 5395 3170 5458 laverint;
3220 5389 3357 5445 dolet
3404 5389 3657 5458 propheta
3703 5389 3765 5441 de

2681 5470 2894 5524 interitu
2923 5467 3088 5537 gentis
3129 5478 3258 5519 sum.

2258 5611 2276 5644 ‹
2306 5590 2366 5647 Si
2411 5587 2718 5653 reverteris,
2752 5583 2936 5652 ISrael,
2973 5583 3050 5639 ait
3089 5581 3371 5644 Dominus,
3404 5576 3476 5633 ad
3521 5589 3607 5631 me
3639 5589 3766 5630 con-
