3910 6320
119 390 230 448 858

1035 381 1396 439 EXPOSITIO
1436 379 1663 437 SUPER
1700 374 2062 433 JEREMIAM.
2098 405 2170 416 —
2205 375 2331 430 LIB.
2370 374 2456 431 ll].

3260 378 3366 434 854

127 525 147 559 ι
171 508 406 559 vertere.
436 518 456 551 ι
488 495 757 570 (Ηὶετοη.)
789 496 898 552 Pro
925 509 1033 566 quo
1064 495 1418 565 Septuaginta
1447 501 1688 549 transtu-
1715 493 1771 554 Α
1793 491 2256 546 circumcisionem
2308 487 2764 573 emundationem,
2796 496 2851 544 et
2890 490 3150 560 praeputia
3176 491 3368 548 viuum

118 594 339 650 lerunt:
383 610 402 642 ι
445 589 505 644 Si
538 604 826 645 conversus
863 584 1026 640 fuerit
1049 583 1235 648 Israel,
1261 585 1390 640 dicit
1409 584 1686 648 Dominus,

122 684 192 738 ad
213 697 301 737 me
334 687 695 736 oonvertetur.
730 697 748 729 ι
778 677 847 732 Et
880 681 965 729 est
986 687 1174 728 sensus
1199 692 1211 728 :
1236 673 1295 728 Si
1323 674 1392 728 ad
1417 689 1504 729 me
1530 673 1692 729 fuerit

121 787 395 836 reversus,
456 777 760 825 revertetur
810 767 878 822 de
933 766 1243 836 captivitate
1267 805 1282 830 ,
1344 763 1456 818 sive
1514 763 1689 829 aliter,

121 880 244 920 cum
270 861 526 918 obtulerit
542 860 684 930 quod
704 859 887 914 habet.
908 877 928 910 ι
947 857 1046 926 Qui
1063 857 1208 913 enim
1221 855 1384 910 habet
1394 855 1605 910 dabitur
1617 854 1689 922 ei,

123 957 214 1024 qui
239 962 417 1011 autem
451 967 558 1007 non
579 951 759 1015 habet,
789 949 951 1005 etiam
985 950 1038 1004 id
1082 947 1226 1018 quod
1247 944 1448 1000 habere
1477 946 1693 1000 videtur

123 1047 400 1102 auferetur
423 1045 492 1099 ab
509 1059 596 1099 eo.
624 1063 642 1097 ι
659 1042 829 1097 Porro
847 1040 1002 1109 juxta
1030 1038 1357 1095 Hebraicum
1387 1037 1478 1091 hic
1503 1050 1692 1091 sensus

121 1148 243 1194 est:
277 1138 335 1193 Si
361 1135 649 1193 reverteris
678 1134 745 1188 ad
790 1147 896 1198 me,
937 1131 1118 1203 Israel,
1166 1137 1220 1186 et
1258 1127 1425 1184 semel
1466 1126 1692 1183 salutem

122 1229 478 1292 desiderans,
541 1238 794 1296 peccasse
848 1229 903 1277 te
944 1221 1102 1285 dicis,
1149 1227 1204 1273 et
1251 1232 1438 1272 vocem
1481 1216 1694 1272 Domini

120 1318 218 1372 Dei
248 1318 324 1371 tui
352 1332 458 1372 non
485 1315 721 1378 audisse,
750 1312 907 1383 plene
948 1315 1283 1364 convertere.
1320 1305 1490 1361 Crede
1534 1318 1694 1374 quem

121 1409 356 1480 negasti,
385 1416 440 1462 et
476 1415 603 1462 tunc
630 1405 734 1460 erit
757 1403 916 1473 plena
944 1398 1250 1456 conversio.

196 1518 216 1550 ί
248 1497 306 1553 Si
357 1495 642 1552 abstuleris
689 1491 1010 1549 oﬂ‘endicula
1056 1498 1148 1544 tua
1179 1504 1211 1543 a
1255 1487 1391 1543 facie
1417 1501 1556 1551 mea,
1586 1499 1695 1540 non

124 1610 143 1642 ι
173 1587 622 1645 commoveberis.
659 1605 677 1636 ι
710 1585 936 1652 Quando
974 1597 1104 1654 ergo
1139 1595 1440 1644 movemur,
1469 1587 1524 1634 et
1564 1577 1695 1632 dici-

124 1693 286 1733 mus:
333 1697 353 1730 ι
386 1677 490 1732 Mei
537 1685 714 1731 autem
764 1689 904 1745 pene
949 1673 1083 1729 moti
1131 1681 1257 1728 sunt
1304 1671 1468 1741 pedes
1520 1667 1690 1738 (Paul.

123 1768 374 1840 um)”
403 1783 509 1823 non
539 1765 901 1822 imbecillitate
952 1772 1155 1818 natura;
1186 1763 1290 1817 hoc
1315 1760 1571 1831 patimur,
1600 1759 1695 1814 sed

1791 580 2116 653 intelligens.
2177 579 2292 635 Hoc
2344 589 2523 635 autem
2577 581 2892 651 praecipitur
2945 582 3075 637 viris
3121 582 3259 639 Juda
3311 591 3370 641 et

1792 668 2149 736 Hierusalem,
2175 669 2265 739 qui
2293 684 2478 725 veram
2512 678 2793 726 sectantur
2821 669 3004 736 ﬁdem,
3036 680 3090 727 et
3125 674 3372 731 habitant

1792 761 1847 816 in
1875 761 2140 827 Ecclesia,
2163 769 2222 816 ut
2242 777 2348 816 non
2362 762 2627 818 seminent
2655 777 2818 832 super
2829 763 3034 833 spinas,
3060 779 3195 834 quas
3208 781 3375 822 evan-

1792 855 1995 927 gelicus
2026 869 2206 912 sermo
2237 854 2506 927 signiﬁcat
2531 853 2742 926 (Matth.
2769 856 2911 927 xm),
2949 871 3068 926 qua:
3110 856 3372 914 sutl'ocent

1792 953 2090 1000 sementem
2124 944 2242 1009 Dei,
2272 945 2365 1000 sed
2400 944 2554 1015 prius
2583 944 2772 999 novale
2819 944 3041 1012 faciant,
3084 955 3140 1002 et
3181 962 3372 1002 omnes

1791 1033 2084 1090 suil‘odiant
2126 1048 2336 1106 vepres,
2394 1041 2681 1105 sentesque
2729 1035 2995 1102 auferant,
3044 1045 3105 1092 ut
3167 1038 3370 1093 munda

1793 1127 2002 1182 semina
2055 1127 2255 1182 munda
2303 1142 2432 1182 arva
2486 1128 2803 1198 suscipiant.
2855 1126 2968 1184 Hoc
3012 1137 3098 1184 est
3137 1131 3281 1198 quod
3313 1129 3373 1184 in

1794 1217 1898 1271 alio
1925 1216 2046 1273 loco
2073 1217 2307 1272 dicitur:
2343 1237 2362 1270 ι
2401 1217 2479 1273 Ne
2508 1218 2764 1273 miseritis
2802 1220 3123 1290 margaritas
3165 1227 3377 1276 vestras

1795 1315 1921 1361 ante
1946 1321 2160 1376 porcos,
2205 1314 2261 1360 et
2287 1322 2356 1362 ne
2407 1307 2545 1362 detis
2591 1315 2839 1362 sanctum
2890 1308 3116 1363 canibus
3155 1306 3369 1380 (Matth.

1794 1395 1912 1466 vn).
1951 1415 1970 1448 ι
2001 1395 2281 1463 Quomodo
2308 1396 2452 1450 enim
2487 1404 2668 1463 potest
2696 1396 2792 1452 Dei
2828 1398 3015 1452 audire
3044 1412 3370 1463 sermonem,

1795 1495 1851 1542 et
1879 1493 2165 1557 concipere
2195 1485 2401 1540 semina
2430 1494 2485 1540 et
2530 1484 2763 1541 fructum
2807 1487 3010 1552 facere,
3055 1490 3208 1559 cujus
3252 1490 3371 1545 ani-

1796 1593 1918 1632 mus
1946 1577 2202 1632 aerumnis
2231 1577 2418 1631 mundi
2441 1577 2631 1646 plenus
2667 1585 2768 1633 est.
2803 1578 3062 1649 Quodque
3087 1581 3372 1650 sequitur:

1802 1687 1821 1720 ι
1855 1667 2314 1724 Circumcidimini
2344 1667 2590 1732 Domino,
2617 1676 2672 1723 et
2708 1668 2916 1724 auferte
2952 1670 3214 1740 praeputia
3254 1684 3375 1724 cor-

1799 1757 1943 1812 dium
1993 1765 2324 1823 vestrorum,
2363 1775 2380 1807 i
2425 1756 2560 1812 nulli
2601 1757 2692 1812 alii
2747 1759 3058 1829 praecipitur
3104 1760 3208 1814 nisi
3255 1760 3375 1814 viro

122 1860 252 1928 quia
301 1859 551 1929 ponimus
603 1854 922 1912 offendicula
973 1861 1029 1909 et
1081 1853 1224 1908 idola
1266 1859 1452 1906 nostra
1508 1857 1695 1905 contra
1723 1846 1770 1906 B
1797 1847 1932 1902 Juda
1958 1856 2013 1901 et
2035 1848 2327 1903 habitatori
2354 1847 2712 1912 Hierusalem,
2744 1856 2806 1901 ut
2848 1849 3101 1904 deserant
3128 1848 3376 1904 occiden-

123 1949 431 2004 Dominum.

201 2058 219 2090 ι
245 2038 314 2092 Ει
345 2036 555 2107 iurabis
588 2036 773 2091 :Vivit
800 2034 1058 2090 Dominus
1085 2034 1140 2088 in
1177 2033 1428 2098 veritate,
1451 2041 1509 2088 et
1535 2033 1588 2087 in
1611 2029 1700 2101 ju-

124 2147 147 2182 ι
177 2128 340 2192 dicio,
370 2136 426 2183 et
465 2128 519 2182 in
556 2125 806 2194 iustitia;
861 2135 917 2180 et
965 2125 1281 2180 benedicent
1322 2139 1443 2178 eum
1493 2131 1693 2194 gentes,

124 2234 146 2268 ι
176 2216 458 2286 ipsumque
501 2215 812 2270 laudabunt.
869 2233 887 2264 ι
938 2214 1006 2268 Et
1038 2215 1305 2282 quomodo
1354 2212 1699 2279 Evangelium

118 2305 340 2377 (Matth.
371 2305 424 2376 ν)
447 2303 632 2374 jurare
657 2319 757 2359 nos
787 2303 1079 2373 prohibet?
1116 2302 1222 2358 Sed
1261 2304 1350 2358 hic
1368 2302 1575 2370 jurabt's
1601 2317 1699 2370 pro

119 2395 464 2451 confessione
486 2396 698 2458 dicitur,
730 2402 785 2449 et
809 2395 878 2449 ad
894 2394 1393 2449 condemnationem
1416 2393 1695 2458 idolorum,

115 2503 218 2558 per
246 2503 365 2556 quae
378 2487 596 2557 jurabat
625 2485 811 2540 Israel.
859 2485 1098 2554 Denique
1125 2483 1444 2538 auferuntur
1471 2483 1698 2539 offendi-

117 2578 271 2642 cula,
297 2587 350 2633 et
375 2577 522 2646 jurat
549 2592 644 2647 per
672 2576 977 2631 Dominum.
1006 2576 1264 2646 Quodque
1294 2575 1491 2630 dicitur
1514 2593 1527 2629 :
1566 2595 1585 2628 ι
1610 2575 1702 2629 Vi-

117 2666 202 2718 vit
238 2665 517 2729 Dominus,
576 2684 594 2716 ›
651 2664 705 2718 in
758 2664 1103 2721 Testamento
1162 2663 1385 2729 Veteri,
1422 2662 1699 2733 jusjuran-

117 2757 250 2811 dum
283 2757 458 2810 estad
493 2756 996 2812 condemnationem
1041 2765 1402 2821 mortuorum,
1450 2771 1546 2825 per
1569 2770 1703 2824 quos

116 2846 264 2921 jurat
294 2845 469 2900 omnis
494 2845 800 2901 idololatra.
840 2844 1118 2924 Simulque
1165 2846 1702 2908 animadvertendum

123 2944 274 3012 quod
310 2943 682 3014 jusjurandum
727 2945 827 2998 hos
867 2944 1065 2999 habeat
1116 2945 1358 3008 comites,
1395 2943 1697 3008 veritatem,

116 3031 388 3100 judicium
417 3042 574 3100 atque
598 3030 902 3098 justitiam:
946 3033 991 3086 si
1023 3034 1126 3086 ista
1167 3032 1452 3095 defuerint,
1496 3047 1701 3101 nequa-

124 3139 294 3193 quam
320 3123 424 3176 erit
436 3120 800 3189 juramentum
820 3122 913 3177 sed
935 3121 1246 3191 perjurium.
1274 3121 1513 3190 Cumque
1527 3121 1621 3186 ait,
1647 3129 1701 3174 et

1801 1946 1908 1992 tem
1934 1936 2194 2002 litteram,
2217 1945 2273 1991 et
2305 1943 2601 2006 sequantur
2626 1935 2873 2004 spiritum
2904 1937 3284 1993 vivificantem.
3315 1936 3375 1994 Si

1799 2029 1964 2093 enim,
1995 2028 2187 2097 inquit,
2228 2028 2331 2082 hoc
2361 2043 2470 2082 non
2497 2026 2760 2091 feceritis,
2807 2029 3116 2099 egredietur
3149 2040 3209 2086 ut
3235 2031 3378 2102 ignis

1799 2122 2100 2191 indignatio
2128 2135 2271 2184 mea,
2303 2129 2359 2176 et
2387 2122 2763 2188 succendetur,
2795 2129 2851 2176 et
2879 2137 2984 2177 non
3018 2124 3123 2178 erit
3148 2125 3239 2193 qui
3276 2139 3375 2180 ex-

1803 2211 2060 2280 stinguat.
2107 2209 2230 2266 ldeo
2287 2219 2466 2266 autem
2521 2212 2780 2268 minando
2829 2223 2953 2268 ante
2996 2215 3258 2284 praedicit,
3310 2230 3380 2272 ne

1801 2300 1982 2356 facere
2009 2301 2379 2369 compellatur.
2413 2301 2566 2368 Quod
2591 2310 2646 2356 et
2677 2297 2756 2358 in'
2777 2302 3030 2359 Ninivitis
3069 2305 3378 2374 probamus,

1802 2393 1998 2464 quibus
2026 2393 2284 2462 praedicta
2313 2395 2577 2450 sententia
2604 2403 2708 2460 est,
2747 2403 2807 2450 ut
2833 2395 3204 2451 imminentem
3231 2396 3379 2451 furoa

1801 2498 1915 2538 rem
1941 2484 2257 2554 ptenitentia
2283 2484 2631 2540 declinarent.
2659 2484 2852 2540 Omnia
2883 2493 3062 2540 autem
3092 2487 3206 2541 hmo
3235 2485 3379 2540 mala

1799 2572 2283 2642 venientpropter
2329 2573 2590 2627 malitiam
2640 2573 3026 2643 cogitationum
3077 2575 3189 2628 sive
3229 2575 3384 2628 adin-

1800 2663 2110 2719 ventionum
2139 2670 2466 2719 nostrarum.
2496 2663 2599 2720 Ubi
2641 2671 2767 2719 sunt
2794 2664 2887 2734 qui
2916 2665 3103 2720 dicunt
3141 2665 3196 2720 in
3226 2665 3375 2734 cogi-

1801 2753 2097 2808 tationibus
2147 2767 2255 2806 non
2302 2768 2421 2808 esse
2471 2761 2775 2822 peccatum,
2829 2767 2952 2806 cum
3018 2753 3198 2807 omnia
3251 2753 3382 2808 vitia

1796 2849 1948 2918 Juxta
1990 2841 2364 2918 evangelicam
2399 2843 2679 2901 veritatem
2726 2843 2792 2897 de
2837 2842 3000 2897 corde
3043 2843 3382 2912 procedant?

1804 2939 2092 3011 (Munus)
2121 2938 2228 2993 Sed
2254 2939 2532 3002 Dominus,
2574 2934 2666 3007 qui
2696 2947 2803 2992 non
2827 2933 2942 2992 vult
2988 2945 3219 2993 mortem
3249 2947 3378 3007 pec-

1803 3033 2022 3097 catoris,
2052 3031 2148 3087 sed
2194 3030 2598 3087 conversionem
2646 3028 2778 3097 ejus,
2816 3037 2870 3083 et
2916 3029 3083 3082 vitam
3135 3028 3379 3097 inquirit,

1805 3126 2057 3196 prohibet
2083 3140 2182 3180 nos
2208 3125 2439 3195 primum
2482 3132 2702 3194 peccata
2741 3122 3096 3188 committere,
3142 3123 3197 3175 in
3231 3123 3376 3176 viam

124 3214 236 3268 hoc
268 3211 454 3267 fecerit
480 3212 665 3278 Israel,
708 3220 762 3265 et
799 3227 897 3282 per
943 3211 1213 3281 apostolos
1260 3211 1516 3280 magister
1543 3211 1704 3266 fuerit
1730 3194 1778 3259 C
1801 3194 2024 3285 justitia:
2058 3194 2325 3283 incedere,
2355 3224 2409 3272 et
2437 3217 2709 3271 mandatis
2751 3215 2869 3286 ejus
2911 3215 3149 3270 obedire.
3182 3214 3388 3270 Deinde

123 3303 391 3373 gentium,
429 3311 555 3356 tunc
594 3302 932 3366 benedicent,
981 3303 1094 3356 sive
1137 3301 1520 3356 benedicentur
1557 3301 1612 3355 in
1638 3317 1703 3358 eo

125 3408 322 3448 omnes
382 3400 588 3464 gentes,
631 3399 686 3446 et
747 3393 922 3461 ipsum
992 3391 1307 3455 laudabunt,
1369 3391 1511 3457 quod
1559 3390 1703 3446 salus

123 3480 458 3550 processerit
495 3495 561 3534 ex
602 3479 786 3534 lsrael.

209 3593 226 3623 ι
254 3572 381 3626 Haec
411 3573 553 3626 enim
583 3571 715 3626 dicit
742 3570 1000 3625 Dominus
1039 3571 1156 3626 viro
1192 3571 1326 3626 Juda
1357 3581 1412 3628 et
1453 3572 1706 3629 Hierusa-

133 3687 152 3719 ι
189 3666 338 3721 lem:
378 3663 580 3718 Novate
607 3663 761 3718 vobis
787 3662 994 3727 novale,
1041 3671 1097 3718 et
1139 3664 1304 3719 nolite
1336 3681 1518 3721 serere
1546 3681 1710 3736 super

131 3776 153 3808 ι
185 3755 388 3826 spinas.
421 3752 879 3808 Circumcidimini
914 3752 1162 3817 Domino,
1195 3763 1248 3808 et
1278 3753 1483 3810 auferte
1504 3770 1712 3824 prmpu-

133 3868 153 3900 ι
179 3846 263 3901 tia
302 3845 542 3900 cordium
568 3851 894 3907 vestrorum,
942 3843 1043 3896 viri
1085 3841 1239 3908 Juda,
1287 3853 1342 3896 et
1383 3845 1711 3898 habitatores

136 3956 157 3989 ι
190 3935 550 3999 Hierusalem,
582 3948 651 3987 ne
683 3932 821 3999 forte
859 3932 1165 4002 egrediatur
1191 3939 1252 3986 ut
1294 3932 1432 4002 ignis
1469 3932 1710 4003 indigna-

133 4044 156 4078 ι
187 4025 267 4079 tio
309 4039 450 4088 mea,
489 4031 544 4076 et
571 4021 928 4076 succendatur
949 4028 1003 4074 et
1029 4035 1136 4075 non
1166 4021 1236 4076 sit
1263 4022 1353 4090 qui
1382 4023 1705 4092 exstinguat,

135 4137 156 4170 ι
190 4124 414 4186 propter
459 4113 720 4168 malitiam
771 4112 1155 4183 cogitationum
1199 4111 1328 4183 (sive
1375 4113 1710 4169 adinvcntio—

133 4224 155 4257 ι
190 4205 344 4272 num)
367 4210 687 4258 vestrarum.
723 4220 742 4252 ι
784 4201 891 4256 Pro
918 4202 1246 4270 eoquodnos
1271 4201 1562 4268 diximus,«
1600 4203 1712 4258 Cir-

129 4292 507 4350 cumcidimini
537 4292 784 4356 Domino,
813 4299 870 4345 et
895 4289 1101 4346 auferte
1123 4292 1442 4362 praeputium
1465 4295 1708 4348 cordium

129 4393 486 4447 vestrorum,
543 4401 561 4433 ι
621 4380 975 4452 Symmachus
1023 4382 1219 4452 posuit,
1269 4401 1288 4434 ι
1346 4381 1709 4438 Purillcamini

1808 3307 1855 3362 si
1885 3306 2304 3376 peccaverimus,
2343 3313 2396 3358 et
2433 3306 2681 3361 mandata
2722 3302 2837 3372 ejus
2864 3304 3185 3374 transgressi
3218 3302 3386 3358 fueri-

1808 3411 1948 3461 mus,
1976 3396 2224 3450 hortatur
2251 3410 2350 3450 nos
2387 3397 2454 3450 ad
2481 3395 2854 3466 paenitentiam
2898 3408 2928 3446 a
2979 3393 3217 3462 peccatis
3259 3407 3389 3447 con-

1807 3487 1969 3551 verti,
1998 3495 2054 3540 et
2073 3487 2148 3540 ita
2173 3486 2397 3555 spondet
2417 3487 2628 3540 veniam
2655 3484 2854 3549 delicti,
2887 3483 3141 3554 deinceps
3170 3499 3385 3554 quoque

1808 3577 2052 3646 praecipit
2078 3590 2176 3631 nos
2201 3577 2344 3630 viam
2388 3575 2683 3645 disciplina:
2724 3590 2961 3640 servare,
3004 3584 3058 3630 et
3084 3563 3385 3630 strenue'in

1810 3666 1952 3720 bona
1977 3666 2286 3735 operatione
2309 3680 2408 3720 nos
2450 3680 2725 3720 exercere.
2758 3665 2908 3720 Unde
2942 3664 3212 3735 Propheta
3241 3671 3389 3734 post-

1812 3771 1974 3824 quam
2019 3755 2298 3810 admonuit
2323 3754 2592 3810 lsraelitas
2641 3756 2709 3810 ab
2749 3769 2934 3810 errore
2986 3755 3053 3808 ad
3099 3754 3386 3810 Dominum

1813 3845 2071 3908 converti,
2119 3851 2175 3898 et
2199 3845 2253 3899 in
2280 3844 2528 3909 veritate,
2558 3854 2613 3898 et
2653 3845 2706 3898 in
2745 3844 2948 3911 judicio
2992 3842 3387 3911 atquejustitia

1811 3933 2106 3997 ambulare,
2132 3948 2429 4004 agrumque
2457 3933 2633 3988 cordis
2663 3935 2730 3988 ab
2756 3933 3092 3988 immunditia
3125 3932 3389 3988 scelerum

1811 4024 2093 4088 mundare,
2123 4023 2313 4078 incitat
2335 4032 2396 4078 ut
2422 4032 2609 4080 contra
2637 4023 2848 4079 leonem
2870 4023 3259 4079 ferocissimum
3289 4040 3388 4094 pu-

1812 4113 2029 4183 gnaturi
2053 4115 2220 4168 armis
2245 4114 2613 4184 spiritualibus
2642 4130 2701 4170 se
2746 4116 3009 4181 muniant,
3055 4124 3109 4170 et
3143 4115 3389 4170 civitates

1813 4207 2049 4261 munitas
2090 4221 2364 4261 sacrarum
2415 4207 2814 4278 Scripturarum
2867 4209 3252 4277 ingrediantur,
3302 4209 3382 4263 le-

1811 4305 2044 4366 ventque
2067 4298 2321 4352 vexillum
2352 4299 2550 4363 crucis,
2584 4299 2891 4370 prasliantes
2930 4300 3158 4355 viriliter
3197 4308 3385 4354 contra

1811 4389 2020 4443 hostem
2049 4390 2462 4459 nequissimum,
2503 4392 2645 4461 quod
2684 4391 2738 4446 in
2767 4394 3043 4462 sequentis
3071 4392 3193 4447 libri
3232 4407 3388 4448 exor-

128 4475 387 4536 Domino,
428 4483 485 4529 et
530 4473 737 4528 auferte
774 4472 1008 4527 malitias
1057 4474 1297 4528 cordium
1325 4482 1650 4542 vestrorum,
1687 4496 1705 4528 ι
1735 4472 1789 4531 D
1814 4478 1904 4534 dio
1931 4478 2257 4535 declaratur.

137 4619 3126 4649 Μ

3124 4631 3379 4652 ﬂ

1343 4743 1641 4821 LIBER
1712 4746 2185 4830 TERTIUS.

1596 4921 1996 4937 ῃ

219 5039 240 5074 ι
270 5017 600 5077 Annuntiate
637 5023 691 5078 in
727 5021 881 5091 Juda,
914 5032 969 5080 et
1011 5025 1066 5080 in
1113 5023 1445 5080 Hierusalem
1472 5027 1710 5083 auditum

139 5130 162 5163 ι
195 5109 383 5164 facite.
407 5107 712 5178 Loquimini
752 5121 808 5167 et
832 5115 1011 5169 canite
1041 5114 1165 5169 tuba
1206 5115 1259 5168 in
1291 5124 1454 5180 terra,
1485 5116 1716 5172 clamate

137 5223 161 5255 ‹
194 5200 428 5266 fortiter,
450 5210 505 5256 et
518 5202 680 5257 dicite
705 5203 1145 5278 :Congregamini
1174 5214 1228 5260 et
1254 5206 1617 5277 ingrediamur
1636 5210 1716 5266 ci-

138 5312 160 5343 ε
197 5291 397 5345 vitates
422 5292 672 5346 munitas.
701 5293 898 5349 Levate
929 5297 1137 5366 signum
1164 5297 1216 5351 in
1249 5295 1399 5350 Sion.
1433 5297 1714 5355 Conforta-

138 5401 162 5434 ι
197 5381 352 5445 mini,
380 5393 436 5436 et
474 5382 634 5436 nolite
669 5392 837 5448 stare,
867 5386 994 5453 quia
1029 5401 1129 5456 ego
1177 5387 1376 5441 malum
1412 5389 1618 5445 adduco
1645 5390 1712 5445 ab

138 5491 162 5523 ι
196 5469 485 5539 Aquilone,
533 5481 587 5526 et
628 5473 1004 5529 contritionem
1057 5491 1328 5546 magnam.
1369 5494 1386 5526 ι
1446 5473 1712 5550 (Ηίενοη.)

134 5560 263 5617 Hoc
293 5561 475 5616 audiat
515 5562 669 5628 Juda,
699 5566 802 5621 hoc
845 5565 1201 5635 Hierusalem,
1241 5570 1292 5622 in
1320 5585 1423 5638 qua
1451 5568 1715 5627 confessio

134 5641 274 5708 Ε’ἀεὶ
310 5659 410 5716 est,
447 5662 502 5707 et
543 5655 595 5709 in
624 5672 728 5725 qua
765 5657 961 5712 Christi
1010 5674 1114 5727 pax
1157 5661 1379 5721 habitat,
1423 5668 1476 5714 ct
1509 5662 1593 5715 cui
1622 5678 1718 5732 per

136 5743 348 5812 {saiam
377 5745 578 5801 dictum
616 5757 698 5804 est
743 5769 754 5803 :
795 5769 811 5802 ι
841 5750 894 5805 In
926 5761 1160 5808 montem
1193 5753 1460 5809 excelsum
1489 5757 1720 5810 ascende

1820 5038 1898 5094 tu,
1934 5029 2026 5097 qui
2071 5029 2409 5099 evangelizas
2444 5030 2604 5098 Sion;
2657 5031 2805 5088 eleva
2848 5047 3033 5089 vocem
3075 5042 3241 5101 tuam,
3288 5036 3383 5105 qui

1820 5119 2160 5189 evangelizas
2200 5119 2530 5176 Hierusalem
2554 5121 2708 5193 (Isai.
2737 5123 2847 5194 XL).
2877 5142 2896 5174 ι
2923 5122 3128 5179 Clamet
3147 5124 3379 5192 fortiter,

1819 5222 1874 5268 et
1901 5215 1975 5269 ita
2015 5216 2307 5287 praecipiat,
2354 5236 2372 5267 ‹
2415 5216 2782 5288 lngrediamur
2808 5219 3051 5276 civitates
3076 5220 3326 5275 munitas.
3354 5239 3374 5272 ι

1822 5305 2207 5362 Haereticorum
2245 5307 2382 5362 bella
2417 5318 2766 5376 consurgunt,
2817 5310 3015 5367 Christi
3064 5326 3163 5365 nos
3202 5312 3378 5366 muni-

1814 5404 1992 5451 menta
2034 5406 2268 5453 teneant.
2299 5397 2494 5454 Levate
2533 5400 2708 5454 crucis
2735 5400 2947 5470 signum
2981 5401 3034 5455 in
3061 5401 3295 5470 specula,
3326 5401 3381 5456 id

1814 5493 1916 5551 est,
1945 5485 2002 5541 in
2029 5488 2356 5542 sublimitate
2391 5488 2660 5543 Ecclesia.
2688 5488 3071 5545 Confortamini
3108 5491 3196 5560 qui
3228 5492 3383 5547 time-

1817 5576 1906 5639 tis,
1946 5577 2111 5632 nolite
2159 5585 2322 5641 stare,
2359 5578 2454 5632 sed
2497 5577 2564 5631 ad
2616 5578 2870 5633 auxilium
2918 5579 3112 5632 Christi
3161 5579 3380 5634 currite.

1823 5686 1841 5718 ‹
1871 5667 2068 5722 Malum
2099 5668 2262 5732 enim,
2305 5667 2498 5735 inquit,
2530 5683 2629 5739 ego
2663 5668 2869 5723 adduco
2914 5670 2981 5722 ah
3018 5669 3296 5737 Aquilone,
3331 5678 3386 5723 et

1821 5757 2200 5813 contritionem
2254 5772 2525 5823 magnam,
2567 5776 2583 5809 ι
2642 5774 2827 5813 verum
2877 5757 3384 5823 Nabuchodonosor,
