3910 6352
530 382 637 449 858

1164 387 1224 443 Β.
1262 382 1514 442 RABANI
1554 383 1774 474 MAUlll
1808 382 2127 440 ARClllEP.
2166 383 2471 442 MOGUNT.
2510 385 2794 443 OPERUM
2830 386 3007 445 PARS
3043 390 3129 445 III.

3665 387 3771 447 836

528 502 619 574 qui
644 501 858 559 idcirco.
897 516 933 555 n
970 499 1167 553 mundo
1204 497 1311 553 isto
1338 512 1368 551 a
1398 511 1484 552 me
1512 512 1631 552 esse
1660 496 2008 566 permittitur,
2040 505 2100 552 ut
2124 498 2178 560 Α
2202 501 2269 554 ad
2301 513 2419 561 eam
2449 514 2637 556 omnes
2654 509 2839 573 gentes
2865 502 2919 557 in
2954 512 3134 558 monte
3178 500 3387 559 Domini
3426 504 3483 559 in
3518 498 3776 558 Hierusa-

526 586 707 649 vcstra
722 591 990 646 ‘fortitudo
1014 597 1069 645 et
1095 588 1319 643 victoria
1346 589 1745 658 comprobetur.

602 704 621 737 ι
647 682 900 738 Ascendit
932 682 1017 737 leo
1039 678 1107 735 de
1131 678 1293 735 cubili
1331 694 1447 744 suo,
1478 688 1533 733 et
1557 678 1740 749 praedo
1776 677 2011 749 gentium
2039 688 2097 733 se

530 792 548 825 ι
580 773 810 829 levavit:
850 774 1210 844 egress'usoest
1231 769 1299 823 de
1326 768 1445 824 loco
1473 784 1571 823 suo
1599 778 1656 824 ut
1696 776 1859 840 ponat
1895 774 2096 822 terram

530 882 550 917 ι
577 870 720 919 tuam
769 864 824 917 in
873 861 1232 916 solitudinem.
1283 858 1542 915 Civitates
1592 867 1697 914 tua:
1720 859 2094 926 vastabantur,

528 973 550 1010 ι
576 961 918 1011 remanentes
946 953 1149 1022 absque
1186 950 1506 1007 habitatore.
1546 970 1566 1004 ι
1594 950 1699 1006 Iste
1728 958 1827 1013 est,
1874 960 1934 1005 ut
1958 951 2095 1006 dixi-

521 1058 663 1104 mus.
692 1042 850 1097 verus
886 1040 1398 1106 Nabuchodonosor,
1431 1040 1496 1094 de
1538 1053 1645 1110 quo
1686 1048 1742 1095 et
1780 1040 1972 1096 Petrus
2011 1040 2093 1096 lo-

520 1132 738 1202 quitur:
782 1150 801 1183 r
826 1130 1182 1185 Adversarius
1207 1140 1390 1185 noster
1419 1128 1686 1193 diabolus,
1708 1128 1862 1199 quasi
1901 1128 1986 1183 leo
2006 1145 2095 1185 ru-

521 1221 677 1293 giens
705 1222 897 1275 circuit
937 1220 991 1291 (1
1028 1218 1175 1275 Petr.
1223 1218 1297 1291 v).
1330 1239 1349 1271 ι
1388 1220 1645 1275 Ascendit
1695 1227 1871 1273 autem
1916 1220 1999 1274 vel
2028 1220 2095 1276 de

516 1309 726 1380 abyssis
754 1310 807 1363 in
851 1324 986 1378 quas
1011 1307 1320 1379 religaudns
1344 1316 1448 1373 est,
1479 1317 1534 1362 et
1581 1323 1647 1362 ne
1686 1308 1934 1363 mittatur
1958 1324 2091 1364 exo-

516 1406 636 1453 rat:
686 1405 741 1452 et
780 1398 961 1467 praedo
1000 1396 1114 1452 sive
1142 1405 1385 1452 vastator
1413 1397 1652 1466 gentium
1684 1412 1741 1452 se
1770 1397 1989 1463 levavit,
2027 1396 2093 1451 de

514 1502 621 1559 quo
642 1488 843 1543 dictum
867 1498 955 1543 est
982 1506 995 1541 :
1029 1505 1049 1539 ί
1078 1486 1329 1542 Omnium
1377 1487 1717 1543 inimicorum
1744 1502 1963 1543 suorum
1998 1488 2094 1543 do-

513 1580 805 1635 minabitur
827 1578 1140 1651 (PsaLJ-x)?
1173 1598 1191 1630 ι
1226 1578 1294 1633 Et
1320 1578 1411 1648 qui
1437 1578 1697 1648 gloriatur
1722 1579 1775 1632 in
1801 1585 2091 1647 conspectu

512 1672 723 1729 Domini
757 1691 770 1726 :
804 1692 823 1725 ι
857 1672 1091 1728 Circuivi
1138 1680 1350 1726 omnem
1403 1678 1633 1739 terram,
1678 1680 1733 1724 et
1779 1665 2090 1724 conculcavi

508 1779 633 1823 eam
665 1763 806 1836 (Job.
837 1763 919 1836 ll).
953 1784 971 1815 ι
1003 1762 1135 1831 Quis
1162 1770 1245 1818 est
1275 1763 1414 1817 enim
1433 1803 1447 1828 ,
1479 1777 1637 1831 quem
1666 1756 1859 1817 diaboli
1883 1776 2089 1816 venena

2198 590 2325 655 lem,
2354 598 2409 644 et
2437 606 2581 645 nunc
2600 591 2765 646 dicit:
2803 610 2822 643 ι
2853 591 3056 647 Peribit
3089 608 3185 647 cor
3218 595 3378 664 regis,
3413 602 3467 648 et
3497 609 3597 649 cor
3621 595 3774 662 prin-

2198 682 2373 751 cipum
2402 722 2417 746 ,
2479 690 2534 735 et
2584 671 2965 752 obstupescen‘t
3016 684 3343 746 sacerdotes,
3398 695 3449 740 et
3494 686 3777 756 prophetae

2196 770 2701 835 consternabuntur;
2742 791 2762 824 ›
2806 774 3053 828 turbatur
3087 782 3143 828 et
3184 774 3469 843 propheta,
3499 784 3552 830 et
3606 776 3663 829 in
3712 788 3779 829 se

2194 868 2346 931 putat
2364 859 2534 915 Deum
2562 874 2683 915 esse
2705 862 3011 929 mentitum,
3041 878 3144 919 nec
3172 863 3417 932 intelligit
3442 864 3569 918 illud
3597 862 3775 917 multa

2194 957 2315 1020 post
2338 958 2579 1018 tempora
2626 951 3034 1018 repromissum,
3059 952 3160 1007 hoc
3190 962 3367 1009 autem
3400 953 3574 1008 vicino
3622 953 3775 1007 futu-

2194 1056 2314 1095 rum
2330 1049 2591 1112 tempore,
2600 1040 2754 1111 juxta
2768 1042 2910 1111 quod
2924 1050 2979 1097 et
2992 1042 3277 1112 Apostolus
3290 1046 3524 1115 loquitur
3538 1063 3581 1099 τι
3604 1043 3779 1099 Num—

2193 1129 2323 1199 quid
2344 1130 2537 1200 repulit
2568 1129 2710 1185 Deus
2736 1131 2987 1200 populum
3014 1134 3207 1186 suutn?
3230 1134 3386 1188 Absit
3408 1133 3575 1204 (Rom.
3608 1133 3718 1203 xi).
3752 1152 3773 1185 ι

2194 1218 2445 1274 Pervenit
2475 1229 2655 1276 autem
2695 1234 2864 1289 usque
2898 1222 2964 1276 ad
3006 1222 3237 1276 animam
3276 1223 3511 1293 gladius,
3552 1224 3778 1294 quando

2193 1311 2329 1366 nihil
2356 1311 2516 1365 vitale
2541 1312 2594 1366 in
2621 1311 2799 1366 anima
2831 1321 3156 1368 reservatur.
3185 1312 3355 1368 Simul
3383 1317 3557 1369 ethoc
3578 1324 3776 1369 osten-

2194 1401 2271 1455 dit
2302 1400 2444 1469 quod
2475 1401 2576 1454 nisi
2600 1400 2807 1471 gladius
2825 1404 3180 1472 praecesserit,
3210 1404 3302 1473 qui
3327 1402 3535 1459 defceet
3560 1412 3616 1457 et
3637 1419 3776 1473 pur-

2191 1498 2282 1561 get
2311 1491 2503 1545 animaa
2525 1490 2677 1557 vitia,
2706 1508 2810 1562 pax
2847 1502 2900 1548 et
2928 1495 3214 1565 promissio
3239 1511 3345 1550 non
3374 1496 3637 1565 sequitur.

2268 1599 2285 1632 ‹
2312 1580 2371 1635 1n
2405 1588 2645 1661 tempore
2678 1582 2769 1637 illo
2794 1584 3003 1639 dicetur
3028 1586 3228 1656 popqu
3262 1586 3389 1643 huic
3429 1595 3483 1641 et
3509 1586 3774 1643 Hierusa-

2196 1692 2215 1725 ι
2250 1672 2394 1728 lem:
2424 1674 2445 1696 '
2485 1681 2625 1729 :ntus
2651 1688 2814 1729 urens
2851 1674 2985 1745 (sive
3025 1675 3230 1747 roris),
3264 1676 3317 1731 in
3350 1678 3451 1731 viis
3487 1693 3607 1746 qua:
3648 1684 3779 1732 sunt

2199 1781 2217 1813 ι
2244 1762 2299 1816 in
2348 1765 2581 1817 deserto.
2614 1760 2726 1817 Viae
2771 1761 2892 1818 illire
2919 1763 3100 1833 p0puli
3158 1764 3261 1818 mei
3294 1783 3307 1818 :
3350 1779 3453 1819 non
3492 1765 3559 1817 ad
3588 1766 3776 1819 venti-

511 1842 619 1912 non
643 1854 905 1925 tangunt?
930 1854 1033 1909 nisi
1059 1852 1147 1907 ille
1172 1852 1318 1907 solus
1341 1852 1433 1921 qui
1458 1859 1638 1921 potest
1661 1852 1840 1910 dicere
1868 1868 1880 1903 :
1910 1870 1927 1902 ‹
1949 1851 2088 1905 Ecce
2118 1841 2164 1899 Β
2196 1870 2215 1903 ‹
2248 1850 2463 1907 landum
2515 1859 2570 1907 et
2619 1852 2689 1906 ad
2750 1853 3108 1923 purgandum.
3163 1852 3398 1922 Spiritus
3462 1853 3658 1923 plenus
3703 1868 3777 1907 ex

510 1945 665 1999 venit
686 1946 936 2015 princeps
964 1944 1146 1999 mundi
1181 1944 1353 2009 istius,
1402 1951 1457 1998 et
1501 1942 1705 1996 invenit
1743 1943 1796 1995 in
1839 1957 1925 1996 me
1954 1940 2089 2015 nihil

511 2012 704 2106 (Jogn.
733 2012 922 2107 XIV).—)
956 2034 1062 2090 iste
1101 2034 1292 2088 crebro
1331 2033 1718 2103 ponitomnem
1750 2039 1951 2084 terram
1971 2012 2090 2111 βε-

508 2121 686 2178 desim
708 2124 763 2177 in
798 2121 1162 2186 solitudinem,
1187 2129 1252 2193 ut
1270 2120 1469 2192 egressi
1489 2118 1556 2173 de
1580 2118 1819 2173 Ecclesia
1847 2125 2086 2189 pugnent

510 2210 697 2271 contra
722 2213 1041 2269 Ecclesiam.
1070 2214 1144 2267 De
1171 2212 1365 2283 quibus
1394 2212 1718 2282 eVangelista
1740 2229 1753 2264 :
1779 2228 1796 2261 ι
1829 2210 1908 2265 Ex
1934 2211 2088 2266 nobis

509 2305 780 2370 exierunt,
807 2304 901 2359 sed
929 2319 1033 2359 non
1066 2303 1283 2374 fuerunt
1303 2318 1371 2357 ex
1403 2301 1595 2356 nobis:
1624 2301 1670 2356 si
1691 2301 1833 2355 enim
1858 2300 2089 2355 fuissent

507 2413 571 2454 ex
605 2397 781 2462 nobis,
815 2397 1139 2451 mansissent
1167 2396 1352 2465 utique
1374 2396 1653 2451 nobiscum
1682 2393 1733 2466 (I
1754 2394 1914 2447 Joan.
1944 2392 2027 2457 ιι).
2062 2412 2081 2444 ι

507 2492 766 2547 Civitates
790 2497 1074 2546 vastantur
1104 2498 1262 2543 terra:
1290 2486 1469 2553 Judaa,
1499 2496 1553 2543 et
1580 2485 1957 2541 ltmreticornm
1990 2483 2089 2539 llo-

506 2592 630 2639 rent
658 2582 1031 2639 conciliabula.
1061 2580 1117 2636 Si
1146 2582 1266 2651 quis
1294 2588 1473 2634 autem
1501 2577 1678 2633 fautor
1698 2586 1782 2633 est
1799 2585 2081 2632 auctorum

504 2689 882 2747 perversorum
902 2672 1236 2744 dogmatum,
1256 2672 1323 2727 de
1351 2668 1452 2725 hoc
1472 2669 1576 2724 dici
1600 2675 1777 2741 potest
1802 2686 1816 2723 :
1843 2687 1862 2720 ε
1880 2668 2056 2723 Ascen
2070 2698 2083 2711 -

506 2764 583 2820 dit
606 2763 687 2819 leo
707 2762 775 2817 de
794 2761 956 2818 cubili
982 2776 1081 2818 suo
1100 2770 1155 2817 et
1177 2762 1360 2831 praedo
1384 2763 1621 2833 gentium
1653 2776 1712 2818 se
1740 2760 1953 2825 levavit,
1985 2778 2004 2811 ι
2030 2767 2087 2814 et

508 2852 736 2923 reliqua.

582 2963 600 2995 ι
629 2943 803 3011 Super
846 2942 950 2997 hoc
996 2940 1263 3011 accingite
1311 2950 1406 2995 vos
1458 2939 1691 2995 ciliciis:
1744 2938 1978 3009 plangite
2027 2947 2084 2993 et

511 3030 779 3097 c-ulnlate,
812 3032 937 3100 quia
978 3045 1087 3084 non
1124 3039 1209 3085 est
1248 3031 1473 3085 adversa
1512 3030 1593 3084 ira
1638 3029 1836 3083 furoris
1869 3029 2081 3083 Domini

509 3142 528 3175 ι
557 3138 588 3176 a
627 3123 801 3177 nobis.
836 3141 853 3173 ι
909 3120 1057 3188 Sive,
1101 3129 1161 3175 ut
1204 3120 1553 3192 Septuaginta
1604 3119 2015 3184 transtulerunt,
2047 3136 2081 3183 ᾳ

505 3215 663 3269 vobis.
695 3215 865 3269 Aliter
915 3215 1123 3269 leonem
1170 3220 1224 3268 et
1270 3213 1622 3269 saevissimam
1654 3213 1879 3267 bestiam
1908 3212 2082 3266 vitare

503 3319 610 3360 non
637 3318 945 3374 possumus,
978 3302 1080 3358 nisi
1131 3317 1352 3372 agamus
1388 3302 1780 3371 pmnitentiam',
1805 3308 1861 3357 et
1894 3302 1959 3356 ad
1982 3302 2085 3356 Do-

505 3395 709 3449 minum
741 3403 1126 3449 convertamur
1167 3408 1271 3447 non
1306 3391 1479 3447 solum
1525 3403 1725 3457 mente,
1775 3392 1869 3447 sed
1897 3407 2078 3461 Opere.

502 3486 754 3554 Quandiu
781 3486 927 3542 enim
954 3485 1041 3539 ille
1062 3492 1237 3558 vastat
1269 3484 1587 3548 Ecclesiam,
1618 3493 1673 3539 et
1701 3491 1901 3538 terram
1922 3483 2077 3549 Iuda,

505 3569 859 3632 Hierusalem'
872 3588 1082 3646 quoque
1104 3573 1407 3643 populatur,
1437 3573 1529 3629 Dei
1554 3574 1633 3626 ira
1661 3572 1950 3651 perspicua
1976 3581 2078 3627 est.

530 3680 533 3681 ν
579 3686 597 3717 ι
626 3666 693 3721 Et
731 3666 836 3720 erit
870 3664 922 3718 in
971 3665 1056 3719 die
1099 3664 1214 3727 illa,
1256 3664 1387 3719 dicit
1428 3662 1726 3718 Dominus:
1756 3663 1958 3718 Peribit
1986 3677 2082 3717 cor

506 3775 524 3809 ι
559 3756 723 3826 regis,
748 3761 909 3808 etcor
929 3752 1256 3824 principum,
1280 3762 1336 3807 et
1356 3752 1733 3822 obstupescent
1749 3752 2079 3819 sacerdotes,

505 3866 523 3899 ‹
554 3855 609 3901 et
636 3846 913 3917 propheta:
940 3844 1453 3899 consternabuntur.
1488 3863 1506 3895 ι
1547 3841 1801 3897 Vastante
1829 3844 2079 3912 praedone

500 3940 800 4005 Eeclesiam
826 3936 1059 4001 Domini,
1084 3944 1139 3989 et
1168 3936 1247 3989 ira
1279 3943 1467 3989 contra
1510 3950 1607 3989 nos
1634 3934 1840 3988 Domini
1870 3949 2080 4002 perma-

505 4040 687 4095 nente,
715 4041 875 4082 omne
905 4024 1163 4080 auxilium
1195 4024 1381 4079 inutile
1410 4024 1532 4079 erit.
1564 4024 1768 4078 Pcribit
1791 4040 1885 4077 cor
1913 4025 2072 4094 regis,

502 4132 657 4186 enjus
683 4116 841 4172 debet
869 4128 989 4169 esse
1017 4129 1111 4168 cor
1134 4113 1188 4167 in
1217 4128 1373 4167 manu
1402 4111 1518 4175 Dei,
1546 4114 1603 4165 et
1632 4128 1725 4166 cor
1752 4112 2075 4182 principum,

500 4209 589 4277 qui
615 4207 947 4277 putabantur
982 4218 1101 4259 esse
1145 4204 1437 4273 sapientes.
1486 4202 1715 4256 Stultam
1758 4204 1899 4258 enim
1952 4202 2079 4257 fecit

500 4299 645 4353 Deus
674 4298 993 4367 sapientiam
1032 4295 1237 4361 mundi,
1269 4296 1394 4365 quia
1439 4310 1535 4364 per
1562 4296 1707 4349 illam
1736 4311 1841 4349 non
1881 4310 2078 4364 cogno-

498 4397 693 4443 verunt
720 4386 888 4440 Deum
917 4384 969 4457 (Ι
1000 4383 1123 4439 Cor.
1156 4384 1217 4457 ι).
1250 4384 1356 4454 Ipsi
1386 4400 1598 4454 quoque
1626 4386 1950 4449 sacerdotes,
1982 4386 2073 4454 qui

2198 1964 2217 1997 ί
2252 1945 2333 1999 his
2360 1945 2539 2000 veniet
2566 1944 2718 1999 mihi.
2760 1964 2780 1996 ι
2814 1944 3048 2017 Quando
3085 1935 3397 2017 pervenerit
3443 1944 3656 2016 gladius
3684 1959 3777 1997 L9-

2192 2044 2297 2103 que
2342 2035 2410 2088 ad
2457 2033 2712 2098 animam,
2762 2042 2816 2088 et
2862 2032 3024 2089 fuerit
3052 2049 3178 2089 area
3210 2045 3601 2099 consummata,
3644 2044 3777 2087 tunc

2190 2130 2381 2176 ventus
2427 2123 2605 2177 veniet
2644 2123 2709 2176 de
2754 2122 2984 2187 deserto,
3030 2123 3120 2192 qui
3171 2139 3280 2178 non
3323 2138 3443 2177 eam
3475 2133 3672 2193 purget
3717 2130 3774 2176 et

2189 2213 2431 2279 ventilet,
2470 2223 2549 2277 ut,
2576 2214 2743 2283 paleis
2785 2214 2891 2269 huc
2932 2213 3163 2284 illucque
3192 2214 3469 2285 dispersis,
3522 2204 3771 2268 frumen-

2190 2304 2386 2357 tumin
2434 2304 2631 2359 horrea
2660 2304 3000 2371 recondatur,
3031 2305 3123 2360 sed
3168 2305 3391 2375 spiritus
3436 2304 3627 2375 plenus
3672 2320 3773 2359 ne-

2189 2406 2457 2461 quaquam
2486 2393 2700 2462 populo,
2724 2393 2818 2449 sed
2840 2395 2969 2448 mihi
3001 2393 3198 2460 veniet,
3213 2403 3288 2480 ‘ut
3308 2410 3487 2450 meum
3528 2394 3772 2448 triticum

2190 2483 2498 2551 dissipetur.
2540 2483 2743 2539 Ventus
2773 2492 2827 2537 et
2868 2484 3087 2552 spiritus
3127 2486 3314 2539 eodem
3348 2485 3487 2554 apud
3515 2484 3775 2539 Hebraaos

2191 2572 2526 2643 appellantur
2550 2574 2767 2629 nomine
2797 2584 2929 2640 rm;
2972 2584 3027 2629 et
3072 2574 3445 2643 prolocorum
3483 2575 3771 2645 qualitate,

2193 2662 2278 2717 vel
2327 2670 2547 2717 ventum
2590 2663 2673 2718 vel
2722 2664 2968 2733 spiritum
3033 2665 3293 2721 debemus
3342 2667 3611 2735 accipere.
3664 2666 3773 2720 Alii

2189 2752 2334 2806 hunc
2366 2752 2542 2806 locum
2597 2754 2677 2807 sic
2722 2754 3044 2820 cdisserunt,
3096 2766 3155 2809 ut
3194 2766 3480 2826 postquam
3536 2766 3771 2834 purgata

2184 2840 2347 2895 fuerit
2372 2856 2518 2906 area,
2550 2842 2788 2912 reliquize
2824 2843 2985 2898 salvae
3025 2843 3176 2899 flant.
3215 2845 3367 2901 Unde
3401 2854 3456 2900 et
3501 2848 3772 2914 scriptum

2183 2940 2309 2986 est:
2344 2949 2363 2982 ι
2399 2931 2631 3002 Spiritus
2666 2932 3015 3001 plenitudinis
3064 2938 3244 2989 veniet
3291 2936 3445 3000 mihi,
3483 2954 3502 2986 ι
3552 2936 3772 2991 dicente

2184 3021 2513 3092 evangelista
2539 3039 2550 3074 :
2582 3040 2600 3073 ε
2630 3020 2829 3077 Omnes
2853 3038 2918 3077 ex
2945 3023 3275 3093 plenitudine
3309 3026 3425 3094 ejus
3457 3026 3771 3096 accepimus

2188 3116 2370 3188 (Joan.
2402 3116 2464 3189 ι);
2507 3136 2525 3169 ι
2579 3124 2633 3171 et
2672 3112 2912 3187 Spiritus
2956 3119 3127 3173 sancti
3176 3120 3406 3188 gratiam
3451 3120 3764 3175 sortientur.

2186 3210 2419 3266 Ventum
2474 3220 2652 3264 autem
2719 3218 2961 3265 urentem
3012 3208 3167 3277 juxta
3222 3211 3527 3276 historiam,
3581 3212 3769 3280 accipe

2184 3301 2716 3365 Nabuchodonosor,
2769 3301 2860 3368 qui
2916 3301 3166 3355 universa
3226 3310 3529 3355 consumat.
3606 3300 3767 3356 Juxta

2185 3392 2563 3463 tr0pologiam,
2600 3392 2961 3446 adversariam
2990 3399 3334 3462 potestatem,
3385 3409 3507 3462 qua:
3544 3395 3768 3449 veniens

2183 3484 2250 3538 de
2278 3482 2494 3538 deserto
2520 3490 2575 3538 et
2620 3483 2686 3537 de
2716 3482 3021 3549 solitudine,
3070 3483 3159 3537 ubi
3210 3484 3417 3537 nullum
3468 3484 3766 3554 hospitium

2182 3574 2279 3629 Dei
2304 3581 2409 3639 est,
2441 3571 2740 3628 Ecclesiam
2773 3571 2888 3640 ejus
2930 3581 3155 3627 conetur
3182 3583 3452 3627 evertere.

2260 3683 2278 3715 α
2312 3665 2380 3718 Et
2407 3678 2547 3718 nunc
2568 3678 2667 3733 ego
2690 3662 2883 3731 loquar
2905 3661 3109 3730 judicia
3141 3678 3260 3717 mea
3287 3678 3407 3717 cum
3437 3664 3536 3719 eis.
3576 3684 3594 3714 ι
3624 3663 3765 3735 Apo-

2181 3753 2431 3825 siopesis,
2454 3754 2609 3823 juxta
2647 3753 2776 3807 illud
2809 3752 3159 3822 Virgiliannm
3189 3772 3201 3806 :

2304 3845 2436 3903 Quos
2460 3857 2613 3906 ego...
2639 3843 2727 3893 sed
2752 3849 2907 3892 motos
2928 3849 3125 3905 prastat
3146 3856 3439 3906 componere
3459 3844 3653 3894 ﬂuctus.

2182 3937 2435 3991 Dicturus
2472 3936 2651 4003 itaque
2700 3949 2980 4006 prospera,
3033 3937 3230 3992 retinet
3277 3952 3357 4002 se,
3410 3946 3466 3990 et
3518 3940 3765 3993 tristibus

2173 4025 2352 4101 jungit
2388 4025 2583 4079 tristia.
2614 4024 2738 4080 Haec
2791 4027 2933 4078 enim
2970 4034 3095 4080 sunt
3126 4024 3328 4093 judicia
3374 4042 3493 4096 qua:
3516 4045 3643 4081 cum
3671 4046 3765 4098 po-

2180 4116 2305 4185 pulo
2332 4116 2602 4185 quondam
2637 4130 2735 4169 suo
2776 4115 3014 4186 lnqnitur
3040 4117 3201 4182 Deus,
3248 4126 3307 4172 ut
3331 4118 3507 4173 sciant
3532 4134 3593 4172 se
3614 4117 3763 4185 juste

2179 4208 2446 4262 s‘ustincre
2490 4223 2609 4276 qua:
2655 4207 2941 4261 sustinent.

2254 4318 2272 4351 ‹
2304 4300 2443 4355 Ecce
2470 4300 2623 4370 quasi
2664 4300 2833 4353 nubes
2858 4300 3112 4355 ascendet
3141 4319 3154 4354 :
3186 4309 3241 4356 et
3273 4305 3428 4371 quasi
3466 4311 3763 4373 tempestas

2184 4410 2201 4439 ι
2236 4405 2431 4445 currus
2482 4391 2618 4459 ejus.
2669 4388 2975 4445 Vclociores
3024 4392 3217 4460 aquilis
3261 4394 3385 4462 equi
3441 4394 3630 4448 illius:
3682 4411 3760 4449 va:

500 4477 668 4548 legem
700 4475 911 4529 Domini
937 4474 1131 4528 docere
1172 4473 1449 4539 deberent,
1476 4483 1532 4528 et
1561 4472 1827 4541 subjectos
1856 4475 1955 4529 sibi
1979 4491 2073 4544 po-
2103 4512 2151 4570 υ
2184 4499 2205 4557 «η
2236 4480 2409 4545 nobis,
2447 4481 2699 4557 quoniam
2748 4483 2941 4535 vastati
3002 4498 3207 4537 sumus.
3241 4504 3259 4535 ι
3298 4483 3533 4538 Ventura
3582 4486 3760 4538 cernit

500 4569 657 4640 pulos
684 4566 918 4623 aleonis
972 4564 1153 4619 furore
1204 4564 1512 4629 defendere,
1568 4564 1797 4633 quodam
1855 4573 2073 4635 stupore
2103 4564 2140 4570 ⁷
2176 4572 2458 4643 praesentia
2489 4592 2501 4625 :
2533 4582 2589 4627 et
2621 4573 2975 4642 Babylonium
3018 4576 3273 4630 describit
3308 4578 3633 4641 exercitum,
3667 4594 3763 4631 cu-

498 4656 773 4721 infatuati,
804 4663 1084 4710 vertentur
1123 4656 1177 4708 in
1206 4655 1515 4709 amentiam.
1550 4654 1640 4709 Sic
1662 4656 1803 4709 enim
1849 4653 2075 4724 Septua-

499 4750 648 4820 ginta
678 4749 1092 4814 transtulerunt,
1143 4762 1241 4818 pro
1280 4757 1489 4817 stupore
1508 4757 1562 4802 et
1592 4765 1855 4802 excessum
1889 4750 2073 4803 mentis

500 4841 886 4910 exprimentes.
919 4840 986 4893 Et
1016 4839 1289 4909 prophetae
1314 4838 1986 4911 consternabuntnr,lsiv‘e,
2016 4847 2076 4893 ut

498 4930 691 4998 Aquila
724 4928 997 4981 transtulit
1040 4928 1261 4981 verbum
1300 4926 1617 4982 llebraicum
1666 4937 1862 4992 Ἥβην,
1900 4944 2076 4981 anteu-

501 5030 574 5072 tes
604 5028 773 5071 erunt.
809 5017 939 5084 Quis
973 5016 1115 5071 enim
1163 5031 1269 5071 non
1299 5017 1552 5083 insaniat,
1604 5014 1707 5071 non
1734 5019 1923 5087 perdat
1953 5034 2065 5082 cor,

500 5109 717 5179 quando
760 5108 1052 5177 principes,
1084 5116 1139 5162 et
1185 5122 1357 5177 reges,
1384 5117 1436 5162 et
1486 5111 1814 5174 sacerdotes,
1852 5118 1907 5164 et
1946 5126 2070 5179 pro-

498 5199 692 5269 phetas
720 5197 985 5268 quondam
1012 5212 1139 5252 suos
1159 5199 1258 5252 sub
1292 5199 1447 5254 leone
1473 5201 1832 5268 conspexerit.

559 5289 594 5341 ἰ
624 5290 691 5345 Et
716 5289 860 5344 dixi:
920 5288 1058 5352 Heu,
1107 5288 1233 5354 heu,
1282 5288 1405 5353 heu,
1459 5289 1682 5344 Domine
1721 5290 1880 5357 Deus,
1918 5310 1934 5343 ι
1969 5307 2068 5361 pro

500 5395 607 5449 quo
632 5378 773 5433 LXX
801 5379 1188 5447 transtulerunt
1213 5396 1256 5432 ε(
1279 5378 1558 5434 ODomine
1583 5381 1739 5435 Deus.
1765 5400 1782 5432 ι
1814 5400 1831 5431 ι
1861 5381 2069 5452 Ergone

508 5486 527 5519 ι
560 5468 815 5539 decepisti
836 5468 1086 5539 populum
1108 5470 1267 5524 istum
1289 5479 1344 5525 et
1358 5469 1711 5536 Hierusalem,
1730 5472 1941 5526 dicens:
1960 5475 2069 5529 Pax

506 5578 526 5612 ι
561 5560 665 5615 erit
693 5560 885 5615 vobis?
908 5560 975 5614 Et
995 5576 1121 5615 ecce
1150 5562 1392 5631 pervenit
1411 5562 1619 5632 gladius
1648 5560 1818 5633 usque
1850 5565 1917 5619 ad
1947 5568 2069 5621 ani-

508 5672 525 5703 ι
562 5668 724 5706 mam.
757 5672 773 5701 ι
805 5652 939 5719 Quia
981 5667 1141 5722 supra
1166 5653 1377 5707 dixerat
1401 5671 1415 5707 :
1438 5652 1495 5707 In
1525 5662 1765 5725 tempore
1794 5656 1884 5711 illo
1912 5673 2070 5731 voca-

503 5744 637 5799 bunt
668 5745 997 5801 Hierusalem
1026 5747 1217 5802 solium
1251 5746 1481 5813 Domini,
1520 5754 1574 5801 et
1602 5752 2069 5820 congregabuntur

2169 4662 2259 4732 jus
2288 4679 2542 4732 curruum
2595 4660 2947 4734 rotarumque
3000 4668 3257 4734 strepitus
3305 4669 3611 4737 tempestati
3655 4684 3758 4721 sa:-

2176 4756 2407 4810 vissimae
2456 4766 2822 4825 comparatur,
2870 4766 2924 4811 et
2961 4773 3221 4827 equorum
3255 4759 3511 4813 velocitas
3554 4760 3760 4829 aquilis

2170 4846 2431 4917 jungitur.
2476 4848 2626 4915 Quod
2655 4866 2775 4903 cum
2817 4852 3077 4919 propheta
3106 4852 3347 4916 dixisset,
3393 4861 3445 4905 et
3471 4854 3631 4920 quasi
3668 4868 3759 4906 ve-

2176 4938 2385 4991 nientes
2411 4938 2593 4992 hostes
2635 4940 2804 5009 digito
2844 4939 3288 5004 demonstrasset,
3332 4942 3553 5010 populus
3604 4943 3759 5012 inge-

2174 5028 2373 5091 miscit,
2402 5037 2455 5082 et
2498 5045 2833 5098 nequaquam
2876 5028 3077 5096 futura,
3122 5033 3215 5086 sed
3246 5035 3383 5086 facta
3410 5033 3515 5103 jam
3560 5041 3754 5099 sentit,

2175 5121 2359 5174 dicens
2395 5141 2407 5173 ;
2445 5140 2463 5172 ‹
2492 5122 2583 5175 Va:
2611 5124 2786 5189 nobis,
2820 5125 3071 5192 quoniam
3104 5126 3298 5179 vastati
3337 5142 3539 5181 sumus.
3582 5145 3604 5191 ρ
3644 5126 3755 5182 Hoc

2176 5213 2317 5267 idem
2352 5213 2583 5269 refertur
2612 5216 2679 5269 ad
2705 5214 3018 5281 Ecclesiam,
3063 5219 3205 5287 quod
3229 5220 3470 5287 quotidie
3502 5222 3619 5273 veri
3656 5221 3756 5275 Na-

2174 5302 2582 5359 buchodonosor
2636 5321 2732 5360 nos
2783 5306 3057 5378 impugnet
3100 5310 3392 5375 exercit::s,
3452 5321 3507 5365 et
3554 5328 3757 5369 currus

2172 5394 2469 5451 Pharaonis
2511 5398 2792 5465 omnisque
2842 5396 2956 5467 ejus
2991 5402 3262 5469 equitatus
3295 5401 3599 5471 aquilarum
3658 5408 3758 5460 im-

2172 5492 2352 5553 petum
2383 5498 2620 5555 superet.
2655 5486 2806 5552 Quod
2833 5488 2875 5541 si
2911 5488 3173 5559 intelligat
3206 5491 3289 5543 vir
3322 5491 3755 5560 ecclesiasticus,

2172 5578 2397 5633 credens
2437 5578 2509 5633 illi
2551 5580 2867 5635 sententiae:
2905 5600 2924 5633 ‹
2970 5580 3106 5637 Cum
3142 5598 3436 5639 conversus
3476 5585 3757 5656 ingemue-

2172 5669 2267 5732 ris,
2298 5677 2427 5723 tunc
2461 5670 2643 5726 salvus
2667 5671 2797 5737 eris,
2832 5690 2849 5724 ι
2878 5673 3041 5741 dicet,
3090 5692 3109 5726 ι
3144 5690 3224 5730 va:
3264 5676 3440 5743 nobis,
3488 5679 3755 5746 quoniam

2172 5759 2365 5813 vastati
2402 5774 2605 5826 sumus.
2634 5779 2654 5811 ι
