3910 6344
191 384 305 443 837

1117 383 1479 441 EXPOSI'I‘IO
1515 384 1742 442 SUPER
1777 381 2141 441 JEREMIAM.
2178 411 2250 423 —
2286 380 2414 436 LIB.
2455 381 2542 437 HI.

3341 383 3446 442 838

274 516 295 550 ι
326 496 473 553 Lava
517 509 549 549 a
591 490 796 549 malitia
822 507 919 549 cor
958 500 1127 556 tuum,
1155 494 1510 559 Hierusalem,
1539 505 1599 549 ut
1622 496 1773 551 salva
1802 498 1850 557 Α
1870 494 2026 564 juxta
2074 493 2457 564 Symmachum
2504 493 2802 562 posuimus,
2869 493 3063 549 turbati
3103 506 3245 561 sunt,
3286 504 3343 553 et
3384 498 3441 554 in

198 610 221 645 σ
258 589 377 644 fias.
437 585 728 656 Usquequo
782 587 1139 642 morabuntur
1193 587 1246 639 in
1296 597 1349 642 te
1420 590 1775 658 cogitationes

189 680 414 737 noxiae?
443 698 461 730 ι
499 678 707 734 Dicenti
734 678 947 747 populo,
986 697 1003 729 ι
1044 677 1136 732 Va:
1181 678 1355 743 nobis,
1388 680 1639 748 quoniam
1678 697 1772 735 va-

190 771 325 826 stati
356 784 561 836 sumus,
592 788 611 821 ι
643 768 919 837 respondit
949 768 1229 837 propheta,
1270 768 1379 824 imo
1408 785 1505 839 per
1544 772 1773 840 prophe-

192 871 308 915 tam
332 861 513 929 Deus:
542 879 563 913 ι
593 860 739 915 Lava
768 873 799 912 a
827 858 1033 913 malitia
1063 874 1156 914 cor
1182 860 1354 924 tuum,
1379 858 1765 923 Hierusalem,»

190 949 290 1004 illa
330 952 471 1020 aqua
497 951 693 1019 dequa
738 956 796 1002 et
847 947 1014 1004 Isaias
1063 948 1340 1019 loquitur:
1394 967 1414 1001 ι
1466 950 1768 1018 Lavamiui,

190 1041 383 1094 mundi
421 1048 596 1094 estote
644 1037 781 1107 (Ira.
833 1037 896 1111 ι),
940 1057 959 1090 ι
1013 1053 1157 1109 aqua
1199 1040 1451 1110 baptismi
1496 1040 1764 1105 salutaris,

187 1146 336 1201 aqua
385 1129 735 1201 pmnitentiaa.
782 1128 864 1185 Ad
912 1130 1255 1201 metropolim
1303 1138 1483 1186 antem
1532 1131 1772 1202 loquitur

182 1221 522 1288 Iudaeorum,
570 1231 631 1277 ut
657 1236 756 1292 per
795 1222 985 1277 urbem
1020 1221 1393 1293 intelligantur
1417 1223 1597 1293 populi
1627 1240 1641 1277 :
1670 1224 1771 1279 Us-

183 1328 407 1385 quequo
448 1314 670 1384 iniquis~
692 1313 1111 1385 cogitationibus
1139 1313 1407 1383 subjaces,
1438 1329 1558 1383 qua:
1581 1330 1769 1386 proce-

183 1410 325 1463 dunt
349 1410 417 1465 de
445 1408 607 1464 corde
626 1408 763 1463 tuo?
799 1408 907 1463 Cor
933 1418 1115 1463 autem
1156 1410 1210 1463 in
1233 1408 1533 1479 Scripturis
1567 1412 1768 1465 sanctis

180 1514 289 1569 pro
316 1500 495 1554 anima
519 1508 575 1555 et
594 1513 757 1554 sensu
778 1497 1035 1553 debemus
1066 1489 1333 1569 accipere.

245 1625 269 1659 ι
300 1607 415 1663 Vox
437 1608 582 1663 enim
607 1607 973 1662 annuntiautis
1000 1623 1032 1662 a
1056 1607 1191 1672 Dan,
1222 1616 1277 1662 et
1306 1614 1491 1663 notum
1522 1605 1765 1665 facientis

183 1718 205 1753 ι
248 1699 451 1755 idolum
500 1698 583 1755 vel
624 1698 863 1755 dolorem
906 1699 973 1754 de
1000 1709 1196 1754 monte
1222 1699 1499 1768 Ephraim.
1536 1720 1555 1753 ι
1600 1698 1761 1755 Juxta

176 1791 352 1849 situm
391 1801 546 1846 terra:
578 1788 796 1855 Judmas,
843 1790 1056 1845 divinus
1101 1805 1279 1845 sermo
1327 1805 1471 1845 nunc
1500 1790 1754 1861 loquitur.

176 1880 301 1944 Dan
341 1882 487 1936 enim
528 1880 702 1936 tribus
738 1879 895 1950 juxta
922 1878 1159 1935 montem
1189 1879 1451 1935 Libanum
1485 1890 1540 1935 et
1570 1882 1758 1937 urbem

176 1985 306 2039 qua:
347 1984 490 2023 nunc
532 1968 729 2024 dicitur
754 1967 963 2024 Paneas
999 1968 1305 2039 aquilonem
1344 1965 1584 2039 respicit,
1622 1972 1762 2025 unde

177 2068 446 2114 venturus
502 2066 585 2114 est
621 2058 1138 2115 Nabuchodonosor.
1204 2060 1405 2127 Idolum
1452 2046 1630 2115 autem
1668 2060 1763 2117 Bel

176 2147 269 2201 vel
294 2148 555 2212 dolorem,
584 2147 669 2202 vel
702 2148 1040 2218 iniquitatem
1068 2150 1134 2204 de
1175 2159 1357 2204 monte
1387 2144 1644 2219 Ephraim
1671 2166 1761 2207 ve-

176 2240 301 2293 nire
322 2238 593 2294 describit.
618 2238 747 2294 Post
766 2240 965 2294 tribum
990 2240 1185 2310 quippe
1212 2241 1324 2295 Dan
1350 2241 1589 2296 succedit
1619 2250 1759 2297 terra

176 2327 463 2420 Hpbraim,
516 2344 815 2420 perquam
865 2331 1077 2384 venitur
1097 2330 1452 2386 Hierusalem.
1504 2333 1617 2387 Dan
1664 2332 1758 2420 (τι)

176 2418 570 2489 interpretatur
606 2418 896 2491 judicium,
936 2420 1208 2491 prraim'
1242 2422 1472 2493 (ειν-εκ)
1527 2418 1756 2477 ubertas.

177 2509 377 2566 Veniet
429 2512 591 2583 igitur
627 2511 890 2582 judicium
927 2511 1140 2567 Domini
1188 2512 1243 2567 in
1287 2521 1487 2568 terram
1534 2512 1780 2567 Domino

175 2602 615 2674 delinquentem,
647 2620 770 2661 cum
795 2606 951 2661 omni
973 2604 1216 2660 ubertate
1243 2604 1509 2674 supplicii.

254 2732 277 2767 ι
312 2714 483 2771 Dicite
511 2716 787 2785 gentibus:
814 2715 951 2770 Ecce
975 2715 1213 2770 auditum
1239 2722 1324 2769 est
1350 2713 1403 2767 in
1426 2711 1759 2767 Hierusalem

180 2823 205 2861 α
249 2808 502 2861 custodes
546 2807 733 2862 venire
776 2808 841 2861 de
872 2816 1016 2862 terra
1060 2807 1369 2877 longinqua,
1410 2814 1465 2859 et
1500 2804 1761 2860 dederunt

183 2916 202 2950 ι
250 2912 414 2966 super
439 2897 686 2951 civitates
709 2896 844 2951 Juda
873 2910 1061 2951 vocem
1096 2890 1246 2951 suam
1271 2912 1283 2943 τ
1311 2895 1465 2965 quasi
1509 2895 1759 2949 custodes

184 3004 204 3037 ι
251 3000 503 3057 agrorum
538 2984 664 3039 facti
690 2994 816 3038 sunt
839 3000 1001 3053 super
1030 3000 1150 3039 eam
1180 2984 1232 3038 in
1253 2984 1643 3053 circuitu,quia
1674 2998 1761 3038 me

183 3093 202 3127 ι
250 3058 707 3128 ειᾶἰιτιοιιιιόὶιιιιι
761 3074 1092 3141 provocavit,
1144 3073 1221 3125 ait
1256 3069 1531 3126 Dominus.
1562 3090 1581 3123 ι
1636 3071 1760 3125 Vult

175 3178 371 3219 omnes
401 3164 454 3216 in
484 3162 712 3216 circuitu
746 3162 992 3217 nationes
1016 3154 1110 3216 Dei
1140 3175 1297 3215 nosse
1328 3159 1671 3224 sententiam,
1706 3166 1761 3213 et

174 3252 451 3325 ﬂagellata
482 3252 838 3317 Hierusalem,
866 3260 1089 3307 cunctos
1118 3251 1357 3319 recipere
1392 3250 1749 3318 disciplinam.

176 3341 418 3407 Celebri,
472 3341 667 3411 inquit,
730 3340 783 3393 in
817 3334 1152 3393 Hierusalem
1200 3352 1448 3392 sermone
1497 3348 1755 3389 narratur

184 3434 533 3489 adversarios
556 3433 741 3487 venire
778 3432 845 3485 de
874 3440 1019 3484 terra
1059 3429 1369 3500 longinqua,
1397 3437 1453 3482 et
1479 3427 1753 3487 fremitum

179 3534 377 3580 contra
402 3539 520 3579 eam
546 3537 767 3593 surgere
790 3520 1041 3575 ululantis
1060 3521 1349 3583 exercitus,
1373 3520 1464 3589 qui
1497 3529 1605 3573 tam
1628 3519 1752 3573 dili-

178 3625 374 3690 genter
428 3615 711 3670 obsideant
738 3614 1011 3669 civitatem
1054 3622 1109 3669 et
1138 3614 1390 3667 claudant
1421 3616 1605 3666 urbem
1638 3629 1756 3667 mu-

181 3698 501 3772 nitionibus,
524 3715 583 3761 ut
608 3722 714 3761 non
740 3716 849 3760 tam
875 3705 1214 3787 adversarios
1232 3713 1389 3775 putes
1420 3719 1559 3768 esse,
1592 3719 1757 3772 quam

184 3812 440 3867 agrorum
482 3798 863 3865 vineartunque
901 3797 1167 3850 custodes.
1223 3794 1336 3848 Hoc
1377 3803 1553 3846 autem
1588 3802 1756 3846 totum

184 3887 391 3942 factum
422 3895 505 3941 est
531 3902 639 3939 non
669 3885 903 3952 hostium
937 3884 1161 3946 viribus,
1205 3882 1297 3935 sed
1326 3880 1480 3949 culpa
1502 3879 1756 3934 Hierusa-

184 3971 317 4043 lem,
348 3980 471 4049 quia
498 3979 662 4031 Deum
686 3976 755 4029 ad
787 3974 1117 4029 iracundiam
1146 3973 1477 4043 provocavit.
1532 3972 1587 4026 Si
1615 3971 1759 4025 enim

188 4071 247 4126 in
275 4085 466 4140 porcos
513 4085 620 4123 non
666 4067 866 4123 habent
890 4075 1210 4137 potestatem
1245 4066 1565 4121 adversaria:
1609 4065 1761 4121 forti-

191 4162 405 4217 tudines
426 4160 639 4231 (Matth.
675 4158 819 4228 vm),
864 4166 1065 4228 quanto
1111 4159 1283 4229 magis
1310 4158 1364 4211 iu
1407 4158 1673 4223 homines,
1707 4164 1763 4211 et

184 4250 437 4308 homines
465 4249 733 4320 quondam
767 4249 1001 4303 civitatis
1028 4248 1161 4303 Dei?

268 4381 290 4415 ι
339 4362 442 4419 Via:
482 4370 586 4416 tua:
613 4369 666 4415 et
692 4360 1043 4432 cogitationes
1082 4370 1185 4415 tuae
1216 4359 1460 4417 fecerunt
1498 4361 1612 4415 haec
1643 4360 1758 4426 tibi,

194 4473 218 4509 ι
262 4454 367 4510 ista
408 4454 606 4507 malitia
641 4461 747 4514 tua,
810 4451 934 4519 quia
979 4466 1159 4507 amara
1198 4450 1370 4517 tetigit
1399 4465 1494 4503 cor
1524 4459 1691 4504 tuum.
1738 4470 1756 4502 ι

1878 584 2142 639 Hebraico
2179 582 2440 651 scriptum
2479 592 2563 637 est
2594 593 2764 649 main,
2792 582 3141 655 Septuaginta
3180 594 3235 641 et
3265 585 3445 642 Theo-

1876 677 2020 732 dotio
2070 682 2367 746 posuerunt
2397 676 2703 745 μαιμάσσιε,
2750 676 2892 746 quod
2927 677 3153 732 verbum
3182 693 3350 747 usque
3388 678 3445 734 in

1873 752 2283 838 praesentiarum
2321 764 2449 835 quid
2479 764 2747 835 significet
2776 762 2992 836 ignoro.
3038 767 3233 836 Aquila
3262 776 3445 824 autem

1872 858 2053 928 posuit
2076 857 2300 930 ὀχλὶζιι,
2321 856 2465 925 quod
2492 864 2547 911 et
2571 854 2747 926 ipsum
2774 856 3055 911 tumultum
3074 851 3271 931 sonat.
3327 857 3443 913 Hoc

1873 950 1937 1005 de
1967 950 2135 1005 verbo
2162 950 2363 1005 dictum
2396 940 2507 1014 sit,
2528 962 2690 1019 super
2717 963 2824 1017 quo
2849 949 2961 1028 scio
2995 950 3135 1019 apud
3158 949 3442 1022 plerosque

1871 1055 2124 1111 magnum
2152 1052 2272 1094 esse
2297 1046 2591 1095 certamen.
2646 1039 2759 1095 Vox
2808 1046 3006 1099 autem.
3044 1042 3338 1110 prophetae,
3384 1052 3442 1099 et

1869 1142 1968 1198 per
1994 1129 2311 1198 prophetam
2339 1129 2435 1184 Dei
2464 1127 2734 1199 loquentis
2768 1122 3063 1195 inducitur,
3091 1130 3235 1204 quod
3265 1130 3442 1187 doleat

1870 1233 2035 1288 super
2060 1219 2387 1278 contritione
2423 1218 2604 1290 pepuli
2651 1219 2757 1285 sui,
2800 1227 2857 1275 et
2890 1219 2958 1273 ad
3001 1219 3173 1274 instar
3207 1220 3441 1277 hominis

1868 1312 2077 1365 viscera
2101 1308 2219 1389 ejus
2247 1311 2456 1389 Interna
2485 1310 2812 1366 lacerentur.
2866 1310 3145 1378 Quomodo
3170 1320 3225 1366 et
3254 1311 3439 1367 Salva-

1871 1408 1955 1455 tor
1982 1388 2144 1469 super
2167 1398 2363 1454 Lazari
2392 1388 2567 1456 morte
2590 1400 2759 1456 doluit
2785 1398 2969 1473 (Joan.
2994 1399 3099 1472 xi),
3149 1408 3204 1455 et
3233 1401 3440 1471 planxit

1867 1489 2203 1546 Hierusalem
2244 1487 2396 1565 (Luc.
2428 1488 2571 1560 xix),
2607 1480 2719 1545 ‘nec
2767 1489 2944 1545 celare
2987 1490 3158 1545 voluit
3201 1489 3439 1545 dolorem

1866 1580 2101 1636 silentio.
2133 1575 2337 1651 (Ci-eg.)
2394 1578 2542 1641 Uteri
2590 1580 2772 1649 itaque
2821 1580 3040 1635 nomine
3080 1588 3231 1636 recte
3286 1596 3441 1636 mens

1864 1669 2148 1738 accipitur,
2176 1668 2303 1737 quia
2341 1667 2480 1723 sicut
2510 1668 2691 1737 proles
2719 1669 2775 1722 in
2800 1680 2957 1724 utero
2989 1671 3310 1740 concipitur,
3360 1671 3442 1725 sic

1865 1759 2121 1829 cogitatio
2167 1759 2221 1812 in
2268 1766 2451 1813 mente
2494 1769 2816 1829 generatur;
2872 1767 2928 1815 et
2976 1760 3115 1814 sicut
3156 1759 3211 1815 in
3254 1769 3441 1817 ventre

1789 1850 1835 1910 Β
1866 1848 1995 1911 cibi,
2023 1848 2100 1902 ita
2121 1847 2467 1902 continentur
2489 1848 2545 1901 in
2567 1857 2746 1909 mente
2772 1849 3141 1920 cogitationes.
3167 1848 3439 1923 (Ηὶενοη.)

1863 1938 2054 1995 Omnis
2097 1940 2278 2007 itaque
2318 1940 2539 2011 clangor
2567 1940 2809 1996 buccina
2855 1947 2910 1995 et
2950 1939 3197 1994 fremitus
3228 1940 3441 2008 przelio-

1862 2044 1981 2082 rum
2024 2028 2165 2083 illius
2210 2029 2389 2082 turbat
2434 2028 2710 2094 affectum,
2755 2029 2883 2084 dum
2924 2028 3063 2083 mala
3093 2029 3439 2085 cumulantur

1862 2117 2037 2180 malis,
2081 2127 2137 2173 et
2165 2119 2420 2175 universa
2449 2119 2680 2173 duarum
2711 2120 2951 2174 tribuum
2998 2128 3143 2174 terra
3169 2128 3432 2174 vastatur.

1860 2207 1998 2262 Dum
2046 2222 2154 2262 non
2203 2208 2481 2277 putabam,
2530 2209 2725 2278 inquit,
2767 2196 3115 2264 tabernacula
3164 2210 3435 2285 quondam

1858 2308 1915 2355 et
1941 2299 2104 2369 pelles
2149 2314 2304 2365 mete,
2349 2301 2645 2373 Babylonio
2690 2300 2943 2367 furente,
2992 2303 3244 2374 populata
3288 2312 3429 2369 sunt,

1861 2400 1913 2447 et
1947 2392 2001 2445 in
2027 2392 2263 2461 pnedam
2298 2392 2532 2454 hostium
2564 2408 2680 2448 mea
2704 2394 2975 2463 quondam
3018 2409 3229 2449 cessere
3256 2394 3435 2463 bospi-

1865 2484 1955 2537 tia.
1996 2483 2259 2557 Loquitur
2292 2491 2471 2539 autem
2510 2485 2613 2540 hoc
2652 2485 2797 2540 idem
2825 2485 2988 2551 Deus,
3038 2486 3251 2555 quando
3293 2486 3435 2540 sedi-

1862 2570 2027 2626 tionis
2074 2573 2259 2627 turbas
2306 2581 2466 2641 atque
2508 2572 2807 2629 discordias
2848 2573 3024 2628 cernit
3072 2574 3127 2627 in
3168 2572 3434 2638 Ecclesia,

1861 2668 1916 2714 et
1958 2660 2012 2715 in
2055 2661 2446 2716 conventiculis
2493 2661 2607 2718 suis
2657 2661 2894 2717 clamare
2941 2677 3039 2731 per
3066 2662 3230 2726 diem,
3258 2671 3313 2716 et
3340 2662 3437 2716 Dei

1862 2749 2103 2817 requiem
2142 2750 2194 2803 in
2222 2749 2359 2803 bella
2386 2749 2647 2805 converti.
2691 2748 2842 2805 Unde
2868 2751 3148 2819 sequitur:
3180 2768 3198 2801 ι
3228 2749 3437 2820 Usque-

1860 2851 1969 2907 quo
2004 2838 2197 2893 videbo
2246 2838 2552 2909 fugientes,
2604 2839 2818 2895 audiam
2866 2855 3052 2896 vocem
3102 2839 3377 2894 buccinat?
3410 2859 3431 2892 ι

1864 2927 1961 2982 Vel
1997 2928 2262 2998 fugientes
2298 2944 2477 2999 regem
2504 2929 2877 3000 Babylonium,
2918 2931 3002 2985 vel
3032 2927 3298 3000 fugientes
3325 2945 3434 2989 me.

1862 3027 1916 3074 et
1949 3034 1983 3072 a
2006 3034 2127 3074 meo
2165 3020 2385 3073 servitio
2416 3020 2764 3075 recedentes?

1938 3126 1957 3159 ‹
1990 3108 2127 3174 Quia
2172 3108 2369 3163 stultus
2408 3108 2637 3178 populus
2682 3124 2834 3165 meus
2874 3124 2962 3165 me
3006 3125 3111 3166 non
3160 3112 3434 3182 cognovit.

1787 3192 1831 3254 C
1870 3217 1889 3251 ι
1933 3198 2054 3253 Filii
2104 3200 2422 3269 insipientes
2445 3209 2574 3255 sunt
2604 3209 2659 3257 et
2680 3196 2957 3263 vecordes.
3001 3201 3283 3273 Sapientes
3312 3214 3437 3261 sunt

1862 3309 1881 3342 ‹
1927 3298 1990 3344 ιιι
2013 3288 2217 3345 faciant
2246 3289 2575 3355 mala,bene
2601 3299 2786 3345 autem
2828 3290 3006 3346 facere
3043 3293 3371 3350 nescierunt.
3409 3313 3430 3347 ι

1854 3380 2030 3436 Causa
2079 3380 2455 3447 contritionis,
2506 3379 2821 3446 vastitatis,
2869 3380 3011 3451 fuga:
3072 3389 3127 3436 et
3162 3382 3435 3447 buccina,

1858 3471 1985 3542 quia
2020 3470 2215 3526 stultus
2262 3469 2438 3535 factus
2479 3479 2562 3524 est
2605 3470 2853 3541 populus,
2907 3486 3013 3525 non
3063 3480 3275 3537 natura,
3334 3474 3430 3528 sed

1860 3560 2037 3635 studio
2081 3559 2394 3623 voluntatis.
2440 3559 2666 3629 Ipsaque
2708 3560 2944 3621 stultitia
2988 3562 3121 3616 hinc
3153 3563 3431 3631 probatur,

1861 3651 2005 3720 quod
2028 3648 2133 3704 non
2157 3650 2510 3720 cognoverint
2530 3650 2721 3715 Deum;
2749 3658 2807 3704 ut
2833 3664 2933 3718 pro
2956 3650 3077 3704 filiis
3106 3651 3436 3722 sapientibus

1863 3740 2012 3795 stulti
2049 3740 2143 3807 ﬁlii
2181 3740 2307 3801 facti
2346 3748 2490 3799 sunt.
2523 3748 2578 3796 et
2606 3740 2883 3796 vecordes.
2928 3740 3057 3807 Qua:
3088 3741 3233 3795 enim
3267 3740 3439 3810 major

1860 3838 2037 3898 potest
2083 3844 2203 3885 esse
2248 3830 2506 3894 stultitia,
2526 3844 2687 3898 quam
2735 3838 3093 3897 cognoscente
3142 3831 3277 3891 bove
3307 3846 3433 3900 pos-

1862 3932 2127 3973 sessorem
2155 3934 2333 3983 suum,
2360 3927 2414 3974 et
2435 3920 2586 3973 asino
2607 3933 2845 3989 prmsepe
2871 3920 3073 3973 domini
3097 3921 3179 3974 sui
3204 3920 3336 3991 (Ira.
3366 3921 3431 3992 ι),

1861 4006 2027 4061 Israel
2074 4007 2360 4061 Dominum
2416 4024 2524 4063 non
2588 4024 2953 4079 cognoscere,
3006 4018 3062 4065 et
3114 4021 3432 4081 pnnsentcm

1864 4106 2212 4152 contemnere
2242 4112 2403 4166 quem
2430 4112 2646 4167 semper
2674 4099 2854 4154 videre
2880 4101 3142 4169 cupiebat.
3175 4101 3433 4172 Quodque

1866 4187 2137 4244 infertur:
2172 4205 2190 4236 ι
2223 4186 2507 4255 Sapientes
2551 4196 2678 4241 sunt
2722 4197 2782 4241 ut
2830 4187 3029 4255 faciant
3076 4190 3243 4255 mala;
3300 4193 3437 4248 bene

1866 4287 2045 4346 autem
2112 4276 2293 4331 facere
2360 4276 2711 4343 nescierunt,
2774 4296 2793 4329 ι
2867 4278 2957 4332 hic
3025 4279 3286 4349 sapientia
3340 4298 3439 4350 pro

1865 4367 2070 4421 malitia
2120 4366 2426 4435 accipienda
2474 4374 2578 4431 est,
2629 4367 2784 4437 juxta
2830 4368 2972 4436 quod
3016 4378 3071 4422 et
3114 4368 3208 4422 filii
3254 4371 3435 4435 saeculi

1867 4457 2026 4527 hujus
2051 4459 2404 4527 sapientiores
2429 4468 2552 4513 sunt
2578 4458 2703 4513 filiis
2733 4459 2867 4513 lucis
2892 4478 2903 4510 :
2930 4468 2987 4513 et
3008 4460 3215 4517 villicus
3241 4462 3435 4530 iniqui-

189 4545 350 4601 Facit
390 4543 769 4613 apostropham
814 4542 880 4595 ad
904 4543 1093 4596 urbem
1119 4540 1473 4606 Hierusalem,
1500 4543 1639 4609 quod
1667 4543 1765 4596 viae
1789 4531 1842 4590 D
1871 4554 1996 4608 mus
2026 4553 2568 4623 qumdamsapienwr
2598 4552 2789 4608 fecisse
2828 4566 3081 4609 nan-au".
3113 4555 3262 4626 (Luc.
3288 4557 3434 4625 xw);

189 4636 337 4691 illius
371 4642 424 4689 et
462 4632 831 4703 cogitationes,
878 4631 1072 4701 quibus
1124 4640 1178 4686 et
1223 4647 1384 4701 opere
1420 4639 1475 4685 et
1510 4647 1764 4688 sermone

187 4726 454 4801 peccavit,
509 4725 750 4781 fecerunt
780 4726 829 4779 ei
864 4726 1048 4781 venire
1095 4724 1273 4783 onmia
1321 4740 1439 4793 quae
1467 4734 1761 4791 venerunt;

189 4819 563 4886 malitiamque
591 4816 751 4879 illius,
792 4830 911 4884 quae
950 4830 1046 4884 per
1080 4828 1137 4868 se
1178 4829 1362 4867 amara
1390 4814 1477 4876 sit,
1524 4814 1764 4883 tetigisse

190 4924 291 4963 cor
314 4906 472 4969 illius,
494 4914 548 4959 et
565 4906 755 4959 animm
773 4905 979 4958 interna
999 4911 1325 4973 penetrasse.
1344 4902 1611 4971 Quidquid
1634 4918 1763 4974 ergo

194 4995 354 5051 nobis
376 4994 591 5072 acqidit,
623 5002 809 5047 nostro
844 4994 972 5048 vitio
999 4992 1214 5056 accidit,
1245 4992 1335 5061 qui
1361 4992 1569 5047 dulcem
1597 4992 1764 5047 Deum

194 5087 251 5149 in
284 5084 694 5139 amaritudinem
719 5084 998 5149 vertimus,
1034 5090 1089 5139 et
1108 5082 1347 5153 cogimus
1370 5084 1558 5137 smvirc
1580 5083 1768 5138 nolen-

193 5185 331 5234 tem.

275 5310 297 5343 ι
339 5287 594 5344 Ventrem
644 5302 846 5352 meum,
874 5296 1115 5349 ventrem
1148 5304 1327 5343 meum
1363 5287 1536 5352 doleo,
1578 5301 1768 5342 sensus

199 5400 219 5435 ι
264 5378 449 5433 cordis
494 5378 596 5431 mei
653 5378 849 5432 turbati
900 5386 1041 5431 sunt.
1094 5378 1209 5433 Non
1255 5378 1463 5441 tacebo,
1511 5379 1767 5445 quoniam

198 5492 218 5525 ι
264 5483 457 5524 vocem
512 5470 752 5525 buccinae
803 5469 1005 5523 audivit
1059 5470 1241 5524 anima
1292 5485 1429 5533 mea,
1474 5468 1765 5524 clamorem

198 5584 218 5616 ι
265 5560 460 5633 praelii.
508 5558 769 5614 Οοιιιιίιίο
817 5576 977 5631 super
1024 5562 1402 5615 contritionem
1432 5570 1618 5615 vocata
1660 5569 1765 5627 est,

200 5673 219 5707 ι
268 5660 325 5708 οἳ
350 5659 562 5705 vastata
604 5659 689 5704 est
723 5651 897 5705 omnis
925 5660 1085 5705 terra.
1134 5650 1373 5720 Repente
1407 5660 1613 5707 vastata
1644 5660 1770 5707 sunt

203 5766 220 5798 ι
273 5741 621 5799 tabeniacula
670 5756 805 5805 nica,
841 5741 1016 5796 subito
1065 5740 1231 5811 pelles
1265 5757 1416 5797 meae.
1456 5763 1473 5794 ι
1540 5741 1637 5797 Ubi
1670 5757 1769 5799 nos

1872 4652 1925 4697 et
1954 4657 2174 4711 serpens
2205 4642 2255 4695 in
2280 4642 2533 4711 paradiso
2570 4644 2885 4713 prudentior
2912 4647 3119 4703 eunetis
3141 4648 3328 4704 bestiis
3354 4649 3435 4705 lc-t

1873 4735 2013 4805 gitur
2037 4732 2195 4803 (Cen.
2224 4732 2327 4806 ιιι).
2368 4734 2461 4789 llla
2488 4744 2571 4789 est
2602 4751 2730 4804 ergo
2758 4752 2881 4790 vera
2911 4738 3171 4807 sapientia
3196 4756 3313 4807 qua:
3341 4742 3438 4797 Dei

1872 4827 2052 4889 timori
2077 4825 2340 4894 jungitur.
2390 4826 2666 4896 Alioquin,
2698 4828 2787 4897 ubi
2824 4828 3032 4883 insidiae
3074 4840 3198 4884 sunt
3239 4841 3292 4885 et
3323 4842 3434 4887 ter-

1874 4916 2184 4986 giversatio,
2231 4930 2339 4977 non
2389 4914 2674 4984 sapientia,
2703 4917 2801 4975 sed,
2830 4919 3066 4972 versutia
3095 4928 3149 4972 et
3175 4920 3434 4975 calliditas

1876 5006 2190 5076 appellanda
2237 5015 2336 5060 est.
2386 5007 2494 5062 Pro
2535 5022 2601 5062 eo
2640 5008 2781 5075 quod
2828 5023 2925 5063 nos
2970 5008 3225 5072 diximus,
3256 5029 3272 5059 ι
3311 5012 3433 5077 quia

1872 5096 2069 5151 stultus
2120 5095 2349 5165 populus
2378 5112 2530 5151 meus
2572 5110 2659 5150 me
2705 5112 2810 5151 non
2835 5099 3103 5169 cognovit,
3140 5118 3157 5149 ι
3211 5098 3435 5168 δεριιιξισ-

1870 5188 2015 5257 ginta
2046 5188 2453 5253 transtulerunt,
2488 5207 2506 5240 ι
2542 5190 2684 5257 quod
2710 5189 2979 5258 principes
3019 5189 3196 5259 pepuli
3224 5191 3326 5243 mei
3349 5204 3435 5243 me

1872 5294 1977 5334 non
1998 5287 2383 5349 cognoverunt,
2415 5297 2434 5329 ι
2466 5287 2528 5332 ιιι
2554 5264 2934 5349 magistrorum
2964 5282 3035 5333 sit
3068 5279 3238 5349 magis
3279 5279 3436 5349 culpa

1873 5386 2031 5440 quam
2059 5369 2238 5439 populi
2260 5369 2352 5422 Dei
2380 5368 2657 5424 scientiam
2687 5386 2791 5422 non
2819 5369 3082 5423 habentis.

1944 5483 1963 5515 ι
2007 5464 2204 5531 Δερελὶ
2244 5471 2469 5525 terram,
2502 5470 2557 5515 et
2582 5476 2709 5516 ecce
2738 5476 2907 5514 vacua
2933 5470 3070 5524 erat,
3106 5468 3161 5514 et
3191 5459 3344 5523 nihil,
3379 5467 3434 5512 et

1875 5574 1894 5607 ι
1940 5554 2123 5620 caelos,
2162 5563 2217 5609 et
2250 5569 2357 5607 non
2386 5560 2504 5607 erat
2547 5551 2638 5605 lux
2689 5552 2744 5605 in
2793 5551 2889 5605 eis.
2943 5550 3061 5605 Vidi
3110 5558 3339 5611 montes,
3379 5556 3436 5603 et

1874 5668 1893 5700 ι
1940 5663 2067 5702 ecce
2086 5646 2436 5701 movebantur
2464 5664 2475 5697 :
2500 5654 2555 5699 et
2575 5657 2762 5697 omnes
2781 5640 2945 5695 co‘lles
2967 5638 3265 5695 conturbati
3288 5645 3433 5689 sunt.

1876 5759 1894 5794 ι
1939 5738 2166 5794 Intuitus
2198 5752 2337 5802 sum,
2361 5744 2415 5793 et
2438 5751 2545 5792 nou
2570 5744 2687 5791 erat
2714 5734 2875 5789 homo
2900 5748 2911 5784 :
2940 5738 2995 5786 et
3022 5744 3181 5784 omne
3220 5726 3437 5781 volatile
