3910 6326
488 354 596 411 859

1127 356 1191 410 Β.
1230 353 1482 410 RABANI
1520 355 1738 412 MAURI
1774 356 2088 414 ARCHIEP.
2130 357 2439 418 MOGUNT.
2479 353 2762 418 OPERUM
2799 363 2980 421 PARS
3017 365 3104 431 ιιι.

3641 372 3742 428 διο

494 485 516 519 α
560 466 684 523 cceli
715 467 958 523 recessit.
1003 467 1225 539 Aspexi,
1250 477 1306 523 et
1331 482 1458 524 ecce
1486 467 1763 524 Carmelus
1796 469 2060 535 desertus,
2089 472 2142 532 Α
2168 471 2340 537 bilem,
2389 471 2544 542 culpa
2588 475 2692 540 sui,
2736 490 2856 543 quae
2896 475 3215 531 clementem
3239 477 3524 534 offenderit
3554 481 3741 550 Deum,

497 575 518 611 ι
563 566 620 614 et
656 574 845 616 omnes
889 560 1052 616 urbes
1095 559 1212 629 Ejus
1259 561 1546 617 destructa:
1577 572 1702 617 sunt
1743 578 1773 616 a
1800 563 1938 617 facie
1963 563 2066 617 Do-

495 668 516 703 r
557 650 709 717 mini,
731 659 788 706 et
817 667 848 705 a
867 649 1004 708 facie
1030 652 1126 706 irae
1165 651 1362 707 furoris
1387 651 1524 722 ejus.
1556 672 1575 704 ι
1599 652 1865 722 Propheta
1892 654 2067 708 cernit

489 740 546 795 in
578 743 768 812 spiritu
791 759 911 812 qua:
930 750 1158 798 ventura
1189 751 1332 810 sunt,
1366 755 1426 798 ut
1449 744 1675 800 audiens
1699 745 1926 815 populus
1956 754 2063 799 ter-

489 842 694 900 reatur,
723 840 776 889 et
804 842 926 889 acta
943 835 1259 906 poenitentia
1289 851 1628 907 nequaquam
1664 838 1927 894 sustineat
1948 852 2067 908 qua:

490 924 762 981 formidat.
787 924 969 981 Vacua
998 935 1141 983 terra
1165 936 1248 982 est
1269 929 1573 984 habitatore
1592 929 1790 995 deleto,
1813 930 1935 986 coeli
1958 946 2065 985 non

487 1017 692 1074 habent
725 1018 928 1084 lumen,
960 1021 1187 1076 terroris
1227 1022 1598 1092 magnitudine
1628 1022 1821 1092 populo
1855 1038 1962 1078 non
1987 1023 2066 1077 vi-

489 1105 666 1163 dente.
698 1107 804 1178 lpsi
839 1117 1051 1164 montes
1078 1119 1134 1164 et
1161 1111 1327 1166 colles
1371 1112 1547 1166 intuta
1588 1112 1790 1167 habent
1824 1113 2062 1180 latibula,

488 1208 544 1254 et
582 1216 680 1269 per
718 1201 1048 1271 hyperbolen
1085 1203 1294 1257 moveri
1338 1204 1589 1259 videntur
1632 1213 1796 1275 atque
1837 1206 2062 1260 turbari.

485 1288 716 1346 lntuitus
740 1300 852 1356 est,
871 1300 926 1347 et
950 1293 1057 1348 huc
1084 1293 1317 1365 illucque
1341 1296 1747 1366 circumspexit,
1777 1309 1833 1353 et
1858 1313 1926 1353 ne
1947 1298 2064 1352 avis

485 1383 700 1452 quidem
726 1386 903 1454 potuit
929 1386 1357 1444 invenirirlram
1382 1391 1529 1444 enim
1555 1390 1651 1444 Dei
1684 1399 1739 1446 et
1767 1400 1913 1444 muta
1943 1405 2067 1445 sen-

490 1472 627 1528 tiunt
659 1474 948 1542 elementa,
989 1485 1045 1533 et
1085 1479 1479 1536 irrationabilia
1524 1481 1918 1550 pertimescunt
1949 1481 2065 1535 ani-

491 1567 714 1620 mantia.
756 1566 870 1622 Hoc
895 1583 1086 1624 verum
1124 1585 1245 1626 esse
1278 1587 1422 1627 nunc
1452 1580 1597 1627 totus
1624 1572 1772 1628 orbis
1808 1573 2062 1638 ostendit,

486 1665 546 1709 ut
567 1671 703 1712 caesa
729 1657 1009 1713 heminum
1035 1660 1400 1727 multitudine,
1426 1655 1922 1732 volatilia'quoque,
1945 1677 2064 1731 quae

487 1745 661 1800 solent
685 1747 1018 1804 habitatores
1057 1750 1232 1819 sequi,
1255 1750 1494 1805 .abierint
1540 1759 1596 1806 et
1627 1753 1906 1822 perierint.
1946 1753 2062 1823 lpse

488 1849 703 1906 quoque
740 1835 1035 1902 Carmelus,
1080 1840 1171 1909 qui
1212 1841 1348 1895 mari
1390 1841 1637 1898 imminet
1677 1843 1902 1914 Magno,
1933 1843 2066 1899 oleis

488 1927 729 1982 consitus
748 1937 803 1982 et
843 1929 1078 1986 arbustis
1107 1930 1386 2001 vineisque
1413 1934 1735 1999 condensus,
1765 1935 1833 1988 ad
1863 1944 2065 1990 tantam

485 2017 668 2071 veniet
727 2018 1110 2084 solitudinem,
1162 2028 1223 2075 ut
1272 2022 1437 2076 eremi
1490 2024 1687 2078 habeat
1737 2025 2060 2078 vastitatem.

489 2107 690 2164 Omnes
713 2125 926 2179 quoque
962 2114 1124 2167 urbes
1153 2112 1381 2168 desertae
1421 2114 1570 2179 flent,
1595 2123 1649 2169 et
1689 2116 2065 2172 universorum

488 2197 748 2253 malorum
772 2199 888 2254 haec
910 2215 1073 2256 causa
1099 2208 1183 2257 est
1200 2204 1340 2272 quod
1361 2203 1494 2257 vitio
1511 2204 1690 2273 populi
1711 2204 2067 2273 delinquentis

490 2284 575 2340 ira
601 2285 812 2342 Do'mini
841 2290 1112 2344 concitata
1153 2289 1243 2345 sit.
1272 2290 1545 2360 Quidquid
1583 2290 1736 2358 juxta
1786 2293 2065 2347 historiam

489 2377 557 2432 de
584 2375 918 2433 Hierusalem
973 2380 1207 2445 diximus
1263 2389 1318 2436 et
1362 2380 1578 2447 Iudaea,
1641 2381 1940 2438 referamus
1999 2384 2066 2437 ad

487 2465 787 2522 Ecclesiam
839 2468 959 2533 Dei,
1003 2484 1124 2522 cum
1163 2468 1678 2535 ofl‘enderit'Deum,
1720 2479 1776 2526 et
1813 2471 1898 2526 vel
1922 2471 2067 2527 vitiis

485 2546 649 2616 fuerit
695 2559 780 2616 vel
823 2562 1200 2632 persecutione
1254 2570 1486 2629 vastata,
1547 2570 1603 2618 ut
1651 2562 1744 2619 ubi
1789 2564 2064 2632 quondam

488 2659 607 2706 erat
650 2629 909 2706 virtutum
938 2629 1143 2708 chorus
1179 2661 1338 2723 atque
1387 2653 1596 2723 laetitia,
1626 2654 1698 2709 ibi
1724 2629 2067 2724 peccatorum

487 2749 544 2797 et
566 2756 860 2796 moerorum
884 2742 1170 2798 multitudo
1195 2753 1458 2798 versetur.

563 2851 580 2884 ι
626 2832 753 2888 Haec
781 2835 925 2890 enim
965 2835 1099 2890 dicit
1139 2835 1440 2890 Dominus:
1475 2836 1698 2891 Deserta
1743 2838 1847 2892 erit
1890 2839 2067 2892 omnis

493 2943 512 2976 ι
557 2934 719 2990 terra,
769 2926 862 2981 sed
907 2936 1087 2982 tamen
1131 2930 1651 2985 consummationem
1701 2947 1806 2986 non
1849 2931 2060 2985 faciam.

487 3027 511 3066 ‘c
555 3015 784 3084 Lugebit
809 3023 956 3070 terra
983 3026 1038 3070 et
1063 3019 1369 3073 moerebunt
1396 3020 1517 3074 coeli
1544 3021 1793 3091 desuper,
1827 3038 1892 3076 eo
1921 3023 2065 3092 quod

496 3123 514 3156 ι
561 3105 770 3161 locutus
796 3106 918 3160 sim.
963 3107 1230 3177 Cogitavi,
1262 3117 1315 3162 et
1357 3124 1463 3163 non
1511 3111 1764 3179 paenituit
1811 3127 1919 3176 me,
1966 3126 2066 3166 nec

2168 573 2224 621 et
2279 565 2475 619 tradita
2536 565 2700 621 fuerit
2755 567 3100 624 adversariis.
3164 568 3405 641 Denique
3462 573 3740 643 sequitur:

2245 676 2264 709 ‹
2292 657 2426 713 Cum
2447 658 2698 713 vestieris
2719 667 2770 714 te
2793 661 3031 723 coccino,
3062 669 3121 720 et
3144 670 3337 716 ornata
3364 661 3537 718 fueris
3560 663 3746 720 monili

2173 765 2192 800 ι
2228 763 2410 812 aureo,
2443 756 2496 803 et
2531 748 2770 817 pinxeris
2792 750 2955 805 stibio
2976 749 3162 806 oculos
3194 759 3336 815 tuos,
3362 750 3565 807 frustra
3594 768 3746 809 com-

2174 859 2194 890 ‹
2230 840 2448 909 poneris
2475 856 2487 892 :
2519 849 2960 912 contempserunt
2990 850 3041 898 te
3075 852 3345 898 amatores
3374 844 3474 910 tui,
3507 846 3743 900 animam

2173 951 2192 982 c
2227 937 2372 984 tuam
2397 938 2660 1000 quaerent.
2697 952 2716 984 ι
2751 932 2863 988 Sub
2889 933 3058 1003 ﬁgura
3094 933 3336 990 mulieris
3370 935 3631 992 adultera
3672 937 3747 992 lo-

2168 1020 2370 1090 quitur.
2399 1007 2535 1076 Cum
2563 1022 2734 1077 semel
2761 1022 3050 1079 offenderis
3075 1025 3268 1091 Deum,
3299 1034 3352 1080 et
3377 1027 3534 1096 quasi
3570 1027 3744 1082 virum

2170 1119 2319 1165 tuum
2346 1110 2628 1182 reliqueris
2656 1111 2987 1181 Creatorem,
3029 1115 3227 1171 frustra
3275 1127 3594 1178 ornamenta
3621 1133 3746 1189 per.

2166 1201 2359 1270 quiris.
2391 1200 2845 1273 Contempserunt
2875 1212 2926 1259 te
2954 1205 3225 1261 dzemones
3254 1215 3526 1263 amatores
3555 1210 3659 1273 tui,
3691 1218 3746 1263 et

2166 1304 2507 1362 nequaquam
2555 1293 2725 1362 stupri
2772 1293 3188 1361 immunditiam,
3237 1298 3329 1351 sed
3387 1297 3582 1351 anima:
3642 1308 3746 1352 tuac

2167 1392 2410 1452 quaerent
2436 1384 2729 1438 interitum.
2762 1384 2875 1440 Hoc
2903 1385 3044 1440 idem
3081 1387 3482 1458 intelligendum
3521 1389 3743 1457 spirita-

2167 1469 2290 1526 liter
2313 1480 2501 1527 contra
2532 1488 2626 1527 eos
2659 1474 2749 1543 qui
2783 1474 3090 1547 conjugales
3118 1475 3339 1531 allectus
3367 1485 3424 1532 et
3452 1491 3595 1531 verae
3621 1478 3746 1531 ﬁdei

2165 1563 2478 1631 pudicitiam
2512 1563 2875 1633 perdiderunt.
2919 1565 2976 1620 Si
3015 1574 3088 1631 te,
3120 1567 3310 1636 inquit,
3342 1569 3590 1623 vestieris
3621 1584 3744 1623 coc-

2166 1653 2309 1719 cino,
2341 1653 2393 1708 id
2420 1663 2524 1719 est,
2556 1651 2832 1724 sanguinis
2883 1655 3085 1712 Christi
3138 1658 3493 1726 assumpseris
3540 1655 3736 1723 fidem;

2167 1746 2212 1800 si
2244 1746 2427 1800 monili
2464 1747 2740 1802 ornaveris
2774 1762 2962 1811 aureo,
2999 1749 3050 1802 id
3082 1757 3189 1811 est,
3215 1738 3620 1804 meditationem
3649 1753 3746 1805 ho—

2094 1820 2141 1879 Β
2167 1836 2349 1889 bueris
2387 1851 2578 1890 sensus
2612 1845 2668 1891 et
2695 1836 3057 1906 intelligentiae
3086 1838 3342 1908 spiritalis
3367 1858 3378 1893 :
3402 1848 3453 1893 et
3497 1841 3747 1910 pinxeris

2169 1924 2354 1978 oculos
2380 1931 2501 1979 tuos
2526 1923 2718 1991 stibio,
2749 1925 2803 1980 id
2834 1933 2946 1992 est,
2977 1927 3232 1982 habueris
3269 1928 3505 1983 studium
3540 1940 3745 2001 myste-

2167 2014 2372 2069 riorum
2399 2022 2455 2069 et
2469 2015 2568 2069 ‘Dei
2595 2024 2802 2070 secreta
2837 2016 3116 2081 noscendi,
3146 2017 3348 2072 frustra
3373 2021 3742 2088 componeris.

2167 2101 2294 2156 Haec
2339 2103 2483 2156 enim
2522 2103 2686 2158 etiam
2741 2105 2848 2159 tuis
2895 2105 3228 2161 amatoribus
3274 2122 3638 2177 praeparans,
3686 2119 3744 2164 et

2168 2190 2288 2246 ideo
2329 2190 2499 2246 lectus
2533 2201 2792 2261 angustus
2839 2202 3125 2262 utrumque
3166 2209 3359 2263 capere
3395 2212 3502 2250 non
3543 2207 3742 2265 potest,

2167 2297 2266 2338 nec
2297 2282 2489 2352 recipit
2519 2292 2836 2338 ornamenta
2867 2285 3028 2350 Deus,
3061 2284 3255 2355 quibus
3281 2283 3618 2342 amatoribus
3640 2288 3746 2343 tuis

2167 2385 2292 2429 ante
2318 2375 2590 2444 placuisti.

2243 2486 2260 2517 ι
2306 2466 2506 2537 Vocem
2534 2466 2679 2520 enim
2723 2466 2880 2536 quasi
2928 2468 3280 2536 parturientis
3325 2467 3503 2524 audivi
3535 2484 3550 2523 :
3577 2485 3749 2541 angu-

2174 2575 2192 2609 t
2240 2557 2372 2612 stias
2401 2555 2528 2628 (sive
2555 2557 2811 2629 gemitus)
2861 2567 2922 2613 ut
2968 2574 3267 2630 puerperae.
3320 2562 3437 2616 Vox
3463 2561 3586 2617 ﬁlias
3613 2562 3748 2618 Sion

2175 2669 2193 2700 ι
2240 2650 2664 2704 intermorientis
2708 2650 3168 2720 expandentisque
3213 2659 3404 2704 manus
3458 2666 3623 2705 suas:
3658 2653 3749 2706 Vae

2174 2759 2192 2792 ι
2240 2741 2394 2804 mihi,
2437 2740 2563 2809 quia
2609 2739 2810 2795 defecit
2857 2741 3036 2794 anima
3078 2756 3196 2795 mea
3244 2748 3468 2810 propter
3518 2741 3750 2796 interfe-

2175 2848 2192 2881 ι
2238 2828 2371 2885 etos.
2411 2849 2428 2880 ι
2478 2828 2558 2882 Ad
2605 2829 3010 2883 similitudinem
3059 2829 3299 2884 mulieris
3350 2843 3650 2901 puerperae,
3696 2831 3750 2885 id

2168 2927 2267 2985 est,
2302 2934 2421 2988 quae
2448 2919 2651 2987 primos
2679 2919 2819 2988 parit
2855 2917 3014 2981 fetus,
3044 2920 3299 2973 describit
3327 2919 3517 2974 urbem
3547 2919 3746 2974 Hiem-

2169 3008 2334 3064 salem
2363 3008 2655 3077 ejulantem
2686 3019 2848 3078 atque
2897 3009 3239 3064 clamantem.
3291 3009 3572 3075 Quomodo
3600 3011 3746 3064 enim

2169 3101 2367 3154 mulier
2418 3100 2657 3168 pariens,
2706 3112 2760 3154 et
2808 3100 3034 3154 necdum
3080 3099 3317 3153 dolorem
3374 3101 3750 3168 parturitionis

497 3215 514 3249 ‹
561 3212 782 3253 aversus
809 3214 929 3253 sum
960 3200 1028 3254 ab
1053 3215 1135 3254 eo.
1171 3219 1189 3252 ι
1224 3200 1382 3256 Mista
1404 3201 1498 3255 irae
1525 3202 1892 3264 misericordia
1921 3203 2016 3259 Dei
2049 3222 2060 3256 :

2179 3199 2415 3260 experta,
2444 3205 2578 3258 pene
2601 3189 2830 3244 moritur
2857 3198 2911 3243 et
2940 3189 3213 3258 angustias
3238 3190 3510 3244 sustinens
3536 3191 3627 3243 vix
3650 3204 3749 3258 po-

491 3290 668 3344 omnis
715 3299 855 3344 terra
902 3292 1192 3356 deseritur,
1244 3294 1340 3347 sed
1386 3310 1495 3347 non
1541 3294 1602 3347 fit
1649 3296 2064 3360 consummatio,

490 3387 551 3434 ut
573 3380 681 3435 sint
703 3382 795 3450 qui
827 3382 1131 3452 intelligant
1164 3384 1505 3438 clementiam
1535 3385 1669 3453 ejus.
1707 3379 1914 3441 Caelum
1938 3402 2070 3456 quo-

491 3487 596 3543 que
638 3472 792 3528 triste
831 3474 1102 3528 videbitur
1140 3475 1388 3544 desuper,
1437 3483 1492 3529 et
1529 3477 1642 3545 ipsa
1683 3485 1826 3531 terra
1871 3477 2078 3549 lugebit

494 3579 559 3619 eo
581 3564 723 3634 quod
752 3566 960 3620 Domini
992 3566 1262 3624 sententia
1301 3567 1368 3621 ad
1407 3566 1567 3621 finem
1613 3584 1782 3638 usque
1811 3586 2070 3640 pervene-

492 3654 583 3719 rit,
626 3669 726 3709 nee
768 3657 1086 3724 pmnituerit
1126 3673 1248 3712 eum
1279 3673 1442 3726 super
1467 3658 1551 3713 his
1596 3674 1716 3729 qua
1760 3663 2073 3731 cogitaverit

494 3751 549 3799 et
572 3745 782 3799 locutus
804 3745 892 3799 sit.
925 3745 1249 3801 Pccnitentia
1289 3757 1469 3803 autem
1494 3749 1589 3803 Dei
1622 3750 1836 3813 dicitur,
1863 3752 2072 3819 quando

494 3834 736 3889 aufertur
759 3836 1016 3904 praedicta
1059 3837 1347 3902 sententia,
1374 3844 1427 3891 et
1455 3839 1535 3892 ira
1568 3838 1793 3893 saeviens
1819 3839 1885 3893 ad
1914 3838 2073 3893 tinem

493 3941 662 3994 usque
702 3941 810 3980 non
847 3927 1112 3994 pervenit.
1165 3926 1402 3982 Minatus
1443 3937 1527 3982 est
1551 3943 1647 3997 per
1673 3928 1866 3984 Jonam
1899 3929 2073 4000 (Jama

495 4016 602 4086 ιιι),
638 4017 1111 4084 etimpendentem
1153 4018 1389 4088 gladium
1433 4019 1795 4090 lacrymarum
1829 4029 1883 4075 et
1909 4020 2072 4091 gemi-

498 4115 647 4160 tuum
690 4105 977 4161 multitudo
1003 4110 1295 4177 superavit.

570 4217 588 4247 ‹
635 4195 676 4249 Α
716 4209 847 4251 voce
875 4195 1073 4266 equitis
1109 4206 1164 4251 et
1207 4198 1474 4253 mittentis
1514 4198 1764 4268 sagittam
1821 4199 1964 4272 (sivc_
1989 4200 2074 4255 in-

503 4305 522 4353 ς
569 4285 838 4339 tendentis
865 4287 1095 4356 arcum),
1121 4285 1255 4356 fugit
1277 4287 1455 4340 omnis
1485 4285 1677 4340 civitas
1725 4286 1855 4357 (sive
1884 4289 2048 4358 regio)

506 4393 523 4426 ‹
569 4376 797 4444 ingressi
857 4384 981 4430 sunt
1044 4377 1233 4440 ardua,
1295 4385 1350 4430 et
1419 4377 1780 4431 ascenderunt
1837 4393 2016 4446 rupes.
2049 4398 2066 4428 ι

505 4465 762 4534 Quodque
823 4465 1087 4534 sequitur,
1145 4484 1163 4515 ι
1201 4473 1256 4519 et
1289 4465 1518 4535 ingressi
1565 4475 1689 4520 sunt
1735 4467 1901 4522 saltus
1949 4468 2074 4539 (sive

500 4555 803 4626 speluncas)
833 4575 852 4608 ι
893 4570 924 4609 a
950 4549 1301 4626 Septuaginta
1323 4555 1562 4609 additum
1588 4567 1687 4610 est.

579 4663 599 4697 ι
646 4645 923 4701 Universae
961 4645 1124 4699 urbes
1153 4644 1423 4699 derelictae
1462 4655 1609 4710 sunt,
1648 4654 1838 4700 etnon
1871 4647 2076 4702 habitet

517 4754 536 4788 ι
583 4737 636 4790 in
666 4737 744 4792 eis
783 4737 965 4792 homo.
1019 4757 1037 4788 ι
1095 4736 1362 4792 Describit
1408 4745 1588 4791 autem
1639 4753 1814 4792 sermo
1867 4740 2076 4794 divinus

505 4827 784 4899 Babylonii
829 4828 1057 4883 furentis
1097 4828 1415 4894 exercitum,
1456 4830 1598 4898 quod
1626 4845 1656 4882 a
1692 4837 1925 4884 tremore
1962 4829 2076 4898 ejus

502 4924 732 4970 cunctus
770 4916 1001 4986 populus
1042 4917 1389 4986 dereliquerit
1456 4918 1758 4983 civitatem,
1807 4927 1859 4972 et
1906 4918 2072 4972 ardua

507 5021 732 5076 qumque
771 5009 1162 5073 conscenderit,
1213 5018 1269 5063 et
1311 5017 1490 5064 tamen
1534 5010 1668 5064 iram
1710 5009 1921 5071 Domini
1966 5023 2072 5075 non

504 5095 744 5165 potuerit
765 5095 1051 5150 declinare.
1101 5098 1371 5166 Quidquid
1396 5108 1595 5164 autem,
1635 5108 1694 5153 ut
1735 5115 1895 5168 supra
1936 5099 2074 5153 dixi-

505 5200 644 5248 mus,
685 5184 737 5238 in
773 5184 996 5240 historia
1040 5186 1351 5256 intelligitur
1390 5198 1576 5243 contra
1606 5189 1959 5257 Hierusalem,
1987 5207 2073 5246 re-

505 5275 634 5328 ferri
669 5282 848 5345 potest
886 5275 955 5329 ad
978 5275 1302 5340 Ecclesiam,
1344 5293 1465 5332 cum
1501 5278 1783 5333 offenderit
1813 5281 1980 5335 Deum
2020 5289 2074 5334 et

507 5367 702 5420 tradita
729 5365 890 5420 fuerit
917 5367 1260 5432 adversariis,
1289 5368 1370 5422 vel
1397 5370 1785 5437 persecutionis
1811 5379 2070 5440 tempore,

506 5453 590 5507 vel
619 5463 761 5508 certe
789 5456 933 5510 vitiis
959 5463 1121 5526 atque
1144 5456 1400 5526 peccatis.

585 5563 602 5595 ι
631 5544 708 5598 Tu
735 5532 912 5600 autem
934 5547 1276 5620 vastatalquid
1302 5548 1501 5602 facies?
1532 5569 1549 5599 ι
1570 5549 1674 5604 Pro
1693 5559 1914 5615 vastata,
1933 5549 2075 5620 quod

512 5636 773 5692 Hebraice
800 5639 995 5692 dicitur
1034 5650 1192 5706 “mw,
1223 5640 1364 5708 quod
1393 5638 1538 5693 solus
1585 5639 1964 5709 interpretatus
1993 5649 2075 5696 est

510 5725 697 5796 Aquila
723 5767 736 5792 ,
781 5726 870 5781 alii
917 5729 1301 5783 transtulerunt
1365 5728 1607 5783 miseram
1650 5737 1812 5798 atque
1857 5728 2068 5783 misera-

2169 3289 2276 3334 test
2306 3280 2594 3348 respirare,
2622 3280 2934 3349 sparsisque
2971 3281 3216 3334 manibus
3242 3279 3526 3334 collabitur
3553 3299 3566 3333 :
3592 3281 3671 3334 sic
3699 3289 3753 3334 et

2171 3370 2278 3424 ﬁlia
2311 3369 2440 3424 Sion
2487 3385 2610 3424 cum
2660 3385 2786 3424 suos
2833 3370 3028 3423 viderit
3068 3370 3269 3425 liberos
3321 3368 3656 3434 interfectus,
3698 3369 3751 3422 in

2171 3463 2286 3516 haec
2315 3459 2478 3515 verba
2504 3461 2828 3530 prorumpit,
2856 3467 2911 3514 et
2932 3460 3061 3514 dicit
3086 3477 3098 3512 :
3133 3479 3151 3511 ‹
3189 3457 3282 3513 Va:
3308 3459 3460 3523 mihi,
3492 3460 3622 3527 quia
3649 3457 3746 3511 de-

2171 3549 2300 3604 fecit
2349 3549 2526 3603 anima
2558 3563 2674 3603 mea
2705 3557 2929 3618 propter
2959 3548 3294 3602 interfectos.
3332 3566 3352 3598 ι
3413 3545 3529 3600 Duo
3564 3553 3749 3600 autem

2172 3639 2417 3709 exempla
2455 3640 2511 3693 in
2547 3654 2654 3693 uno
2677 3639 2912 3708 capitulo
2947 3645 3257 3706 comparata
3288 3645 3450 3691 sunt:
3482 3636 3750 3706 parientis

2173 3729 2312 3784 filios
2341 3737 2397 3782 et
2423 3729 2678 3796 lugentis,
2705 3736 2764 3781 ut
2791 3727 3050 3797 quidquid
3078 3728 3272 3782 mulier
3295 3728 3499 3796 patitur
3525 3728 3582 3781 in
3615 3728 3746 3790 fetu,

2172 3818 2256 3873 vel
2301 3819 2565 3873 mortibus
2613 3817 2867 3884 filiorum,
2909 3817 3242 3874 Hierusalem
3277 3821 3516 3888 patiatur
3561 3821 3616 3875 in
3647 3836 3746 3890 po-

2171 3909 2330 3980 pulis.

2802 3978 3025 4036 CAPUT
3063 3979 3127 4035 ν.

2174 4071 2431 4142 Dominus
2472 4072 2656 4141 quwrit
2697 4072 2854 4140 ﬁdem
2882 4073 2938 4125 in
2964 4070 3154 4142 populo
3175 4090 3193 4128 :
3215 4074 3464 4142 prapheta
3494 4074 3641 4126 vadit
3679 4073 3746 4126 ad

2246 4141 2560 4211 obstinatos,
2602 4142 2852 4209 prwdicat
2912 4142 3248 4194 vastationem
3287 4153 3495 4211 propter
3535 4154 3747 4211 peccata

2243 4210 2600 4280 principumet
2629 4211 2954 4264 sacerdotum
2979 4227 2997 4264 :
3029 4226 3249 4278 quorum
3275 4210 3543 4280 eatalogus
3573 4229 3748 4266 recen-

2244 4288 2403 4332 setur.

2250 4387 2267 4418 ι
2312 4367 2606 4422 Circumite
2626 4368 2744 4423 vias
2773 4367 3137 4435 Hierusalem,
3168 4377 3222 4424 et
3253 4369 3497 4439 aspicite,
3533 4378 3588 4425 et
3620 4385 3722 4425 con

2183 4476 2202 4508 ‹
2245 4459 2510 4524 siderate,
2539 4467 2593 4512 et
2619 4460 2844 4527 quaerite
2876 4459 2930 4512 in
2957 4459 3152 4528 plateis
3187 4458 3323 4527 ejus,
3358 4476 3426 4513 an
3460 4460 3741 4515 inveniatis

2184 4568 2201 4600 ι
2247 4549 2422 4605 virum
2462 4549 2747 4604 facientem
2791 4549 3050 4620 judicium
3097 4559 3151 4604 et
3194 4558 3520 4620 quaerentem
3559 4549 3741 4614 fidem,

2180 4659 2199 4690 ι
2244 4646 2300 4693 et
2327 4637 2591 4706 propitius
2621 4654 2716 4693 ero
2742 4639 2811 4694 ei.
2844 4639 2994 4705 Quod
3019 4640 3062 4694 si
3090 4641 3274 4705 etiam,
3299 4639 3444 4696 Vivit
3463 4641 3744 4705 Dominus,

2181 4748 2200 4781 ι
2244 4724 2499 4793 dixerint,
2526 4737 2580 4782 et
2606 4729 2710 4783 hoc
2736 4729 2872 4784 falso
2906 4728 3185 4797 jurabunt.
3215 4748 3235 4781 ι
3267 4728 3537 4801 (Ηὶενοη.)
3566 4732 3748 4787 Gran-

2177 4821 2259 4874 dis
2289 4834 2442 4874 amor
2483 4818 2726 4888 justitiaa,
2753 4828 2813 4872 ut
2837 4832 3178 4888 nequaquam
3200 4859 3215 4884 ,
3261 4819 3414 4889 juxta
3442 4821 3749 4893 interroga.

2178 4912 2379 4966 tionem
2408 4908 2639 4963 Abraha:
2661 4915 2715 4963 et
2743 4909 3147 4978 responsionem
3172 4909 3290 4975 Dei,
3322 4925 3420 4979 pro
3449 4912 3634 4966 decem
3662 4913 3745 4966 vi-

2177 5001 2254 5055 ris
2273 4999 2432 5069 justis
2457 4999 2598 5053 Deus
2642 4997 2834 5052 liberet
2861 4998 3130 5052 civitatem
3170 4996 3323 5069 (Gen.
3349 5000 3533 5070 xvm);
3571 5002 3671 5056 sed
3701 5003 3748 5056 si

2178 5106 2344 5146 unum
2391 5090 2655 5144 invenerit
2701 5089 2812 5158 jam
2854 5088 3074 5158 jamque
3115 5089 3352 5160 peritura
3381 5088 3746 5160 Hierusalem,

2179 5183 2270 5252 qui
2315 5180 2479 5236 faciat
2498 5179 2756 5248 judicium
2786 5187 2841 5233 et
2869 5188 3078 5248 quaarat
3111 5180 3272 5235 fidem
3301 5179 3458 5251 (sive,
3494 5189 3554 5236 ut
3584 5180 3746 5252 Sym-

2180 5273 2404 5328 machus
2430 5272 2723 5337 transtulit,
2755 5269 3070 5342 veritatem),
3099 5278 3278 5326 tamen
3319 5270 3458 5326 Deus
3486 5272 3748 5328 miserea-

2181 5373 2270 5419 tur
2295 5363 2645 5420 Hierusalem.
2697 5363 2766 5417 Et
2787 5363 2910 5432 quia
2941 5371 3149 5434 poterat
3173 5361 3287 5417 fieri
3317 5371 3378 5417 ut
3403 5362 3564 5433 aliqui
3595 5365 3748 5420 inve-

2183 5457 2426 5510 nirentur
2454 5456 2508 5510 in
2536 5453 2729 5525 populo
2753 5456 2844 5524 qui
2872 5454 3185 5510 simularent
3218 5451 3418 5508 cultum
3443 5453 3538 5508 Dei
3571 5463 3630 5510 et
3653 5454 3713 5522 ju
3743 5484 3750 5493 -

2178 5554 2360 5600 rarent
2408 5561 2506 5614 per
2539 5545 2846 5610 Dominum,
2897 5545 2999 5598 hoe
3046 5543 3325 5612 praevenit,
3361 5544 3502 5612 quod
3535 5558 3747 5614 nequa-

2177 5652 2335 5707 quam
2366 5637 2510 5692 Deus
2534 5637 2687 5692 vanis
2731 5637 3086 5700 sermonibus,
3125 5635 3216 5689 sed
3241 5635 3464 5691 veritate
3495 5636 3619 5690 fidei
3651 5637 3750 5690 de-

2175 5727 2421 5794 lectetur,
2450 5737 2502 5784 et
2528 5727 2656 5783 dicit
2683 5745 2694 5780 :
2734 5727 2847 5782 Non
2883 5741 2976 5782 eos
3003 5725 3164 5792 diligo
3191 5726 3282 5789 qui
3317 5725 3496 5788 iurant
3529 5742 3627 5795 per
3653 5742 3741 5782 me
