3910 6334
173 344 267 401 8M

1083 334 1445 396 EXPOSITIO
1481 332 1708 392 SUPER
1746 325 2112 386 JEREMIAM.
2153 358 2223 370 --
2256 328 2385 385 LIB.
2425 328 2513 384 III.

172 468 229 515 οι
258 457 447 528 jura“;
482 456 538 510 in
567 453 868 519 mendacio,
913 451 1009 508 sed
1033 466 1264 523 quorum
1292 449 1456 506 corda
1490 447 1738 515 labiaque
1765 442 1819 504 Α
1919 459 1937 491 ‹
1982 440 2075 495 Ibo
2100 439 2264 510 igitur
2291 443 2360 494 ad
2384 441 2673 509 optimates
2705 448 2762 495 et
2798 440 2990 509 loquar
3016 440 3113 503 eis,
3144 439 3245 509 ipsi
3275 440 3421 495 enim

174 548 535 606 consentiunt.

250 657 271 691 ‹
317 634 559 703 Domine,
584 634 725 691 oculi
752 633 828 689 tui
869 631 1163 704 respiciunt
1203 630 1384 687 ﬁdem.
1420 624 1740 684 Percussisti

179 747 200 781 ‹
242 740 339 782 eos
362 732 417 781 et
446 740 552 780 non
579 723 894 790 doluerunt;
942 722 1195 779 attrivisti
1222 721 1339 777 illos
1365 728 1420 776 et
1451 723 1743 775 renuerunt

180 836 200 868 ι
244 818 490 889 accipere
536 815 892 887 disciplinam.
951 816 1345 871 Induraverunt
1396 811 1563 868 facies
1615 826 1743 868 suas

179 929 198 964 ‹
245 926 409 982 super
431 920 659 983 petram,
691 919 745 964 et
773 907 1066 963 noluerunt
1092 906 1313 963 reverti.
1348 922 1368 957 ι
1425 903 1556 961 Post
1577 903 1740 959 verba

172 999 404 1062 Domini,
437 999 632 1070 quibus
671 997 1033 1068 imperaverat
1080 997 1266 1053 dicens
1298 1013 1311 1049 :
1356 993 1595 1051 Circuite
1626 994 1744 1049 vias

176 1087 533 1153 Hierusalem,
564 1094 617 1143 et
644 1096 838 1143 caetera
857 1128 872 1154 ,
908 1086 1167 1159 propheta
1199 1085 1439 1156 loquitur
1466 1085 1534 1145 ad
1558 1084 1740 1140 Domi-

174 1196 302 1235 num
338 1199 351 1234 :
386 1199 405 1231 ‹
441 1179 690 1247 Domine,
720 1180 860 1236 oculi
908 1180 987 1235 tui
1032 1179 1327 1249 respiciunt
1353 1176 1535 1244 ﬁdem,
1572 1194 1591 1229 ι
1626 1192 1745 1247 quae

174 1270 438 1327 Hebraiee
472 1272 670 1327 dicitur
700 1280 879 1331 .‘mmt
922 1289 935 1326 :
982 1286 1089 1326 non
1118 1285 1283 1341 opera
1326 1267 1658 1333 Iudaeorum,
1689 1268 1743 1322 in

174 1360 369 1431 quibus
391 1361 546 1431 juxta
567 1361 700 1432 legis
724 1360 1071 1415 caeremonias
1094 1359 1452 1424 exsultabant,
1471 1357 1565 1413 sed
1585 1356 1745 1411 ﬁdem

172 1448 625 1513 Christianorum,
657 1464 755 1519 per
781 1463 944 1519 quam
973 1450 1147 1518 gratia
1181 1447 1316 1503 salvi
1363 1447 1491 1502 facti
1537 1461 1743 1502 sumus.

179 1538 291 1593 Hoc
321 1547 498 1593 autem
525 1538 759 1609 capitulo
784 1538 1041 1593 discimus
1085 1537 1288 1593 idcirco
1315 1535 1503 1592 inferri
1533 1536 1742 1606 suppli-

175 1630 256 1683 cia
274 1640 335 1684 ut
354 1629 485 1683 vitia
510 1630 867 1702 corrigantur.
886 1630 1128 1701 Denique
1151 1630 1229 1684 ait
1245 1646 1291 1682 :c
1310 1628 1630 1684 Percussisti
1653 1641 1747 1682 eos

172 1726 227 1772 et
254 1733 364 1772 non
400 1717 715 1783 doluerunt;
748 1717 998 1773 attrivisti
1034 1732 1149 1781 eos,
1174 1725 1235 1773 et
1276 1724 1572 1773 renuerunt
1596 1717 1743 1772 acci-

1814 554 1817 555 ν
1847 549 1865 582 ι
1912 537 2281 602 cognoverunt
2307 530 2451 584 viam
2474 531 2710 596 Domini,
2732 530 2995 601 judicium
3019 530 3113 584 Dei
3139 531 3240 584 sui.
3271 528 3427 594 (Hie-

1841 619 1981 691 ron.)
2008 621 2278 689 Pauperes
2300 619 2391 674 hic
2419 626 2474 673 et
2500 620 2788 689 optimates
2818 635 2925 675 non
2955 618 3135 688 inopia
3162 618 3423 674 dicuntur

1841 720 1897 766 et
1915 710 2139 776 divitiis,
2163 710 2259 765 sed
2278 704 2532 781 populum
2561 710 2895 781 principibus
2922 718 3222 778 comparat.
3250 708 3319 763 Et
3338 714 3427 765 est

1844 816 2035 857 sensus
2078 818 2093 854 :
2136 799 2376 857 Cernens
2422 799 2657 855 inﬁdelis
2704 800 2885 871 populi
2933 797 3316 869 pertinaciam,
3371 804 3429 852 et

1844 891 1984 961 quod
2020 889 2268 945 indurata
2302 887 2441 945 facie
2488 887 2721 944 noluerit
2771 889 3015 957 recipere
3063 885 3425 957 disciplinam,

1843 982 1949 1038 hoc
2001 997 2214 1038 mecum
2265 983 2476 1038 ratione
2524 982 2823 1037 tractabam
2873 996 2885 1031 :
2938 980 3186 1035 Forsitan
3238 979 3431 1050 vulgus

1844 1071 2078 1145 ignobile
2120 1086 2225 1125 non
2251 1081 2426 1142 potest
2451 1073 2547 1128 Dei
2586 1073 2749 1129 noSse
2774 1070 3100 1135 doctrinam,
3137 1080 3194 1124 et
3220 1063 3423 1125 idcirco

1844 1161 2152 1218 excusabile
2173 1170 2276 1227 est,
2291 1162 2418 1233 quia
2436 1171 2657 1233 pr0pter
2675 1163 3001 1233 imperitiam
3027 1160 3122 1215 Dei
3150 1175 3258 1215 non
3286 1159 3430 1214 valet

1846 1253 1986 1307 scire
2022 1252 2297 1307 mandata.
2335 1252 2563 1323 Pergam
2608 1252 2772 1323 igitur
2817 1253 2886 1307 ad
2930 1251 3242 1307 sacerdotes
3276 1259 3334 1305 et
3367 1249 3433 1304 ad

1846 1357 1941 1399 eos
1966 1344 2060 1412 qui
2085 1352 2326 1413 praesunt
2366 1345 2586 1415 populo,
2612 1352 2667 1400 et
2693 1343 2884 1414 loquar
2909 1344 3008 1409 eis,
3038 1343 3140 1413 ipsi
3166 1342 3310 1399 enim
3336 1358 3432 1397 co-

1848 1444 2153 1504 gnoverunt
2200 1434 2533 1491 voluntatem
2572 1437 2805 1501 Domini,
2856 1445 2913 1492 et
2945 1437 3125 1492 sciunt
3169 1430 3433 1505 judicium

1847 1523 1945 1579 Dei
1968 1524 2071 1579 sui.
2108 1523 2221 1580 Hoc
2259 1532 2440 1581 autem
2469 1524 2603 1581 dicit
2652 1541 2902 1581 sermone
2933 1526 3253 1592 dubitantis,
3278 1523 3437 1595 juxta

1850 1613 1981 1669 illud
2024 1614 2436 1685 evangelicum:
2486 1635 2505 1667 (
2545 1614 2753 1670 Mittam
2791 1615 2961 1671 ﬁlium
3008 1631 3213 1681 meum,
3261 1617 3439 1687 ipsum

1850 1703 2078 1760 forsitan
2108 1707 2498 1762 reverebuntur
2528 1705 2746 1778 (Matth.
2775 1707 2946 1780 1311),:
2980 1717 3041 1763 ut
3075 1724 3144 1763 ex
3170 1708 3437 1785 ambigui:

174 1823 305 1878 pere
334 1807 688 1876 disciplinam.
724 1827 743 1860 ›
776 1806 882 1863 Per
905 1808 1086 1864 omnia
1111 1808 1255 1863 enim
1286 1813 1555 1863 tormenta
1586 1816 1747 1877 atque

1857 1803 1962 1850 tate
2006 1795 2292 1850 sententia;
2335 1805 2391 1851 et
2434 1798 2789 1865 suspensione
2831 1797 3150 1865 verborum,
3204 1797 3437 1853 liberum
3504 1828 3507 1831 ι

174 1895 383 1967 ﬂagella
434 1910 539 1951 non
581 1896 900 1951 emendatur
945 1896 1300 1961 Hierusalem,
1346 1905 1402 1951 et
1445 1908 1608 1965 super
1635 1896 1751 1950 haec

174 1988 429 2041 universa
476 2002 544 2040 ne
584 1988 967 2043 verecundiam
1012 1986 1228 2057 quidem
1285 2002 1513 2043 suorum
1547 1986 1751 2042 habere

173 2077 453 2143 vitiorum,
484 2076 579 2132 sed
606 2077 779 2133 instar
799 2085 970 2148 petrae
995 2077 1310 2132 indurantes
1335 2076 1530 2131 frontis
1577 2077 1750 2147 impu-

177 2169 419 2225 dentiam
488 2169 775 2225 noluerunt
825 2168 892 2223 ad
953 2169 1175 2225 meliora
1229 2170 1490 2223 converti.
1547 2166 1750 2240 (Greg.)

178 2257 369 2315 Omnis
392 2275 522 2330 ergo
555 2260 737 2315 divina
780 2260 1059 2330 percussio
1088 2268 1180 2314 aut
1206 2260 1454 2353 purgat‘io
1500 2260 1554 2315 in
1595 2259 1753 2314 nobis

175 2349 302 2403 vitae
345 2348 627 2418 praesentis
675 2357 776 2413 est,
826 2357 921 2403 aut
958 2348 1171 2403 initium
1224 2348 1407 2418 paenae
1452 2349 1748 2417 sequentis.

174 2440 407 2512 Propter
428 2455 523 2497 eos
549 2441 693 2497 enim
731 2441 824 2511 qui
860 2457 929 2497 ex
957 2439 1168 2511 ﬂagello
1210 2440 1501 2511 proﬁciunt
1548 2439 1752 2494 dictum

178 2542 265 2585 est
293 2548 309 2585 :
342 2549 359 2581 ι
394 2530 494 2597 Qui
519 2530 677 2602 ﬁngis
697 2530 936 2586 dolorem
962 2532 1015 2585 in
1036 2539 1303 2602 prmeepto
1328 2528 1501 2603 (Psal.
1530 2530 1705 2601 xcm).
1728 2549 1746 2582 ι

177 2621 315 2689 Quia
344 2621 468 2676 dum
497 2619 797 2693 ﬂagellatur
836 2621 1052 2691 iniquus
1086 2630 1141 2677 et
1183 2621 1472 2693 corrigitur
1494 2660 1511 2688 ,
1551 2635 1757 2690 prame-

181 2719 332 2781 ptam
369 2712 553 2765 audire
587 2710 779 2777 noluit,
813 2711 1016 2767 audivit
1046 2711 1306 2767 dolorem.
1341 2711 1505 2765 Dolor
1533 2726 1661 2783 ergo
1697 2711 1752 2765 in

178 2808 449 2871 praicepto
492 2800 712 2871 ﬁngitur
757 2799 808 2856 ei
849 2801 941 2872 qui
988 2816 1020 2856 a
1049 2801 1205 2856 malis
1250 2801 1523 2872 operibus,
1574 2802 1749 2872 quasi,

178 2894 433 2964 praecepti
475 2893 612 2959 vice,
657 2893 841 2949 dolore
888 2895 1188 2950 cohibetur.
1246 2894 1324 2950 De
1353 2895 1439 2949 bis
1465 2908 1593 2949 vero
1618 2909 1755 2963 quos

178 2984 439 3039 damnant
464 2983 672 3056 ﬂagella
706 2993 761 3040 et
785 3000 890 3040 non
926 2985 1174 3052 liberant,
1203 2985 1427 3040 dicitur:
1462 3003 1481 3037 ι
1522 2984 1754 3040 Percus—

178 3075 294 3129 sisti
333 3089 428 3129 eos
454 3089 555 3129 nec
581 3073 907 3130 doluerunt:
939 3075 1191 3135 attnivisti
1224 3090 1337 3139 eos,
1373 3084 1428 3129 et
1460 3081 1755 3130 renuerunt

180 3164 429 3233 accipere
479 3163 834 3232 disciplinam.
872 3182 890 3215 ι
923 3132 1049 3220 Ηωέ
1074 3164 1278 3235 ﬂagella
1304 3132 1372 3220 at.
1404 3169 1505 3219 hac
1527 3164 1635 3218 vita
1674 3165 1757 3219 in-
1782 3132 1827 3195 (ἶ

182 3254 402 3318 choant,
431 3261 486 3308 et
523 3253 578 3309 in
626 3263 827 3308 aeterna
868 3254 1215 3323 percussione
1256 3254 1570 3324 perdurant.
1603 3252 1758 3311 Unde

180 3358 274 3413 per
299 3342 522 3414 Moysen
548 3344 807 3398 Dominus
846 3343 977 3400 dicit
1020 3361 1033 3398 :
1081 3363 1101 3396 ι
1148 3343 1291 3421 Ignis
1317 3344 1517 3401 exarsit
1568 3342 1637 3403 ab
1678 3345 1757 3400 ira

181 3447 323 3497 mea,
353 3442 409 3488 et
434 3434 645 3488 ardebit
677 3448 849 3505 usque
874 3433 941 3489 ad
965 3433 1168 3491 inferos
1210 3435 1480 3491 deorsum.
1513 3454 1532 3487 ι
1581 3434 1759 3502 Quan-

181 3530 293 3575 tum
324 3521 397 3576 ad
428 3528 746 3593 praesentem
777 3523 975 3578 etenim
1004 3525 1409 3595 percussionem
1459 3534 1755 3596 exspectat,

180 3618 327 3666 recte
354 3609 582 3665 dicitur:
618 3629 637 3662 ι
664 3612 809 3683 Ignis
831 3614 1038 3669 exarsit
1063 3614 1132 3670 ab
1163 3614 1245 3669 ira
1269 3630 1419 3681 mea;
1443 3636 1463 3669 δ
1497 3625 1760 3686 quantum

181 3713 309 3755 vero
350 3700 417 3755 ad
449 3708 704 3756 aeternam
732 3702 1155 3770 damnationem,
1186 3713 1308 3776 apte
1336 3720 1462 3760 mox
1489 3706 1757 3773 subditur,

188 3810 205 3841 ε
243 3800 297 3845 et
346 3790 560 3846 ardebit
586 3805 790 3863 usque
815 3792 885 3846 ad
938 3792 1139 3849 inferos
1181 3794 1451 3849 deorsum.
1485 3816 1504 3848 ›
1534 3796 1685 3852 Licet
1728 3813 1759 3852 a

182 3882 503 3952 quibusdam
553 3882 660 3937 dici
704 3881 874 3938 soleat
912 3884 1054 3953 quod
1104 3883 1365 3953 scriptum
1410 3892 1530 3939 est:
1588 3902 1608 3936 ε
1640 3884 1759 3941 Non

177 3970 448 4041 judicabit
487 3970 630 4026 Deus
666 3972 751 4027 bis
791 3963 851 4026 in
881 3972 1135 4045 idipsum.
1172 3992 1192 4025 ι
1245 3972 1347 4041 Qui
1390 3983 1570 4029 tamen
1615 3976 1757 4045 quod

180 4076 276 4131 per
326 4063 645 4134 prophetam
692 4063 890 4120 dicitur
930 4066 995 4121 de
1045 4065 1243 4135 iniquis
1284 4081 1392 4122 non
1440 4068 1756 4123 attendunt:

186 4172 203 4204 ε
238 4154 306 4209 Et
350 4156 550 4227 duplici
595 4157 912 4216 confusione
954 4171 1175 4217 contere
1216 4176 1341 4229 eos,
1377 4180 1398 4217 ι
1438 4172 1492 4216 et
1524 4163 1580 4217 id
1616 4165 1761 4233 quod

183 4243 316 4300 alias
350 4247 614 4317 scriptum
640 4257 726 4304 est
758 4268 771 4304 :
798 4248 955 4306 Iesus
996 4252 1251 4322 populum
1278 4252 1345 4307 de
1366 4259 1509 4307 terra
1536 4251 1760 4325 Egypti

184 4333 422 4401 salvans,
452 4338 689 4393 secundo
718 4352 814 4394 eos
855 4341 950 4411 qui
980 4356 1087 4397 non
1117 4342 1477 4409 crediderunt,
1503 4344 1755 4413 perdidit.

1850 1884 2086 1940 hominis
2110 1892 2509 1941 monstraretur
2536 1888 2842 1943 arbitrium.

1927 1992 1946 2024 ι
1992 1973 2059 2028 Et
2097 1987 2225 2029 ecce
2271 1975 2443 2046 magis
2484 1975 2539 2030 hi
2589 1975 2749 2030 simul
2797 1975 3188 2048 confregerunt
3227 1977 3439 2048 jugum,

1857 2080 1878 2114 ι
1925 2072 2187 2135 ruperunt
2238 2064 2492 2132 vincula,
2544 2065 2748 2121 idcirco
2790 2068 3062 2137 percussit
3101 2083 3195 2123 eos
3245 2067 3331 2121 leo
3375 2066 3445 2121 de

1859 2171 1879 2205 ι
1926 2155 2083 2221 silva,
2114 2155 2271 2225 lupus
2298 2156 2366 2210 ad
2395 2171 2679 2227 vesperam
2710 2159 2944 2213 vastavit
2988 2173 3102 2224 eos,
3131 2158 3334 2228 pardus
3361 2158 3444 2211 vi-

1859 2262 1877 2295 α
1922 2246 2097 2316 gilans
2129 2261 2293 2316 super
2319 2247 2569 2302 civitates
2612 2263 2819 2302 eorum.
2858 2248 3046 2304 Omnis
3071 2250 3162 2318 qui
3192 2263 3461 2320 egressus

1858 2351 1877 2384 ι
1922 2334 2088 2390 fuerit
2135 2350 2201 2389 ex
2254 2336 2335 2391 eis
2385 2337 2647 2407 capietur,
2706 2337 2833 2407 quia
2884 2338 3251 2408 multiplicata:
3319 2347 3447 2394 sunt

1858 2444 1878 2477 ‹
1923 2426 2403 2494 praevaricationes
2443 2442 2652 2492 eorum,
2685 2427 3002 2484 confortatze
3031 2437 3159 2483 sunt
3198 2430 3439 2485 aversio-

1860 2532 1881 2567 .-
1926 2531 2026 2572 nes
2057 2531 2265 2573 eorum.
2300 2536 2319 2568 ι
2370 2517 2519 2586 Quos
2563 2519 2853 2588 magistros
2893 2520 3188 2590 putabam,
3240 2521 3446 2576 inventi

1855 2614 1981 2661 sunt
2020 2602 2394 2677 pejores‘esse
2424 2606 2731 2677 discipulis;
2779 2617 2834 2662 et
2856 2617 3056 2678 quanto
3106 2610 3159 2663 in
3190 2608 3447 2665 divitibus

1855 2700 2031 2769 major
2050 2702 2366 2766 auctoritas,
2396 2710 2548 2756 tanto
2570 2701 2744 2772 major
2768 2702 3053 2756 insolentia
3076 2709 3445 2771 peccatorum.

1857 2791 2254 2863 Confregerunt
2285 2793 2428 2846 enim
2467 2792 2658 2864 jugum
2707 2792 2860 2860 legis,
2912 2794 3125 2848 dicente
3152 2793 3445 2863 Apostolo:

1863 2902 1889 2930 ι
1941 2880 2096 2939 Nune
2150 2900 2280 2955 ergo
2345 2884 2475 2955 quid
2525 2884 2746 2940 tentatis
2792 2885 2983 2949 Deum,
3039 2885 3317 2954 imponere
3358 2887 3446 2956 ju-

1860 2990 1986 3045 gum
2022 2989 2187 3044 super
2212 2974 2482 3030 cervicem
2533 2975 2942 3046 discipulorum,
2975 2977 3120 3047 quod
3146 2992 3328 3046 neque
3355 2993 3451 3046 pa-

1860 3075 1974 3122 tres
2015 3066 2183 3122 nostri
2226 3081 2402 3138 neque
2445 3081 2545 3123 nos
2592 3076 2812 3138 portare
2855 3067 3164 3138 potuimus?
3210 3067 3304 3122 sed
3353 3083 3452 3137 per

1858 3163 2089 3231 gratiam
2116 3161 2330 3217 Domini
2359 3159 2485 3217 Iesu
2538 3161 2809 3217 credimus
2857 3160 3049 3215 salvari
3099 3160 3451 3229 quemadmo-

1857 3253 1983 3306 dqu
2013 3259 2069 3306 et
2094 3251 2171 3306 illi
2201 3250 2339 3323 (Act.
2371 3250 2497 3321 xv);
2520 3270 2549 3303 ·›
2575 3311 2577 3313 ,
2604 3259 2975 3321 ruperuntque
3002 3249 3221 3305 vincula
3246 3265 3452 3320 praece—

1856 3349 2071 3410 ptorum
2106 3340 2223 3407 Dei,
2254 3350 2309 3396 et
2352 3344 2461 3396 non
2485 3341 2910 3406 Pharisaeorum,
2944 3342 3009 3395 de
3037 3340 3232 3410 quibus
3276 3341 3332 3395 in
3359 3356 3445 3395 se-

1860 3431 2038 3485 cundo
2082 3420 2288 3499 psalmo
2328 3431 2548 3503 ponitur
2576 3448 2587 3483 :
2620 3449 2638 3481 ‹
2673 3430 3086 3500 Disrumpamus
3111 3430 3325 3485 vincula
3354 3446 3447 3485 eo.

1860 3536 2003 3585 rum,
2040 3527 2097 3575 et
2118 3516 2467 3591 projiciamus
2490 3536 2526 3574 ‘a
2552 3521 2708 3576 nobis
2729 3519 2919 3593 jugum
2942 3522 3213 3590 ipsorum.
3255 3540 3273 3573 ›
3301 3521 3439 3588 Quia

1859 3611 2026 3681 igitur
2081 3611 2184 3665 ista
2225 3610 2409 3668 omnia
2457 3610 2730 3677 fecerunt,
2771 3631 2790 3662 ‹
2822 3612 3090 3682 percussit
3135 3626 3230 3666 eos
3256 3611 3341 3667 leo
3376 3613 3443 3668 de

1862 3701 2023 3768 silva,
2054 3720 2074 3754 ι
2132 3716 2359 3777 regnum
2407 3701 2662 3757 videlicet
2688 3702 3076 3775 Babylonium;
3125 3703 3332 3773 «lupus
3376 3703 3474 3756 ad.

1856 3809 2145 3865 vesperam
2173 3795 2409 3851 vastavit
2452 3810 2567 3860 eos,
2601 3814 2620 3847 ι
2674 3795 2857 3851 Medos
2884 3795 3187 3865 Persasque
3234 3796 3446 3865 signifi—

1860 3900 1991 3938 cans
2024 3898 2039 3937 :
2084 3899 2185 3955 pro
2208 3899 2314 3953 quo
2364 3883 2418 3941 in
2465 3885 2670 3939 visione
2696 3884 2933 3940 Danielis
2979 3884 3140 3956 (Dan.
3174 3884 3447 3956 vu)'ursa

1860 3974 2098 4044 ponitur,
2131 3971 2284 4042 cujus
2325 3973 2382 4028 in
2421 3988 2518 4029 ore
2557 3981 2670 4028 tres
2710 3981 2869 4028 erant
2907 3975 3158 4040 ordines;
3201 3992 3218 4025 ι
3249 3975 3451 4043 pardus

1860 4064 2093 4137 vigilans
2123 4080 2285 4135 super
2307 4064 2557 4120 civitates
2577 4078 2786 4131 eorum,
2821 4085 2839 4116 ι
2869 4064 3447 4138 Alexandri‘impelum

1858 4156 2235 4228 praeﬁgurans,
2261 4165 2316 4212 et
2354 4157 2594 4213 velocem
2624 4157 2690 4211 de
2715 4155 3007 4213 Occidente
3055 4172 3226 4226 usque
3270 4160 3339 4213 ad
3365 4159 3446 4213 In-

1862 4247 2007 4301 diam
2041 4246 2470 4316 percussionem.
2501 4244 2740 4299 Pardum
2769 4253 2952 4301 autem
2977 4253 3134 4300 vocat
3172 4247 3243 4301 ob
3270 4249 3444 4302 varie-

1862 4345 2054 4404 tatem,
2076 4346 2132 4393 et
2154 4338 2281 4407 quia
2308 4338 2560 4409 plurimis
2590 4337 2692 4392 sibi
2719 4336 2949 4392 subditis
2977 4338 3227 4409 gentibus
3255 4348 3445 4394 contra

189 4442 206 4475 ι
238 4425 448 4493 Quibus
472 4434 653 4482 tamen
685 4427 732 4484 si
760 4443 1083 4486 consensum
1112 4431 1437 4501 praebemus,
1462 4432 1759 4502 quamlibet
1784 4483 1835 4502 ﬁ
1862 4429 2050 4489 Medos
2070 4429 2348 4486 dimicavit
2371 4437 2425 4483 et
2454 4427 2666 4483 Persas.
2692 4428 2761 4481 Et
2787 4436 3037 4496 quatuor,
3068 4427 3265 4497 inquit,
3292 4438 3451 4484 erant

184 4518 411 4589 culpam‘
428 4518 512 4575 bis
550 4518 699 4575 feriri
722 4536 829 4576 non
851 4536 1029 4592 posse,
1067 4524 1172 4578 hoc
1203 4536 1271 4577 ex
1292 4531 1513 4593 peccato
1532 4538 1757 4593 percus-

186 4608 261 4665 sis
296 4610 440 4665 etin
474 4620 697 4681 peccato
740 4628 839 4668 suo
875 4613 1230 4668 morientibus
1275 4614 1434 4668 debet
1476 4613 1754 4679 aestimari,

186 4703 312 4772 quia
346 4717 534 4758 eorum
572 4705 850 4774 percussio
876 4705 965 4761 hic
989 4715 1165 4776 empta
1205 4704 1316 4762 illic
1362 4706 1658 4776 perﬁcitur,
1700 4712 1760 4760 ut

185 4790 507 4868 incorrectis
552 4808 717 4847 unum
758 4791 1025 4863 ﬂagellum
1080 4795 1151 4848 sit
1194 4795 1335 4862 quod
1390 4794 1757 4865 temporaliter

186 4881 415 4954 incipit,
468 4883 560 4938 sed
611 4884 666 4938 in
700 4884 944 4939 aeternis
982 4883 1257 4955 suppliciis
1329 4895 1753 4953 consummatur,

187 4980 452 5043 quatenus
478 4972 559 5027 eis
583 4973 674 5041 qui
703 4972 921 5027 omnino
963 4972 1161 5043 corrigi
1193 4984 1443 5039 renuunt,
1477 4975 1588 5045 jam
1614 4986 1755 5044 pra:-

188 5062 421 5116 sentium
468 5061 800 5134 ﬂagellon
847 5063 1125 5132 percussio
1168 5064 1506 5132 sequentium
1537 5064 1611 5119 sit
1656 5065 1758 5118 ini-

190 5152 317 5207 tium
345 5161 761 5209 tormentorum.

262 5260 281 5292 (
326 5242 440 5313 Ego
487 5252 667 5298 autem
714 5244 824 5299 dixi
872 5261 888 5302 :
929 5243 1178 5299 Forsitan
1229 5253 1489 5315 pauperes
1538 5254 1664 5301 sunt
1702 5255 1759 5301 et

197 5351 215 5384 ί
256 5333 429 5400 stulti,
454 5333 761 5405 ignorantes
786 5334 929 5389 viam
948 5334 1182 5400 Domini,
1199 5334 1459 5403 judiciqu
1483 5336 1575 5392 Dei
1606 5338 1708 5391 sui.
1731 5357 1749 5388 ι

178 5422 345 5496 Saepe
370 5426 660 5482 stultorum
689 5428 907 5483 nomine
944 5428 997 5483 hi
1021 5428 1111 5497 qui
1139 5436 1264 5482 sunt
1302 5429 1354 5482 in
1379 5428 1531 5497 plebe
1562 5441 1760 5497 paupe-

194 5530 280 5571 res
302 5517 672 5588 designantur.
723 5518 875 5574 Unde
908 5527 964 5573 et
984 5533 1129 5573 nunc
1176 5533 1273 5588 per
1299 5517 1591 5573 Jeremiam
1628 5517 1760 5571 dici-

198 5617 316 5663 tur:
356 5629 374 5661 ι
408 5609 553 5675 Dixi,
579 5607 829 5665 Forsitan
856 5624 1123 5679 pauperes
1152 5618 1280 5663 sunt
1320 5617 1375 5664 et
1417 5594 1589 5673 stulti,
1620 5608 1761 5676 igno-

199 5708 374 5755 rantes
398 5700 544 5756 viam
570 5700 783 5756 Domini
808 5708 860 5753 ct
873 5699 1136 5767 judicium
1156 5700 1250 5754 Dei
1278 5700 1381 5754 sui.
1425 5717 1443 5751 ι

588 5791 861 5852 Parum.
900 5790 1064 5849 CXI.

1782 4483 1837 4543 D

1862 4522 2038 4591 capita
2068 4521 2123 4575 in
2144 4521 2336 4585 bestia,
2365 4527 2421 4575 et
2447 4527 2687 4591 potestas
2710 4521 2837 4574 data
2864 4528 2948 4573 est
2977 4519 3045 4574 ei.
3096 4520 3162 4573 Et
3184 4522 3307 4589 quia
3333 4538 3441 4577 non

1863 4611 1928 4665 de
1957 4612 2138 4666 futuro
2176 4612 2523 4675 vaticinatur,
2561 4612 2655 4665 sed
2702 4611 2767 4665 de
2795 4612 3090 4681 praeterito,
3125 4611 3271 4667 velut
3305 4612 3449 4681 jam-

1856 4702 2077 4773 jamque
2112 4705 2353 4759 venturis
2400 4705 2534 4757 texit
2578 4704 2881 4770 historiam,
2910 4706 3117 4760 idcirco
3160 4713 3340 4759 autem
3377 4707 3446 4761 de

1861 4792 2105 4850 Romano
2161 4802 2305 4850 tacet
2347 4795 2596 4864 imperio,
2650 4795 2716 4851 de
2772 4798 2878 4865 quo
2924 4795 3149 4851 forsitan
3202 4796 3440 4852 dicitur:

1866 4883 2084 4939 «Omnis
2108 4884 2199 4952 qui
2221 4899 2474 4954 egressus
2498 4886 2663 4939 fuerit
2687 4901 2751 4940 ex
2776 4886 2877 4951 eis,
2890 4885 3439 4956 capieturaCausaso

1867 4989 1972 5044 que
2000 4973 2179 5027 reddit
2205 4990 2302 5028 cur
2340 4975 2443 5029 ista
2473 4976 2714 5045 perpessi
2739 4984 2885 5040 sunt,
2914 4976 3041 5044 quia
3069 4975 3444 5046 multiplicata:

1864 5071 1989 5116 sunt
2034 5063 2511 5131 praevaricationes
2553 5080 2765 5126 eorum,
2792 5072 2846 5118 et
2873 5075 3359 5133 perseveraverunt
3388 5066 3442 5121 in

1863 5156 2402 5225 transgressionibus.
2457 5156 2609 5212 Unde
2657 5157 2856 5212 dicitur
2896 5174 2909 5206 :
2960 5176 2978 5208 ‹
3015 5157 3083 5211 Et
3123 5158 3441 5213 confertam

1864 5254 1989 5297 sunt
2015 5244 2323 5300 aversiones
2344 5258 2553 5300 eorum.
2587 5264 2606 5297 ι
2635 5244 2769 5300 Illud
2798 5245 2942 5315 quod
2969 5245 3023 5300 in
3052 5246 3318 5318 principio
3348 5230 3445 5317 po-

1864 5336 2071 5391 suimus
2097 5340 2317 5392 verbum
2342 5337 2667 5395 Hebraicum
2700 5348 2827 5426 τρτζγ
2866 5352 3058 5395 sonare
3099 5338 3355 5408 vigiliam,
3386 5339 3441 5394 in

1861 5430 2110 5498 prmsenti
2168 5429 2284 5484 loco
2325 5432 2646 5486 ostenditur.
2712 5431 2813 5485 Ubi
2860 5432 3003 5485 enim
3056 5444 3156 5485 nos
3202 5430 3440 5487 diximus

1866 5540 1884 5571 ι
1921 5522 2122 5605 pardus
2146 5520 2395 5591 vigilans,
2430 5541 2448 5571 ι
2504 5521 2557 5574 in
2588 5520 2852 5575 HebraiCo
2898 5521 3158 5591 scriptum
3196 5529 3280 5576 est
3315 5532 3443 5609 τραγ

1860 5602 1997 5669 '09:.
2051 5608 2211 5664 Juxta
2271 5609 2661 5680 tropolOgiam,
2706 5611 2797 5680 qui
2845 5612 3025 5682 magni
3076 5602 3443 5679 putantur'in

1864 5701 2128 5765 Ecclesia,
2163 5701 2288 5769 quia
2320 5700 2667 5772 confringunt
2706 5701 2893 5772 jugum
2942 5707 3294 5771 etrumpunt
3318 5700 3439 5755 vin-

3315 327 3423 381 842
3507 372 3511 376 .
