3910 6352
421 343 532 404 865
1063 342 1124 398 Β.
1165 341 1421 398 RABANI
1457 340 1676 398 MAUR!
1712 337 2034 395 ARClIlEP.
2073 328 2384 397 IIOGUNT.
2424 339 2713 397 OPERUM
2744 339 2928 398 PARS
2966 341 3053 398 ill.
3597 344 3703 400 ω

423 457 569 523 cuia,
601 453 806 513 idcirco
833 457 1127 512 traduntur
1164 457 1221 510 in
1265 457 1618 528 ignominiam
1661 457 1997 528 passionum,
2028 457 2083 517 Α
2106 455 2180 510 tio
2196 465 2416 534 propter
2435 455 2780 513 clementiam
2795 457 3019 529 judicis,
3041 466 3227 515 etnon
3248 467 3475 530 propter
3503 462 3702 518 merita

421 559 484 607 ut
511 549 720 620 faciant
742 564 862 618 qum
887 565 992 604 non
1022 549 1367 604 conveniunt.
2111 545 2556 614 delinquentium.
2602 615 2607 620 ~

501 660 523 693 ι
565 640 741 712 Super
785 656 896 710 quo
917 641 1183 712 propitius
1225 640 1324 695 tibi
1363 656 1486 697 esse
1514 642 1743 711 potero?
1769 641 1890 696 Filii
1933 642 2010 697 tui
2187 657 2207 692 ι
2252 637 2596 710 Negaverunt
2615 639 2926 708 Dominum,
2947 648 3005 696 et
3023 640 3277 696 dixerunt
3296 657 3312 695 :
3334 641 3558 698 Nonest
3581 641 3700 714 ipso

429 750 454 786 ο
495 732 905 802 dereliquerun't
949 749 1035 790 me
1054 768 1077 798 ν
1101 741 1157 788 et
1184 734 1374 804 jurant
1412 733 1466 787 in
1498 732 1584 788 his
1618 735 1711 804 qui
1738 749 1846 790 non
1882 742 2010 790 sunt
2117 748 2136 782 ι
2183 730 2308 802 (sive
2338 746 2452 785 non
2474 739 2601 786 sunt
2627 731 2800 803 haec),
2825 747 3000 803 neque
3037 733 3222 787 veniet
3249 748 3414 803 super
3446 747 3551 789 nos
3580 749 3701 789 ma-

429 842 454 880 σ
495 825 596 881 dii.
622 823 874 882 Saturavi
899 841 995 883 eos
1024 834 1079 881 et
1099 828 1354 882 mmchati
1382 835 1526 890 sunt,
1557 835 1612 882 et
1637 827 1694 882 in
1713 827 1871 883 domo
1897 837 2011 883 me-
2116 841 2135 874 σ
2180 821 2290 875 lum
2319 840 2332 874 :
2359 822 2597 893 gladium
2625 833 2682 878 et
2706 823 2906 880 Famem
2935 839 3044 880 non
3066 823 3390 879 Videbimus.
3417 825 3704 896 Propheta

429 935 448 970 ι
493 918 712 974 retricis
741 918 1178 973 luxuriabantur.
1208 915 1345 988 Equi
1367 927 1642 975 amatores
1667 920 1724 974 in
1755 919 2008 984 feminas,
2117 932 2136 964 ι
2166 912 2403 969 fuerunt
2438 917 2499 970 in
2526 925 2750 972 ventmn
2774 919 2968 983 locuti,
2988 926 3048 973 et
3067 932 3394 988 responsum
3421 918 3553 988 (sine
3583 934 3702 987 ser:

427 1028 450 1063 ι
491 1017 549 1066 et
575 1009 844 1067 emissarii
870 1008 1003 1065 facti
1038 1019 1166 1065 sunt
1192 1010 1344 1066 mihi.
1377 1010 1754 1082 Unusquisque
1783 1011 1853 1066 ad
1878 1025 2008 1065 uxo-
2116 1026 2138 1058 ι
2179 1009 2299 1081 nio)
2335 1025 2444 1064 non
2489 1009 2592 1065 fuit
2629 1012 2691 1065 in
2726 1011 2847 1067 eis:
2881 1012 2999 1066 hac
3039 1025 3171 1079 ergo
3215 1009 3470 1083 evenient
3514 1009 3698 1086 illis.)

425 1118 448 1153 ί
493 1096 610 1156 rem
630 1100 866 1171 proximi
893 1101 978 1156 sui
1005 1100 1301 1159 hinniobat.
1323 1101 1584 1172 Nunquid
1608 1117 1770 1173 super
1793 1102 1882 1157 his
1900 1115 2010 1158 non
2110 1098 2245 1166 Quia
2275 1110 2610 1171 negaverunt
2629 1101 2800 1156 Deum
2821 1140 2838 1168 ,
2867 1102 2981 1157 sive
3015 1101 3231 1156 mentiti
3273 1111 3400 1156 sunt
3449 1100 3702 1164 Domino,

426 1209 454 1246 ι
490 1193 753 1258 visitabo,
778 1192 912 1248 dicit
936 1193 1198 1249 Dominus
1216 1234 1232 1260 ,
1261 1202 1320 1250 et
1341 1194 1400 1250 in
1421 1202 1579 1266 gente
1612 1195 1702 1248 tali
1728 1208 1844 1248 non
1874 1195 2016 1250 ulci~
2108 1199 2166 1246 et
2191 1191 2471 1256 dixerunt,
2495 1191 2614 1247 Non
2642 1201 2728 1247 est
2757 1193 2873 1262 ipse
2902 1191 3057 1261 cujus
3075 1189 3286 1263 judicio
3315 1191 3450 1246 ﬁent
3478 1190 3702 1256 omnia,

425 1301 448 1336 ι
489 1292 674 1340 seetnr
691 1283 874 1338 animo
895 1283 1050 1338 ea?
1080 1305 1100 1336 ι
1137 1286 1413 1360 raraque
1438 1294 1786 1355 peccatorum
1811 1284 2006 1339 Hieru-
2110 1287 2204 1342 sed
2227 1285 2450 1341 fortuito
2483 1287 2597 1342 meo
2628 1287 2813 1342 omnia
2860 1287 3208 1342 acciderunt:
3234 1297 3410 1354 neque
3450 1284 3707 1339 evenient

419 1363 631 1430 salem:
667 1374 800 1429 dum
823 1375 957 1432 dicit
978 1390 1036 1430 se
1061 1375 1314 1445 ignorare
1337 1376 1480 1452 Deus
1527 1390 1638 1446 qua
1676 1376 1849 1446 posit
1890 1376 2015 1446 ejus
2109 1392 2232 1447 quae
2254 1377 2410 1432 nobis
2443 1373 2838 1448 prophetarum
2865 1393 3029 1434 voces
3061 1379 3370 1444 minantur;
3407 1391 3512 1449 nec
3548 1377 3707 1432 vide-

418 1469 707 1524 occasionc
757 1468 1009 1524 misereri
1034 1485 1048 1522 :
1086 1486 1113 1520 ο
1142 1468 1299 1536 Filii,
1329 1469 1558 1539 inquit,
1588 1471 1665 1524 tui
1706 1468 2011 1539 derelique-
2109 1467 2289 1524 bimus
2315 1468 2574 1539 gladium,
2599 1483 2700 1524 nec
2724 1469 2922 1525 famem
2952 1470 3344 1525 sustinebimus
3361 1467 3705 1524 obsidionis:

419 1566 550 1614 runt
570 1573 678 1614 me.
722 1577 743 1611 ι
776 1557 1132 1629 Nequaquam
1155 1559 1303 1624 mei,
1327 1559 1422 1614 sed
1447 1559 1557 1624 tui,
1586 1559 1712 1629 quia
1736 1559 1926 1628 jurant
1954 1559 2014 1612 in
2112 1567 2169 1613 et
2192 1558 2457 1630 quidquid
2485 1560 2652 1616 locuti
2694 1571 2824 1616 sunt
2864 1562 3173 1632 prophetae,
3203 1561 3258 1616 in
3291 1569 3512 1616 rentum
3540 1557 3709 1614 locuti

418 1649 613 1720 bisqui
630 1665 738 1704 non
759 1658 888 1706 sunt
910 1651 1003 1706 dii.
1035 1669 1056 1702 ε
1085 1649 1336 1706 Saturavi
1356 1664 1448 1704 eos
1462 1657 1520 1704 et
1539 1649 1798 1704 mchati
1813 1655 1956 1703 sunt.
1983 1667 2004 1700 ι
2113 1658 2268 1716 sunt,
2297 1659 2352 1706 et
2396 1652 2555 1706 irrita
2602 1653 2787 1708 omnia
2836 1654 3170 1708 transierunt
3185 1683 3208 1720 ,-
3253 1667 3353 1708 nec
3398 1652 3712 1739 habuerupt

406 1727 663 1797 'Audiant
685 1741 810 1808 hoc,
842 1741 942 1812 qui
961 1742 1200 1812 acceptis
1221 1757 1256 1794 a
1278 1739 1511 1796 Domino
1527 1739 1729 1795 divitiis
1749 1740 2010 1795 inenban-
2057 1813 2070 1815 _
2112 1757 2456 1812 responsum,
2481 1744 2585 1799 hoc
2613 1752 2716 1808 est,
2757 1745 3072 1809 oraculum,
3099 1746 3214 1800 sive
3249 1760 3430 1815 sermo
3468 1744 3562 1798 Dei
3595 1727 3708 1797 non

423 1841 509 1888 tes
538 1831 768 1889 luxuriae
819 1833 1084 1888 serviunt.
1125 1850 1147 1883 ε
1179 1832 1321 1902 Equi
1365 1840 1642 1887 amatores
1684 1831 1739 1885 in
1779 1829 2017 1886 feminas
2041 1813 2093 1876 Β
2117 1831 2221 1886 fuit
2247 1833 2303 1886 in
2325 1833 2407 1887 eis
2434 1847 2449 1887 :
2481 1831 2603 1889 ideo
2631 1835 2980 1890 sustinebunt
2997 1841 3119 1905 qua:
3149 1813 3384 1904 sequens
3412 1845 3596 1888 sermo
3620 1832 3713 1886 de—

419 1921 550 1979 facti
583 1933 731 1980 sunt.
766 1944 786 1976 ι
814 1923 922 1980 Pro
949 1928 1239 1982 emissariis
1269 1927 1621 1983 in-Hebraico
1646 1926 2015 1997 scriptum’est
2115 1923 2324 1979 scribit.
2351 1925 2552 1980 Audiat
2581 1926 2683 1981 hoc
2718 1926 2964 1983 Ecclesia
2993 1926 3306 1998 negligens,
3340 1934 3396 1981 et
3424 1920 3716 1995 providen-

420 2021 655 2082 ουτω,
689 2015 835 2086 quod
863 2031 1054 2072 omnes
1089 2033 1220 2073 voce
1246 2020 1495 2074 consona
1523 2019 1741 2080 ἕλκοντες
1770 2025 2011 2073 transtu—
2119 2016 2252 2070 tiam
2283 2015 2381 2070 Det
2410 2015 2677 2082 refutans,
2702 2018 2847 2087 quod
2875 2025 2929 2072 et
2957 2017 3196 2088 gladium
3228 2023 3283 2071 et
3315 2016 3514 2071 famem
3553 2015 3717 2069 susti-

420 2101 634 2167 lerunt,
668 2103 724 2158 id
756 2113 840 2158 est
857 2144 872 2169 ,
903 2105 1168 2173 trahentes
1194 2147 1210 2170 ,
1234 2115 1296 2160 ut
1338 2109 1658 2162 ostendatur
1699 2106 2016 2178 magnitudo
2116 2114 2263 2170 neat,
2287 2107 2390 2160 nisi
2413 2115 2641 2160 ventura
2662 2107 2954 2162 crediderit
2973 2122 3092 2176 qua:
3115 2107 3386 2161 dicuntur.

422 2191 763 2266 genitalium,
784 2193 941 2265 juxta
972 2195 1103 2250 illud
1139 2196 1465 2262 Ezechielis,
1501 2216 1520 2249 ‹
1553 2197 1708 2268 quasi
1736 2198 2015 2252 asinorum
2191 2215 2212 2249 ε
2258 2197 2385 2254 Haec
2439 2178 2573 2254 dicit
2620 2199 2884 2254 Dominus
2932 2199 3278 2254 exercituum
3310 2215 3323 2252 :
3362 2198 3498 2266 Quia
3545 2197 3718 2252 locuti

424 2299 642 2351 carnes,
675 2300 870 2340 carnes
896 2301 1088 2341 eorum
1111 2287 1330 2358 (Each.
1359 2296 1542 2361 mu).
1573 2308 1592 2341 ι
1619 2287 1734 2344 Hoc
1762 2297 1847 2344 est
1871 2287 2019 2358 quod
2125 2307 2146 2340 c
2190 2290 2326 2344 estis
2348 2290 2574 2344 verbum
2598 2291 2765 2358 istud,
2796 2304 2924 2347 ecce
2951 2305 3051 2361 ego
3080 2291 3153 2345 do
3179 2289 3342 2344 verba
3371 2301 3490 2344 mea
3524 2290 3575 2343 in
3615 2302 3716 2343 ore

427 2376 483 2431 in
507 2376 614 2431 alio
640 2375 759 2432 loco
783 2376 1048 2447 scriptum
1077 2386 1197 2434 est:
1233 2396 1252 2430 ι
1284 2378 1586 2434 Assimilati
1604 2389 1732 2433 sunt
1755 2379 2018 2447 jumentis
2124 2398 2144 2431 ι
2188 2387 2284 2434 tuo
2310 2379 2365 2433 in
2395 2380 2595 2449 ignem,
2623 2390 2679 2435 et
2711 2379 2967 2450 populum
2992 2380 3160 2434 istum
3186 2379 3239 2433 in
3269 2372 3434 2450 ligna,
3463 2383 3519 2433 et
3541 2379 3706 2433 devo-

425 2467 834 2536 insipientibus,
847 2476 903 2522 et
924 2469 1130 2524 similes
1159 2469 1289 2524 facti
1315 2478 1441 2525 sunt
1468 2467 1737 2542 eis(PsaI.
1755 2471 2012 2542 nvi");
2125 2487 2145 2521 ι
2190 2470 2332 2524 rabit
2353 2475 2472 2525 eos.
2501 2491 2519 2521 ι
2555 2469 2781 2526 Dixistis
2807 2489 2819 2524 :
2851 2459 3139 2540 Propheta:
3166 2469 3386 2523 fuerunt
3411 2472 3463 2522 in
3487 2457 3711 2522 vc'ntum

427 2556 712 2629 Simulque
737 2567 945 2627 tantam
972 2561 1209 2617 ostendit
1236 2562 1509 2618 insaniam
1535 2562 1792 2628 libidinis,
1821 2571 1881 2616 ut
1909 2572 2020 2616 non
2121 2557 2312 2624 locuti,
2343 2573 2444 2613 nec
2467 2568 2696 2614 ventura
2725 2568 2997 2630 suntquae
3025 2559 3321 2624 minantur,
3349 2568 3661 2630 pr0pterea,
3682 2571 3718 2611 ο

425 2649 602 2706 solum
631 2651 935 2720 appetitum
965 2652 1284 2723 voluptatis,
1324 2653 1421 2708 sed
1448 2655 1825 2729 χρεμετισμὸν,
1853 2653 1907 2708 id
1936 2667 1968 2708 e

2175 2648 2420 2716 ropheta,
2451 2647 2519 2703 do
2549 2647 2714 2703 verba
2755 2663 2878 2703 mea
2904 2649 2957 2703 in
2995 2663 3088 2704 ore
3124 2656 3244 2712 tuo,
3290 2661 3410 2717 qua:
3452 2649 3588 2718 ignis
3617 2646 3719 2700 ba-

426 2739 725 2806 binnitum,
761 2749 941 2808 vocet,
962 2751 1226 2810 et‘servet
1247 2759 1509 2814 equorum
1538 2738 1832 2819 furentium
1863 2746 1932 2800 ad
1961 2744 1970 2797 l

2173 2747 2287 2794 eant
2304 2747 2655 2809 potestatem,
2677 2748 2733 2796 et
2758 2740 3015 2811 pupulum
3043 2741 3220 2803 istum
3238 2737 3294 2794 in
3318 2739 3462 2812 ligna
3489 2751 3717 2793 conver-

428 2835 669 2892 bidinem
719 2837 1115 2907 metaphoram.
1158 2836 1301 2892 Cum
1335 2837 1482 2904 haec,
1534 2837 1743 2907 inquit,
1787 2836 2016 2902 feceris,
2126 2837 2262 2895 tam,
2288 2840 2348 2884 ut
2377 2845 2629 2887 sermone
2663 2840 2761 2886 tuo
2787 2841 2840 2905 et
2867 2832 3151 2902 prophetia
3190 2831 3457 2887 increduli
3491 2845 3719 2886 concre-

427 2926 680 2997 nunquid
723 2942 833 2983 non
875 2928 1185 2983 visitatione
1219 2929 1484 3000 condigna
1505 2929 1689 2984 esiEt
1716 2937 1846 2983 nota
1875 2928 2022 2998 quod
2127 2930 2366 2979 utentur.
2433 2923 2526 2980 Sic
2575 2925 2718 2980 Deus
2772 2926 2914 2997 ignis
2979 2932 3308 2981 consumens
3360 2922 3598 2990 dicitur,
3657 2929 3720 2978 ut

428 3012 520 3070 hic
565 3017 808 3073 visitatio
863 3034 964 3088 pro
1011 3032 1171 3089 poena
1225 3027 1462 3089 ponatur
1504 3029 1669 3089 atque
1708 3018 2020 3090 suppliciis,
2125 3021 2415 3069 consumat
2445 3014 2499 3068 in
2547 3015 2737 3080 nobis,
2772 3014 2821 3070 si
2851 3012 3025 3086 super
3064 3014 3475 3070 fundamentum
3515 3010 3720 3068 Christi

422 3105 579 3178 juxta
628 3109 758 3164 illud
788 3112 938 3181 quod
970 3111 1240 3182 scriptum
1278 3119 1401 3168 est.
1442 3130 1462 3162 c
1498 3111 1743 3167 Visitabo
1771 3112 1845 3166 in-
1869 3112 2023 3182 virga
2081 3181 2100 3182 η
2128 3106 2614 3173 mdiﬂcaverimus,
2656 3107 2874 3176 fenum,
2912 3108 3089 3180 ligna,
3122 3105 3374 3178 Stipulam
3405 3106 3585 3178 (Deut.
3617 3104 3717 3177 iv).

427 3198 742 3268 iniquitates
766 3215 956 3256 eorum
982 3181 1155 3273 (Ρεάι.
1178 3202 1498 3274 ιιῐινιιι).ι
1531 3203 1630 3259 «Et
1659 3204 1714 3259 in
1737 3211 1897 3275 gente
1927 3181 2021 3258 tali
2053 3181 2107 3247 α
2209 3218 2228 3251 ι
2274 3195 2412 3275 Ecce
2441 3213 2543 3270 ego
2580 3183 2844 3266 adducam
2874 3213 3038 3268 super
3059 3209 3154 3252 vos
3180 3203 3395 3270 gentem
3421 3197 3491 3251 de”
3513 3195 3719 3266 longin-

427 3305 540 3346 non
562 3291 856 3352 ulciscetur
875 3297 1233 3350 anima-mea?
1260 3317 1279 3350 ι
1308 3297 1603 3366 Postquam
1630 3297 1869 3367 peccatis
1889 3296 2012 3351 obli-
2134 3311 2152 3344 ‹
2198 3298 2323 3362 quo,
2349 3293 2540 3346 domus
2556 3289 2745 3357 Israel,
2763 3292 2841 3345 ait
2862 3288 3124 3346 Dominus
3144 3305 3158 3342 :
3176 3296 3391 3359 gentem
3417 3287 3718 3351 robustam,

405 3390 555 3453 .gata
585 3391 692 3450 est,
724 3399 1068 3454 nequaquam
1099 3396 1324 3441 vocatur
1343 3387 1572 3458 populus
1606 3386 1736 3451 Dei,
1768 3386 1862 3441 Sat
1885 3401 2020 3456 gens
2132 3399 2151 3434 ι
2200 3392 2418 3453 gentem
2439 3382 2738 3452 antiquam,
2753 3389 2967 3452 gentem
2983 3379 3136 3450 cujus
3159 3377 3438 3450 ignorabis
3457 3376 3722 3448 linguam,

429 3486 463 3526 ι
490 3485 595 3542 qua
626 3475 856 3529 recessit
883 3477 1062 3530 anima
1088 3476 1206 3543 Dei,
1237 3477 1533 3533 secundum
1561 3477 1694 3531 illud
1714 3477 1856 3546 quod
1885 3477 2021 3532 scri-
2133 3492 2153 3526 ε
2198 3490 2300 3530 nec
2322 3473 2587 3544 intelliges
2612 3473 2747 3544 quid
2779 3473 3050 3543 loquatur.
3102 3470 3364 3525 Pbaretra
3412 3468 3532 3536 ejus
3565 3465 3722 3536 quasi

427 3567 584 3632 ptum
611 3572 735 3618 est:
769 3583 789 3615 ‹
823 3564 1149 3623 Neomenias
1175 3578 1419 3635 vestras,
1453 3575 1510 3623 et
1545 3562 1877 3635 sabbata,‘et
1903 3567 2022 3624 dies
2136 3585 2157 3619 α
2201 3567 2505 3639 sepulcrum
2531 3575 2745 3638 patens,
2777 3565 3019 3620 universi
3054 3561 3245 3616 fortes.
3273 3559 3340 3614 Et
3362 3558 3614 3615 comedet
3639 3572 3724 3612 se-

428 3648 598 3707 festos
633 3655 747 3709 odit
773 3656 956 3710 anima
987 3673 1106 3712 mea
1138 3658 1274 3730 (Isa.
1302 3659 1362 3730 ι).
1398 3679 1416 3710 ι
1448 3659 1602 3726 Quod
1623 3669 1804 3715 autem
1838 3660 1892 3713 in
1917 3661 2022 3715 Ve.
2134 3676 2154 3710 ‹
2200 3669 2351 3729 getes
2392 3666 2516 3712 tuas
2558 3666 2614 3712 et
2639 3659 2834 3728 panem“
2887 3663 3062 3720 tuum,
3097 3650 3380 3708 dev‘drabit
3430 3649 3575 3730 filios
3603 3658 3726 3705 tuos

431 3742 536 3796 teri
576 3739 926 3798 Testamento
957 3727 1157 3799 dicitur
1199 3762 1300 3817 pro
1325 3727 1541 3803 'aﬁectu
1565 3789 1580 3814 ,
1612 3749 1667 3802 in
1698 3748 1848 3803 Novo
1884 3750 2020 3803 scri-
2139 3767 2158 3800 ε
2206 3727 2261 3803 et
2286 3748 2446 3814 ﬁlias,
2495 3727 2743 3811 comedet
2780 3750 2996 3818 gregem
3040 3753 3194 3800 tuum
3237 3752 3304 3822 et:
3331 3727 3582 3797 armenta
3611 3749 3723 3807 tua,

429 3841 583 3903 ptum
609 3842 694 3888 est
723 3849 820 3905 pro
843 3837 1098 3905 veritate,
1127 3837 1408 3895 Salvatore
1433 3840 1647 3896 dicente
1673 3858 1687 3895 :
1723 3859 1743 3892 ι
1771 3840 2021 3896 Potesta-
2135 3859 2155 3892 ι
2200 3839 2449 3894 comedet
2472 3840 2683 3895 vineam
2715 3846 2862 3893 tuam
2892 3835 2956 3892 et
2973 3836 3133 3907 ﬁcum
3173 3827 3356 3898 team,
3383 3844 3440 3889 et
3479 3839 3726 3888 conteret

431 3932 541 3979 tem
590 3918 764 3980 habeo
808 3929 1043 3996 ponendi
1091 3929 1332 3984 animam
1365 3945 1574 3998 meam,
1609 3938 1665 3987 et
1699 3935 2024 4002 potestatem
2135 3949 2155 3983 ι
2199 3930 2364 3986 urbes
2387 3939 2506 3986 tuas
2533 3931 2790 3996 munitas,
2830 3931 2884 3984 in
2916 3930 3116 3998 quibus
3166 3935 3222 3980 tu
3254 3925 3426 3980 babes
3468 3923 3724 3978 ﬁduciam

431 4013 607 4070 habeo
634 4016 879 4071 sumendi
916 4017 1062 4072 illam
1093 4018 1275 4089 (Joan.
1302 4022 1377 4092 x).
1414 4042 1432 4074 ι
2137 4041 2156 4072 ε
2203 4021 2398 4092 gladio.
2431 4021 2820 4074 Verumtamen
2857 4020 2913 4073 in
2944 4018 3133 4073 diebus
3158 4016 3295 4081 illis,
3323 4008 3410 4070 ait
3437 4011 3721 4080 Duminus,

510 4127 530 4160 ι
576 4107 870 4165 Ascendite
913 4103 1099 4165 muros
1146 4111 1263 4180 ejus
1315 4112 1448 4184 (sive
1496 4112 1921 4185 prapugnacula)
1969 4121 2026 4168 et
2137 4127 2160 4164 ‹
2203 4128 2309 4168 non
2336 4111 2531 4168 faciant
2551 4121 2649 4167 vos
2673 4111 2730 4166 in
2753 4100 3297 4166 consummationem.
3324 4104 3723 4177 tNequaquam

439 4218 457 4250 ε
506 4198 764 4269 dissipate
790 4217 803 4252 :
831 4203 1362 4257 consummationem
1388 4213 1572 4260 autem
1609 4205 1775 4260 nolite
1816 4204 2018 4260 facere.
2131 4205 2302 4260 multo
2331 4211 2453 4274 post
2487 4211 2752 4272 tempore,
2784 4217 2886 4256 nec
2911 4209 2971 4256 ut
3003 4199 3139 4255 falso
3171 4199 3418 4264 creditis,
3448 4198 3725 4273 procinctae

441 4308 459 4339 ι
506 4289 729 4345 Auferte
773 4293 1101 4361 propagines
1149 4293 1267 4363 ejus
1306 4295 1433 4366 (sive
1473 4296 1863 4367 sustentacula)
1891 4297 2020 4366 quia
2132 4298 2287 4354 vobis
2315 4298 2603 4367 loquentur
2635 4296 2692 4350 in
2723 4304 2968 4350 ventum.
3001 4292 3110 4357 Sed
3132 4290 3245 4363 jam
3278 4307 3424 4346 nunc
3455 4291 3726 4345 adducam

441 4398 461 4431 ε
507 4396 614 4435 non
644 4389 771 4434 sunt
799 4383 891 4436 dii.
920 4382 1370 4440 Praevaricatione
1391 4388 1539 4440 enim
1558 4391 1916 4456 praevaricata
1942 4394 2032 4445 est
2136 4405 2300 4460 super
2319 4405 2415 4444 vos
2445 4397 2658 4460 gentem
2679 4387 3102 4457 Babyloniorum
3128 4427 3141 4452 ,
3166 4400 3286 4456 quae
3306 4385 3490 4439 veniet
3518 4374 3586 4437 de
3613 4383 3726 4438 lon-

441 4487 460 4520 ι
504 4470 561 4524 ἱη
584 4485 670 4525 me
698 4472 891 4526 domus
913 4471 1098 4541 lsrael,
1123 4483 1179 4527 et
1201 4475 1392 4529 domus
1413 4475 1568 4541 Juda,
1597 4478 1672 4532 ait
1692 4477 1970 4550 Dominus.
1999 4502 2019 4534 ι
2052 4521 2108 4585 D
2137 4481 2361 4552 ginquo,
2387 4490 2602 4548 gentem
2645 4479 2947 4542 robustam,
2992 4478 3059 4530 de
3096 4490 3203 4545 quo
3234 4476 3288 4528 in
3330 4474 3558 4528 Hebrum
3596 4473 3724 4526 scri-

441 4563 667 4585 l_._.-_-.
702 4567 947 4585 ..-__‘1L___
1021 4566 1072 4585 Α-
1113 4566 1288 4585 ,μηνί
1346 4584 1354 4585 ,
1385 4583 1488 4585 ,,,,_,
1554 4570 1587 4585 ιο
1732 4579 1744 4585 _
1889 4572 1928 4585 ἢ
2173 4576 2191 4585 -
2393 4577 2404 4585 .
2444 4578 2527 4585 ___
2686 4584 2690 4585 ν
2747 4577 2784 4585 ,γ
2837 4583 2843 4585 .
2905 4563 3174 4585 -,_.2__-_-_--
3253 4565 3399 4585 -'__:_-_
3453 4558 3722 4585 ,4..-...Ι--.,.

435 4563 670 4635 Imperat
696 4567 984 4636 gentibus,
1013 4566 1078 4622 de
1103 4566 1300 4637 quibtis
1339 4583 1503 4638 supra
1537 4570 1750 4625 dixerat
1782 4591 1794 4626 :
1835 4591 1852 4623 ί
1888 4572 2022 4629 Pcr-
2052 4558 2106 4585 ν
2133 4576 2283 4642 ptum
2327 4577 2412 4625 est
2444 4578 2601 4658 ’(Πνκ,
2637 4577 2852 4640 gentem
2899 4563 3197 4635 antiquam,
3246 4565 3402 4632 cujus
3448 4558 3722 4633 quondam

431 4654 611 4709 cussit
638 4669 733 4708 eos
755 4655 840 4710 leo
867 4657 934 4710 de
964 4657 1129 4735 silva,
1147 4658 1305 4729 lupus
1331 4661 1564 4715 vastavit
1585 4676 1698 4727 eos,
1733 4674 1787 4719 et
1816 4665 2020 4734 pardus
2133 4654 2460 4718 dominatus
2478 4671 2560 4717 est
2589 4659 2827 4717 Nemi-od
2855 4660 3006 4730 gigas
3031 4655 3186 4729 (Gen.
3214 4655 3298 4729 ι),
3325 4654 3482 4724 cujus
3515 4655 3724 4725 ignora-

431 4743 488 4800 in
515 4744 827 4800 civitatibus
853 4758 1062 4812 eorum,
1099 4766 1123 4798 ι’
1149 4756 1209 4802 ut
1233 4751 1527 4804 ascendant
1550 4762 1733 4808 muros
1760 4752 2020 4809 Hierusa—
2132 4757 2217 4811 bis
2247 4755 2508 4824 linguam,
2548 4755 2660 4809 sive
2695 4763 2755 4808 ut
2783 4754 2834 4807 in
2859 4753 3085 4808 Hebraeo
3115 4752 3374 4821 scriptum
3402 4757 3490 4803 est
3515 4766 3528 4800 :
3561 4741 3581 4799 ἰ
3615 4746 3724 4802 Nec

431 4835 537 4891 lem
564 4878 578 4901 ,
605 4837 719 4892 sive
744 4840 1140 4911 propugnacula
1161 4882 1176 4906 ,
1202 4850 1257 4895 et
1286 4841 1547 4912 dissipent
1572 4861 1692 4900 eam
1725 4865 1736 4899 :
1768 4856 2023 4902 consum;
2134 4851 2403 4921 intelliges
2433 4850 2560 4920 quid
2590 4850 2842 4919 loquatur
2869 4867 2880 4901 :
2919 4869 2936 4900 ι
2973 4858 3056 4902 est
3086 4847 3230 4901 enim
3269 4843 3538 4919 malorum
3585 4842 3729 4896 sola-

432 4929 727 4983 mationcm
755 4940 938 4987 autem“
965 4948 1073 4988 non
1097 4933 1317 5000 faciant,
1352 4945 1409 4988 ut
1432 4939 1708 4994 salventnr
1741 4940 2012 5010 reliquiae,
2134 4944 2302 5011 tium,
2348 4946 2392 4999 si
2440 4944 2559 4999 illos
2591 4945 2775 4999 hostes
2813 4942 3016 4996 habeas
3045 4954 3180 5009 quos
3203 4938 3380 5007 possis
3412 4952 3610 5010 rogare
3631 4977 3646 5000 ,
3674 4945 3732 4990 ct

431 5026 489 5073 ct
519 5021 588 5074 sit
626 5021 718 5091 qui
744 5024 1026 5079 annuntiet
1055 5027 1109 5079 in
1136 5027 1387 5096 geminus
1412 5029 1636 5099 gloriam
1664 5031 1780 5098 Dei,
1814 5036 2020 5090 severi-
2133 5036 2225 5105 qui
2251 5045 2371 5088 tuas
2399 5031 2702 5106 intelligant
2727 5047 2936 5102 preces.
2955 5031 3220 5100 Quodque
3245 5029 3514 5098 sequitur,
3547 5047 3564 5078 ι
3594 5027 3730 5095 plna-

434 5113 641 5182 tatique
683 5115 877 5170 miscet
916 5117 1277 5174 clementiam.
1307 5121 1569 5192 Quodque
1611 5125 1815 5193 intulit,
1857 5145 1874 5178 ‹
1918 5144 2018 5183 au-
2133 5137 2281 5182 retra
2306 5125 2422 5196 ejus
2451 5127 2605 5197 quasi
2637 5124 2941 5194 sepulcrum
2973 5133 3165 5192 patens
3190 5162 3206 5187 ,
3244 5140 3264 5179 D
3296 5131 3350 5174 et
3391 5119 3446 5172 in
3493 5117 3726 5184 Septuao

432 5203 570 5259 ferte
615 5207 945 5278 propagines
994 5208 1129 5276 ejus,
1183 5212 1298 5266 sive
1345 5216 1738 5285 sustentacula,
1770 5237 1788 5271 ι
1834 5219 2017 5274 omnia
2133 5218 2283 5288 ginta
2328 5219 2561 5273 editione
2607 5231 2712 5269 non
2766 5214 2986 5280 dicitur,
3045 5212 3396 5284 Babyloniam
3455 5206 3730 5279 signiﬁcat

432 5297 550 5350 tolli
587 5299 788 5354 auxilia
815 5301 1004 5371 jubet,
1036 5319 1157 5382 qua:
1189 5303 1289 5360 suo‘
1327 5308 1456 5361 vitio
1485 5311 1756 5378 perdidit,
1784 5327 1848 5366 eo
1876 5314 2020 5382 quod
2135 5319 2489 5365 armaturam.
2524 5305 2633 5361 Nec
2657 5305 2878 5360 dubium
2903 5306 3033 5374 quin
3070 5317 3294 5374 regnum
3340 5299 3726 5370 Assyriorum,

430 5391 784 5460 praevaricata
811 5395 883 5448 sit
914 5395 967 5448 in
999 5381 1284 5452 Dominum
1316 5398 1508 5456 demus
1539 5401 1704 5459 Israel
1734 5412 1789 5457 et
1826 5381 2022 5462 domus
2132 5401 2573 5470 Babyloniorum,
2599 5397 2879 5452 Medorum
2923 5407 3085 5466 atque
3112 5395 3402 5449 Persarum
3431 5387 3728 5462 sagittandi

430 5478 588 5546 Juda,
618 5482 803 5538 decem
835 5488 1014 5542 tribus
1034 5498 1088 5544 et
1121 5490 1256 5545 duas
1291 5491 1623 5562 signiﬁcans.
1667 5495 1867 5550 Audiat
1917 5499 2022 5552 hoc
2132 5493 2525 5562 peritissimum
2551 5489 2639 5545 sit.
2662 5487 2941 5558 Simulque
2963 5482 3544 5557 describitvastitatem
3567 5489 3728 5534 terra

432 5569 702 5640 Ecclesia,
731 5575 876 5644 quod
913 5577 1022 5632 cito
1057 5581 1198 5635 muri
1225 5589 1279 5635 et
1308 5584 1710 5654 propugnacula
1749 5587 2019 5657 dissipen-
2129 5586 2358 5650 Judzeae,
2408 5580 2947 5650 interfectionemquc
2996 5577 3286 5631 multorum
3310 5597 3344 5639 ,-~
3380 5571 3730 5626 abactionem

432 5671 522 5716 tur
548 5677 734 5720 eorum
762 5667 853 5737 qui
879 5683 985 5724 non
1015 5671 1216 5726 habent
1239 5688 1391 5743 spem
1423 5675 1478 5728 in
1506 5677 1766 5742 Domino,
1797 5686 1852 5732 et
1875 5693 2016 5746 pra:-
2129 5693 2388 5747 pecorum
2408 5716 2423 5740 ,
2463 5673 2875 5731 subversionem
2928 5669 3141 5723 urbium
3190 5674 3351 5736 atque
3405 5676 3730 5729 murorum,

430 5755 742 5812 varicantur
771 5758 825 5813 in
854 5776 977 5816 eum
1009 5779 1022 5815 :
1051 5762 1144 5818 sed
1174 5771 1353 5818 tamen
1384 5782 1490 5820 non
1535 5767 1630 5823 ﬁat
1669 5783 2014 5824 consumma-
2129 5767 2278 5838 quod
2315 5765 2491 5836 gladio
2533 5764 2716 5820 hostili
2759 5769 2956 5819 cuncta
2997 5757 3302 5830 capiantur,
3345 5763 3403 5810 et
3449 5762 3641 5808 tamen
3671 5749 3731 5806 in
