3910 6334
138 365 242 427 8ιὸ

1061 367 1424 428 EXPOSITIO
1463 363 1690 427 SUPER
1727 365 2089 426 JEREMIAM.
2129 403 2198 414 —-
2231 371 2357 428 LIB.
2397 370 2482 428 lli.

3289 380 3393 436 846

142 483 308 538 tantis
338 480 492 537 malis
514 493 620 536 non
647 493 742 536 eos
769 480 966 550 perdat
986 486 1157 550 nsque
1184 481 1252 536 ad
1273 479 1716 548 internecionem,
1746 486 1797 546 Α
1821 491 2033 552 ceptum
2065 482 2252 553 posoit'
2289 492 2338 538 et
2380 498 2488 538 non
2533 479 2826 554 prateriblt
2876 481 3049 555 (Psal.
3086 489 3327 560 cxnvru).
3356 511 3384 558 η»

137 572 232 626 sed
265 569 520 640 reliquias
547 570 723 626 salvas
751 569 941 634 faciat,
981 569 1064 623 vel
1089 582 1306 636 eorum,
1333 570 1423 639 qni
1452 570 1512 647 in
1537 568 1713 640 Baby-

136 663 317 716 lonem
345 659 490 716 ducti
522 670 677 727 sunt,
708 661 1024 731 dimissique
1063 661 1127 716 ad
1168 661 1430 717 culturam
1460 676 1712 734 agrorum

135 760 296 824 terra
320 751 534 820 ludam,
561 753 646 810 vet
673 769 858 810 eorum
877 796 891 821 ,
930 750 1021 826 qui
1059 763 1182 825 post
1207 757 1596 827 persecutionis
1627 772 1714 810 ar—

135 838 354 912 dorem,
385 847 468 902 vel
493 844 619 918 iuga
639 888 655 913 ,
691 846 777 901 vei
803 845 1139 902 confessione
1169 846 1328 902 ﬁdem
1353 845 1566 904 Domini
1601 863 1715 902 ser-

132 944 417 994 vave‘runt.

211 1045 231 1080 α
277 1027 434 1095 Quod
473 1027 518 1083 si
563 1017 810 1085 dissutis
837 1041 850 1083 :
879 1025 1060 1096 Q‘uare
1103 1025 1235 1108 fecit
1271 1018 1534 1086 Dominus
1570 1022 1714 1086 Deus

139 1138 158 1173 ι
199 1128 388 1175 noster
417 1119 574 1176 nobis
607 1108 724 1177 haec
747 1121 952 1188 (Mula,
983 1121 1132 1178 dices
1172 1121 1240 1176 ad
1272 1135 1365 1176 eos
1391 1135 1404 1174 τ
1436 1120 1586 1178 Sicut
1619 1121 1712 1179 de—

138 1229 160 1263 r
205 1211 502 1282 reliquistis
544 1228 630 1267 me
677 1222 732 1268 et
792 1214 1039 1270 servistis
1086 1213 1189 1291 deo
1227 1213 1436 1280 aiieno,
1487 1203 1568 1269 vel
1613 1214 1715 1270 diis

138 1321 157 1376 ᾳ
202 1301 396 1358 alienis
427 1304 480 1358 in
505 1311 650 1366 terra
681 1313 882 1371 vestra,
905 1305 983 1360 sic
1011 1306 1261 1361 servietis
1281 1305 1470 1361 alienis
1493 1306 1546 1360 in
1573 1313 1715 1360 terra

137 1413 156 1448 ι
200 1410 311 1450 non
348 1401 549 1450 Vestra.
581 1415 600 1448 ι
631 1387 868 1451 Grandis
907 1395 1134 1450 stultitia
1177 1396 1390 1452 nescire
1434 1411 1532 1452 cur
1568 1397 1713 1467 passi

129 1486 262 1553 sint,
288 1490 410 1542 cum
440 1495 601 1542 tanta
614 1487 962 1558 peccaverint
989 1507 1001 1540 :
1031 1487 1318 1565 brevisque
1340 1490 1406 1544 ad
1439 1488 1714 1561 ambigen-

132 1585 212 1636 tes
253 1581 571 1654 responsio:
599 1598 618 1631 ‹
647 1575 809 1635 Sic‘ut
843 1580 1087 1636 servistis
1131 1580 1234 1636 deo
1272 1578 1472 1649 alieno,
1509 1581 1576 1637 id
1605 1590 1712 1649 est,

129 1671 261 1728 Baal
287 1713 306 1739 ,
335 1675 449 1730 sive
477 1673 580 1729 diis
612 1666 803 1729 alienis
846 1681 1163 1728 cunctarum
1202 1674 1444 1744 gentium
1475 1674 1528 1728 in
1571 1681 1711 1729 terra

127 1762 333 1830 Judaa,
367 1765 445 1821 sic
470 1764 715 1821 servietis
741 1761 846 1820 diis
871 1761 1066 1820 alienis
1087 1765 1141 1819 in
1165 1773 1318 1820 terra
1345 1769 1452 1836 non
1481 1773 1663 1821 vestra
1692 1782 1705 1818 :

1814 571 2053 626 Audi'unt
2095 584 2182 626 me
2228 583 2284 627 et
2332 573 2604 638 sentiunt,
2649 587 2770 643 quae
2798 588 3013 628 sensum
3051 591 3156 630 non
3190 577 3392 634 habent

1814 656 2064 736 audiendi
2094 681 2105 714 :
2139 670 2202 717 et
2220 663 2447 733 populus
2470 662 2744 733 quondam
2778 679 2930 723 meus
2968 672 3066 720 suo
3090 667 3223 721 vitio
3263 667 3393 722 stul-

1815 762 1902 809 tus
1928 752 2183 818 effectus,
2226 762 2330 808 non
2377 754 2547 809 solum
2593 755 2921 820 contemnit,
2959 756 3052 812 sed
3086 767 3143 812 et
3181 757 3390 814 dulcem

1813 853 2096 915 exasperat
2122 843 2430 898 Dominum.
2459 842 2841 912 Recessenunt,
2867 839 2961 910 ait,
2993 861 3023 900 a
3047 860 3151 912 me,
3177 855 3232 902 et
3255 847 3388 904 mihi

1815 944 1964 1007 terga
1982 945 2279 998 verterunt,
2300 944 2352 990 et
2371 937 2586 992 concito
2607 938 2857 992 abierunt
2877 939 3077 1010 gradu;
3109 956 3206 996 nec
3229 942 3390 996 tacita

1814 1044 1907 1085 eos
1933 1020 2531 1096 retraxitconscientia,
2553 1037 2614 1084 ut
2634 1029 2872 1086 dicerent
2893 1033 2946 1087 in
2971 1032 3227 1090 cordibus
3245 1033 3389 1088 suis:

1820 1142 1837 1176 ‹
1870 1119 2169 1178 Metuamtts
2189 1127 2312 1179 eum
2335 1125 2424 1193 qui
2446 1114 2534 1179 dat
2555 1122 2712 1179 nobis
2730 1123 2963 1194 pluviam
2990 1134 3393 1206 temporaneam

1814 1224 1868 1271 et
1894 1215 2210 1272 serotinam.
2247 1235 2266 1267 ›
2299 1211 2403 1270 Per
2432 1232 2550 1285 quae
2580 1217 2762 1272 omnia
2791 1215 3032 1272 ostendit
3055 1215 3194 1272 bona
3219 1214 3390 1288 pleni-

1815 1309 2054 1364 tudinem
2077 1324 2271 1364 annuaa
2299 1308 2494 1364 messis
2511 1350 2524 1374 ,
2546 1324 2643 1378 pro
2669 1324 2776 1378 quo
2797 1305 3004 1380 Aquila:
3029 1307 3205 1380 prima
3228 1310 3393 1365 editio

1815 1408 1868 1455 et
1920 1398 2282 1470 Symmachus
2343 1398 2694 1455 hebdomadas
2743 1400 3082 1472 interpretati
3129 1412 3273 1458 sunt.
3334 1401 3393 1455 ln

1814 1487 2040 1548 Hehrzeo
2074 1493 2217 1549 enim
2254 1492 2514 1562 scriptum
2541 1501 2622 1548 est
2647 1494 2871 1547 verbum
2891 1503 3110 1559 mw,
3129 1491 3272 1563 quod
3293 1509 3392 1563 pro

1815 1581 2165 1654 ambiguitate
2195 1584 2345 1638 verbi
2368 1593 2421 1638 et
2445 1579 2764 1653 septimana:
2791 1583 3064 1655 signiﬁcat
3088 1590 3144 1638 et
3166 1581 3391 1654 plenitu-

1814 1672 2010 1729 dinem.
2044 1693 2062 1724 ι
2105 1673 2429 1744 lniqnitates
2474 1684 2671 1731 vestra:
2702 1674 3109 1731 declinaverunt
3153 1676 3296 1739 haec,
3340 1684 3396 1731 et

1820 1786 1839 1818 ι
1881 1776 2102 1838 peccata
2145 1778 2324 1823 vestra
2381 1768 2772 1839 prohibuerunt
2819 1770 3018 1824 bonum
3072 1785 3102 1823 a
3157 1769 3330 1824 vobis.
3370 1788 3388 1819 ι

128 1853 274 1917 baud
297 1861 519 1916 dubium
541 1861 670 1931 quin
691 1859 982 1931 Babylonis
1005 1852 1166 1930 atque
1184 1848 1468 1918 Chaldaem.
1489 1858 1547 1914 Si
1569 1859 1712 1915 enim
1743 1837 1794 1898 Β
1820 1837 1961 1932 Ergo
1986 1861 2031 1915 si
2053 1852 2270 1930 quando
2294 1867 2350 1914 et
2375 1837 2526 1914 mare
2551 1859 2892 1916 transcendit
2929 1860 3189 1916 terminos
3234 1874 3360 1914 suos
3376 1899 3390 1924 ,

125 1967 224 2009 vos
251 1942 534 2023 peregrina
558 1942 749 2021 religio
778 1942 1030 2014 delectat,
1071 1951 1202 2020 quid
1239 1959 1573 2008 necesseest
1596 1950 1714 2006 lon-
1819 1961 1874 2006 et
1907 1952 2087 2022 pluvia
2128 1951 2445 2016 retrahitur,
2468 1959 2809 2021 nequaquam
2836 1951 3153 2007 abbreviata
3178 1958 3261 2005 est
3280 1965 3393 2003 ma-

125 2043 660 2118 ginquumrerrorem
685 2031 997 2109 suscipere?
1021 2037 1278 2094 Habitate
1315 2055 1441 2112 cum
1484 2039 1711 2107 talibus,
1815 2057 1917 2097 nus
1941 2039 2152 2096 Domini
2181 2083 2196 2106 ,
2227 2051 2286 2096 ut
2312 2041 2414 2097 ista
2449 2058 2557 2098 non
2589 2041 2787 2098 faciat:
2822 2044 2916 2098 sed
2949 2046 3173 2113 peccata
3209 2050 3392 2097 nostra
3425 2077 3430 2081 -

125 2121 238 2189 imo
263 2117 464 2187 servi'te
502 2132 585 2186 his
624 2138 854 2202 quorum
894 2129 1026 2184 deos
1073 2127 1269 2186 colitis.
1303 2129 1490 2185 Potest
1523 2130 1624 2184 hoc
1659 2139 1715 2185 et
1816 2134 1932 2187 haec
1954 2132 2024 2185 ad
2049 2139 2146 2186 nus
2170 2132 2441 2187 venientia
2475 2133 2835 2199 declinarunt,
2865 2142 2921 2188 ut
2948 2133 3014 2188 ad
3041 2131 3175 2186 alios
3198 2146 3391 2202 perge-

125 2241 290 2298 super
316 2215 594 2280 baaretieis
618 2222 812 2294 accipi,
842 2223 907 2279 de
936 2223 1132 2292 quibus
1159 2224 1418 2294 scriptum
1449 2232 1565 2278 est:
1590 2240 1614 2274 ι
1634 2222 1714 2277 Ex
1817 2236 1958 2291 rent,
1985 2228 2076 2296 qui
2104 2241 2220 2282 non
2235 2233 2614 2296 peccaverunt.
2648 2223 2716 2278 Et
2739 2221 3153 2303 prohibuerunt,
3176 2219 3392 2290 inquit,

125 2318 282 2374 nobis
311 2318 590 2383 exierunt,
620 2319 725 2374 sed.
747 2332 861 2372 non
885 2318 1203 2374 fueruntex
1245 2315 1426 2371 nobis.
1469 2313 1528 2369 Si
1566 2314 1714 2368 enim
1810 2317 1926 2387 jam
1949 2317 2171 2377 veniens
2195 2317 2272 2371 ad
2294 2331 2393 2371 nos
2419 2317 2643 2381 bonum,
2664 2312 2818 2384 juxta
2856 2312 2988 2379 illud
3025 2311 3166 2382 quod
3201 2325 3398 2365 secun-

124 2409 356 2465 fuissent
411 2425 476 2464 ex
523 2409 687 2466 nobis
711 2450 730 2474 ,
783 2410 1119 2466 mansissent
1180 2408 1369 2478 utique
1429 2406 1713 2464 nobiscum
1815 2407 1940 2462 dum
1973 2399 2211 2462 litteram
2251 2407 2514 2478 scriptum
2555 2413 2676 2459 est:
2713 2423 2730 2453 ς
2764 2400 3026 2457 Mandabo
3061 2397 3295 2458 nubibus
3325 2413 3392 2453 ne

125 2499 178 2574 (Ι
208 2499 372 2555 Joan.
399 2501 493 2574 n);
535 2521 556 2554 ι
588 2502 732 2572 quod
762 2502 1012 2574 projiciat
1048 2502 1114 2556 de
1153 2499 1396 2556 Ecclesia
1430 2498 1714 2554 haereticos
1812 2494 2003 2564 pluant
2030 2509 2191 2565 super
2218 2510 2337 2550 eam
2364 2494 2593 2548 imbrem
2625 2490 2757 2563 (Isa.
2785 2491 2862 2562 v).
2890 2489 3183 2544 Possumus
3208 2495 3391 2542 autem

122 2588 405 2653 Dominus,
439 2589 533 2660 qui
563 2589 732 2646 multo
763 2599 1004 2661 tempore
1033 2589 1134 2646 sub
1157 2588 1376 2645 nomine
1408 2586 1528 2657 ejus
1564 2602 1714 2642 men—
1816 2587 2042 2642 imbrem
2068 2596 2474 2657 temporaneum
2500 2593 2556 2639 et
2583 2584 2902 2645 serotinum,
2929 2580 3126 2651 Legem
3147 2580 3394 2650 accipere

123 2679 406 2738 daciorum
447 2695 686 2736 suorum.
715 2680 1004 2736 simulacra
1032 2679 1276 2735 venerati
1303 2687 1460 2745 sunt,
1490 2685 1552 2733 ut
1581 2676 1712 2732 foris
1815 2687 1871 2734 et
1890 2676 2268 2748 Evangelium,
2308 2686 2366 2733 et
2391 2677 2637 2732 diversas
2660 2674 2971 2729 vocationes
2995 2689 3024 2726 a
3051 2671 3226 2742 prima
3258 2671 3393 2726 hora

121 2771 305 2828 colant
333 2771 477 2842 quod
503 2772 653 2827 intus
670 2773 821 2843 prius
839 2772 1260 2838 venerabantur,
1283 2782 1344 2826 ut
1371 2769 1538 2841 palea:
1559 2784 1713 2840 sepa-
1815 2786 1986 2840 usque
2033 2771 2100 2826 ad
2147 2769 2524 2834 undecimam,
2566 2771 2618 2823 in
2669 2767 2864 2836 quibus
2915 2763 3178 2841 operariis
3220 2762 3393 2847 vineas

121 2875 317 2921 rentur
339 2882 369 2919 a
403 2865 606 2920 tritico.
1812 2870 1977 2918 unum
2003 2863 2128 2916 vitae
2154 2869 2369 2916 aeternae
2391 2859 2673 2929 praemium
2699 2856 2983 2927 pollicetur
3013 2851 3231 2929 (Matth.
3269 2853 3387 2923 xx).

197 2976 220 3010 ο
259 2951 589 3012 Annuntiate
615 2956 718 3012 hoc
748 2955 932 3012 domui
958 2953 1148 3021 Jacob,
1175 2961 1231 3010 et
1262 2954 1506 3009 auditum
1545 2952 1709 3008 facite

126 3066 151 3103 ι
192 3047 249 3104 in
280 3045 415 3102 Juda
436 3087 452 3113 ,
480 3047 722 3118 dicentes
751 3065 764 3102 :
795 3047 972 3113 Audi,
1013 3047 1210 3117 popule
1241 3045 1434 3112 stulte,
1468 3043 1561 3116 qui
1600 3059 1709 3098 non

126 3160 148 3195 ι
193 3140 367 3197 babes
393 3155 489 3196 cor
510 3158 523 3194 :
547 3140 639 3211 qui
662 3139 932 3196 habentes
951 3139 1140 3194 oculos
1161 3154 1268 3194 non
1295 3137 1512 3201 videtis,
1537 3144 1592 3192 et
1613 3151 1710 3191 au-

125 3251 146 3285 ι
192 3245 302 3296 res,
329 3240 385 3284 et
429 3245 534 3284 non
574 3228 789 3284 auditis.
826 3247 844 3280 ι
879 3227 1062 3283 Multis
1093 3227 1265 3282 modis
1300 3234 1591 3296 peccantes
1617 3239 1709 3279 re-

121 3321 296 3376 trahit
342 3320 409 3375 ad
455 3319 720 3384 salutem,
754 3326 808 3373 et
837 3311 1060 3373 stultum
1107 3325 1266 3372 vocat
1308 3312 1585 3386 populum,
1616 3313 1710 3386 qui

120 3389 282 3481 quasi
309 3409 588 3479 sapientia:
616 3406 838 3478 reliquit
861 3402 1173 3471 auctorem,
1201 3413 1587 3473 compa-atque
1616 3418 1711 3458 eos

119 3500 446 3566 simulacris,
469 3502 534 3554 de
559 3500 754 3569 quibus
775 3497 1034 3568 scriptum
1064 3507 1184 3553 est:
1215 3516 1234 3548 «
1258 3494 1456 3552 Oculos
1485 3495 1704 3561 habent,

117 3601 178 3647 et
213 3606 325 3646 non
350 3589 568 3656 Vident;
595 3602 762 3643 aures
786 3587 1020 3652 habent,
1045 3594 1100 3641 et
1123 3600 1231 3640 non
1263 3586 1508 3650 audiam.
1540 3583 1707 3639 Simi-

119 3663 203 3736 tes
234 3679 339 3735 illis
369 3669 498 3733 um
526 3673 621 3748 qui
646 3657 854 3732 faciunt
878 3690 974 3742 ea,
999 3684 1055 3731 et
1084 3687 1276 3730 omnes
1299 3668 1391 3743 qui
1430 3667 1710 3732 edendum

120 3772 179 3826 in
209 3772 292 3826 eis
321 3766 492 3841 (Ρωι.
517 3768 691 3841 cxm).
731 3787 749 3819 ι
774 3766 1000 3837 Proprie
1025 3774 1205 3820 autem
1229 3765 1296 3819 ad
1321 3763 1516 3818 Judam
1540 3763 1710 3834 loqui-

123 3873 213 3918 tur
238 3869 292 3934 et
323 3861 388 3914 ad
413 3861 627 3916 domum
651 3843 838 3914 Iacob.
867 3858 1034 3914 Israel
1063 3858 1208 3913 enim
1232 3855 1403 3910 multo
1425 3853 1537 3924 iam
1564 3863 1705 3910 tem-

119 3970 260 4026 pore
286 3954 340 4007 in
362 3952 600 4023 Assyriis
629 3951 944 4016 exsulabat,
986 3950 1254 4020 simulque
1284 3949 1378 4003 dat
1407 3946 1705 4018 intelligen-

123 4047 258 4101 tiam
286 4046 424 4114 quod
454 4044 616 4098 etiam
644 4044 848 4112 absque
878 4051 1148 4112 praecepto
1175 4039 1406 4095 naturali
1431 4052 1593 4095 sensu
1614 4038 1708 4094 de-

118 4139 352 4194 beamus
379 4134 674 4205 intelligere
701 4125 826 4205 quae
855 4141 1002 4188 recta
1037 4139 1181 4188 sunt.

201 4250 220 4282 ¢
265 4229 348 4283 Me
375 4244 502 4297 ergo
534 4243 639 4282 non
669 4224 960 4292 timebitis,
991 4227 1068 4280 ait
1099 4225 1387 4290 Dominus,
1414 4234 1470 4280 et
1508 4241 1538 4280 a
1567 4223 1707 4279 facie

128 4342 148 4374 ι
196 4336 314 4376 mea
347 4335 453 4374 non
482 4319 734 4373 dolebitis
764 4318 890 4388 (sive
922 4317 1225 4386 timebitis).
1257 4317 1358 4384 Qui
1391 4318 1546 4388 posui
1583 4330 1704 4370 are-

126 4430 146 4462 c
197 4425 323 4464 nam
367 4409 656 4462 terminum
698 4407 872 4473 mari,
901 4414 1233 4477 prmceptum
1281 4408 1702 4478 sempiternum,

126 4522 145 4553 ε
194 4501 339 4569 quod
388 4515 492 4554 non
539 4497 852 4568 praeteribit.
889 4497 955 4551 Et
995 4501 1475 4554 commovebuntur
1514 4507 1702 4554 etnon

1735 3184 1782 3250 C

1817 2974 1836 3007 ι
1883 2954 2018 3022 Quia
2048 2953 2253 3008 inventi
2279 2956 2404 3006 sunt
2427 2952 2482 3004 in
2505 2937 2846 3021 populo‘meo
2865 2945 3039 3017 impii,
3068 2943 3386 2999 insidiantes

1817 3065 1836 3098 ι
1876 3045 2028 3115 quasi
2081 3059 2353 3114 aucupes:
2386 3043 2611 3112 laqueos
2642 3049 2936 3111 ponentes,
2980 3048 3040 3095 et
3077 3038 3298 3108 pedicas
3321 3035 3387 3090 ad

1817 3158 1837 3191 ι
1877 3138 2166 3208 capiendos
2191 3138 2355 3190 viros.
2392 3133 2549 3190 Sicut
2590 3131 2832 3202 decipula
2856 3131 3021 3200 plena
3057 3127 3279 3192 avibus,
3310 3126 3391 3181 sic

1819 3250 1838 3283 ‹
1881 3228 2075 3284 domus
2100 3241 2285 3282 eorum
2313 3224 2483 3296 plena:
2517 3223 2660 3279 dolo.
2696 3242 2714 3273 ι
2747 3221 2820 3276 Ut
2863 3215 3158 3274 declinaret
3205 3219 3272 3272 ab
3311 3217 3391 3273 eis

1813 3319 1991 3377 imber
2024 3327 2404 3388 temporaneus
2426 3323 2482 3370 et
2508 3315 2800 3377 serotinus,
2820 3323 2877 3368 et
2903 3311 3045 3366 bona
3064 3310 3244 3364 onmia
3282 3323 3390 3364 non

1815 3411 2137 3475 invenirent,
2169 3423 2348 3486 causa
2377 3405 2756 3474 subjiciuntur,
2784 3403 2908 3472 quia
2937 3400 3154 3455 inventi,
3175 3409 3300 3485 sunt
3329 3399 3384 3454 in

1811 3501 2006 3573 populo
2032 3499 2150 3569 eius
2178 3482 2347 3568 impii.
2379 3496 2494 3552 Non
2537 3496 2695 3560 dixit,
2729 3494 2941 3563 iniquos
2981 3503 3039 3546 et
3072 3482 3388 3562 peccatores

1813 3591 1896 3663 (ut
1917 3605 2053 3646 nova
2077 3590 2193 3644 vult
2222 3588 2490 3659 haeresis),
2515 3586 2614 3642 sed
2643 3585 2856 3655 impios.
2901 3583 3155 3652 Impietas
3197 3593 3384 3652 aperte

1813 3688 1973 3753 negat
1999 3682 2188 3745 Deum,
2218 3679 2473 3748 iniquitas
2495 3686 2655 3746 atque
2685 3685 2964 3746 peccatum
2988 3675 3031 3730 si
3066 3675 3388 3730 conﬁteatur

1813 3786 2077 3837 errorem,
2100 3769 2258 3826 facile
2277 3769 2344 3823 ad
2360 3765 2787 3825 misericordiam
2808 3764 2976 3820 ﬂectit
2999 3766 3187 3820 Deum.
3204 3765 3380 3833 Quod—

1811 3871 1917 3933 que
1943 3874 2040 3916 nos
2060 3862 2294 3916 diximus
2325 3879 2345 3911 ‹
2373 3857 2691 3913 insidiantes
2719 3850 2873 3925 quasi
2913 3868 3168 3924 aucupes,
3199 3873 3218 3906 ι
3246 3862 3302 3909 et
3331 3853 3385 3908 in

1812 3942 2165 4023 Septuaginta
2213 3966 2323 4006 non
2369 3937 2629 4012 habetur,
2679 3946 2874 4017 Aquila
2923 3955 2980 4002 et
3027 3945 3386 4017 Symmachus

1812 4041 2205 4098 transtulerunt
2240 4047 2415 4121 1am,
2452 4058 2470 4090 ι
2513 4037 2664 4108 quasi
2715 4047 2828 4092 rete
2872 4029 3112 4106 aucupis.
3165 4043 3199 4085 ›’
3232 4032 3386 4100 Quod

1811 4137 1973 4192 etiam
1998 4134 2089 4205 qui
2113 4134 2286 4189 bonus
2333 4133 2474 4186 inter
2510 4145 2603 4211 eos
2627 4128 2840 4183 videtur
2876 4136 2930 4182 et
2969 4135 3180 4188 rectus,
3217 4124 3389 4178 instar
3473 4167 3477 4174 .

1811 4226 2033 4296 aucupis
2060 4222 2246 4278 tendat
2269 4221 2511 4285 insidias,
2544 4220 2668 4274 dum
2700 4217 2930 4272 invicem
2953 4231 3012 4271 se
3036 4223 3297 4269 venantur
3315 4213 3385 4267 ad

1811 4325 2040 4373 mortem
2060 4356 2074 4380 ,
2107 4323 2162 4370 et
2195 4313 2424 4368 aliorum
2469 4310 2679 4366 damnis
2713 4318 2874 4377 atque
2923 4305 3215 4376 dispendiis
3260 4317 3387 4357 suas

1811 4409 2080 4479 complent
2112 4407 2335 4469 domos,
2379 4412 2439 4458 ut
2483 4401 2768 4472 impleatur
2802 4397 3242 4470 philosophorum
3294 4393 3385 4446 illa

1811 4499 2100 4554 sententia.
2127 4495 2317 4552 Omnis
2346 4495 2494 4550 dives
2535 4501 2627 4546 aut
2658 4492 2905 4560 iniquus,
2949 4495 3041 4542 aut
3082 4488 3252 4540 hmres
3283 4484 3382 4537 ini-

126 4612 147 4644 ι
195 4551 452 4664 poterunt
478 4551 604 4660 (sire
631 4590 936 4646 turbabitur
961 4599 1015 4646 et
1055 4608 1159 4645 non
1188 4592 1438 4662 poterit),
1474 4600 1529 4646 et
1558 4591 1702 4646 intu-
1735 4551 1786 4611 Β
1812 4590 1904 4660 qui
1935 4606 1947 4641 :
1981 4596 2140 4656 atque
2166 4585 2370 4640 utinam
2407 4583 2580 4637 abhis
2607 4589 2812 4634 tantum
2839 4580 2990 4642 tiant,
3013 4577 3103 4648 qui
3131 4575 3383 4629 videntur

125 4703 149 4737 ι
198 4693 440 4739 mcscent
461 4683 596 4755 (sive
623 4683 913 4753 sonabunt)
939 4683 1128 4739 ﬂuetus
1148 4685 1286 4756 ejus,
1310 4693 1363 4738 et
1394 4701 1498 4738 non
1531 4692 1699 4738 trans-

125 4797 148 4829 ι
199 4775 352 4829 ibunt
383 4775 529 4828 illud.
561 4774 764 4843 Populo
785 4785 962 4828 autem
991 4776 1115 4829 huic
1152 4776 1349 4828 factum
1378 4784 1460 4829 est
1493 4791 1586 4829 cor
1616 4776 1700 4829 in-

127 4887 148 4918 ι
195 4865 472 4921 credulum
487 4876 540 4919 et
556 4878 880 4935 exasperans
897 4883 908 4917 :
925 4874 981 4920 et
992 4873 1349 4929 recesserunt,
1365 4877 1420 4917 et
1434 4867 1700 4929 abierunt,

127 4981 146 5011 ι
192 4966 248 5034 et
272 4972 375 5010 non
402 4957 648 5012 dixerunt
682 4959 736 5011 in
764 4959 923 5013 corde
945 4973 1071 5014 suo:
1096 4957 1394 5012 Metuamus
1415 4959 1700 5012 Dominum

126 5070 148 5101 a
200 5049 370 5102 Deum
407 5056 682 5114 nostrum,
708 5049 798 5117 qui
836 5050 927 5102 dat
968 5049 1121 5103 nobis
1160 5048 1395 5118 pluviam
1434 5058 1704 5118 tempora-

128 5163 149 5194 ι
197 5155 358 5195 neam
391 5146 447 5193 ct
475 5140 770 5195 serotinam
803 5142 855 5194 in
886 5151 1126 5212 tempore
1149 5156 1277 5206 suo,
1311 5141 1700 5210 plenitudinem

129 5254 151 5286 ι
198 5246 390 5286 annua:
413 5232 606 5287 messis
636 5235 1022 5290 custodientem
1055 5235 1227 5290 nobis.
1267 5254 1285 5286 ι
1316 5235 1513 5290 Narrat
1541 5236 1706 5290 bene-

126 5322 279 5386 ﬁcia,
303 5330 363 5375 ut
388 5321 624 5392 ingratos
637 5331 845 5393 arguat.
875 5342 896 5374 σ
917 5325 1015 5390 Me,
1045 5326 1234 5395 inquit,
1257 5339 1362 5378 non
1387 5326 1697 5387 timebitis,»

124 5413 227 5481 qui
262 5420 409 5466 tanta
437 5412 590 5468 vobis
635 5413 899 5482 praestiti?
925 5413 1040 5468 Non
1075 5406 1411 5469 dilectionem
1457 5415 1703 5468 desidero

123 5501 521 5575 perfectorum,
552 5503 644 5558 sed
673 5507 920 5558 timorem
956 5505 1344 5575 incipientium,
1382 5525 1400 5555 ›
1430 5506 1519 5574 qui
1549 5504 1701 5574 posui

126 5607 354 5648 arenam
385 5594 668 5648 terminum
704 5595 861 5658 mari,
893 5595 984 5662 qui
1016 5603 1122 5648 tam
1157 5604 1347 5664 potens
1379 5595 1701 5648 elementum

127 5689 190 5738 et
218 5681 506 5737 immensas
550 5683 820 5754 gurgitum
842 5684 1020 5739 moles
1057 5700 1175 5739 meo
1212 5693 1479 5754 praecepto
1511 5685 1702 5739 littori-

128 5773 234 5830 bus
264 5771 550 5841 refrenavi,
571 5771 725 5844 juxta
754 5773 883 5830 illud
908 5775 1050 5845 quod
1081 5777 1338 5846 scriptum
1353 5784 1434 5830 est
1462 5794 1474 5829 :
1507 5795 1524 5827 ‹
1561 5775 1705 5830 Prae-

1814 4674 1946 4736 feris
1969 4695 2107 4745 esse,
2135 4687 2190 4732 et
2209 4692 2346 4746 quos
2365 4675 2626 4730 Dominus
2643 4673 2870 4743 judicat,
2890 4679 2945 4725 et
2973 4684 3077 4722 non
3105 4668 3158 4720 in
3183 4665 3382 4724 nostris

1813 4771 2201 4829 conventiculis
2230 4770 2576 4840 impleantur,
2608 4781 2743 4835 quos
2769 4764 3026 4835 possidet.
3055 4763 3226 4816 Radix
3261 4777 3380 4814 om-

1813 4866 1960 4919 nium
1983 4864 2244 4919 malorum
2273 4859 2517 4924 avaritia,
2547 4858 2622 4918 ita
2642 4865 2700 4910 ut
2717 4855 3042 4918 venientium
3065 4853 3131 4907 ad
3157 4867 3252 4906 nos
3275 4867 3381 4905 non

1809 4972 1904 5013 ora
1933 4953 2379 5023 contemplemur,
2411 4952 2506 5005 sed
2536 4964 2746 5004 manus.

1887 5063 1906 5095 ι
1949 5043 2072 5097 Ideo
2101 5040 2426 5110 magniﬁcati
2459 5047 2584 5093 sunt
2622 5047 2676 5090 et
2705 5035 2893 5100 ditati,
2935 5033 3218 5088 incrassati
3257 5040 3381 5086 sunt

1814 5154 1835 5188 s
1879 5143 1935 5188 et
1987 5131 2337 5203 impinguati,
2383 5139 2437 5184 et
2473 5127 2853 5198 praeterierunt
2901 5139 3178 5180 sermones
3231 5137 3378 5177 meos

1817 5244 1835 5276 ι
1882 5223 2132 5294 pessime.
2157 5222 2387 5276 Causam
2418 5233 2523 5272 non
2548 5217 2958 5285 judicaverunt,
2991 5229 3206 5269 causam
3252 5213 3377 5283 (sive

1817 5333 1835 5364 ‹
1870 5312 2155 5384 judicium)
2180 5310 2363 5381 pupilli
2386 5324 2492 5362 non
2520 5309 2849 5363 dir-exerunt.
2875 5307 2941 5360 Et
2960 5305 3218 5376 judicium
3242 5319 3378 5374 path

1815 5427 1833 5458 ί
1879 5421 2066 5476 perum
2118 5405 2245 5475 (sive
2289 5401 2480 5470 vidua!)
2531 5415 2633 5453 non
2682 5398 3078 5466 judicaverunt.
3133 5395 3381 5463 Nunquid

1816 5520 1834 5550 ε
1880 5515 2042 5569 super
2073 5497 2158 5552 his
2183 5511 2288 5549 non
2319 5493 2581 5548 visitabo?
2609 5491 2740 5545 dicit
2777 5491 3066 5552 Dominus,
3091 5498 3180 5542 aut
3219 5502 3382 5556 super

1817 5609 1835 5639 ι
1883 5598 2096 5659 gentem
2125 5585 2492 5652 hujuscemodi
2533 5599 2637 5638 non
2664 5583 2953 5637 ulciscetur
2975 5582 3148 5634 anima
3176 5578 3332 5632 mea?
3357 5596 3376 5630 ι

1815 5679 1872 5734 Si
1897 5680 2113 5734 voluero
2138 5679 2394 5732 adnotare
2422 5692 2518 5747 per
2539 5675 2743 5744 singula
2773 5689 2890 5742 qua:
2935 5673 2986 5727 in
3029 5671 3379 5741 Septuaginta

1814 5761 2049 5828 editione
2080 5772 2440 5841 praetermissa
2467 5777 2612 5833 sunt,
2631 5767 2847 5837 longum
2873 5767 2978 5820 tiet.
3001 5763 3100 5831 Qui
3127 5763 3375 5829 tendunt,
