3910 6390
193 371 310 428 849

1126 363 1488 422 ΕΧΡΟΞΙΤΙΟ
1525 363 1754 422 SUPER
1789 363 2152 421 JEBEMIAM.
2194 395 2262 406 —
2298 365 2426 422 LIB.
2468 367 2555 423 Ill.

3359 371 3463 428 850

194 487 496 547 circuitum
525 498 766 556 aggeres,
797 483 924 553 quia
956 489 1167 550 tempus
1197 479 1524 534 visitationis
1552 477 1666 547 ejus
1695 478 1784 532 ad-
1813 483 1867 544 Α
1895 497 1912 530 ι
1944 478 2045 534 Per
2066 492 2284 534 omnem
2310 478 2550 536 dolorem
2591 489 2644 536 et
2672 479 2940 552 ﬂagellum
2982 481 3266 548 erudieris,
3316 480 3465 538 Jeru-

193 577 438 642 vencrit,
466 584 528 629 ut
549 574 775 644 recipiat
797 588 895 643 pro
921 570 1162 642 peccatis
1192 570 1321 633 suis,
1354 584 1583 638 quorum
1605 569 1780 623 maxi-

195 683 360 727 mum
380 674 464 724 est
501 667 808 739 συκοφαντία
827 671 891 717 ιιι
921 663 1256 717 innocentem
1284 661 1552 730 opprimat
1574 675 1670 730 per
1693 674 1784 715 ca-

194 756 490 814 lumniam.
535 753 815 824 Quomodo
852 767 982 824 ergo
1019 753 1276 816 cisterna,
1316 750 1399 803 vel
1424 750 1590 815 lacus,
1631 750 1782 821 frigi-

197 849 335 904 dam
389 847 520 902 facit
564 860 761 916 aquam
800 858 976 907 suam,
1028 842 1109 897 sic
1155 842 1210 895 in
1263 839 1441 895 medio
1483 839 1782 895 Jerusalem

197 939 412 994 malitia
435 953 555 1006 qua:
584 937 636 990 in
661 951 723 991 ea
750 945 833 989 est
858 948 1074 988 omnem
1101 931 1339 987 calorem
1373 931 1606 999 perdidit
1633 931 1779 987 vitae.

197 1031 269 1086 Et
299 1032 406 1084 hoc
447 1028 738 1082 notandum
767 1026 908 1096 quod
947 1033 1134 1080 sancto
1171 1022 1376 1092 Spiritu
1408 1024 1620 1078 accensi
1667 1023 1780 1078 fer-

195 1130 396 1176 ventes
417 1119 779 1190 appellentur;
821 1117 963 1172 mala
1002 1125 1182 1171 autem
1229 1113 1425 1185 frigida
1470 1115 1595 1169 sint.
1628 1114 1782 1171 Unde

194 1221 256 1267 et
295 1211 432 1265 illud
465 1209 724 1279 scriptum
751 1216 834 1263 est
863 1222 879 1260 :
916 1226 933 1258 c
962 1205 1117 1273 Quod
1146 1207 1200 1259 in
1226 1204 1533 1260 novissimis
1569 1205 1777 1273 diebus,

196 1303 423 1373 quando
479 1300 830 1369 multiplicata
891 1298 1054 1352 fuerit
1119 1297 1410 1366 iniquitas,
1470 1295 1783 1367 refrigescet

194 1392 444 1446 charitas
486 1390 778 1444 multorum
820 1387 839 1457 (
870 1386 1060 1440 Matth.
1091 1401 1226 1440 xxiv
1250 1386 1288 1457 ).
1326 1407 1343 1438 ›
1382 1386 1534 1454 Quod
1568 1397 1700 1457 puto
1728 1397 1785 1443 et

195 1482 333 1536 illud
372 1495 568 1536 sonare
608 1497 621 1531 :
666 1498 684 1529 ι
710 1476 1051 1533 Assimilatus
1078 1492 1198 1532 sum
1233 1477 1679 1533 descendentibus
1725 1478 1782 1532 in

195 1574 382 1626 lacum
407 1572 590 1643 (Psal.
641 1570 863 1641 xxvn).i
907 1569 1020 1624 Hoc
1047 1578 1228 1624 autem
1252 1569 1475 1624 Latinus
1505 1570 1673 1625 lector
1698 1571 1781 1624 in-

197 1662 434 1729 telligat,
468 1669 526 1715 ut
568 1661 734 1716 semel
771 1659 970 1714 dixisse
1012 1658 1257 1723 suﬂiciat,
1305 1658 1476 1713 lacum
1520 1675 1628 1715 non
1667 1671 1778 1714 sta-

193 1769 362 1821 gnum
416 1767 608 1805 sonare
663 1751 813 1820 juxta
863 1749 1111 1814 Graecos,
1169 1751 1264 1805 sed
1315 1751 1607 1815 cisternam,
1659 1766 1782 1821 quas

1885 571 2073 628 salem.
2106 589 2126 623 ι

1959 684 1977 716 ι
2005 663 2131 719 Haec
2179 663 2312 718 dicit
2338 663 2596 720 Dominus
2636 666 3013 722 exercituum:
3046 667 3229 737 Usque
3274 669 3342 723 ad
3383 682 3466 723 ra-

1889 774 1906 807 ‹
1940 769 2152 810 cemum
2196 754 2449 824 colligent
2489 758 2641 826 quasi
2683 757 2740 811 in
2771 758 2929 813 vinea
2972 757 3228 826 reliquias
3272 757 3457 814 lsrael.

1889 862 1907 895 ι
1941 843 2208 899 Converte
2228 859 2450 898 manum
2475 851 2621 899 tuam
2641 848 2794 915 quasi
2817 845 3172 900 vindemiator
3187 846 3254 899 ad
3271 845 3465 900 cartal-

1890 950 1908 984 ‹
1943 933 2072 988 lum.
2104 952 2124 985 ι
2147 933 2503 1005 Septuaginta
2538 953 2552 990 :
2581 955 2598 987 ‹
2627 935 2762 1002 Quia
2787 937 2902 991 hac
2923 935 3326 1010 dicitDominus
3352 935 3460 990 vir-

1890 1041 1909 1076 ‹
1937 1031 2111 1078 tutum
2131 1041 2149 1080 τ,
2173 1023 2484 1091 Racemate,
2503 1037 2777 1082 racemate
2793 1027 2949 1096 quasi
2965 1011 3021 1079 in
3035 1026 3192 1079 vinea
3207 1026 3464 1096 reliquias

1888 1132 1908 1166 ‹
1936 1113 2119 1169 Israel.
2148 1112 2498 1170 Revertimini
2521 1117 2678 1186 quasi
2706 1117 3068 1171 vindemiator
3099 1117 3152 1170 in
3180 1117 3463 1170 cartallum

1888 1220 1909 1255 ι
1940 1219 2116 1258 suum.
2141 1223 2160 1255 ι
2184 1203 2290 1257 Alii
2335 1205 2391 1258 in
2421 1204 2617 1262 bonam
2643 1217 2870 1276 partem,
2910 1207 3000 1260 alii
3029 1207 3084 1260 in
3114 1206 3310 1259 malam
3341 1206 3458 1260 haec

1884 1292 2026 1347 dicta
2053 1293 2371 1362 suscipiunt.
2407 1294 2464 1348 In
2491 1295 2686 1349 bonam
2714 1305 2921 1364 partem
2938 1311 3062 1350 cum
3098 1303 3311 1350 vastata
3341 1293 3458 1349 fue-

1882 1383 1956 1437 rit
1977 1382 2296 1450 Jerusnlem,
2322 1386 2562 1456 reliquiae
2588 1387 2747 1442 salvae
2773 1389 2921 1441 fiant.
2950 1387 3010 1441 ln
3041 1387 3234 1442 malam
3266 1390 3367 1454 sic,
3394 1405 3462 1444 ue

1882 1489 2023 1530 unus
2052 1475 2270 1544 quidem
2293 1491 2541 1533 racemus
2571 1486 2626 1532 et
2652 1494 2851 1547 parvus
2875 1479 3064 1533 botrus
3101 1487 3378 1533 remaneat
3409 1479 3464 1532 in

1882 1565 2062 1629 vinea,
2099 1567 2281 1620 omnia
2302 1567 2650 1638 colligentur;
2695 1577 2749 1622 et
2779 1571 3136 1638 quodcunque
3167 1569 3461 1633 inveneris,

1882 1657 2057 1712 instar
2089 1655 2500 1713 vindemiatoris
2530 1659 2584 1712 in
2616 1658 2899 1714 cartallum
2934 1659 3186 1728 conjicito
3212 1677 3224 1712 :
3251 1668 3308 1713 ut
3329 1675 3465 1729 quo-

1883 1746 2043 1800 modo
2087 1745 2176 1800 ille
2230 1761 2475 1802 racemos
2533 1748 2602 1802 ad
2655 1747 2929 1810 torcular,
2985 1748 3062 1802 sic
3117 1758 3177 1802 tu
3225 1749 3466 1816 captivos

195 1858 453 1897 sermone
496 1843 633 1912 Syro
653 1851 708 1896 et
737 1841 1000 1896 Hebraico
1022 1851 1151 1902 μου
1187 1842 1504 1911 appellatur.
1548 1842 1605 1896 In
1642 1859 1781 1913 pra:-
1809 1846 1857 1906 B
1882 1838 2167 1905 pertrahas
2196 1837 2250 1890 in
2271 1837 2618 1907 Babylonem.

195 1936 341 1988 senti
388 1944 566 1988 autem
605 1935 723 1988 loco
768 1949 868 2002 pro
919 1932 1057 1997 lacu,
1102 1947 1262 2001 quem
1306 1947 1495 1988 omnes
1535 1932 1782 1987 similiter

198 2022 616 2086 transtulerunt,
653 2023 706 2076 in
744 2021 1007 2092 Bebraico
1044 2031 1146 2078 ’ΠΣ
1184 2019 1400 2074 dicitur.
1451 2020 1781 2093 (Mwnus.)

199 2114 276 2167 De
319 2114 420 2166 hoc
459 2112 575 2166 lacu
616 2112 672 2165 in
700 2126 864 2165 onere
907 2110 1195 2181 Babylonis
1225 2126 1320 2179 per
1354 2109 1545 2165 Isaiam
1583 2111 1650 2166 ad
1675 2110 1784 2165 Na-

195 2204 621 2258 buchodonosor
657 2201 857 2256 dicitur
886 2217 900 2254 :
942 2221 959 2252 ‹
990 2202 1373 2256 Verumtamen
1413 2203 1480 2255 ad
1510 2200 1781 2256 infernum

197 2295 528 2357 detraheris,
579 2295 634 2348 in
680 2293 1006 2362 profundum
1053 2294 1155 2348 laci
1195 2293 1340 2364 (Isa.
1371 2292 1516 2365 xw).
1543 2314 1560 2344 ι
1597 2294 1780 2351 Sancti

198 2401 408 2455 pennas
438 2386 639 2440 habent
680 2383 892 2454 aquilaz,
923 2392 978 2437 et
1000 2399 1207 2454 pennas
1231 2384 1491 2438 columbae
1517 2424 1531 2448 ,
1578 2395 1633 2440 et
1657 2401 1781 2454 pos-

199 2487 328 2533 sunt
360 2479 558 2542 dicere,
579 2476 812 2532 «Volabo
840 2485 894 2530 et
915 2477 1305 2544 requiescam.»
1340 2475 1493 2544 Impii
1518 2484 1697 2530 autem
1727 2484 1783 2530 et

198 2568 585 2639 Egyptiorum
629 2567 832 2622 similes
873 2565 1104 2620 demersi
1144 2574 1270 2619 sunt
1306 2566 1459 2634 quasi
1505 2565 1781 2634 plumbum

197 2661 255 2714 in
306 2660 461 2728 aquis
499 2658 927 2721 vehementibus,
970 2664 1025 2710 et
1073 2655 1304 2710 demersi
1348 2655 1402 2709 in
1455 2654 1779 2724 profundum

197 2751 343 2807 sicut
373 2749 524 2820 lapis.
559 2750 636 2803 De
663 2749 780 2803 lacu
814 2748 1138 2818 quandoque
1161 2746 1428 2816 profunda
1469 2747 1779 2817 signiﬁcan-

200 2851 292 2898 tur
314 2841 530 2896 inferni.
561 2842 652 2895 llla
688 2850 815 2895 sunt
845 2841 1152 2895 testimonia
1181 2858 1194 2893 :
1231 2859 1248 2890 ι
1277 2840 1616 2895 Assimilatus
1658 2857 1776 2896 sum

200 2950 328 3016 cum
375 2935 823 2990 descendentibus
863 2934 916 2988 in
951 2933 1146 3000 lacum,
1188 2941 1244 2987 et
1275 2945 1570 3002 posuerunt
1607 2949 1693 2988 me
1723 2933 1778 2988 in

200 3035 322 3081 lacu
379 3026 672 3080 novissimo
727 3024 907 3092 (Psal.
942 3025 1132 3094 xxvu).
1171 3044 1189 3076 ι
1246 3023 1397 3080 Sicut
1444 3025 1588 3079 enim
1630 3024 1778 3080 lacus

200 3130 372 3183 aquas
402 3114 467 3169 ad
500 3130 557 3169 se
588 3113 990 3178 descendentes,
1024 3114 1097 3167 ita
1128 3112 1366 3169 infernus
1408 3114 1617 3167 animas
1659 3129 1776 3168 sus-

1959 1949 1977 1982 ι
2004 1930 2112 2000 Cui
2129 1929 2321 2012 lgquar
2346 1938 2400 1984 et
2421 1945 2582 1999 quem
2611 1936 2848 1986 testabor
2873 1939 2933 1985 ut
2953 1931 3171 1985 audiat?
3215 1930 3354 1985 Ecce
3384 1930 3463 1984 in-

1890 2039 1907 2071 ‹
1943 2021 2274 2076 circumcise
2311 2035 2471 2075 aures
2516 2037 2703 2075 eorum
2744 2021 2878 2093 (sive
2905 2021 3133 2092 vestrae)
3177 2030 3232 2075 et
3279 2021 3465 2075 audire

1886 2128 1906 2161 ί
1943 2126 2046 2165 non
2075 2119 2320 2179 possunt.
2351 2111 2487 2165 Ecce
2513 2111 2736 2165 verbum
2781 2111 2993 2166 Domini
3041 2110 3243 2164 factum
3274 2119 3356 2164 est
3385 2110 3464 2164 eis

1889 2221 1908 2255 ι
1940 2189 1997 2258 in
2024 2205 2396 2273 opprobrium,
2420 2212 2473 2259 et
2500 2219 2607 2258 non
2634 2205 2930 2272 suscipient
2953 2203 3103 2257 illud.
3141 2221 3158 2254 ι
3192 2202 3308 2256 Non
3337 2217 3463 2270 pos-

1883 2303 2009 2348 sunt
2054 2294 2257 2358 audire,
2314 2295 2438 2364 quia
2487 2309 2648 2348 aures
2698 2292 3089 2347 circumcidere
3136 2291 3458 2354 noluerunt;

1881 2401 1982 2442 nec
2023 2388 2204 2440 tamen
2250 2395 2408 2440 vacat
2455 2384 2716 2454 supplicio
2765 2382 3191 2452 impossibilita's,
3238 2396 3358 2451 quae
3397 2383 3462 2436 de

1883 2484 2189 2544 contemptu
2215 2485 2272 2530 et
2299 2476 2614 2531 infidelitate
2644 2471 2940 2528 descendit.
2975 2470 3033 2526 Si
3059 2472 3181 2541 quis
3208 2485 3340 2540 ergo
3367 2471 3458 2525 Dei

1882 2569 2046 2623 verba
2068 2583 2176 2623 non
2215 2568 2459 2636 suscipit,
2492 2583 2592 2620 nec
2619 2566 2781 2620 habet
2802 2571 3194 2635 praeceptorum
3224 2561 3341 2630 ejus
3374 2563 3459 2617 in-

1883 2661 2266 2733 telligentiam,
2317 2659 2710 2715 incircumcisis
2763 2659 2983 2714 auribus
3032 2665 3135 2712 est.
3181 2656 3463 2726 Simulque

1883 2755 2177 2809 notandum
2210 2753 2352 2822 quod
2384 2751 2720 2806 circumcisio
2748 2751 2802 2803 in
2836 2749 3131 2819 Scripturis
3168 2748 3340 2803 tribus
3370 2764 3462 2817 ge—

1882 2845 2100 2899 neribus
2139 2843 2457 2914 appellatur,
2502 2843 2555 2895 in
2599 2842 2890 2910 przeputio,
2933 2841 2986 2895 in
3021 2840 3184 2895 corde
3219 2849 3273 2894 et
3313 2839 3461 2893 auri—

1882 2936 2000 2989 bus.
2051 2933 2199 2990 Unde
2244 2933 2504 2987 Dominus
2560 2931 2726 2984 dicit:
2760 2949 2777 2980 ‹
2805 2929 2905 2995 Qui
2951 2929 3112 2983 habet
3153 2943 3313 2983 aures
3365 2943 3459 2982 au-

1883 3024 2061 3078 diendi
2100 3024 2282 3078 audiat
2331 3020 2556 3093 (Matth.
2588 3020 2697 3092 x1).
2721 3039 2738 3071 ι
2780 3019 3065 3074 Voluptate
3104 3033 3232 3089 ergo
3275 3029 3458 3072 nostra

1882 3115 2104 3168 verbum
2134 3115 2228 3168 Dei
2271 3129 2380 3167 non
2415 3113 2756 3180 suscipimus,
2806 3119 2860 3164 et
2891 3110 3090 3164 idcirco
3132 3108 3190 3160 fit
3221 3109 3376 3162 nobis
3401 3108 3455 3161 in

201 3205 352 3272 cipit.
381 3205 463 3258 Ad
502 3221 660 3271 quem
691 3205 865 3259 lacum
903 3205 1180 3259 descendit
1205 3205 1435 3258 Banaias
1456 3203 1505 3274 (I
1534 3202 1665 3257 Par.
1696 3205 1773 3273 ιιι)
1804 3188 1847 3249 C
1879 3205 2245 3273 opprobrium,
2289 3212 2345 3256 ut
2379 3205 2521 3271 quod
2556 3201 2740 3256 datum
2772 3201 2945 3254 fuerat
2970 3199 3034 3252 ad
3073 3196 3324 3262 salutem,
3362 3211 3457 3251 uo-

200 3301 444 3362 tempore
475 3294 614 3348 nivis
648 3303 702 3347 et
729 3293 967 3363 frigoris,
996 3303 1051 3348 et
1081 3294 1334 3349 interﬁcit
1363 3295 1418 3349 in
1454 3309 1518 3350 eo
1547 3295 1774 3350 leonem.

202 3381 358 3438 Unde
395 3390 451 3436 et
491 3382 728 3437 haretici
762 3383 1074 3452 relinquunt
1112 3384 1312 3439 fontem
1354 3400 1507 3454 aqua:
1549 3387 1779 3442 viventis

204 3475 511 3536 Dominum,
536 3484 590 3528 et
616 3474 824 3528 fodiunt
851 3476 949 3530 sibi
979 3476 1127 3531 lacos
1151 3478 1432 3542 contritas,
1459 3479 1549 3547 qui
1580 3493 1776 3547 aquam

204 3582 312 3621 non
341 3565 554 3619 valeant
570 3567 863 3621 continere.
887 3567 961 3622 De
985 3569 1066 3623 his
1094 3569 1224 3623 lacis
1245 3579 1369 3624 sunt
1394 3571 1484 3639 qui
1509 3571 1776 3626 fervorem

203 3671 310 3711 non
340 3657 540 3710 habent
582 3655 814 3727 Spiritus
859 3660 1052 3724 sancti,
1099 3674 1198 3714 nec
1225 3662 1498 3730 prophetae
1531 3660 1777 3716 Jeremiae

202 3749 406 3803 similes
458 3758 603 3812 sunt,
634 3751 723 3818 qui
744 3749 895 3817 juxta
939 3751 1291 3822 Septuaginta
1333 3753 1653 3821 interpretes
1697 3753 1776 3808 lo-

203 3839 466 3910 quebatur
494 3854 509 3893 :
546 3859 562 3890 ί
587 3839 766 3895 Inveni
795 3857 987 3910 aquam
1021 3844 1246 3896 calidam
1277 3843 1331 3894 in
1360 3843 1603 3906 deserto;
1627 3863 1644 3892 ι
1678 3845 1774 3898 sed

204 3926 585 3997 refrigescente
629 3930 891 3983 charitate
924 3931 1156 3985 colorem
1183 3931 1352 3985 sancti
1391 3929 1625 3999 Spiritus
1650 3948 1774 4001 per-

205 4017 471 4071 diderunt.
496 4017 647 4071 Unde
669 4018 798 4072 dicit
823 4036 834 4071 :
866 4038 882 4069 ς
906 4018 1054 4073 Sicut
1076 4019 1359 4090 refrigerat
1384 4020 1534 4074 lacus
1555 4036 1773 4090 aquam,

206 4107 285 4161 sic
336 4105 617 4177 refrigerat
662 4109 864 4163 malitia
918 4111 1177 4165 habentes
1233 4127 1310 4166 se.
1348 4129 1364 4162 ι
1402 4111 1503 4178 Qui
1565 4114 1772 4168 utinam

207 4197 352 4266 iuxta
391 4198 745 4268 Apocalypsin
773 4197 996 4254 Joannis
1038 4200 1245 4271 (Apoc.
1289 4203 1386 4271 ιιι)
1437 4222 1454 4252 ι
1482 4212 1572 4256 aut
1613 4203 1772 4258 calidi

208 4300 388 4347 essent
413 4299 506 4345 aut
525 4290 758 4362 frigidi,»
792 4292 844 4347 id
876 4302 976 4357 est,
1000 4301 1091 4347 aut
1117 4294 1398 4349 crederent
1432 4305 1526 4349 aut
1550 4298 1771 4352 omnino

208 4400 312 4439 non
344 4385 640 4446 crederent,
685 4399 752 4438 ne
780 4400 877 4453 per
905 4396 1145 4452 teporem
1181 4394 1235 4440 et
1271 4386 1669 4442 simulationem
1701 4386 1768 4441 ﬂ-

208 4475 272 4530 de
321 4491 349 4529 a
377 4473 602 4529 Domino
636 4472 1006 4540 rejicerentur.

284 4585 301 4617 ‹
329 4566 587 4635 lniquitas
623 4574 680 4620 et
705 4566 928 4620 vastitas
962 4567 1213 4622 audiatur
1240 4567 1294 4622 in
1331 4583 1426 4633 ea,
1472 4584 1655 4624 coram
1680 4583 1767 4622 me

214 4676 231 4708 ι
267 4670 472 4724 semper
499 4654 784 4709 infirmitas
804 4664 858 4710 et
876 4656 1053 4726 plaga.
1084 4657 1330 4723 Erudire,
1357 4657 1673 4723 Jerusalem,
1701 4674 1769 4713 ne

215 4764 232 4796 ι
261 4744 395 4798 forte
429 4745 644 4799 recedat
691 4745 870 4797 anima
902 4760 1020 4799 mea
1060 4761 1089 4798 a
1120 4756 1191 4810 te,
1223 4762 1292 4800 ne
1322 4745 1460 4801 forte
1485 4762 1679 4815 ponam
1716 4756 1771 4803 te

216 4852 234 4884 ‹
269 4833 536 4886 desertam
582 4840 785 4887 terram
827 4833 1249 4889 inhabitabilem.
1300 4854 1318 4886 ι
1366 4834 1716 4905 Septuaginta
1751 4855 1764 4889 :

216 4939 237 4975 ι
271 4920 515 4991 Impietas
540 4933 593 4977 et
616 4923 831 4977 miseria
867 4923 1150 4978 audientur
1181 4925 1233 4977 in
1271 4939 1334 4979 ea
1361 4935 1543 4979 contra
1574 4926 1769 4982 faciem

216 5035 237 5071 ι
268 5013 408 5084 ejus;
432 5028 528 5082 per
541 5029 752 5068 omnem
771 5015 1008 5070 dolorem
1032 5025 1086 5070 et
1103 5016 1364 5087 ﬂagellum
1387 5020 1670 5085 erudieris,
1687 5019 1773 5074 Je-

217 5124 239 5161 ι
266 5105 513 5170 rusalcm,
532 5120 598 5158 ne
619 5104 756 5161 forte
776 5109 994 5161 recedat
1014 5109 1189 5162 anima
1213 5125 1326 5163 mea
1348 5126 1376 5162 a
1401 5119 1470 5174 te,
1493 5127 1558 5165 ne
1576 5112 1769 5166 faciam

219 5217 236 5249 ι
268 5208 318 5252 te
343 5198 538 5252 inviam
573 5206 802 5261 terram,
834 5212 952 5265 qua:
985 5216 1089 5255 non
1124 5201 1413 5255 habitetur.
1450 5223 1467 5252 ι
1501 5203 1767 5275 (Ηίενοιι.)

212 5289 311 5343 Per
352 5289 464 5343 hac
509 5288 764 5344 discimus
803 5288 945 5356 quod
989 5289 1220 5360 ﬂagellat
1257 5292 1513 5346 Dominus
1552 5309 1768 5348 omnem

215 5379 406 5443 ﬁlium,
459 5396 616 5449 quem
659 5381 881 5447 recipit;
931 5389 985 5435 et
1018 5383 1220 5438 idcirco
1257 5384 1428 5453 plagis
1459 5393 1618 5454 atque
1667 5393 1771 5440 tor-

215 5469 401 5526 mentis
445 5471 689 5525 eruditur
736 5470 1062 5534 Jerusalem,
1103 5482 1161 5526 ut
1199 5474 1528 5543 corrigatur,
1577 5486 1632 5530 et
1658 5491 1763 5530 nou

217 5560 423 5616 recedat
447 5563 624 5614 anima
652 5561 744 5616 Dei
772 5561 838 5616 ab
858 5577 920 5615 ea
950 5571 1005 5616 et
1032 5564 1304 5634 redigatur
1324 5565 1375 5618 in
1399 5565 1764 5620 solitudinem.

218 5653 271 5708 Si
305 5653 514 5722 quando
557 5652 716 5722 igitur
745 5653 952 5708 crebris
994 5658 1255 5724 angustiis
1299 5655 1657 5724 subjaccmus,
1693 5673 1772 5712 re-

218 5746 492 5801 cordemur
519 5743 571 5798 in
610 5744 1029 5799 consolationem
1066 5747 1235 5801 nostri
1271 5746 1426 5802 istius
1462 5747 1714 5803 versiculi
1750 5761 1765 5797 :

1797 4533 1851 4592 D

1881 3295 1992 3352 stre
2019 3297 2150 3351 vitio
2175 3303 2417 3350 vertatur
2441 3294 2494 3348 in
2521 3307 2756 3363 ptenam.

1957 3404 1975 3436 ‹
2009 3386 2216 3440 Idcirco
2265 3384 2448 3438 furore
2499 3382 2711 3437 Domini
2770 3381 2961 3451 plenus
3008 3395 3157 3443 sum,
3218 3378 3456 3434 laboravi

1885 3497 1904 3530 ι
1940 3481 2228 3534 sustinens.
2265 3496 2283 3528 ι
2319 3476 2666 3545 Septuaginta
2697 3465 2711 3526 ἑ
2742 3494 2760 3524 ι
2789 3474 2855 3527 Et
2884 3473 3121 3526 furorem
3148 3487 3327 3526 meum
3356 3471 3458 3526 im-

1883 3589 1901 3621 ‹
1940 3569 2079 3640 plevi
2108 3577 2162 3622 et
2205 3567 2458 3631 sustinui,
2485 3575 2538 3621 et
2565 3580 2672 3620 non
2718 3563 3025 3634 consumpsi
3070 3578 3214 3618 eum.
3246 3582 3264 3614 ι
3294 3562 3458 3619 Juxta

1879 3658 2200 3714 llebraicum
2236 3671 2302 3710 ex
2343 3670 2573 3725 persona
2608 3655 2883 3723 pr0pheta:
2922 3653 3140 3717 dicitur,
3185 3653 3328 3721 quod
3361 3668 3456 3708 ve-

1878 3753 2115 3808 nientem
2145 3751 2281 3805 iram
2310 3748 2407 3803 Dei
2439 3755 2563 3802 ante
2588 3747 2912 3817 prospiciat,
2959 3754 3012 3800 et
3043 3745 3232 3813 plenus
3261 3745 3331 3800 sit
3369 3744 3458 3798 lu-

1877 3847 2017 3900 roris
2064 3845 2277 3899 Domini
2331 3853 2386 3898 et
2432 3843 2718 3897 iracundia:
2764 3851 2819 3896 ct
2867 3841 3005 3895 ultra
3048 3841 3314 3894 sustinere
3348 3855 3457 3894 non

1875 3939 2069 4007 possit,
2107 3953 2207 3992 nec
2245 3950 2341 4006 pro
2379 3933 2754 4005 peccatoribus
2795 3933 2988 3987 audeat
3031 3931 3318 3986 Dominum
3365 3931 3458 3986 de-

1876 4030 2108 4099 precari.
2141 4028 2300 4082 Juxta
2336 4027 2684 4096 Septuaginta
2715 4035 2894 4079 autem
2935 4039 3107 4078 novus
3143 4036 3333 4078 sensus
3359 4037 3456 4091 po-

1877 4119 2040 4182 nitur,
2080 4117 2222 4188 quod
2261 4118 2376 4186 ipse
2415 4117 2665 4185 loquatur
2695 4114 2954 4169 Dominus
2987 4122 3042 4167 et
3079 4113 3260 4166 dicat:
3287 4112 3458 4167 Furo-

1878 4227 1989 4268 rem
2019 4227 2198 4267 meum
2224 4209 2484 4278 complevi
2515 4207 2756 4262 feriendo
2795 4205 3047 4276 populum
3084 4213 3460 4278 peccatorem,‘

1875 4310 1928 4357 et
1958 4311 2137 4356 tamen
2180 4299 2463 4355 retinuerit
2487 4297 2636 4352 illum
2665 4306 2719 4351 et
2751 4310 2858 4350 non
2890 4303 3060 4349 totum
3091 4293 3359 4357 effuderit,
3391 4301 3453 4347 ut

1875 4389 2115 4459 reliquiae
2160 4387 2322 4442 salvae
2362 4387 2510 4440 ﬂant.
2561 4385 2714 4451 Quod
2759 4385 2892 4439 mihi
2933 4383 3146 4437 videtur
3190 4381 3291 4436 sibi
3330 4398 3454 4439 esse

1875 4478 2206 4533 contrarium
2236 4495 2249 4529 :
2276 4476 2321 4530 si
2353 4475 2497 4530 enim
2533 4473 2820 4543 complevit
2847 4471 3085 4526 furorem
3111 4486 3283 4535 suum,
3315 4485 3452 4541 quo-

1878 4569 2036 4623 modo
2058 4566 2313 4622 sustinuit
2336 4580 2404 4619 ne
2433 4563 2761 4632 compleret?

1953 4681 1970 4713 ‹
2009 4661 2231 4715 Eﬂ'unde
2282 4660 2418 4730 (sive
2439 4656 2654 4729 effudit)
2702 4671 2861 4727 super
2896 4655 3175 4726 parvulum
3209 4653 3450 4710 furorem

1883 4773 1900 4807 ι
1934 4751 2163 4825 [foris],
2205 4759 2260 4806 et
2305 4765 2466 4818 super
2508 4750 2793 4804 concilium
2827 4750 3086 4819 juvenum
3135 4746 3312 4802 simul.
3354 4746 3450 4803 Vir

1884 4863 1902 4896 (
1931 4844 2073 4898 enim
2101 4857 2225 4897 cum
2259 4839 2483 4894 muliere
2510 4841 2775 4908 capietur,
2805 4852 2970 4893 senex
3000 4851 3123 4891 cum
3148 4837 3305 4904 pleno
3337 4837 3448 4892 die-

1880 4955 1899 4986 ‹
1934 4949 2069 4987 rum.
2107 4933 2172 4985 Et
2197 4930 2501 4985 transibunt
2530 4932 2715 4985 domos
2758 4943 2945 4984 eorum
2971 4927 3040 4980 ad
3070 4925 3286 4992 alteros,
3332 4929 3448 4998 agri

1879 5042 1897 5074 ι
1926 5030 1980 5076 et
2009 5035 2204 5075 uxores
2241 5019 2464 5088 pariter.
2487 5039 2504 5069 ι
2534 5019 2629 5072 Vel
2666 5019 2924 5087 propheta
2958 5017 3202 5087 praecipit
3244 5018 3298 5072 in
3339 5018 3448 5088 spi-

1876 5117 1981 5168 ritu
2013 5113 2244 5168 venienti
2281 5111 2552 5175 Chaldaeo,
2599 5120 2657 5164 ut
2685 5110 2922 5164 effundat
2955 5110 3190 5164 furorem
3235 5110 3446 5165 Domini

1877 5221 2037 5274 super
2059 5204 2326 5274 parvulos,
2362 5213 2416 5256 et
2445 5202 2675 5256 innoxia:
2695 5216 2906 5270 quoque
2939 5217 3044 5255 non
3070 5210 3256 5269 parcat
3277 5202 3442 5267 aetati,

1876 5295 1960 5349 vel
1984 5302 2130 5349 certe
2169 5301 2354 5346 narrat
2380 5292 2506 5360 quid
2537 5290 2737 5345 factum
2765 5291 2832 5344 sit
2859 5305 3018 5358 super
3047 5290 3334 5344 concilium
3359 5292 3447 5362 ju-

1873 5399 2068 5440 venum
2100 5382 2279 5446 simul,
2324 5383 2414 5451 qui
2445 5383 2512 5435 ad
2552 5380 2953 5449 repugnandum
2985 5395 3130 5434 arma
3172 5384 3446 5452 corripue-

1875 5485 2014 5529 rant.
2049 5471 2144 5526 Vir
2186 5473 2330 5526 enim
2357 5487 2475 5526 cum
2512 5484 2680 5525 uxore
2723 5470 2984 5538 capietur,
3024 5471 3333 5525 dulcissima
3365 5473 3445 5526 in-

1873 5573 1955 5618 ter
1983 5578 2040 5618 se
2062 5563 2279 5617 nomina
2330 5561 2530 5629 pariter
2570 5561 2801 5615 sentient
2840 5561 3205 5630 captivitatem
3235 5575 3250 5613 :
3277 5577 3443 5618 senex

1873 5670 1993 5709 cum
2022 5654 2179 5723 pleno
2222 5653 2449 5706 dierum.
2493 5651 2633 5722 Ergo
2669 5659 2917 5706 senectus
2954 5667 3059 5704 non
3089 5661 3172 5706 est
3198 5661 3331 5706 aztas
3362 5655 3444 5708 ul-

1869 5746 2018 5812 tima,
2045 5745 2139 5801 sed
2176 5758 2362 5799 eorum
2387 5744 2477 5801 oui
2504 5752 2627 5800 sunt
2654 5743 2798 5810 pleni
2828 5743 3056 5810 dierum,
3087 5759 3224 5812 quos
3254 5753 3440 5802 nostro
