3910 6352
448 297 549 426 85i
1103 357 1168 414 Β.
1206 355 1461 416 RABANI
1499 354 1721 418 MAURI
1754 352 2077 436 ARCHIEP.
2120 350 2431 411 MOGUNT.
2470 349 2757 410 OPERUM
2792 350 2974 408 PARS
3008 350 3100 408 ΠΙ.
3634 355 3748 415 853

449 494 700 538 sermone
753 477 1089 551 appellamus
1137 474 1399 544 depositas
1426 471 1564 549 sive
1599 471 1919 544 decrepitos.
1941 469 2040 532 Se-
2067 473 2121 534 Α
2145 475 2294 523 tanta
2327 466 2588 536 facerent,
2632 482 2890 540 prospera
2930 481 3161 540 qumque
3202 483 3324 526 meo
3345 470 3568 544 ,populo
3603 487 3747 530 nun-

451 572 635 644 quitur
667 590 680 624 :
719 589 737 623 t
776 569 842 624 Et
877 566 1188 623 transibunt
1225 564 1415 620 domos
1440 570 1632 618 eorum
1657 563 1725 619 ad
1752 561 1984 627 alteros,
2017 579 2037 614 ι
2148 563 2385 629 tiabant;
2417 569 2474 616 et
2511 561 2668 632 quasi
2695 575 2889 617 curare
2925 560 3216 632 cupiebant
3247 562 3446 644 vulnus
3492 573 3552 620 et
3591 565 3750 638 igno-

452 661 784 734 captivitatis
837 659 1006 724 malo,
1061 677 1080 708 ι
1107 656 1223 728 agri
1260 663 1316 712 et
1360 669 1560 711 uxores
1612 653 1811 721 simul;
1848 660 1868 707 ι
1903 661 1964 716 ιιι
1993 661 2049 709 et

449 754 650 826 conjux
697 755 766 808 ad
810 753 998 808 hostes
1044 757 1287 806 transeat
1326 756 1384 805 et
1433 749 1728 820 possessio.
1775 744 2044 818 Quidquid

442 847 602 919 juxta
652 846 890 902 litteram
940 829 1290 914 intelligimus
1326 855 1488 912 super
1533 839 1854 906 Jerusalem,
1892 839 2047 912 juxta

451 925 866 1010 intelligentiam
912 933 1213 1002 spiritalem
1266 931 1566 989 referamus
1614 933 1683 987 ad
1725 931 2044 998 Ecclesiam,

451 1032 498 1087 si
525 1028 810 1086 oﬂ‘eriderit
834 1027 1024 1084 Deum.
1224 1089 1230 1100 ι

529 1141 549 1174 ι
581 1120 720 1190 Quia
749 1119 1038 1176 extendam
1073 1119 1295 1173 manum
1326 1127 1501 1173 meam
1539 1129 1702 1185 super
1735 1113 2048 1182 habitantes

459 1231 478 1265 ι
515 1219 739 1276 terram,
779 1209 910 1264 dicit
935 1203 1216 1263 Dominus.
1242 1207 1290 1261 A
1311 1207 1522 1262 minore
1552 1205 1751 1279 quippe
1777 1219 1952 1275 usque
1979 1203 2046 1258 ad

460 1319 480 1354 ‹
509 1301 769 1374 majorem
810 1312 1001 1354 omnes
1046 1295 1290 1352 avaritiae
1327 1295 1572 1362 student,
1622 1303 1678 1349 et
1705 1309 1747 1348 .a
1781 1293 2047 1363 propheta

461 1412 479 1445 ι
518 1406 690 1463 usque
717 1391 786 1446 ad
807 1382 1147 1446 sacerdotem
1162 1388 1356 1444 .cuncti
1391 1387 1594 1442 iaciunt
1620 1384 1924 1451 dolum._Et
1948 1400 2044 1440 cu-

461 1505 480 1539 (
513 1484 710 1542 rabant
743 1483 1126 1540 contritionem
1162 1479 1286 1535 tilite
1309 1478 1491 1550 populi
1521 1478 1629 1533 mei
1658 1493 1781 1533 cum
1816 1467 2048 1550 ignomi-

458 1597 483 1630 ς
509 1578 621 1642 nia,
657 1577 901 1634 dicentes
933 1593 945 1629 :
973 1573 1109 1639 Pax,
1139 1588 1271 1643 pax,
1301 1581 1359 1628 et
1395 1587 1504 1627 non
1534 1579 1653 1628 erat
1677 1585 1806 1644 pax.
1837 1589 1855 1621 ι
1894 1568 2048 1637 Quod

453 1669 512 1729 in
539 1671 807 1730 Hebraico
831 1669 1050 1736 dicitur,
1080 1687 1098 1719 ι
1119 1665 1418 1723 Extendam
1441 1680 1659 1720 manum
1685 1675 1862 1719 meam
1885 1677 2048 1733 super

453 1772 772 1837 peccatores
803 1763 942 1840 (sive
970 1755 1336 1832 habitatores)
1367 1767 1544 1821 teme,
1579 1776 1597 1807 ι
1629 1756 1772 1825 apud
1819 1754 2046 1826 Septua-

2145 657 2370 713 miniam
2411 655 2535 711 mite
2577 654 3062 720 memrdicentes:
3099 654 3248 720 Pax,
3299 643 3428 726 pax,
3459 674 3585 714 cum
3626 674 3751 716 om.

2147 749 2275 804 nino
2296 762 2408 810 non
2447 757 2594 803 esset
2619 761 2746 817 pax.
2773 742 2894 803 Hoc
2916 747 3137 819 pr0prie
3179 747 3246 803 de
3278 751 3661 808 sacerdotibm
3686 746 3751 810 et

2148 840 2460 897 doctoribus
2494 839 2925 913 intelligendum,
2972 841 3065 911 qui
3106 841 3365 898 divitibus
3405 851 3468 899 et
3496 844 3576 901 eis
3605 862 3749 916 quos

2147 919 2332 989 vident
2361 933 2424 988 in.
2445 916 2651 988 honore
2676 933 2916 988 maximo
2959 934 3305 1001 constitutos,
3357 936 3752 1006 repromittunt

2146 1037 2408 1093 prospera
2436 1030 2492 1078 et
2510 1021 2834 1079 clementem
2865 1023 3162 1094 praedicant
3191 1023 3383 1092 Deum,
3417 1027 3594 1099 magis
3623 1027 3751 1084 illos

2149 1116 2412 1189 supplicio
2440 1125 2496 1173 et
2520 1116 2816 1172 iracundia:
2841 1122 3229 1186 praeparantes.

2223 1231 2241 1262 ι
2269 1209 2490 1268 Confusi
2550 1219 2717 1276 sunt,
2771 1211 2897 1280 quia
2951 1209 3411 1283 abominationem
3457 1210 3748 1269 fecerunt.

2155 1322 2173 1355 ι
2202 1303 2342 1374 Quin
2375 1301 2560 1376 potius
2588 1299 2905 1357 confusione
2951 1316 3059 1356 non
3086 1309 3217 1357 sunt
3260 1299 3493 1370 confusi,
3521 1313 3591 1359 et
3619 1319 3753 1359 eru-

2154 1414 2173 1446 ‹
2205 1393 2428 1450 bescere
2479 1393 2809 1449 nescierunt.
2848 1412 2867 1445 ι
2901 1389 3150 1449 Pressius
3186 1392 3291 1449 hoc
3327 1393 3622 1464 legendum
3662 1402 3755 1448 est

2143 1485 2298 1556 juxta
2327 1483 2658 1542 Hebraicum
2685 1499 2700 1539 :
2731 1504 2750 1537 ι
2787 1484 2852 1540 Et
2883 1501 3032 1551 cum,
3069 1486 3263 1556 inquit,
3311 1494 3461 1542 tanta
3490 1486 3754 1554 fecerint,

2148 1577 2392 1648 nunquid
2419 1577 2627 1634 confusi
2658 1577 2824 1633 sunt?
2844 1579 3087 1649 nunquid
3123 1570 3458 1635 erubueruut
3485 1581 3537 1634 in
3564 1580 3755 1636 scele-

2149 1657 2301 1726 ribus
2329 1670 2475 1726 suis?
2502 1670 2633 1742 quin
2661 1662 3154 1743 potiuspeccatum
3179 1687 3380 1728 auxere
3403 1681 3752 1746 contemptu,

2151 1772 2207 1822 et
2249 1754 2575 1822 erubescere
2615 1764 3018 1820 nescierunt?»
3066 1763 3383 1843 Nescierunt
3433 1775 3616 1820 autem
3659 1764 3758 1820 hic

453 1857 605 1929 ginta
634 1869 850 1924 semper
889 1853 1096 1908 elevabo
1136 1852 1415 1916 scribitur,
1463 1849 1566 1916 Qui
1592 1857 1820 1920 uterque
1854 1863 2047 1920 percu-
2067 1842 2123 1905 ,Β
2148 1855 2329 1927 posuit
2352 1870 2454 1925 pro
2475 1853 2788 1918 noluerunt,
2810 1853 2934 1917 sive
2962 1853 3132 1909 nimio
3175 1863 3489 1927 contemptu
3524 1862 3582 1911 et
3607 1854 3754 1911 vitio

451 1947 640 2004 tientis
680 1956 766 2009 est
816 1945 1058 2009 habitus,
1097 1943 1256 2014 juxta
1292 1941 1432 2000 illud
1470 1942 1615 2013 quod
1657 1941 1922 2014 scriptum
1966 1940 2050 2010 est

455 2035 600 2112 (lsa.
641 2037 706 2111 v)
740 2056 757 2097 :
796 2058 814 2090 ‹
842 2037 910 2095 Et
954 2037 1137 2094 adhuc
1180 2051 1374 2094 manus
1411 2034 1625 2091 Domini
1667 2044 1885 2093 extenta
1916 2035 2050 2107 (sive

452 2129 726 2203 excelsa).
763 2150 784 2183 ι
815 2129 1165 2186 Habitatores
1205 2137 1386 2184 autem
1434 2136 1595 2183 terra:
1639 2141 1864 2198 semper
1888 2128 1944 2182 in
1970 2127 2050 2182 vi-

455 2220 534 2276 tio
567 2228 712 2277 sunt.
743 2219 904 2277 {Inde
927 2227 983 2279 et
1007 2218 1064 2277 in
1091 2217 1417 2291 Apocalypsi
1443 2215 1781 2288 frequentius
1806 2215 2004 2273 dicitur
2033 2233 2046 2270 :

466 2331 486 2364 ι
514 2310 609 2368 γε
653 2313 1053 2370 habitatoribus
1103 2321 1263 2381 terra:
1292 2310 1488 2384 (Apoc.
1521 2310 1674 2382 vui).
1705 2329 1723 2361 ι
1743 2308 1797 2367 A
1827 2309 2052 2364 minimo

455 2420 630 2474 usque
660 2406 728 2460 ad
773 2405 1032 2476 majorem
1075 2418 1265 2460 omnes
1301 2403 1549 2458 avaritia:
1578 2403 1828 2470 student,
1860 2417 2054 2459 secun-

458 2491 587 2550 dum
619 2494 748 2551 illud
779 2494 1135 2566 apostolicum
1163 2514 1182 2552 ι
1223 2513 1241 2546 ι
1276 2491 1451 2550 Radix
1492 2494 1734 2573 omnium
1784 2494 2050 2552 malorum

455 2587 688 2644 avaritia
709 2587 782 2660 (Ι
811 2587 948 2641 Tim.
981 2586 1092 2660 vi).
1129 2606 1149 2639 ι
1178 2587 1245 2643 Ει
1285 2603 1315 2642 a
1347 2588 1611 2660 propheta
1654 2602 1827 2658 usque
1863 2586 1932 2642 ad
1966 2602 2054 2644 sa-

453 2653 738 2742 cerdotem
777 2679 958 2735 cuncti
989 2653 1197 2735 iaciunt
1229 2653 1568 2742 dolu-mfAlii
1595 2680 1648 2735 in
1680 2653 2048 2752 prophetando

458 2771 827 2837 mendacium,
856 2771 948 2826 alii
974 2786 1234 2842 perverse
1277 2772 1688 2843 interpretando
1715 2771 1889 2840 legem
1928 2769 2044 2828 Dei.

459 2862 604 2919 Dieit
640 2863 785 2920 enim
813 2871 869 2920 et
903 2863 1104 2921 in~alio
1135 2863 1267 2934 loco
1300 2863 1569 2934 propheta
1603 2880 1614 2917 :
1647 2881 1666 2915 ‹
1703 2862 1942 2931 Quterite
1971 2862 2046 2921 le-

2152 1945 2328 2007 inoliti
2346 1944 2476 2001 mali
2497 1956 2568 2002 ne
2601 1939 2903 2016 intelligere
2929 1944 3152 2021 quidem
3176 1953 3488 2016 potuerunt.

2227 2057 2248 2092 ι
2285 2037 2648 2108 Quamobrem
2688 2037 2883 2098 cadent
2928 2037 3072 2094 inter
3119 2045 3365 2105 ruentes,
3413 2039 3469 2096 in
3498 2049 3760 2110 tempore

2158 2128 2542 2187 «visitationis
2578 2142 2690 2183 sua:
2729 2135 3021 2204 corruerit,
3061 2126 3513 2185 dicit‘Dominus.
3544 2149 3564 2183 ι
3599 2113 3758 2196 Quo-

2153 2221 2320 2285 uiam,
2372 2219 2480 2286 ait,
2538 2218 2858 2274 erubescere
2910 2217 3256 2283 nescierunt,
3312 2225 3367 2273 et
3424 2218 3535 2276 non
3568 2219 3757 2277 solum

2153 2326 2311 2388 opus,
2343 2311 2440 2367 sed
2485 2324 2554 2367 ne
2597 2309 2880 2366 scientiam
2910 2309 3130 2379 quidem
3167 2309 3413 2366 habuere
3437 2320 3493 2368 et
3520 2324 3757 2368 sensum

2150 2402 2488 2474 ptenitentite
2513 2416 2528 2455 :
2550 2407 2838 2472 propterea
2875 2400 3070 2458 cadent
3096 2399 3188 2473 qui
3225 2401 3381 2474 prius
3413 2401 3637 2457 stabant
3665 2403 3758 2458 iu-

2153 2507 2235 2552 ter
2257 2511 2374 2570 eos),
2401 2496 2495 2566 qui
2521 2493 2670 2564 lvitiis
2706 2493 2819 2552 suis
2857 2501 3133 2558 corruerit,
3175 2500 3382 2550 etcum
3419 2493 3758 2551 visitatiouis

2151 2597 2206 2645 et
2232 2602 2407 2659 poena:
2431 2600 2618 2643 eorum
2640 2593 2851 2655 tempus
2876 2583 3181 2649 advenerit,
3211 2583 3426 2639 cunctis
3459 2585 3754 2641 ruentibus

2156 2677 2527 2748 sociabuntur.
2571 2673 2820 2733 'Grandis
2867 2684 3048 2730 autem
3106 2673 3360 2745 impietas
3407 2689 3520 2731 non
3572 2674 3756 2728 solqu

2156 2784 2266 2825 non
2311 2780 2529 2833 cavere,
2577 2766 2674 2822 sed
2719 2779 2821 2822 nec
2855 2763 3164 2841 intelligere
3211 2763 3349 2821 velle
3395 2771 3642 2834 peccata.
3699 2772 3757 2817 et

2154 2861 2362 2918 nullam
2420 2859 2626 2920 habere
2682 2857 2998 2918 distantiam
3050 2857 3318 2916 bonorum
3370 2856 3757 2926 malorumque

461 2967 582 3027 geni
619 2954 1054 3012 a-sacerdotibus
1096 2955 1252 3028 (lar.
1293 2953 1480 3027 xviii).
1518 2972 1537 3006 ι
1571 2953 1641 3010 Et
1667 2968 1814 3023 cum,
1855 2953 2052 3025 inquit,
2081 2947 2132 3016 C
2158 2967 2403 3028 operum.

462 3123 3733 3156 Μ

1647 3261 1948 3345 LIBER
2010 3256 2529 3357 QUARTUS.

535 3549 729 3610 Sciens
754 3549 1024 3623 propheta
1047 3547 1338 3604 Dominum
1358 3546 1570 3618 justum
1592 3555 1716 3607 esse
1739 3559 1911 3620 atque
1933 3560 2048 3606 ele-

462 3653 724 3710 mentem,
771 3655 923 3698 more
949 3655 1048 3696 suo
1075 3649 1245 3696 terret
1271 3648 1563 3710 peccantes
1579 3679 1594 3706 ,
1615 3640 1887 3712 supplicia
1920 3655 2050 3696 ven-

464 3747 588 3794 tura
625 3735 708 3792 eis
730 3733 1093 3805 praedicendo,
1142 3737 1449 3787 nec'tamen
1480 3741 1656 3787 cessat
1693 3733 1762 3787 ad
1789 3733 2051 3803 perniten-

464 3827 597 3885 tiam
627 3836 684 3884 et
713 3827 782 3882 ad
805 3825 1241 3881 meliorationem
1262 3825 1392 3880 vitae
1421 3840 1516 3898 eos
1541 3833 1859 3895 provocare.
1891 3825 2052 3882 Unde

462 3929 754 3993 postquam
787 3924 1023 3974 testatus
1059 3925 1144 3973 est
1180 3925 1404 3986 propter
1431 3907 1851 3974 ‘incircumcisas
1894 3933 2054 3974 aures

461 4013 776 4072 Iudaeorum
799 4051 812 4077 ,
859 4017 916 4066 et
939 4010 1196 4064 duritiam
1248 4009 1446 4091 cordis
1480 4025 1691 4076 eorum,
1743 4026 1804 4067 se
1836 4011 2052 4082 plenum

465 4106 650 4162 furore
676 4103 892 4161 Domini
933 4102 1202 4167 laborare,
1251 4117 1317 4156 eo
1347 4103 1499 4171 quod
1544 4103 1598 4156 in
1632 4103 1826 4172 spiritu
1843 4103 2054 4159 videret

463 4199 668 4272 grande
717 4195 1039 4266 supplicium
1101 4193 1478 4264 peccatoribus
1522 4194 1843 4261 imminere,
1903 4212 2048 4252 nunc

464 4291 662 4345 iterum
689 4287 879 4342 incitat
915 4299 1009 4340 eos
1037 4284 1104 4338 ad
1129 4284 1538 4339 meditationem
1563 4273 1704 4356 legis
1741 4285 1860 4350 Dei,
1894 4294 1950 4340 et
1980 4286 2049 4342 ad

467 4362 769 4436 custodiam
796 4378 1174 4432 mandatorum
1204 4375 1365 4440 illius,
1390 4383 1455 4429 ut
1486 4375 1545 4429 in
1575 4375 1664 4429 via
1691 4375 1835 4430 bona
1862 4361 2051 4432 ambu-

466 4471 660 4534 lantes,
689 4467 971 4543 inveniant
996 4465 1341 4535 refrigerium
1362 4467 1654 4522 animabus
1672 4482 1884 4522 eorum.
1911 4531 1913 4533 1

545 4579 565 4612 ι
610 4558 759 4625 Haec,
783 4557 978 4628 inquit,
1005 4554 1422 4611 dicitDominus
1448 4555 1644 4612 :‘State
1675 4558 1974 4627 supervias
1996 4565 2055 4614 et

476 4669 496 4702 ι
536 4650 734 4713 videte,
763 4659 818 4704 et
843 4649 1174 4715 interrogate
1197 4645 1269 4701 de
1302 4646 1512 4702 semitis
1539 4647 1808 4724 antiquis,
1839 4663 1959 4720 quae
1987 4650 2058 4705 sit

474 4758 497 4794 ι
539 4741 625 4794 via
648 4729 810 4803 bon‘a,
833 4747 890 4793 et
911 4737 1183 4793 ambulate
1211 4738 1274 4791 ‘i'n
1297 4751 1369 4792 ea
1390 4778 1405 4803 ,
1426 4745 1482 4792 et
1512 4737 1803 4793 invenietis
1833 4740 2058 4812 refrige-

477 4851 496 4883 ι
542 4832 683 4885 rium
734 4829 861 4900 (sive
901 4827 1366 4900 puriﬁcationem)
1411 4828 1696 4885 animabus
1740 4831 1959 4886 vestris.
1991 4830 2058 4886 Et

478 4941 497 4974 ι
544 4924 835 4978 dixerunt:
864 4904 1561 4989 Non'ambulabimus(sive
1589 4933 1697 4975 non
1725 4918 1965 4991 ibimus).
1987 4919 2058 4974 Et

478 5032 499 5066 ι
545 5015 801 5069 constitui
847 5029 1014 5089 super
1053 5026 1150 5089 vos
1190 5011 1584 5081 speculatores;
1640 5012 1822 5066 audite
1869 5025 2056 5067 vocem

479 5121 499 5156 ι
543 5104 706 5158 tuba;
739 5103 810 5156 Et
847 5088 1106 5156 ‘dixeruni
1137 5119 1149 5153 :
1186 5098 1305 5155 Non
1355 5099 1658 5154 audiemus.
1697 5099 1852 5156 'ldeo.
1877 5103 2058 5157 audite

479 5211 500 5246 ι
545 5194 670 5265 (sive
690 5185 1001 5262 audierunt)
1036 5199 1254 5262 gentes,
1285 5197 1341 5245 et
1369 5190 1679 5263 cognoscite
1701 5177 2058 5263 congregatio

482 5305 501 5338 ι
550 5288 692 5358 (sive
721 5287 813 5356 qu‘i
846 5284 1072 5356 pascitis
1113 5283 1336 5358 greges)
1365 5292 1566 5354 quanta
1595 5297 1695 5356 ego
1721 5283 1923 5340 faciam
1953 5286 2053 5341 eis.

483 5398 502 5430 ι
549 5378 692 5452 (Aut
713 5378 870 5447 juxta
899 5377 1315 5450 Symmachum,
1345 5395 1363 5427 ι
1392 5384 1449 5430 et
1473 5376 1784 5445 cognoscite
1813 5375 2057 5433 testimo-é

481 5489 503 5524 ι
550 5470 698 5524 nitim
711 5468 853 5538 quod
871 5470 925 5522 in
937 5469 1016 5522 eis
1027 5477 1128 5523 est.
1145 5468 1191 5538 ι)
1205 5469 1365 5533 Audi,
1389 5476 1554 5522 terra.
1576 5467 1844 5540 (Hier-on.)
1857 5469 2058 5524 iEvan-

478 5563 648 5634 gelica
667 5559 923 5630 parabole
947 5558 1160 5630 (Matth.
1176 5561 1322 5632 xm),
1336 5561 1381 5616 si
1405 5553 1566 5616 fuerit
1589 5561 1885 5626 intellecta,
1902 5561 2059 5631 hujus

481 5655 584 5709 loci
607 5653 869 5723 pmbebit
888 5652 1302 5724 intelligentiam
1323 5667 1337 5706 :
1360 5654 1414 5708 in
1437 5669 1544 5723 qua
1563 5654 1867 5725 negotiator
1885 5655 2059 5710 bonus

479 5760 670 5804 omnes
695 5745 930 5802 vendere
953 5743 1154 5801 dicitur
1183 5743 1508 5816 margaritas
1560 5753 1622 5800 ut
1646 5744 1714 5802 de
1746 5745 1924 5816 pretio
1959 5759 2056 5803 ea-

2155 3565 2274 3612 rum
2303 3563 2466 3610 unam
2494 3554 2640 3604 emat
2671 3542 3128 3618 pretiosissimam
3162 3542 3549 3611 margaritam.
3584 3541 3754 3610 Quod

2157 3651 2365 3707 scilicet
2391 3663 2490 3718 per
2518 3643 2859 3716 patriarchas
2902 3649 2959 3695 et
2996 3640 3292 3710 prophetas
3329 3639 3627 3696 veniamus
3674 3644 3748 3698 ad

2158 3756 2282 3798 eum
2329 3741 2420 3810 qui
2461 3738 2628 3794 dicit:
2667 3754 2687 3787 ι
2716 3735 2835 3804 Ego
2867 3746 2991 3788 smn
3020 3731 3114 3786 via
3139 3731 3328 3804 (Joan.
3362 3732 3499 3803 xiv).
3533 3751 3553 3785 ι
3585 3732 3752 3789 sum-

2160 3834 2286 3889 dum
2323 3840 2406 3888 est
2440 3831 2603 3902 igitur
2647 3829 2700 3882 in
2729 3820 3018 3897 'prOphet‘is
3061 3832 3120 3879 et
3155 3824 3585 3894 diligentissime
3623 3843 3746 3882 cun-

2163 3922 2524 3994 templandum
2566 3928 2622 3976 et
2646 3915 3103 3991 interrogandum
3148 3915 3215 3969 de
3255 3915 3468 3970 semitis
3507 3916 3751 3985 antiquis

2161 4018 2274 4072 sive
2322 4011 2708 4083 sempiternis,
2751 4025 2871 4080 quae
2919 4008 3212 4064 multorum
3253 4020 3572 4064 sanctorum
3621 4021 3752 4065 sunt

2164 4108 2305 4161 trita:
2332 4105 2596 4175 vestigiis,
2619 4117 2742 4173 qute
2776 4097 3379 4173 significautiusﬂnecc
3407 4098 3749 4171 appellantur

2158 4200 2344 4277 τρίϐοι,
2370 4212 2490 4266 quae
2514 4197 2586 4251 sit
2612 4195 2696 4248 via
2729 4193 2870 4249 bona
2892 4193 2945 4247 in
2972 4190 3266 4263 Evangelia
3293 4190 3511 4262 (Matth.
3537 4193 3664 4264 vn),
3693 4202 3752 4248 et

2159 4286 2541 4344 ambulandum
2569 4285 2622 4339 in
2652 4298 2736 4338 ea.
2753 4282 2885 4349 Quae
2907 4283 2994 4336 via
3015 4297 3138 4337 cum
3160 4281 3384 4336 inventa
3408 4279 3593 4346 fuerit,
3616 4298 3750 4353 prm-
3775 4351 3780 4358 _

2157 4379 2248 4434 bet
2273 4376 2616 4449 refrigerium
2658 4374 2773 4430 sive
2815 4373 3254 4444 "puriﬁcationem
3297 4371 3585 4430 animabus
3623 4390 3745 4430 cre-

2032 4509 2034 4512 μ
2078 4461 2131 4520 D
2157 4468 2417 4525 dentium.
2449 4464 2518 4520 At
2540 4464 2615 4519 illi
2641 4479 2672 4520 e
2703 4451 2985 4519 contrario
3022 4459 3458 4532 responderunt:
3484 4460 3747 4539 Non‘am-

2157 4558 2461 4614 bulabimus
2481 4571 2579 4626 per
2602 4557 2745 4611 viam
2770 4542 3045 4626 Evangelii
3071 4572 3084 4608 :
3107 4553 3327 4624 proprie
3348 4555 3450 4610 hoc
3467 4555 3745 4630 prppheta

2159 4642 2382 4704 dicente
2417 4646 2483 4702 de
2526 4643 2765 4716 perfidia
2803 4643 3132 4699 Judteorum.
3169 4637 3482 4714 Statimque
3519 4645 3745 4701 infert:

2165 4725 2280 4793 (Et
2298 4737 2551 4793 constitui
2573 4750 2737 4807 super
2753 4749 2852 4792 vos
2872 4734 3256 4805 speculatores.
3292 4756 3310 4788 ι
3338 4737 3494 4792 Haud
3519 4739 3746 4795 dubium

2159 4831 2288 4900 quin
2330 4829 2698 4899 apostolorum
2739 4827 3016 4888 indicetur~
3033 4828 3254 4892 chorus,
3268 4827 3706 4896 juxta,Ezecliiel
3729 4851 3744 4886 :

2165 4937 2184 4970 ι
2217 4919 2316 4974 Fili
2367 4921 2634 4986 hominis,
2677 4918 3071 4988 speculatorem
3117 4917 3330 4974 dedite
3359 4919 3540 4975 domui
3569 4919 3746 4977 Israel

2160 5009 2380 5081 (Ezech.
2407 5012 2512 5084 ιιι).
2545 5031 2563 5063 ι
2590 5011 2658 5066 Et
2680 5011 2914 5080 praecepi
2943 5020 3004 5065 ut
3034 5009 3298 5065 audiretis
3336 5025 3524 5065 vocem
3561 5011 3747 5080 tubte,

2158 5103 2244 5156 vel
2267 5102 2522 5157 mandata
2544 5101 2838 5173 Evangelii,
2870 5101 2957 5157 vel
2985 5102 3285 5157 doctrinam
3329 5102 3705 5172 apostolorum
3727 5146 3746 5170 ,

2152 5195 2307 5266 juxta
2355 5195 2487 5249 illud
2510 5195 2701 5253 Isaiae:
2739 5193 2844 5248 tln
2883 5203 3120 5250 montem
3144 5181 3433 5250 excelsum
3473 5196 3742 5260 ascende,

2159 5286 2248 5357 qui
2277 5285 2616 5356 evangelizas
2642 5282 2773 5341 Sion
2797 5303 2811 5339 :
2842 5285 3020 5340 exalta
3045 5286 3185 5341 sicut
3211 5286 3336 5339 tuba
3353 5300 3542 5341 vocem
3564 5293 3745 5354 tuam,

2159 5379 2250 5448 qui
2287 5378 2576 5433 annuntias
2613 5376 2912 5433 Jerusalem
2937 5376 3073 5449 (Isa.
3114 5375 3228 5447 ιιι).
3252 5396 3274 5430 ι
3309 5377 3411 5444 Qui
3434 5366 3744 5434 dixerunt:

2167 5489 2184 5520 ι
2222 5468 2338 5524 Non
2376 5469 2686 5542 audiemus;
2719 5488 2737 5519 ι
2765 5475 2819 5522 et
2852 5467 3062 5523 invitati
3102 5467 3166 5522 ad
3199 5478 3411 5523 caenam
3443 5467 3749 5526 noluerunt

2159 5562 2372 5628 venire;
2403 5569 2689 5633 prOpterea
2716 5560 2914 5615 dicitur
2941 5577 2955 5614 :
2994 5578 3013 5611 ι
3043 5558 3254 5622 Audite,
3287 5567 3497 5629 gentes.
3531 5578 3549 5610 ι
3585 5559 3748 5626 Quod

2161 5654 2330 5711 secuti
2358 5661 2483 5710 sunt
2515 5663 2569 5708 et
2589 5651 2835 5724 apostoli,
2866 5651 3085 5722 quando
3113 5650 3411 5721 loquuntur
3434 5648 3496 5704 in
3524 5649 3746 5722 Lycao-

2161 5747 2293 5804 nia:
2327 5764 2346 5799 ι
2375 5745 2542 5802 Vobis
2582 5743 2798 5818 quidem
2826 5743 3112 5816 oportebat
3149 5741 3387 5816 primum
3424 5741 3576 5815 loqui
3616 5756 3750 5797 vcr-
