3910 6342
1124 348 1485 417 ΕΧΡΟΒΠΙΟ
1523 342 1750 404 SUPER
1783 335 2151 399 IEREMIAM.
2185 364 2258 378 —
2289 334 2420 397 UB.
2463 332 2553 391 ιγ.

3353 328 3457 387 εει

203 508 338 566 bum
379 500 510 565 Dei;
553 491 927 559 sedquoniam
972 477 1235 555 mellitis
1264 470 1399 529 illud
1428 478 1486 525 et
1525 454 1851 531 indignos]
1873 470 1974 566 ρει·
1997 449 2682 566 blasphemiamjspiritus,
2718 446 2874 504 valde
2899 446 3069 519 ipsius
3091 445 3229 518 jugi,
3270 443 3355 500 vel
3390 444 3458 500 de

206 554 583 669 :m-judicatis
608 554 826 668 eterna:
850 579 997 644 vitae,
1021 554 1155 629 ecce
1181 560 1546 662 convertimur
1565 554 1633 609 ad
1652 565 1784 624 gen-

208 650 303 753 te:
326 650 471 763 '(Act.
504 684 649 759 xui).
686 661 706 735 ἱ
747 678 816 734 Et
859 679 1178 763 cognoscet

209 747 375 859 quam
402 747 648 842 Iudaica,
678 771 776 829 sed
795 764 1040 823 omnium
1065 754 1351 859 nationum
1369 747 1532 859 ,‘sive
1558 747 1784 859 filling:

210 823 375 934 “scd-ti;
389 886 601 945 greges,
627 823 900 936 episcopi,“
916 861 973 909 et
992 841 1296 945 presbyteri
1314 823 1788 945 litt}:

210 942 638 1025 ecclesiasticus,
671 952 757 1007 vel
791 942 1100 1019 cognoscite

210 1060 292 1116 eis
312 1066 432 1114 est:
466 1072 484 1105 ‹
520 1014 913 1106 Testimonium
947 1035 1041 1092 Dei
1082 1028 1266 1089 ildele,
1299 1014 1619 1116 sapientiam
1657 1023 1791 1116 prae:

212 1106 654 1218 stans‘parvulis
692 1133 867 1211 (Paul.
918 1124 1096 1217 XVIII):
1137 1143 1157 1176 ι
1191 1106 1698 1218 Quibus-iugulum
1737 1106 1792 1157 et

214 1198 520 1303 Dte-gnua:
558 1257 578 1290 ι
611 1198 732 1292 Noli
762 1235 979 1293 timere,
1003 1204 1132 1297 grex
1160 1214 1385 1290 parvula
1751 1216 1782 1253 .›

210 1292 535 1401 ἐξ
562 1344 662 1401 ego
686 1335 745 1380 et
770 1322 924 1395 pueri
963 1292 1098 1379 mei,
1129 1323 1267 1382 quos
1300 1294 1626 1401 mihi-dedit
1651 1292 1792 1401 Deus

214 1383 529 1500 διλξνῑῶξ
556 1383 930 1488 »Ἰδοειιδεῡίίθ
967 1411 1096 1478 ergo
1123 1407 1326 1500 quam:
1363 1393 1561 1500 faciam
1597 1383 1796 1500 υορῖιιο

213 1485 324 1573 non
345 1485 605 1571 credenti.
644 1485 905 1576 Quodque
933 1499 1184 1561 infertur,
1210 1510 1231 1545 ι
1258 1488 1422 1553 Audi,
1452 1493 1618 1576 terra,
1655 1498 1674 1532 ι
1710 1485 1795 1576 te—

214 1618 304 1665 tus
340 1569 490 1662 orbis
526 1602 595 1657 ad
635 1569 953 1678 audiendum
991 1595 1238 1651 vocatur,
1275 1582 1417 1638 sicut
1456 1585 1513 1632 et
1552 1575 1607 1629 in
1643 1569 1795 1642 prin-

212 1701 358 1772 cipio
382 1699 534 1754 Isaia:
559 1670 785 1766 legimus
815 1706 829 1743 :
860 1707 879 1739 ι
909 1685 1071 1748 Audi,
1097 1680 1318 1742 caelum,
1341 1681 1399 1730 et
1423 1667 1652 1772 auribus
1671 1677 1797 1734 per-

215 1759 358 1863 cipe,
395 1802 538 1845 terra
586 1759 735 1861 (ira.
767 1782 853 1853 ι),
891 1800 909 1832 ι
947 1793 1066 1848 qua:
1092 1773 1301 1829 scilicet
1332 1759 1593 1824 Dominus
1627 1759 1798 1814 factu—

216 1859 312 1943 rus
351 1894 434 1941 est
473 1859 673 1954 populo
711 1878 1040 1933 Judacorum.
1075 1861 1391 1941 (Mannum)
1418 1859 1518 1921 Ille
1543 1862 1635 1911 est
1669 1865 1801 1954 ergo

214 1982 409 2035 doctor
462 1970 861 2031 ecclesiasticus
890 2007 905 2031 ,
951 1963 1045 2033 qui
1102 1961 1409 2033 lacrymas,
1471 1964 1581 2005 non
1632 1945 1807 2000 risum

216 2077 430 2145 movet;
470 2065 561 2136 qui
614 2060 837 2131 corripit
889 2062 1232 2127 peccatores,
1285 2046 1380 2117 qui
1428 2041 1635 2098 nullum
1672 2037 1810 2092 bea-

218 2142 339 2216 tum
368 2135 523 2223 dicit
566 2171 686 2212 esse
727 2152 815 2209 vel
854 2150 1101 2212 felicem,
1152 2158 1252 2199 nec
1293 2135 1555 2211 praevenit
1596 2136 1812 2188 senten-

218 2220 373 2309 tiam'
402 2250 601 2321 iudicis
647 2247 765 2312 sui,
806 2245 1023 2301 dicente
1069 2237 1353 2306 Scriptura
1385 2237 1575 2286 sancta
1609 2244 1623 2280 :
1666 2243 1685 2276 ‹
1732 2220 1812 2279 Ne

216 2347 440 2403 beatum
492 2342 643 2397 dicas
688 2349 1016 2408 quemquam
1064 2328 1349 2386 hominum
1400 2330 1527 2377 ante
1580 2323 1811 2373 mortem

221 2435 408 2509 (Prov.
441 2431 599 2503 xvn).
634 2404 795 2483 nSed
838 2404 893 2481 et
938 2424 991 2477 in
1039 2420 1147 2475 alio
1185 2418 1307 2491 loco
1342 2413 1615 2483 legimus:
1648 2425 1666 2458 ε

219 2494 498 2584 benedicit
533 2494 709 2576 amico
740 2529 897 2571 mane
924 2510 1116 2585 grandi
1150 2521 1287 2562 voce
1311 2546 1325 2572 ,
1358 2498 1701 2561 maledicenti
1732 2494 1813 2551 nil

221 2617 425 2673 diﬁ‘ert.
467 2633 486 2666 ι
520 2611 679 2669 Unde
720 2612 1042 2680 spernentes
1092 2599 1375 2656 hominum
1414 2591 1619 2662 judicia
1651 2600 1814 2655 ,-nec

221 2710 475 2766 laudibus
520 2718 711 2761 eorum
762 2697 1120 2759 extollamur,
1172 2705 1276 2747 nec
1326 2680 1814 2744 obtrectationibus

220 2800 632 2864 contristamur,
671 2796 764 2853 sed
795 2792 1165 2864 ingrediamur
1188 2793 1394 2840 rectam
1425 2780 1567 2833 viam
1589 2816 1604 2842 ,
1630 2784 1687 2830 et
1717 2772 1815 2855 tri-

223 2903 309 2949 tas
338 2908 370 2946 a
401 2891 605 2948 sanctis
632 2887 911 2960 prophetis
948 2882 1206 2944 semitas,
1240 2873 1630 2940 audiamusque
1660 2864 1814 2920 Iere-

222 2974 401 3041 mlam‘
421 2957 693 3037 dicentem
719 2957 783 3032 ξι
823 2975 975 3032 State
1010 2973 1064 3027 in
1095 2970 1203 3026 viis
1233 2978 1289 3023 et
1316 2964 1524 3027 videte,
1561 2968 1613 3014 et
1639 2957 1811 3011 inter-

224 3084 417 3148 rogate
438 3073 660 3147 semitas
683 3067 893 3126 Domini
922 3064 1305 3137 sempiternas,
1325 3071 1446 3128 qua:
1460 3054 1544 3110 sit
1563 3052 1649 3106 via
1676 3050 1815 3104 bona

223 3143 600 3235 et'ambula'te'
622 3164 677 3218 in
707 3176 792 3217 ea.
828 3178 847 3211 ι
874 3156 1031 3225 Quod
1056 3154 1103 3210 si
1143 3149 1358 3223 quando
1397 3143 1721 3203 erravimus,
1759 3146 1815 3194 et
1838 3187 1886 3250 Ο

225 3260 384 3330 quasi
412 3249 659 3311 homines
682 3263 942 3321 perverso
975 3246 1170 3320 itinere
1197 3238 1540 3313 perreximus
1559 3276 1574 3300 ,
1603 3229 1815 3287 Domini

222 3321 325 3421 per
344 3342 595 3402 Ezechiel
619 3328 996 3412 exspectemus
1019 3332 1288 3405 promissa
1310 3326 1574 3383 dicentis:
1611 3342 1629 3375 ι
1669 3321 1819 3376 Dabo

224 3420 312 3501 eis
330 3442 474 3498 viam
496 3440 745 3501 alteram,
778 3442 833 3489 et
860 3447 956 3489 cor
982 3428 1147 3485 aliud.
1179 3446 1197 3478 ι
1224 3425 1367 3494 Ergo
1394 3420 1691 3477 secundum
1720 3431 1816 3471 ve-

227 3549 349 3591 ram
373 3529 586 3587 Domini
612 3526 959 3582 traditionem
977 3522 1064 3576 via
1084 3530 1235 3575 recta
1261 3514 1444 3572 suavis
1469 3527 1531 3567 ac
1553 3509 1688 3567 levis
1710 3515 1814 3573 est,

226 3627 361 3682 licet
387 3618 603 3678 dura’et
632 3631 824 3688 aspera
850 3612 1120 3671 sentiatur
1146 3629 1159 3662 :
1186 3609 1275 3679 pie
1307 3606 1454 3661 enim
1480 3619 1544 3659 ac
1585 3600 1819 3656 fideliter

229 3718 569 3777 servientes,
613 3724 736 3765 cum
783 3705 1024 3760 tulerunt
1060 3700 1252 3772 jugum
1286 3694 1502 3751 Domini
1540 3705 1702 3761 super
1727 3702 1817 3753 se,

228 3819 291 3866 et
346 3805 634 3864 didicerint
687 3802 756 3855 ab
810 3812 875 3853 eo
945 3790 1271 3867 quia-mitis
1333 3797 1419 3844 est
1479 3795 1535 3842 et
1600 3782 1819 3839 humilis

231 3900 400 3957 corde
440 3914 456 3951 :
502 3895 616 3965 jam
657 3886 1053 3964 quodammodo
1104 3894 1442 3940 terrenarum
1504 3875 1819 3948 passionum

230 3990 506 4047 sarcinam
553 3965 908 4055 deponentes,
969 3990 1075 4031 non
1121 3974 1387 4036 laborant,
1436 3969 1532 4025 sed
1578 3964 1819 4036 requiem

231 4078 521 4136 animabus
557 4075 705 4139 suis,
756 4069 985 4127 Domino
1030 4072 1321 4137 praestante
1368 4062 1665 4131 reperient,
1708 4057 1817 4111 sic-

230 4183 298 4227 ut
345 4186 440 4241 pcr
491 4165 781 4223 Jeremiam
821 4160 1143 4231 prophetam
1180 4155 1297 4226 ipse
1344 4158 1572 4207 testatus
1621 4156 1705 4203 est
1740 4147 1821 4200 di-

234 4238 411 4321 cens:
441 4280 458 4312 ι
482 4260 635 4331 State
662 4271 824 4326 super
844 4254 983 4316 vias,
1014 4260 1068 4306 et
1089 4248 1288 4311 videte,
1315 4252 1371 4300 et
1399 4244 1729 4310 interrogate
1754 4238 1821 4291 de

235 4356 452 4415 semitis
502 4329 759 4421 antiquis,
788 4360 905 4417 quae
951 4344 1021 4399 sit
1068 4341 1155 4396 via
1183 4339 1343 4393 ‘bona
1375 4341 1430 4391 et
1462 4331 1732 4389 ambulate
1762 4329 1818 4383 in

233 4466 305 4507 ea
335 4490 349 4514 ,
393 4456 447 4502 et
496 4441 783 4500 invenietis
836 4433 1175 4504 refrigerium
1214 4427 1496 4483 animabus
1542 4422 1756 4478 vestris.
1797 4440 1814 4471 ι

232 4542 398 4598 Fient
444 4529 687 4604 namque
725 4533 805 4587 eis
864 4526 1122 4583 continuo
1170 4536 1334 4593 prava
1394 4520 1448 4573 in
1489 4518 1715 4583 directa,
1768 4524 1823 4570 et
1848 4538 1900 4598 Β

234 4644 433 4700 aspera
462 4628 519 4682 in
552 4625 668 4679 vias
700 4623 922 4695 planas;
978 4625 1032 4672 et
1076 4620 1355 4686 gustantes
1397 4610 1655 4663 videbunt
1698 4607 1820 4677 quia

236 4698 425 4780 suavis
441 4729 532 4773 est
554 4716 834 4778 Dominus,
849 4710 1236 4773 audientesque
1265 4700 1537 4757 Christum
1568 4700 1618 4752 in
1650 4698 1825 4751 Evano

236 4814 385 4886 gelio
414 4810 840 4881 proclamantem
875 4820 888 4856 :
926 4820 944 4852 α
977 4798 1167 4854 Venite
1196 4795 1262 4849 ad
1290 4808 1376 4848 me
1404 4806 1591 4847 omnes
1611 4806 1700 4859 qui
1743 4789 1823 4842 la-

236 4879 450 4961 boratis
479 4910 532 4955 et
556 4897 763 4954 onerati
789 4894 942 4956 estis,
967 4899 1023 4947 et
1051 4903 1150 4961 ego
1190 4886 1432 4941 reficiam
1462 4897 1557 4938 vos
1608 4879 1821 4952 (Matth.

240 4996 349 5065 xl).
379 5013 402 5048 ι
440 4990 708 5062 Depositis
742 4985 1074 5057 ponderibus
1116 4980 1368 5035 vitiorum
1396 5016 1411 5042 ,
1468 4990 1533 5030 ea
1573 4990 1693 5045 quae
1741 4988 1828 5027 se-

239 5091 488 5158 quuntur
537 5078 856 5148 intelligent,
899 5075 1024 5145 quia
1058 5074 1245 5144 jugum
1284 5082 1461 5123 meum
1517 5081 1721 5129 suave,
1768 5072 1824 5119 et

241 5155 388 5233 onus
430 5186 608 5229 meum
646 5168 763 5224 leve
808 5173 911 5219 est.
955 5163 1129 5218 Habet
1177 5174 1303 5231 ergo
1348 5156 1687 5227 refrigerium
1737 5155 1823 5209 via

243 5266 485 5331 Domini,
513 5264 557 5318 si
592 5257 885 5317 secundum
916 5254 1088 5325 legem
1119 5252 1286 5323 ipsius
1311 5255 1573 5304 teneatur.
1592 5246 1699 5303 Sed
1725 5260 1825 5301 nos

242 5375 435 5418 sumus
454 5358 545 5427 qui
574 5353 786 5410 dolores
814 5347 969 5403 nobis
1000 5354 1160 5416 atque
1200 5349 1471 5400 tormenta
1500 5338 1825 5395 turbulentis

244 5450 666 5509 distentionibus
694 5454 1070 5515 procurarnus,
1100 5439 1224 5492 dum
1255 5436 1519 5491 malumus
1565 5431 1681 5486 vias
1726 5445 1826 5485 sa:-

245 5542 354 5601 culi
394 5538 551 5607 hujus
580 5550 777 5606 pravas
808 5541 969 5601 atque
991 5542 1293 5600 perversas,
1336 5537 1498 5593 etiam
1527 5537 1650 5577 cum
1679 5534 1826 5574 sum-

247 5650 338 5692 mo
357 5629 671 5687 discrimine
699 5642 765 5679 ac
792 5621 1128 5683 difﬁcultate,
1158 5618 1382 5673 sectari.
1411 5630 1530 5671 cum
1566 5628 1696 5667 vero
1726 5613 1829 5666 hoc

248 5726 407 5786 modo
428 5736 593 5797 grave
612 5717 770 5776 nobis
790 5731 853 5772 ac
880 5715 1071 5771 durum
1078 5710 1267 5782 jugum
1286 5708 1493 5765 Domini
1513 5705 1829 5770 fecerimus,

1882 546 2123 612 Christi,
2163 543 2258 616 qui
2298 540 2429 598 illud
2464 539 2858 613 .ponitduritia
2913 546 3077 609 atque
3127 537 3417 608 asperitate
3441 576 3456 602 ,

1885 651 2175 695 causamur
2218 632 2512 691 secundum
2570 627 2701 686 illud
2757 648 2770 684 :
2821 627 3017 702 lnsipi:
3045 673 3053 682 .
3084 629 3123 683 ἐ
3175 627 3279 682 viri
3336 642 3461 683 cor-

1886 727 2092 800 rumpit
2132 725 2279 783 viam
2306 722 2427 794 ejus
2443 763 2459 791 ,
2482 723 2624 778 Deus
2649 728 2829 778 autem
2863 729 3116 777 causatur
3141 718 3303 776 corde
3327 732 3461 785 suo;

1882 832 1943 878 et
1973 796 2267 877 secundum
2316 817 2573 887 Aggaaum
2616 814 2933 885 prophetam
2967 829 2980 865 :
3012 810 3147 866 Cum
3167 796 3467 865 dixerimus

1888 911 2031 983 quod
2059 910 2148 965 via
2178 907 2391 965 Domini
2422 921 2529 961 non
2562 904 2762 976 dirigit,
2795 892 3029 976 cengrue
3059 900 3216 958 nobis
3240 915 3467 972 respon-

1890 1000 2047 1054 detur
2094 1012 2126 1052 a
2160 996 2432 1051 Domino:
2464 992 2717 1065 Nunquid
2750 986 2857 1045 via
2906 1006 3025 1047 mea
3078 1006 3185 1045 non
3232 989 3418 1061 dirigit
3450 1007 3465 1043 :

1891 1086 2081 1143 Nonne
2118 1088 2293 1158 magis
2325 1086 2427 1141 via:
2461 1092 2660 1140 vestrae
2702 1088 2828 1137 sunt
2858 1096 3060 1153 pravae.
3091 1080 3161 1135 Et
3204 1088 3395 1135 revera
3422 1079 3469 1134 si

1892 1191 2204 1249 comparare
2237 1175 2567 1231 voluerimus
2602 1172 2972 1249 splendentem
3015 1167 3343 1248 virginitatis
3370 1166 3467 1223 llo-

1893 1285 2009 1325 rem
2038 1278 2094 1323 et
2119 1281 2283 1323 suave
2322 1266 2558 1320 olentem
2587 1242 2923 1318 castim'onia:
2960 1239 3285 1332 puritatem,
3311 1239 3471 1314 tetris

1895 1375 1959 1415 ac
1979 1357 2165 1426 fetidis
2188 1355 2473 1417 libidinum
2485 1353 2784 1409 volutabris
2801 1370 2814 1406 :
2833 1351 3071 1422 quietem
3098 1350 3473 1407 securitatem-

1896 1466 2003 1523 que
2056 1448 2444 1506 monachorum
2472 1486 2487 1512 ,
2542 1444 2797 1515 periculis
2866 1451 2922 1497 et
2972 1443 3226 1497 aerumnis
3282 1442 3477 1512 quibus

1898 1541 2085 1598 mundi
2142 1537 2300 1607 hujus
2373 1536 2621 1592 homines
2680 1534 3061 1605 implicantur,
3141 1533 3475 1605 paupertatis

1900 1641 2098 1687 nostra:
2150 1629 2393 1700 requiem
2433 1616 2691 1701 edacibus
2730 1626 2956 1682 divitum
2984 1625 3223 1680 tristitiis
3249 1641 3313 1680 ac
3341 1640 3473 1695 per-

1898 1722 2149 1795 vigilibus
2177 1721 2357 1783 curis,
2389 1719 2442 1773 in
2476 1718 2671 1789 quibus
2711 1730 2818 1771 non
2860 1714 3064 1785 absque
3104 1729 3315 1770 summo
3338 1712 3478 1776 ,vita:

1820 1824 1875 1883 Β
1900 1814 2144 1888 periculo
2172 1814 2364 1868 diebus
2403 1828 2465 1867 ac
2505 1810 2754 1866 noctibus
2803 1814 3231 1873 consumuntur,
3263 1806 3475 1862 suavis-

1909 1910 2105 1964 simum
2143 1904 2333 1978 jugum
2373 1903 2619 1970 Christi,
2669 1916 2915 1973 onusque
2963 1900 3293 1957 levissimum
3330 1897 3486 1955 facil-

1908 1998 2036 2055 lime
2063 1995 2553 2067 comprobaliimus.

1984 2132 2005 2166 ‹
2034 2112 2175 2169 Ecce
2196 2127 2297 2183 ego
2323 2111 2588 2167 adducam
2618 2108 2758 2166 mala
2800 2123 2963 2180 super
2997 2106 3256 2179 populum
3286 2105 3482 2170 istum,

1910 2226 1936 2259 ν(
1970 2205 2207 2260 fructum
2229 2198 2621 2273 cogitationum
2657 2201 2783 2272 (sine
2818 2196 3136 2269 aversionis)
3166 2196 3316 2268 ejus,
3360 2195 3483 2264 quia

1917 2318 1936 2350 ι
1971 2296 2135 2353 verba
2166 2310 2285 2351 mea
2311 2310 2417 2349 non
2445 2293 2765 2358 audierunt,
2795 2299 2852 2346 et
2888 2290 3061 2361 legem
3098 2304 3274 2343 meam
3306 2285 3484 2358 proje—

1915 2415 1936 2449 ί
1971 2400 2183 2450 nerunt.
2216 2412 2235 2445 θ
2271 2387 2541 2462 (Πὶειυοη.)
2573 2387 2707 2442 Mala
2734 2385 2968 2457 appellat
2991 2383 3248 2455 supplicia
3270 2396 3485 2451 poenas-

1910 2499 2021 2554 que
2050 2480 2370 2553 patientium
2394 2520 2409 2543 ,
2436 2492 2544 2532 non
2586 2490 2749 2545 super
2772 2482 2961 2544 gentes
2984 2489 3104 2543 qua:
3134 2478 3398 2527 vocantur
3421 2469 3488 2525 ad

1914 2572 2190 2644 Evangelii
2218 2566 2533 2633 veritatem,
2561 2567 2655 2622 sed
2684 2580 2845 2636 super
2872 2563 3124 2634 populum
3147 2562 3238 2633 qui
3266 2576 3463 2631 resan

1914 2667 2028 2722 dit:
2070 2684 2087 2716 ‹
2123 2663 2241 2719 Non
2283 2661 2583 2717 audiemus.
2619 2677 2637 2710 ι
2674 2657 2742 2711 Ει
2772 2666 3090 2725 recepturus
3132 2660 3220 2725 est.
3257 2650 3487 2708 fructum

1913 2758 2339 2830 cogitationum,
2368 2754 2483 2809 sive
2520 2751 2820 2806 aversionis
2849 2764 2991 2813 suae,
3032 2747 3243 2801 dicente
3281 2745 3487 2800 David:

1920 2869 1941 2905 ι
2002 2849 2243 2904 Labores
2304 2860 2561 2900 manuum
2620 2852 2832 2898 tuarum
2887 2840 3239 2895 manducabis
3294 2835 3487 2911 (Psal.

1914 2958 2094 2998 cxxvn
2118 2941 2159 3014 ).
2196 2961 2215 2994 ι
2249 2940 2531 3009 Causaque
2562 2936 2879 3006 perspicua,
2920 2933 3047 3004 quia
3072 2931 3237 2988 verba
3280 2928 3493 2986 Domini

1918 3048 2027 3089 non
2056 3031 2346 3095 audierint,
2374 3038 2431 3084 et
2453 3028 2626 3099 legem
2657 3025 2773 3094 ejus
2798 3022 3113 3095 alijecerint.

1996 3143 2015 3175 ι
2044 3122 2245 3191 thuid
2280 3121 2410 3176 mihi
2443 3120 2569 3174 thus
2603 3119 2670 3173 de
2709 3116 2851 3171 Saba
2888 3115 3109 3181 airertis,
3142 3123 3198 3170 et
3219 3112 3493 3170 calamum

1922 3231 1941 3266 ι
1977 3228 2143 3269 suave
2168 3211 2402 3267 olentem
2424 3209 2493 3265 de
2520 3217 2666 3289 terra
2694 3206 3019 3276 longinqua?
3054 3203 3375 3259 Holocausta
3404 3217 3493 3258 ve-

1923 3323 1943 3357 (
1978 3314 2091 3360 stra
2120 3317 2226 3357 non
2250 3310 2376 3356 sunt
2398 3308 2638 3368 accepta,
2667 3307 2722 3353 et
2754 3296 2989 3352 victima:
3015 3302 3213 3357 vestrae
3243 3310 3352 3349 non
3372 3293 3491 3365 pla-

1925 3414 1944 3448 ι
1978 3402 2210 3449 cuerunt
2243 3392 2397 3447 mihi.
2422 3410 2440 3442 ι
2462 3389 2614 3457 Quod
2644 3390 2805 3443 thura
2835 3388 2901 3442 de
2921 3385 3063 3444 Saba
3091 3385 3310 3442 veniant
3333 3400 3494 3443 nemo

1918 3484 2146 3540 dubitat.
2180 3482 2333 3538 Unde
2353 3490 2415 3537 et
2441 3481 2571 3536 illud
2595 3479 2948 3550 Virgilianum
2973 3485 3088 3533 est:

2163 3655 2331 3709 Thure
2351 3656 2515 3708 calent
2531 3595 2835 3707 253W”
2867 3594 3041 3645 sam

1920 3763 2198 3821 Calamam
2224 3772 2404 3818 autem
2436 3762 2578 3833 quod
2605 3760 2869 3817 Hebraice
2892 3760 3091 3816 dicitur
3110 3770 3242 3849 mp,
3268 3774 3369 3831 pro
3386 3774 3498 3830 quo

1918 3855 2063 3910 LXX
2088 3865 2144 3909 et
2170 3854 2469 3909 Theodosio
2499 3852 2795 3906 cinnamum
2820 3850 3234 3919 transtulerunt,
3260 3852 3328 3905 de
3348 3857 3494 3906 terra

1918 3947 2103 4001 venire
2134 3944 2424 4015 longinqua
2455 3942 2805 4013 propheticus
2830 3956 3011 3996 sermo
3040 3940 3395 4005 demonstrat,
3434 3948 3498 3995 ut

1920 4036 2285 4106 intelligamus
2320 4034 2558 4097 lndiam,
2593 4034 2670 4088 de
2700 4047 2841 4102 qua,
2892 4047 2989 4101 per
3023 4044 3173 4084 mare
3215 4029 3492 4095 Rubmm,

1919 4128 2075 4198 plura
2101 4127 2328 4180 veniunt
2354 4132 2617 4180 aromata.
2644 4122 2761 4177 Hoc
2796 4138 2966 4192 genus
3003 4120 3262 4192 pigmenti
3298 4119 3494 4176 medici

1922 4222 2104 4275 κασίαν
2142 4220 2386 4293 σύριγγος
2426 4214 2714 4285 appellant.
2755 4213 2820 4267 Et
2857 4220 2940 4266 cst
2978 4226 3170 4267 sensus
3207 4229 3221 4267 :
3267 4209 3493 4266 Frustra

1923 4309 2051 4361 mihi
2069 4309 2120 4362 in
2138 4315 2404 4379 unguenta
2427 4304 2757 4360 Conficienda
2781 4318 2899 4372 qum
2915 4302 3055 4371 Lege
3069 4308 3336 4372 praecepta
3350 4308 3493 4367 sunt,

1923 4398 2228 4454 suavissimi
2255 4397 2439 4451 odoris
2472 4396 2745 4466 pigmenta
2781 4392 3073 4457 confertis,
3101 4398 3156 4445 et
3184 4391 3498 4446 holocausta

1942 4488 2289 4552 succenditis,
2317 4487 2407 4556 qui
2432 4500 2609 4539 meam
2650 4483 2705 4536 in
2728 4482 2871 4553 Lege
2896 4496 3001 4535 non
3044 4480 3222 4536 facitis
3247 4480 3495 4535 volunta-

1925 4586 2058 4643 tem,
2070 4577 2224 4645 juxta
2244 4576 2385 4645 quod
2409 4588 2570 4643 supra
2588 4572 2850 4641 scriptum
2872 4577 2987 4623 est:
3010 4589 3027 4620 ι
3056 4569 3225 4625 Verba
3250 4584 3364 4622 mea
3390 4585 3497 4624 non

1926 4667 2230 4729 audierunt,
2256 4673 2308 4717 et
2334 4664 2505 4732 legem
2528 4676 2701 4717 meam
2733 4660 3094 4729 projecerunt.‘
3120 4678 3138 4709 ι
3158 4657 3270 4713 Hoc
3290 4665 3494 4723 autem,

1923 4758 2143 4829 proprie
2172 4757 2423 4812 convenit
2454 4756 2540 4810 his
2565 4753 2658 4822 qui
2684 4753 2750 4807 de
2775 4752 2975 4821 rapinis
3004 4757 3059 4803 ct
3085 4750 3373 4804 nudatione
3398 4750 3499 4803 mi-

1929 4866 2172 4907 serorum
2192 4848 2429 4904 offerunt
2450 4844 2794 4909 sacrificium,
2834 4850 2889 4896 et
2918 4840 3273 4911 elecmosynis
3297 4854 3365 4895 ex
3395 4839 3499 4894 ini—

1922 4944 2135 5013 quitate
2178 4956 2236 4995 se
2260 4945 2450 5009 putant
2495 4934 2763 4989 redimere
2800 4941 3050 5003 peccata,
3092 4932 3301 4986 dicente
3346 4928 3497 4983 Scri-

1928 5046 2124 5109 ptura:
2160 5052 2179 5084 ι
2218 5028 2535 5101 Redemptio
2570 5027 2765 5082 animae
2805 5025 2906 5078 viri
2938 5022 3171 5093 propriae
3202 5021 3437 5087 divitiae,
3473 5040 3493 5072 ι

1931 5144 2049 5199 quae
2076 5141 2183 5181 non
2214 5124 2283 5179 de
2312 5122 2617 5192 iniquitate,
2650 5118 2743 5175 sed
2770 5116 2837 5173 de
2866 5116 3052 5172 labore
3073 5112 3350 5182 etjustitia
3372 5127 3500 5168 con-

1931 5227 2243 5293 gregantur.

2008 5354 2025 5387 c
2046 5334 2335 5403 Propterea
2360 5329 2477 5383 haec
2501 5326 2631 5383 dicit
2648 5321 2934 5378 Dominus:
2962 5320 3103 5377 Ecce
3128 5333 3227 5389 ego
3244 5318 3385 5375 dabo
3405 5332 3501 5390 po-

1938 5448 1955 5477 ι
1992 5425 2173 5497 pulum
2206 5424 2366 5478 istum
2385 5421 2446 5475 in
2475 5420 2677 5481 ruinas,
2709 5422 2763 5470 et
2811 5420 2970 5468 ruent
3009 5412 3061 5467 in
3090 5411 3171 5465 eis
3197 5410 3322 5480 (sive
3349 5407 3503 5463 inﬁr-

1940 5537 1957 5568 ί
1998 5518 2241 5572 mitatem
2277 5523 2331 5568 et
2375 5509 2793 5566 inﬁrmabuntur
2816 5506 2878 5560 in
2905 5507 2991 5574 ea)
3030 5512 3213 5575 patres
3238 5510 3292 5557 et
3312 5501 3403 5555 ﬁlii
3426 5500 3503 5554 si-

1942 5628 1960 5659 c
1998 5608 2127 5672 mnl,
2152 5606 2358 5686 vicinus
2394 5612 2449 5657 et
2479 5601 2757 5672 proximus
2799 5606 2855 5653 et
2900 5597 3167 5667 peribunt.
3214 5613 3234 5645 ι
3271 5590 3500 5662 lmpleta

1937 5700 2180 5755 videmus
2200 5684 2378 5753 omnia
2398 5710 2516 5765 quae
2536 5694 2793 5751 Dominus
2818 5690 2893 5747 illi
2915 5687 3110 5762 populo
3136 5684 3500 5744 comminatus
