3910 6356
466 423 570 475 5ῧῦ

1081 431 1142 480 υ.
1183 427 1432 483 RABANI
1471 408 1691 484 unum
1727 426 2046 483 ARClllEl’.
2088 427 2393 485 uocum.
2435 428 2723 488 OPERUM
2760 430 2943 489 rans
2976 433 3061 487 ιιι.

3600 437 3706 492 856

462 548 565 593 est.
598 538 845 606 Quotidie
870 542 1013 595 enim
1046 550 1211 596 ruunt
1236 543 1292 597 in
1318 541 1670 612 blasphemiis
1696 540 1830 606 suis,
1866 541 2030 594 nihil-
2058 544 2113 603 Α
2143 559 2161 593 ι
2194 542 2318 610 quia
2362 550 2582 610 repente
2621 546 2801 599 veniet
2843 551 3084 598 vastator
3130 546 3242 600 sive
3283 545 3505 603 miseria
3550 562 3712 617 super

465 645 571 696 quc
599 630 651 684 itt
680 646 740 685 se
762 629 847 685 ha'
884 638 962 685 tnt
988 629 1152 695 forte,
1187 631 1281 687 sed
1305 632 1483 686 omnis
1511 633 1653 703 apud
1678 646 1772 686 eos
1798 630 2031 685 inﬁrmi-

466 731 548 773 tas
574 728 674 774 est.
706 719 825 774 Filii
849 730 1067 789 patrum
1094 729 1394 790 sequuntur
1412 720 1796 790 blasphemias,
1826 728 1882 775 et
1903 734 2038 789 quo-

463 809 593 864 tidie
618 811 882 881 recipiunt
903 812 1047 868 illam
1090 813 1567 883 imprecationem:
1610 835 1627 865 ι
1666 813 1897 884 Sanguis
1920 813 2036 883 ejus

362 944 364 947 .
461 917 744 972 supernos
770 912 825 957 et
853 918 1013 973 super
1039 904 1178 960 tilios
1202 914 1420 962 nostros
1450 904 1674 977 (Matth.
1704 902 1949 971 xxvn);i
1981 911 2035 957 et

461 1007 566 1047 non
594 994 763 1048 solum
792 995 912 1063 ipsi,
944 998 1038 1050 sed
1066 1003 1122 1051 et
1145 996 1308 1052 vicini
1335 1002 1389 1050 et
1426 996 1656 1065 proximi
1683 1010 1896 1061 eorum,
1920 1010 2037 1049 om-

462 1099 559 1139 nes
588 1086 677 1154 qui
718 1084 917 1155 Legem
949 1094 1004 1142 et
1044 1086 1337 1156 prophetas
1374 1095 1673 1158 sequuntur
1700 1087 1855 1157 juxta
1891 1088 2036 1143 occi-

463 1178 677 1231 dentem
703 1177 960 1244 litteram,
996 1187 1053 1233 et
1072 1194 1177 1234 non
1192 1178 1344 1247 juxta
1378 1178 1627 1248 spiritum
1648 1178 2031 1245 vivificantem,

456 1275 510 1320 et
532 1282 718 1321 omnes
745 1269 948 1335 pariter
970 1267 1243 1337 peribunt.
1273 1250 1398 1337 qtiia
1423 1268 1626 1336 pariter
1652 1276 2028 1335 peccaverunt.

531 1378 549 1409 ι
587 1354 710 1413 llaec
739 1359 865 1413 dicit
896 1358 1151 1413 Dominus
1176 1377 1188 1411 :
1221 1358 1360 1413 Ecce
1384 1357 1611 1427 populus
1627 1357 1777 1411 venit
1796 1356 1862 1410 de
1883 1368 2031 1411 terra

460 1471 476 1499 ι
510 1450 807 1519 Aquilonis,
825 1458 879 1505 et
899 1428 1029 1519 gens
1050 1463 1243 1517 magna
1268 1455 1557 1517 consurget
1578 1463 1609 1501 a
1630 1446 1828 1502 finibus
1849 1456 2026 1504 terrae.

459 1561 475 1591 ι
508 1541 771 1612 Sagittam
791 1550 1065 1596 etscutum
1082 1542 1207 1611 (sive
1230 1539 1816 1611 zebynnam)arripiet:
1840 1544 2029 1597 crude-

459 1649 475 1680 ι
514 1631 580 1685 lis
602 1639 684 1685 est
710 1630 807 1701 (vel
836 1629 1162 1700 impudens,)
1179 1637 1232 1684 et
1260 1645 1364 1684 non
1398 1629 1757 1683 miserebitur.
1777 1629 1889 1685 Vox
1911 1630 2028 1697 ejus

456 1740 474 1773 ι
512 1723 662 1791 quasi
682 1737 830 1777 mare
853 1722 1084 1786 sonabit,
1099 1730 1152 1775 et
1167 1734 1326 1790 super
1339 1735 1509 1789 equos
1523 1721 1797 1785 ascendet,
1813 1736 2023 1789 praepa-

455 1833 473 1864 ι
515 1816 615 1869 rati
646 1816 800 1884 quasi
818 1815 903 1869 vir
922 1815 987 1869 ad
1008 1812 1251 1884 praelium
1274 1814 1559 1869 adversum
1589 1820 1663 1879 te,
1682 1813 1789 1868 filia
1812 1812 1962 1869 Sion.
1998 1835 2016 1866 ι

2138 647 2265 694 nos;
2308 650 2327 682 ι
2377 628 2729 704 Septuaginta
2769 652 2788 684 ‹
2830 647 2991 703 super
3028 648 3124 689 vos
3154 653 3172 686 ι
3216 646 3548 704 posuerunt,
3586 652 3706 693 cum

2137 723 2305 777 multo
2326 723 2467 777 Deus
2493 724 2895 787 misericordius
2919 724 3131 787 dixerit,
3172 733 3232 778 ut
3259 726 3518 796 quidquid
3549 741 3709 797 super

2137 828 2292 868 suum
2315 822 2601 868 venturum
2631 823 2718 868 est
2742 816 3025 884 populum,
3066 830 3228 886 super
3262 831 3320 870 se
3359 833 3575 889 quoque
3621 833 3710 873 ve-

2136 905 2253 960 nire
2296 914 2540 960 testetur.
2577 904 2914 961 Vastatorem
2960 916 3137 961 autem
3167 908 3383 978 proprie
3409 909 3495 963 vel
3530 909 3711 964 Nabu-

2135 995 2474 1051 chodonosor
2500 997 2584 1050 vel
2606 994 2876 1049 diabolum
2904 996 3189 1067 significat.

2210 1105 2229 1139 ι
2265 1086 2614 1143 Probatorem
2639 1087 2762 1142 dedi
2787 1096 2838 1142 te
2860 1088 2911 1140 in
2940 1090 3134 1157 populo
3162 1106 3282 1145 meo
3318 1093 3595 1147 robustum
3616 1133 3631 1157 ,
3656 1106 3709 1147 et

2138 1193 2159 1228 ε
2195 1179 2358 1245 scies,
2384 1189 2439 1236 et
2458 1179 2711 1250 probabis
2739 1179 2854 1234 vias
2872 1195 3079 1235 eorum.
3104 1180 3304 1239 Omnes
3328 1184 3417 1238 isti
3437 1185 3711 1254 principes

2140 1286 2159 1320 ‹
2193 1270 2521 1326 declinantes
2547 1270 2669 1343 (sive
2694 1271 3107 1342 inobedientes),
3135 1274 3473 1330 ambulantes
3497 1274 3711 1331 fraudu-

2139 1379 2156 1412 t
2192 1363 2364 1417 lenter
2392 1362 2835 1435 (sivetperverse),
2862 1378 2934 1417 tes
2961 1372 3015 1418 et
3041 1362 3244 1419 ferrum
3272 1384 3284 1419 :
3315 1366 3550 1421 universi
3580 1383 3711 1421 cor-

2137 1470 2155 1503 ‹
2192 1455 2333 1523 rupti
2355 1464 2497 1509 sunt.
2515 1453 2718 1509 Defecit
2743 1452 3116 1520 suﬂlatorium,
3148 1474 3166 1505 ι
3194 1456 3377 1525 (quem
3401 1455 3714 1525 significan-

2136 1561 2155 1592 t
2190 1544 2294 1596 tius
2323 1542 2494 1597 Graeci
2540 1553 2809 1621 φυσητῆρος
2849 1543 3158 1615 appellant).
3201 1545 3258 1599 In
3299 1547 3423 1616 igne
3453 1562 3711 1601 consum-

2136 1653 2153 1684 ι
2188 1643 2336 1704 ptum
2352 1643 2435 1689 est
2454 1635 2749 1703 plumbum,
2779 1634 2977 1688 frustra
3002 1635 3256 1690 conﬂavit
3284 1634 3540 1691 conﬂator
3567 1636 3587 1705 (
3602 1639 3713 1691 sire

2134 1744 2154 1777 t
2192 1727 2573 1797 argentarius).
2610 1726 2824 1782 Malitia:
2853 1728 2995 1782 enim
3043 1744 3230 1784 eorum
3275 1745 3380 1783 non
3421 1720 3543 1784 Sunt
3573 1745 3712 1784 con-

2135 1834 2155 1867 t
2191 1826 2434 1887 sumptae.
2484 1818 2777 1890 Argentum
2831 1818 3116 1887 reprobum
3172 1830 3360 1874 vocate
3406 1836 3527 1885 eos,
3578 1822 3711 1889 quia

448 1905 671 1976 Proprie
700 1905 800 1961 hoc
828 1906 893 1960 de
922 1905 1229 1976 Babyloniis
1254 1906 1607 1975 prophetatur
1625 1945 1641 1971 ,
1676 1907 1770 1975 qui
1813 1907 2023 1962 venturi
2052 1886 2100 1946 Β
2133 1925 2151 1955 ε
2188 1886 2445 1962 Dominus
2465 1886 2689 1978 proiecit
2715 1908 2852 1964 illos.
2885 1886 2903 1961 ὲ
2930 1909 3097 1964 Datur
3115 1911 3377 1980 propheta
3400 1886 3711 1982 populoin-

448 2003 572 2050 sunt
590 2003 775 2051 contra
797 1994 1047 2065 pupulum
1076 1994 1440 2049 Hierusalem:
1468 2004 1524 2048 et
1542 1996 1717 2049 omnis
1740 2004 2026 2050 armatura:
2125 1998 2345 2053 credulo
2376 1999 2631 2067 probator
2674 2002 2958 2064 robustus,
3008 2001 3149 2069 quod
3198 2000 3459 2056 Hebraiee
3501 2001 3713 2055 dicitur

448 2086 580 2140 ordo
623 2086 976 2150 describitur,
1025 2093 1077 2140 et
1108 2087 1337 2154 impetus
1366 2083 1725 2154 praeliantium
1744 2126 1759 2149 ,
1794 2094 1849 2138 ιιι
1877 2087 2024 2141 vocis
2123 2096 2309 2153 ante,
2338 2088 2478 2157 quod
2504 2088 2587 2141 vel
2616 2091 2869 2143 munitum
2890 2089 3043 2157 juxta
3066 2091 3337 2160 Aquilam,
3360 2092 3445 2146 vel
3463 2091 3710 2146 clausum

448 2188 651 2232 terrore
688 2179 932 2232 concussi
963 2185 1124 2247 agant
1152 2176 1524 2245 paenitentiam
1544 2216 1559 2241 ,
1590 2185 1645 2230 et
1671 2176 2022 2232 clementissi-

446 2285 590 2321 mutu
633 2268 845 2337 placent
891 2266 1081 2321 Deum.
1133 2267 1370 2335 Denique
1413 2258 1517 2319 datr
1548 2267 1889 2320 occasionem
1935 2282 2023 2321 ro-

444 2358 623 2425 gandi,
651 2358 774 2411 dum
804 2358 951 2422 dicit,
982 2377 999 2407 ι
1030 2358 1313 2412 adversum
1344 2366 1416 2421 te,
1442 2356 1548 2409 lilia
1576 2356 1724 2411 Sion.
1758 2378 1776 2410 ι
1815 2358 2015 2413 Possu-

444 2462 563 2500 mtts
607 2446 708 2500 hoc
754 2447 1059 2501 testimonio
1097 2447 1256 2501 abuti
1304 2447 1692 2515 persecutionis
1744 2456 2017 2516 tempore,

442 2541 657 2607 quando
681 2541 855 2593 omnis
882 2539 1166 2594 adversum
1195 2554 1291 2594 nos
1325 2539 1525 2593 diaboli
1569 2539 1745 2593 rabies
1782 2540 2019 2594 concita-

441 2638 550 2694 tur,
574 2630 821 2700 nullaque
846 2630 1215 2685 misericordia
1240 2640 1350 2695 est;
1386 2639 1441 2685 et
1469 2630 1625 2699 quasi
1654 2632 2019 2688 vehementis-

442 2720 564 2775 simi
593 2720 758 2774 maris
780 2720 995 2785 ﬂuctus,
1021 2723 1092 2775 ita
1119 2722 1428 2790 opprimunt
1452 2721 1782 2776 resistentes.
1858 2786 1865 2792 ‘

513 2825 531 2858 t
566 2808 880 2862 Audivimus
924 2808 1121 2863 fumant
1168 2810 1315 2879 ejus,
1358 2810 1633 2865 dissoluta:
1671 2820 1796 2865 sunt
1823 2825 2016 2865 manus

364 2942 367 2943 ν
444 2918 462 2951 ι
499 2908 716 2954 nostrai.
749 2899 1044 2954 Tribulalio
1075 2884 1427 2969 apprehendit
1460 2916 1559 2956 nos
1580 2941 1593 2965 ,
1619 2901 1834 2957 dolores
1860 2902 2016 2971 quasi

443 3012 461 3042 ι
495 2994 866 3063 parturientis.
916 3014 934 3045 ι
981 2993 1277 3062 Respondit
1303 2995 1563 3064 populus,
1594 2997 1679 3050 cui
1717 2998 2013 3066 propheta,

440 3083 549 3137 imo
573 3098 670 3152 per
695 3085 1012 3154 prophetam
1038 3085 1298 3143 Dominus
1325 3085 1632 3157 Babyloniis
1657 3089 2015 3144 comminatus
2048 3139 2050 3141 ,

431 3181 532 3235 est,
561 3173 701 3242 quod
724 3182 1010 3243 antequam
1042 3175 1258 3229 veniant
1283 3176 1471 3230 timore
1496 3179 1732 3245 superati
1758 3180 1885 3243 sint,
1910 3196 2010 3237 nec

430 3266 639 3335 possint
657 3268 872 3322 elevare
892 3284 1119 3335 manus;
1160 3279 1214 3324 et
1246 3271 1491 3341 angustia
1525 3288 1618 3326 eos
1652 3274 2005 3342 comprehen-

432 3356 572 3411 derit
592 3360 747 3427 quasi
772 3358 926 3413 dolor
948 3362 1354 3429 parturientem,
1382 3378 1487 3433 quo
1509 3363 1691 3419 dolore
1708 3366 1841 3420 nihil
1868 3365 2010 3420 aﬂir-

430 3458 579 3502 mant
608 3450 823 3519 gravius
848 3467 967 3519 quae
992 3462 1293 3507 senserunt.

513 3557 531 3590 ι
564 3538 739 3595 Nolite
767 3541 915 3594 exire
946 3542 1009 3594 ad
1050 3556 1229 3611 agros,
1274 3552 1329 3596 et
1368 3544 1421 3598 in
1453 3544 1537 3598 via
1582 3542 1650 3599 ne
1685 3544 2003 3611 ambuletis,

441 3644 459 3677 t
496 3629 748 3697 quoniam
781 3629 987 3701 gladius
1007 3630 1208 3685 inimici
1236 3633 1473 3701 pavorin
1500 3633 1745 3689 circuitu.
1786 3655 1804 3686 ›
1839 3635 2007 3691 Docet

433 3717 780 3785 Evangelium
812 3717 1024 3790 (Matth.
1056 3721 1241 3790 xxw),
1289 3738 1393 3775 non
1438 3737 1559 3778 esse
1600 3724 1902 3779 exeundum
1950 3725 2004 3778 in

431 3823 649 3878 agrum,
695 3824 792 3864 nec
827 3810 893 3865 de
928 3818 1187 3866 tectorum
1221 3810 1497 3867 altitudine
1534 3815 1964 3869 descendendum
1986 3856 2001 3881 ,

431 3898 524 3954 sed
576 3899 895 3954 audiendum
947 3899 1107 3964 illud,
1168 3920 1185 3951 ‹
1238 3901 1294 3955 1η
1345 3912 1525 3958 monte
1569 3904 1775 3959 salvum
1819 3916 1871 3960 te
1916 3905 2001 3962 fac

431 3987 588 4058 (Gen.
621 3989 756 4059 nx).
788 4009 806 4041 ι
842 3990 922 4044 Ad
963 4006 1122 4059 quem
1157 3991 1209 4045 in
1244 3992 1379 4047 Isaia
1410 4002 1464 4048 et
1491 3993 1711 4048 Michaia
1756 3995 1891 4065 (Isa.
1928 4013 1996 4063 tt;

432 4079 594 4135 Mich.
647 4079 747 4151 tv),
786 4079 1040 4148 iubemur
1081 4096 1367 4137 occurrere
1413 4093 1574 4153 atque
1616 4086 1996 4141 conscendere.

426 4169 742 4238 Praecipitur
759 4179 936 4223 autem
967 4168 1120 4237 juxta
1144 4170 1378 4225 litteram
1401 4186 1469 4227 ne
1498 4170 1645 4227 foras
1665 4182 1878 4238 exeant,
1902 4190 2000 4229 nec

428 4264 681 4318 deserant
712 4278 925 4329 muros,
960 4263 1053 4317 sed
1084 4273 1143 4318 ut
1178 4273 1434 4320 tueantur
1458 4280 1516 4321 se
1544 4265 1716 4321 ﬁrmis
1743 4269 1997 4323 munitio-

431 4354 606 4409 nibus.

502 4464 521 4496 ι
557 4444 692 4499 Filia
720 4444 901 4514 populi
928 4445 1069 4510 mei,
1115 4445 1399 4515 accingere
1423 4446 1598 4500 cilicio
1640 4445 1706 4501 et
1736 4464 1995 4518 consper-

433 4560 450 4590 ι
488 4555 614 4610 gere
637 4541 837 4604 cinere,
862 4538 1063 4594 luctum
1079 4538 1336 4609 unigeniti
1366 4538 1490 4609 (sire
1516 4538 1738 4611 dilecti).
1767 4539 1875 4595 Fac
1898 4541 1993 4595 tibi

433 4650 449 4681 ι
485 4630 755 4700 planctum
782 4644 1024 4684 amarum
1047 4627 1171 4699 (sive
1191 4628 1604 4700 miserabilem),
1633 4630 1755 4698 quia
1778 4638 1993 4699 repente

431 4743 447 4773 ι
486 4722 664 4776 veniet
688 4729 925 4774 vastator
950 4718 1074 4789 (sive
1096 4718 1333 4789 miseria)
1375 4735 1533 4788 super
1556 4735 1653 4774 nos
1675 4719 1799 4789 (sive
1835 4734 1994 4789 super

426 4835 443 4865 ι
479 4816 614 4887 vos).
647 4835 664 4866 ι
690 4814 840 4880 Quod
863 4826 1023 4881 supra
1046 4812 1274 4874 dixerat,
1307 4830 1324 4861 ‹
1355 4810 1527 4865 Nolite
1544 4813 1693 4865 exire
1716 4812 1781 4865 ad
1799 4826 1956 4881 agros
1974 4852 1989 4878 ,

418 4913 473 4959 et
501 4905 554 4958 in
574 4904 660 4957 via
684 4919 749 4957 ne
774 4902 1075 4966 ambuletis,
1094 4901 1347 4969 quoniam
1367 4902 1574 4971 gladius
1597 4902 1795 4956 inimici
1820 4917 1988 4971 pavor

419 4997 472 5049 in
518 4994 779 5057 circuitu,
816 5012 834 5043 ι
869 5001 923 5045 et
965 4991 1141 5061 fugam
1178 5005 1387 5059 quoque
1415 4990 1798 5059 prohibuerat,
1833 4994 1989 5047 docet

423 5084 550 5154 quid
581 5082 755 5136 facere
784 5080 1031 5143 debeant,
1052 5088 1110 5132 ut
1139 5087 1519 5133 convertantur
1553 5079 1755 5133 scilicet
1783 5080 1848 5132 ad
1877 5092 1993 5148 pa:-

419 5172 719 5234 niteutiam,
748 5179 802 5223 et
843 5170 980 5222 hanc
1018 5168 1380 5223 firmissimam
1406 5175 1460 5221 et
1485 5181 1728 5221 securam
1759 5168 1992 5223 habeant

420 5273 766 5318 armaturam.
798 5259 899 5315 Ubi
931 5276 1028 5315 nos
1058 5261 1288 5315 diximus
1329 5280 1347 5311 ι
1380 5260 1583 5315 luctum
1612 5262 1872 5330 unigeniti
1904 5262 1991 5317 fac

419 5359 533 5410 tibi.
560 5377 577 5409 ›
606 5355 713 5410 Pro
736 5354 1010 5425 unigenito
1038 5354 1090 5406 in
1117 5350 1380 5408 Hebraico
1408 5354 1662 5408 scribitur
1687 5362 1825 5419 ’τη-ιν,
1848 5355 1988 5423 quod

419 5449 589 5515 magis
626 5447 917 5499 solitarium
964 5461 1124 5515 quam
1170 5446 1488 5515 unigenitum
1536 5455 1708 5501 sonat.
1748 5445 1804 5500 Si
1839 5448 1981 5501 enim

418 5549 557 5589 mset
590 5538 805 5589 dilectus
837 5537 949 5591 sive
986 5536 1263 5599 amabilis,
1301 5544 1360 5588 ιιι
1384 5534 1523 5590 LXX
1566 5537 1978 5602 transtulerunt,

414 5640 523 5687 ’τ’-ῖς
552 5636 842 5697 poneretur
876 5644 887 5677 ε
930 5630 1068 5697 quod
1100 5636 1151 5681 et
1187 5627 1461 5682 Salomoni
1500 5629 1639 5683 Deus
1668 5643 1859 5682 nomen
1884 5628 1982 5681 im-

419 5719 611 5786 posuit.
640 5717 777 5771 Nihil
806 5727 983 5771 autem
1013 5718 1276 5771 dolentius
1308 5733 1468 5787 quam
1506 5736 1668 5772 ttnutn
1698 5718 1781 5771 vel
1809 5717 1978 5771 solum

416 5808 639 5875 perdere
660 5808 846 5863 lilium.
866 5808 1101 5879 llludque
1124 5808 1266 5876 quod
1286 5823 1383 5863 nos
1410 5808 1747 5877 interpretati
1770 5823 1977 5874 sumus,

2019 4582 2071 4641 D

2124 2186 2285 2246 atque
2326 2180 2741 2246 circumdatum,
2779 2180 2930 2248 juxta
2970 2181 3352 2251 Symmachum
3380 2189 3435 2236 et
3476 2182 3713 2253 Septua-

2121 2267 2289 2335 ginta,
2322 2276 2496 2331 sonat,
2530 2268 2703 2321 instar
2739 2269 2886 2322 urbis
2928 2268 3270 2331 fit'tnissimte,
3303 2280 3361 2322 ut
3400 2271 3570 2323 nullas
3602 2286 3711 2339 po-

2120 2356 2226 2426 puli
2253 2357 2599 2426 pertimescat
2627 2357 2887 2422 insidias;
2928 2368 2985 2412 ut
3008 2375 3130 2414 cum
3170 2361 3487 2429 probaveris
3516 2362 3615 2427 ait,
3649 2372 3712 2416 et

2119 2447 2306 2503 scieris
2335 2449 2476 2502 viam
2515 2448 2697 2519 populi
2721 2448 3101 2517 delinquentis,
3146 2459 3273 2504 tunc
3304 2451 3569 2519 intelligas
3611 2466 3711 2505 ar-

2119 2546 2339 2606 gentum
2372 2534 2849 2592 tere'commixtum
2872 2537 3013 2592 nulla
3045 2554 3201 2609 posse
3230 2542 3441 2594 ratione
3460 2542 3707 2612 purgari.

2120 2628 2398 2697 Quomodo
2452 2630 2595 2684 enim
2642 2630 2916 2698 plumbum
2963 2632 3223 2686 miscetur
3269 2632 3531 2697 metallis,
3580 2648 3709 2701 qua:

2120 2724 2418 2779 adulterata
2445 2733 2569 2778 sunt
2610 2732 2771 2792 atque
2795 2724 3013 2785 violata,
3047 2734 3105 2778 ut
3150 2726 3378 2779 materia
3421 2736 3711 2796 separetur

2121 2812 2296 2867 aliena
2319 2853 2334 2877 ,
2365 2822 2419 2867 et
2459 2813 2504 2867 si
2526 2812 2752 2868 forsitan
2799 2822 3025 2882 purgata
3053 2829 3160 2868 non
3188 2813 3385 2878 fuerit,
3424 2815 3708 2884 plumbum

2116 2921 2275 2960 omne
2304 2907 2638 2961 consumitur
2666 2907 2799 2960 etin
2826 2906 3054 2961 nihilum
3087 2908 3387 2978 redigitur:
3428 2908 3503 2962 ita
3540 2924 3707 2964 omne

2116 2995 2387 3065 eloquium
2417 2997 2804 3060 doctrinarum,
2829 3006 2883 3051 et
2907 3012 3086 3052 sermo
3112 2998 3461 3067 propheticus
3483 2999 3627 3065 perit
3648 2998 3705 3053 in

2115 3087 2201 3141 his
2230 3087 2318 3155 qui
2350 3086 2535 3140 audire
2576 3095 2948 3141 contemnunt.
2995 3086 3249 3141 Dicamus
3295 3098 3351 3141 et
3400 3102 3563 3156 super
3612 3087 3700 3142 his

2120 3199 2138 3230 ι
2170 3180 2261 3249 qui
2303 3181 2441 3234 sicut
2486 3180 2700 3249 aspides
2756 3178 2932 3232 surdae
2972 3179 3227 3233 obturant
3272 3194 3435 3234 aures
3466 3194 3591 3233 suas
3632 3194 3703 3234 ne

2113 3272 2331 3324 audiant
2376 3282 2534 3322 voces
2580 3268 2970 3321 ineantantium
3036 3264 3206 3335 (Psal.
3260 3268 3414 3338 Lvn).
3473 3267 3699 3321 Frustra

2111 3360 2255 3415 enim
2300 3356 2549 3412 conﬂavit
2594 3355 2930 3425 argentarius
2978 3354 3093 3408 sive
3138 3352 3402 3409 conﬂator
3476 3354 3700 3411 malitia:

2110 3449 2254 3502 enim
2284 3462 2468 3501 eorum
2496 3462 2601 3501 non
2629 3454 2755 3501 sunt
2781 3456 3131 3514 consumpse.
3162 3444 3317 3500 Unde
3349 3460 3697 3515 nequaquam

2110 3546 2420 3609 argentum,
2474 3538 2565 3593 sed
2622 3544 2906 3607 argentum
2960 3538 3247 3606 reprobum
3308 3548 3434 3591 sunt
3481 3539 3695 3602 vocati,

2107 3630 2229 3699 quia
2272 3630 2529 3683 Dominus
2568 3628 2915 3695 abjecitueos.
2955 3628 3231 3697 Principes
3266 3639 3449 3684 autem
3493 3638 3619 3691 sunt
3663 3645 3695 3683 a

2107 3723 2335 3775 Domino
2375 3721 2688 3776 recedentes
2736 3719 2849 3774 sive
2892 3719 3282 3784 inobedient‘es,
3314 3720 3405 3790 qui
3438 3735 3696 3782 perverse

2107 3810 2382 3866 ambulant
2406 3820 2462 3865 et
2501 3810 2891 3865 fraudulenter.
2922 3805 3183 3880 (Cragon)
3228 3808 3306 3865 De
3348 3812 3452 3866 hac
3492 3810 3694 3881 quippe

2106 3902 2424 3958 conﬂatione
2452 3902 2503 3956 in
2526 3899 2625 3957 Job
2655 3902 2729 3955 ita
2760 3902 2985 3972 legitur:
3015 3921 3033 3951 t
3079 3899 3254 3955 Habet
3288 3911 3575 3973 argentum
3600 3919 3693 3958 ve-

2106 4010 2294 4049 narum
2322 4009 2538 4048 suarum
2565 3993 2862 4062 principia,
2906 4001 2961 4047 et
2998 4008 3132 4047 attro
3177 3992 3326 4048 locus
3368 4002 3453 4049 est
3496 3994 3552 4049 in
3580 4010 3689 4064 quo

2104 4085 2369 4141 conﬂatur
2412 4083 2551 4154 (Job.
2586 4081 2798 4155 xxvnt).
2824 4081 2881 4136 In
2909 4092 3132 4153 argento
3155 4084 3449 4152 eloquium,
3474 4086 3529 4139 in
3553 4102 3688 4143 auro

2102 4176 2225 4229 vita:
2250 4174 2333 4228 vel
2361 4173 2636 4242 sapientire
2672 4173 2890 4227 claritas
2932 4173 3206 4244 designari
3252 4173 3407 4227 solet.
3450 4175 3518 4228 Et
3555 4178 3685 4244 quia

2102 4263 2342 4318 haeretici
2371 4264 2449 4318 sic
2479 4263 2544 4315 dc
2572 4262 2770 4330 eloquii
2798 4263 2879 4317 sui
2907 4262 3083 4317 nitore
3106 4263 3522 4332 superbiunt,ut
3537 4264 3685 4341 nulla

2101 4368 2376 4409 sacrorum
2403 4352 2663 4408 librorum
2705 4352 3025 4407 auctoritate
3068 4354 3395 4419 solidentur;
3430 4356 3519 4424 qui
3556 4356 3683 4413 libri

2099 4443 2166 4497 ad
2213 4441 2538 4511 loquendum
2588 4442 2743 4496 nobis
2788 4442 2943 4510 quasi
2987 4442 3232 4511 quaedam
3278 4445 3488 4514 argenti
3525 4461 3682 4501 vent

2101 4542 2243 4598 sunt,
2277 4532 2401 4602 quia
2445 4533 2510 4586 de
2556 4533 2688 4601 ipsis
2716 4531 3006 4587 locutionis
3034 4542 3235 4588 nostra:
3262 4533 3531 4603 originem
3569 4543 3682 4589 tra-

2101 4624 2298 4690 himus,
2336 4638 2428 4679 eos
2457 4624 2523 4677 ad
2552 4638 2719 4677 sacrae
2748 4622 3086 4678 auctoritatis
3104 4624 3330 4693 paginas
3360 4634 3680 4689 revocat,ut

2099 4718 2141 4772 si
2167 4731 2294 4772 vera
2328 4715 2474 4785 loqui
2496 4715 2832 4779 desiderant,
2873 4715 2999 4770 inde
3042 4731 3257 4771 sumere
3282 4716 3517 4771 debeant
3545 4719 3678 4788 quid

2098 4806 2405 4876 loquantur.
2439 4821 2457 4853 ε
2494 4803 2560 4857 Et
2584 4819 2735 4866 auro,
2766 4804 2959 4873 inquit,
2986 4803 3138 4858 locus
3160 4813 3243 4858 est
3264 4805 3319 4857 in
3343 4819 3451 4873 quo
3479 4806 3679 4861 conﬂa-

2097 4906 2202 4950 tur.
2240 4916 2259 4947 ι
2297 4897 2374 4948 Ae
2403 4894 2448 4947 si
2495 4902 2676 4961 aperte
2707 4892 2888 4947 dicat:
2934 4891 3073 4947 Vera
3118 4892 3355 4948 fidelium
3381 4895 3673 4965 sapientia.

2095 4986 2181 5040 cui
2210 4983 2531 5038 universalis
2556 4982 2809 5037 Ecclesiae
2838 4981 2989 5037 locus
3017 4990 3119 5047 est,
3147 4983 3551 5040 tribulationem
3579 5003 3675 5043 vo-

2092 5076 2177 5129 bis
2201 5074 2648 5143 persequentibus
2673 5073 2893 5141 patitur,
2920 5072 3012 5126 sed
3039 5088 3069 5125 a
3095 5073 3300 5127 cunctis
3323 5085 3671 5142 peccatorum

2095 5166 2339 5221 sordibus
2359 5166 2745 5235 persecutionis
2770 5173 2961 5220 vestrae
2988 5166 3109 5232 igne
3144 5166 3482 5236 purgabitur.
3515 5167 3674 5223 Unde

2094 5248 2349 5324 scriptum
2377 5264 2498 5309 est:
2547 5273 2564 5304 ι
2601 5254 2659 5308 ln
2701 5255 2822 5325 igne
2852 5256 3111 5324 probatur
3145 5270 3334 5309 aurum
3373 5265 3428 5310 et
3472 5272 3672 5329 argen-

2093 5356 2204 5401 tutn
2229 5364 2242 5412 ;
2286 5348 2529 5403 homines
2556 5361 2685 5401 vero
2715 5347 3063 5416 receptabiles
3090 5346 3143 5400 in
3178 5348 3389 5402 camino
3413 5349 3673 5405 humilia-

2095 5439 2253 5493 tionis
2278 5438 2467 5509 (Ecclt'.
2508 5439 2592 5509 tt).
2639 5460 2657 5492 ι
2689 5439 2805 5506 Quo
2851 5440 2905 5492 in
2948 5438 3064 5493 loco
3104 5448 3281 5508 potest
3320 5442 3424 5494 hoc
3447 5457 3672 5513 quoque

2090 5520 2471 5584 convenienter
2497 5530 2742 5600 intelligi,
2774 5537 2833 5583 ut
2866 5530 2932 5583 de
2956 5545 3050 5583 sua
3080 5531 3315 5585 haeretici
3343 5532 3506 5585 stulta
3538 5549 3672 5602 pas-

2090 5621 2239 5673 sione
2269 5620 2550 5674 videantur
2582 5619 2862 5687 increpari.
2892 5617 3026 5673 Nam
3053 5635 3194 5689 saepe
3220 5635 3317 5688 pro
3340 5619 3468 5676 Jesu
3502 5622 3670 5679 Chri-

2089 5713 2157 5765 sti
2196 5711 2406 5765 Domini
2433 5727 2495 5766 ac
2526 5711 2895 5779 Redemptoris
2925 5710 3095 5763 nostri
3124 5710 3342 5765 nomine
3373 5713 3544 5768 multa
3570 5728 3669 5781 pa-

2087 5806 2311 5871 tiuntur,
2328 5819 2552 5873 seseque
2573 5804 2811 5875 ejusdem
2832 5802 3096 5873 passionis
3111 5801 3226 5870 ejus
3252 5802 3368 5859 ﬁeri
3391 5814 3667 5876 martyres
