3910 6342
154 398 263 456 857

1067 393 1436 451 EXPOSITIO
1473 392 1702 451 SUPER
1737 390 2103 448 JEREMIAM.
2144 404 2214 433 -‘—-
2250 393 2381 449 LIB.
2422 394 2514 451 ιν.

3320 401 3425 457 858

153 523 403 585 sperant,
428 512 625 584 quibus
647 512 819 568 sancti
844 511 947 567 viri
968 525 1101 566 voce
1128 526 1274 566 nunc
1295 510 1519 566 dicitur:
1544 527 1562 561 ι
1596 509 1743 563 Auro
1768 510 1826 571 Α
1847 508 1991 576 quod
2011 510 2165 577 quasi
2197 510 2487 567 mendaces
2526 519 2687 582 atque
2727 525 2957 568 vesanos
2980 514 3269 570 habuerint
3301 531 3431 586 pro-

154 606 310 663 locus
339 612 424 663 est
446 606 503 660 in
522 619 629 675 quo
650 603 930 660 conﬂatur.
964 626 981 656 ι
1010 602 1145 658 Nam
1163 602 1320 672 juxta
1342 603 1444 658 hoc
1465 602 1609 672 quod
1624 601 1740 670 jam

155 708 211 753 et
234 708 364 752 ante
392 711 491 751 nos
518 696 719 750 dictum
741 703 824 749 est
849 712 860 747 :
886 692 1141 762 Quisquis
1166 700 1319 747 extra
1336 692 1594 747 Ecclesia:
1624 690 1743 745 uni-

159 796 330 841 tatem
370 785 593 856 patitur,
634 797 823 853 pinnas
866 782 977 851 pati
1018 788 1228 850 potest,
1257 792 1463 851 martyr
1489 780 1607 835 ﬁeri
1639 794 1743 835 non

156 885 357 946 potest,
399 876 523 946 quia
564 889 697 928 auro
739 872 888 927 locus
916 878 1000 926 est
1050 871 1103 925 in
1134 886 1242 940 quo
1289 872 1571 925 conﬂatur.
1604 869 1745 937 Quid

157 970 349 1038 itaque
390 967 455 1021 ad
499 967 636 1030 hac,
676 963 949 1027 haeretici,
978 962 1196 1017 dicitis?
1231 959 1461 1017 Conﬂari
1492 976 1587 1029 per
1617 961 1746 1016 aﬂli-

156 1064 395 1118 ctionem
424 1060 604 1115 carnis
638 1066 698 1112 ut
730 1056 893 1111 etiam
921 1072 1019 1126 per
1052 1055 1375 1126 martyrium
1416 1054 1609 1120 vultis,
1649 1055 1743 1110 sed

154 1151 481 1221 locumquo
522 1147 763 1204 debeatis
808 1146 1032 1202 conﬂari
1073 1146 1314 1202 nescitis.
1362 1144 1555 1199 Audite
1599 1145 1742 1215 quod

154 1242 334 1297 sancti
358 1226 729 1312 praedicatoris
757 1252 890 1294 voce
911 1238 1138 1293 dicitur.
1174 1256 1192 1290 ‹
1224 1236 1373 1292 Auro
1400 1237 1551 1291 locus
1576 1244 1661 1291 est
1687 1237 1742 1291 in

155 1348 267 1401 quo
293 1330 580 1387 conﬂatur.
612 1348 631 1382 ι
664 1328 815 1383 Nunc
850 1341 983 1395 ergo
1021 1326 1362 1383 conﬂationis
1390 1327 1567 1381 locum
1595 1341 1742 1397 qua:-

155 1425 281 1488 rite,
325 1425 465 1478 hanc
494 1422 765 1477 fornacem
804 1436 910 1489 qua
938 1436 1131 1485 aurum
1160 1429 1282 1491 apte
1311 1420 1530 1491 purgari
1565 1418 1745 1473 valeat

156 1514 417 1568 invenite.
451 1512 567 1568 Una
595 1521 680 1567 est
718 1510 977 1575 Ecclesia,
1010 1511 1064 1565 in
1097 1525 1202 1579 qua
1244 1510 1489 1580 quisquis
1519 1507 1741 1563 conﬂari

154 1605 413 1668 voluerit,
440 1604 507 1657 ab
526 1602 673 1657 omni
701 1601 863 1656 etiam
888 1601 1088 1671 poterit
1109 1607 1451 1670 peccatorum
1478 1600 1597 1654 labe
1622 1615 1745 1669 pur-

154 1696 295 1766 gari.
329 1694 386 1749 Si
419 1694 545 1764 quid
566 1707 667 1761 pro
695 1691 805 1747 Deo
831 1692 1244 1758 amaritudinis,
1276 1692 1321 1745 si
1366 1691 1493 1761 quid
1521 1691 1742 1745 tribula-

152 1784 339 1849 tionis,
377 1793 533 1839 extra
564 1783 702 1837 hanc
738 1782 894 1850 positi
928 1781 1229 1845 sustinetis,
1264 1780 1474 1835 incendi
1513 1780 1740 1850 potestis

1848 595 2058 664 phetas,
2084 598 2209 652 dum
2238 612 2336 667 per
2360 602 2701 656 occasionem
2725 610 2781 657 et
2803 601 3171 660 celebritatem
3202 604 3305 660 loci
3328 621 3425 660 au-

1846 686 1963 742 dire
1985 696 2250 759 coguntur
2270 689 2434 743 verba
2455 691 2687 759 Domini,
2714 700 2769 749 et
2789 707 2900 750 non
2919 702 3141 765 propter
3160 696 3264 751 hoc
3285 696 3429 767 quod

1847 779 2012 834 verba
2039 780 2147 835 sint
2170 780 2408 836 Domini.

1922 890 1941 921 ι
1977 869 2104 925 Haec
2130 872 2262 927 dicit
2287 872 2549 931 Dominus
2573 879 2907 934 exercituum
2938 879 3082 935 Deus
3108 879 3307 936 Israel:
3334 880 3431 936 Bo-

1852 980 1871 1015 ‹
1908 979 2006 1018 nas
2031 962 2195 1019 facite
2223 966 2353 1036 (sive
2379 966 2618 1037 dirigite)
2663 970 2779 1023 vias
2807 981 3041 1037 vestras,
3063 982 3119 1026 et
3143 972 3321 1027 studia
3345 988 3436 1027 ve-

1850 1071 1870 1104 (
1907 1063 2019 1108 stra
2052 1055 2179 1123 (sive
2211 1055 2624 1112 adinventioncs
2646 1060 2876 1131 vestras)
2902 1070 2957 1115 et
2978 1062 3235 1117 habitabo
3255 1063 3436 1117 vobis-

1851 1164 1870 1198 ι
1908 1162 2031 1203 cum
2060 1149 2114 1203 in
2145 1149 2263 1205 loco
2304 1151 2408 1205 isto
2435 1150 2561 1223 (sive
2594 1153 2842 1210 habitare
2868 1171 2964 1211 vos
2990 1156 3182 1210 faciam
3222 1158 3274 1211 in
3317 1160 3434 1213 loco

1851 1256 1870 1289 ‹
1905 1239 2053 1311 isto).
2067 1259 2086 1292 ι
2107 1239 2572 1299 Clementissimus
2591 1246 2833 1300 medicus
2852 1247 2999 1302 omni
3015 1247 3324 1301 vulneratos
3347 1239 3436 1302 cu-

1843 1324 1923 1397 pit
1947 1345 2141 1386 sanare
2166 1332 2543 1389 medicamine.
2578 1334 2803 1400 Quando
2826 1348 3007 1392 autem
3029 1339 3193 1393 dicit:
3219 1359 3235 1387 ι
3258 1338 3436 1394 Bonas

1845 1419 2008 1475 facite
2060 1423 2079 1491 (
2094 1424 2197 1477 sive
2241 1425 2529 1496 corrigite)
2580 1428 2697 1482 vias
2742 1438 2970 1495 vestras,
3005 1452 3023 1483 ι
3068 1433 3302 1487 ostendit
3341 1447 3435 1487 eas

1845 1526 1967 1566 esse
1990 1526 2295 1581 perversas,
2342 1523 2396 1568 et
2425 1514 2557 1569 nihil
2597 1516 2651 1570 in
2694 1532 2752 1571 se
2795 1518 2992 1573 habere
3027 1520 3174 1573 boni.
3206 1521 3271 1573 Et
3308 1521 3437 1588 quia

1845 1604 2091 1659 naturale
2120 1614 2205 1660 est
2238 1614 2298 1660 ut
2324 1606 2699 1677 unusquisque
2739 1608 2975 1678 genitale
3013 1608 3200 1679 diligat
3229 1610 3436 1676 solum,

1845 1706 1901 1751 et
1945 1698 2081 1753 nihil
2116 1699 2327 1755 dulcius
2377 1700 2574 1755 habeat
2618 1701 2831 1770 patria,
2880 1701 3167 1771 pollicetur
3212 1701 3436 1771 praemia

1845 1788 2241 1845 obedientibns.
2274 1809 2291 1839 ι
2329 1789 2616 1855 llabitabo,
2659 1792 2853 1861 inquit,
2885 1782 3183 1855 vobiscum,
3218 1812 3236 1844 ι
3268 1800 3327 1845 ut
3355 1806 3439 1847 se-

151 1876 677 1941 tantummodo,non
696 1874 937 1944 purgari.
965 1874 1411 1936 DicatJeremias,
1440 1874 1583 1928 dicat
1608 1887 1741 1941 quo-
1768 1864 1817 1924 B
1844 1891 2004 1931 curos
2054 1878 2120 1933 de
2170 1879 2507 1934 habitatione
2546 1894 2642 1935 vos
2688 1880 2921 1934 faciam:
2962 1880 3075 1935 sive
3119 1895 3217 1935 vos
3266 1880 3445 1951 ipsos,

152 1969 318 2023 modo
334 1966 673 2022 conﬂationis
685 1975 878 2019 vestrae
898 1964 1039 2034 ignis
1051 1965 1196 2018 omni
1213 1966 1413 2018 virtute
1428 1964 1499 2018 sit
1515 1978 1735 2018 vacuus.

158 2077 176 2111 ι
218 2058 444 2113 Frustra
470 2055 721 2112 conﬂavit
762 2053 1051 2120 conﬂator,
1100 2053 1321 2109 malitiae
1365 2055 1509 2107 enim
1552 2068 1740 2107 eorum

153 2165 265 2206 non
296 2158 422 2204 sunt
451 2155 805 2218 consumptae.
842 2167 860 2199 ι
893 2147 1033 2201 Ecce
1070 2146 1210 2217 ignis
1240 2147 1478 2200 exterius
1502 2144 1742 2200 conﬂans

151 2251 210 2298 et
237 2243 388 2297 dura:
413 2241 682 2312 passionis
709 2241 959 2295 admovet
982 2251 1218 2310 poenam;
1248 2248 1302 2293 et
1329 2247 1509 2293 tamen
1544 2237 1742 2294 erroris

154 2350 265 2390 non
303 2334 556 2402 excoquit
603 2331 857 2402 culpam;
904 2339 960 2386 et
997 2338 1265 2385 tormenta
1299 2328 1599 2384 crudelium
1650 2329 1743 2383 dat

154 2440 461 2497 poenarum,
489 2433 545 2479 et
572 2432 752 2477 tamen
783 2423 1193 2477 bonorum-non
1239 2419 1369 2475 facit
1407 2420 1740 2473 incrementa

153 2520 494 2574 meritorum.
528 2515 697 2583 Hujus
726 2514 891 2570 etiam
918 2512 1259 2568 conﬂationis
1286 2512 1444 2583 ignis,
1470 2511 1563 2580 qui
1588 2518 1742 2565 extra

150 2610 480 2666 catholicam
522 2606 788 2662 toleratur
828 2604 1149 2669 Ecclesiam,
1189 2617 1350 2673 quam
1392 2601 1589 2657 nullius
1626 2616 1743 2655 om-

152 2702 286 2757 nino
308 2700 529 2755 virtutis
561 2699 651 2763 sit,
680 2698 879 2753 Paulus
918 2696 1195 2766 apostolus
1238 2695 1480 2750 insinuat
1515 2694 1739 2749 dicens:

156 2813 174 2845 ι
207 2793 267 2849 Si
318 2793 591 2848 tradidero
634 2804 829 2859 corpus
867 2805 1047 2844 meum
1078 2798 1139 2843 ut
1164 2788 1384 2851 ardeat,
1418 2787 1741 2842 charitatem

149 2894 335 2940 autem
362 2899 470 2939 non
496 2880 897 2946 habeam,nihil
919 2880 1049 2934 mihi
1081 2879 1302 2949 prodest
1328 2876 1380 2949 (Ι
1410 2875 1534 2931 Cor.
1558 2875 1735 2946 xm)»

150 2976 258 3032 Alii
288 2976 486 3045 quippe
511 2988 680 3045 prava
708 2973 773 3027 de
802 2972 913 3028 Deo
941 2970 1212 3036 sentiunt,
1244 2970 1335 3025 alii
1372 2978 1524 3023 recta
1552 2969 1619 3023 de
1644 2983 1740 3022 au-

149 3078 304 3125 ctore
332 3074 539 3131 tenent,
560 3066 654 3121 sed
674 3065 937 3119 unitatem
958 3078 1082 3118 cum
1106 3062 1367 3117 fratribus
1388 3075 1493 3115 non
1517 3059 1738 3126 tenenti:

152 3158 227 3213 illi
255 3172 443 3213 errore
465 3155 609 3220 fidei,
633 3154 721 3210 isti
749 3168 880 3210 vero
906 3152 1213 3209 schismatis
1239 3150 1639 3221 perpetratione
1662 3150 1745 3204 di-

1839 1965 1996 2035 juxta
2026 1966 2444 2039 Symmachum,
2492 1968 2647 2027 firma
2682 1970 3020 2025 habitatione
3056 1970 3313 2036 fundabo,
3344 1971 3438 2040 qui

1846 2056 1963 2111 ait:
2002 2076 2021 2109 ι
2058 2058 2125 2112 Et
2154 2058 2490 2113 confirmabo
2510 2073 2608 2113 vos
2639 2059 2693 2113 in
2717 2058 2837 2114 loco
2860 2059 2983 2114 isto.
3018 2079 3036 2111 ι

1922 2165 1940 2198 ι
1972 2147 2148 2203 Nolite
2194 2148 2468 2203 confidere
2512 2148 2566 2203 in
2602 2148 2784 2203 verbis
2827 2148 3115 2215 mendacii,
3146 2149 3389 2205 dicentes
3420 2167 3435 2206 :

1850 2258 1870 2292 ι
1904 2239 2186 2311 Templum
2213 2239 2449 2303 Domini,
2480 2238 2739 2309 templum
2767 2238 3003 2304 Domini,
3036 2240 3293 2309 templum
3333 2238 3439 2294 Do-

1850 2348 1869 2381 ‹
1903 2331 2037 2385 mini
2066 2340 2190 2386 est:
2228 2331 2487 2402 quoniam
2515 2332 2562 2387 si
2597 2330 2735 2387 bene
2771 2331 3020 2387 dixeritis
3062 2331 3195 2402 (sive
3221 2332 3437 2387 direxe-

1851 2439 1871 2472 ς
1907 2422 2048 2493 ritis)
2080 2423 2197 2478 vias
2237 2430 2486 2486 vestras,
2535 2430 2592 2477 et
2638 2422 2817 2477 studia
2847 2430 3029 2477 vestra
3061 2439 3075 2487 ;
3115 2422 3159 2476 si
3200 2421 3439 2477 feceritis

1851 2532 1869 2564 ι
1899 2514 2164 2584 judicium
2195 2514 2336 2569 inter
2373 2514 2549 2568 virum
2584 2522 2640 2569 et
2678 2514 2986 2583 proximum
3017 2513 3134 2583 ejus
3163 2532 3176 2568 :
3219 2514 3440 2569 advena:

1850 2623 1869 2656 ι
1910 2614 1963 2660 et
1986 2604 2207 2675 pupillo,
2238 2613 2293 2659 et
2332 2605 2508 2659 vidua:
2539 2621 2646 2661 non
2675 2604 2917 2661 feceritis
2947 2605 3272 2660 calumniam
3303 2606 3441 2677 (sive

1850 2713 1869 2747 ι
1907 2710 2017 2750 non
2042 2695 2421 2766 oppresseritis
2449 2696 2587 2767 eos),
2620 2711 2722 2753 nec
2750 2698 3074 2768 sanguinem
3096 2697 3439 2752 innocentem

1850 2804 1867 2837 ι
1906 2783 2201 2841 eﬂ‘uderitis
2236 2787 2289 2840 in
2319 2786 2438 2842 loco
2469 2786 2605 2852 hoc,
2636 2796 2690 2843 et
2732 2796 2856 2858 post
2904 2788 3037 2843 deos
3087 2789 3293 2844 alienos
3330 2802 3441 2844 non

1850 2896 1868 2927 ι
1908 2876 2311 2933 ambulaveritis
2359 2878 2416 2931 in
2464 2878 2669 2933 malum
2694 2879 3138 2949 vobismetipsis;
3181 2879 3441 2936 habitabo

1852 2985 1872 3018 ‹
1908 2968 2185 3024 vobiscum
2216 2969 2341 3039 (sive
2366 2970 2614 3025 habitare
2638 2986 2735 3026 vos
2764 2970 2984 3041 faciam)
3012 2971 3068 3025 in
3091 2970 3211 3027 loco
3244 2971 3440 3035 isto,in

1852 3077 1870 3110 ‹
1908 3067 2055 3114 terra
2084 3075 2243 3130 quam
2268 3059 2389 3114 dedi
2415 3059 2662 3129 patribus
2706 3060 2904 3115 vestris
2950 3075 2981 3123 a
3026 3060 3224 3115 smculo
3268 3076 3440 3130 usque

1859 3169 1869 3200 l
1908 3149 1965 3204 in
2000 3150 2305 3204 saeculum.»
2349 3149 2463 3205 Hoc
2486 3150 2629 3219 quod
2647 3149 2999 3220 Septuaginta
3023 3151 3076 3204 in
3109 3148 3267 3218 hujus
3295 3151 3442 3221 capi-

147 3252 253 3307 visi
278 3258 423 3307 sunt.
449 3218 604 3305 Unde
651 3250 779 3303 etin
808 3249 922 3317 ipsa
948 3248 1124 3317 prima
1150 3218 1305 3316 parte
1328 3218 1575 3315 Decalogi
1600 3254 1748 3298 utra-
1771 3218 1817 3281 ί)
1852 3240 1945 3294 .uli
1968 3241 2223 3295 addidere
2260 3218 2547 3311 principio,
2604 3260 2622 3292 ‹
2671 3218 2734 3295 in
2774 3218 2954 3296 verbis
3002 3241 3268 3295 mendacii
3320 3218 3441 3311 quae

151 3356 386 3412 rumque
399 3339 634 3410 partium
656 3338 827 3407 culpa
852 3337 1245 3408 reprimuntur,
1267 3350 1393 3391 cum
1416 3334 1595 3389 divina
1616 3349 1750 3389 voce

148 3432 385 3488 dicitur:
418 3450 435 3481 ι
465 3429 667 3501 Diliges
681 3427 969 3482 Dominum
994 3425 1166 3481 Deum
1188 3433 1339 3479 tuum
1361 3440 1429 3480 ex
1454 3431 1568 3479 toto
1586 3423 1751 3480 corde

155 3533 268 3587 tuo,
305 3531 362 3578 et
387 3537 454 3576 ex
491 3529 604 3575 tota
635 3519 816 3574 anima
852 3526 964 3581 tua,
991 3524 1045 3572 et
1072 3531 1139 3571 ex
1176 3525 1286 3571 tota
1316 3516 1517 3570 virtute
1553 3524 1679 3583 tua;
1722 3534 1742 3567 ι

150 3624 318 3685 atque
344 3627 469 3668 mox
496 3610 744 3667 subditur
769 3630 783 3664 :
812 3628 831 3660 ‹
861 3608 1058 3679 Diliges
1082 3607 1389 3677 proximum
1426 3615 1580 3662 tuum
1609 3606 1750 3661 sicut

153 3715 210 3763 te
232 3707 407 3777 ipsum
424 3702 615 3775 (Marc.
639 3702 761 3773 xii).
788 3722 805 3754 ι
826 3701 929 3769 Qui
951 3701 1095 3757 enim
1120 3701 1185 3756 de
1209 3700 1321 3755 Deo
1348 3714 1605 3769 perversa
1626 3714 1750 3755 sen-

156 3798 243 3864 tit,
259 3797 431 3866 liquet
450 3794 693 3867 profecto
720 3793 846 3864 quia
867 3792 1035 3847 Deum
1058 3806 1167 3847 non
1190 3790 1391 3861 diligit;
1418 3790 1510 3860 qui
1530 3803 1661 3846 vero
1682 3789 1749 3844 de

154 3890 272 3947 Deo
299 3896 446 3944 recta
468 3887 728 3952 sentiens,
750 3901 781 3939 a
806 3894 1006 3940 sanctae
1025 3884 1285 3939 Ecclesiae
1306 3884 1510 3938 unitate
1546 3882 1747 3936 divisus

153 3990 261 4045 est,
291 3988 502 4035 constat
526 3978 768 4049 profecto
787 3977 911 4046 quia
938 3975 1245 4046 proximum
1270 3988 1376 4028 non
1401 3980 1565 4037 amat,
1588 3987 1746 4041 quem

157 4071 364 4125 habere
378 4068 581 4123 socium
597 4073 831 4121 recusat.
854 4064 1109 4135 Quisquis
1129 4065 1197 4121 ab
1221 4065 1323 4118 hac
1334 4063 1541 4117 unitate
1559 4062 1747 4117 matris

157 4162 416 4220 Ecclesia:
435 4162 548 4216 sive
561 4175 656 4230 per
678 4160 929 4215 haeresim
955 4161 1021 4215 de
1040 4159 1151 4214 Deo
1170 4174 1424 4229 perversa
1446 4158 1744 4223 sentiendo,

156 4270 256 4310 seu
290 4266 475 4307 errore
501 4250 807 4313 schismatis
832 4249 1139 4319 proximum
1174 4264 1283 4303 non
1308 4246 1577 4319 diligendo
1608 4248 1745 4301 divi-

157 4347 330 4410 ditur,
355 4342 633 4398 charitatis
657 4340 813 4409 hujus
844 4341 1018 4412 gratia
1044 4341 1288 4409 privatur
1313 4340 1380 4397 de
1405 4355 1513 4411 qua
1548 4338 1745 4395 Paulus

160 4437 241 4492 ait
272 4451 287 4489 :
321 4433 384 4490 Si
418 4432 682 4487 tradidero
736 4441 843 4486 etc.
870 4430 921 4502 (1
948 4428 1072 4485 Cor.
1100 4429 1248 4501 xui).

767 4541 994 4599 CAPUT
1031 4540 1142 4595 VII.

164 4657 681 4727 Nonconﬁdendum
718 4656 774 4709 in
805 4653 1135 4727 tenip‘lo,__s_ed
1182 4655 1239 4727 in
1284 4653 1441 4727 bonis
1466 4653 1739 4727 operibus;

231 4746 338 4783 non
367 4721 623 4781 orandum
661 4743 752 4794 pro
790 4721 977 4793 populo
1014 4721 1143 4777 illo:
1181 4724 1244 4778 de
1272 4724 1629 4793 reprobatione
1656 4740 1743 4777 sa-

234 4799 578 4866 criﬁciorum.

239 4910 259 4943 ε
295 4889 530 4945 Verbum
556 4889 697 4957 quod
720 4889 920 4941 factum
942 4896 1025 4942 est
1052 4886 1120 4941 ad
1150 4884 1438 4940 Jeremiam
1458 4900 1488 4941 a
1515 4885 1745 4941 Domino

161 5005 180 5037 ι
223 4983 447 5037 dicens:
488 4979 583 5034 Sta
629 4980 682 5033 in
722 4988 876 5047 porta
919 4979 1111 5033 domus
1150 4976 1395 5043 Domini,
1426 4987 1479 5033 et
1514 4980 1746 5047 prredica

162 5096 180 5126 ι
217 5071 323 5135 (vel
348 5068 484 5141 lege)
514 5069 588 5123 ibi
614 5068 836 5123 verbum
863 5068 1003 5123 istud
1037 5077 1089 5121 et
1128 5068 1249 5122 dic:
1291 5067 1482 5123 Audite
1520 5069 1744 5123 verbum

163 5186 185 5221 ι
218 5162 471 5227 Domini,
521 5162 697 5215 omnis
736 5160 904 5226 Juda,
939 5161 1029 5231 qui
1058 5161 1400 5231 ingredimini
1430 5176 1527 5230 per
1563 5170 1745 5230 portas

164 5274 185 5307 ι
225 5252 690 5319 bas,'utadoretis
713 5252 1021 5305 Dominum.
1058 5271 1076 5303 ι
1112 5249 1380 5322 (Ηὶενοη.)
1410 5250 1521 5305 Hoc
1549 5252 1599 5304 in
1626 5252 1743 5305 edi-

158 5348 313 5403 tione
352 5343 701 5414 Septuaginta
728 5358 833 5397 non
862 5342 1113 5409 habetur,
1149 5344 1243 5399 sed
1282 5343 1347 5397 de
1380 5343 1744 5398 Theodotione

158 5450 229 5490 ex
260 5433 528 5489 Hebraico
548 5432 784 5486 additum
808 5440 908 5487 est.
936 5432 1232 5501 lmperatur
1266 5441 1445 5488 autem
1470 5434 1745 5503 propheta:

162 5536 224 5595 ut
269 5533 373 5580 stet
414 5524 469 5578 in
512 5533 668 5593 porta
716 5522 957 5586 Domini,
989 5537 1085 5591 per
1112 5538 1272 5592 quam
1303 5523 1369 5577 ad
1414 5522 1744 5577 adorandum

162 5617 449 5671 Dominum
483 5614 785 5685 ingreditur
815 5612 996 5683 populi
1035 5611 1351 5675 multitudo,
1381 5620 1439 5665 ut
1476 5627 1573 5682 per
1605 5613 1743 5667 hanc

161 5705 503 5759 occasionem
548 5704 753 5773 possint
791 5703 978 5757 audire
1020 5716 1139 5771 qua:
1181 5702 1438 5755 Dominus
1479 5702 1739 5770 praecipit.

166 5799 271 5853 Per
310 5779 453 5867 quod
501 5794 850 5866 intelligimus
895 5794 1147 5849 duritiam
1188 5793 1367 5863 populi
1396 5792 1740 5862 Judaeorum,

1768 4568 1820 4629 D

1847 3333 2003 3388 vobis
2032 3332 2253 3387 omnino
2284 3347 2390 3386 non
2416 3332 2713 3402 proderunt
2743 3350 2761 3383 ι
2782 3372 2797 3399 ,
2831 3332 2885 3386 in
2916 3331 3182 3387 Hebraico
3208 3347 3317 3386 non
3344 3332 3443 3387 ha-

1847 3424 2024 3479 betur.
2058 3424 2311 3493 Praecipit
2338 3432 2520 3479 autem
2549 3433 2605 3479 et
2638 3431 2767 3479 tunc
2796 3424 2994 3494 populo
3018 3423 3353 3491 Iudaeorum,
3384 3434 3443 3480 et

1847 3515 2008 3569 hodie
2035 3515 2212 3580 nobis,
2242 3515 2337 3585 qui
2362 3515 2610 3570 videmur
2648 3516 2704 3569 in
2730 3512 2974 3589 Ecclesia
3006 3515 3326 3579 constituti,
3368 3529 3438 3571 ne

1847 3606 2099 3661 ﬁduciam
2129 3606 2427 3661 habeamus
2452 3606 2506 3660 in
2532 3604 2881 3661 mdificiorum
2922 3606 3241 3677 splendore,
3274 3620 3439 3659 aura-

1849 3697 2025 3767 tisque
2053 3696 2420 3766 laquearibus,
2448 3705 2503 3751 et
2533 3697 2748 3752 vestitis
2778 3697 3076 3766 parietibus
3105 3710 3441 3751 marmorum

1846 3787 2064 3842 crustis.
2097 3786 2165 3841 Et
2194 3786 2471 3842 dicamus:
2501 3787 2757 3858 templum
2787 3788 3024 3851 Domini,
3051 3786 3311 3855 templum
3338 3787 3443 3842 Do-

1847 3880 2002 3946 mini,
2037 3880 2297 3950 templum
2320 3880 2536 3935 Domini
2569 3888 2670 3935 est.
2712 3879 2847 3934 illud
2875 3879 3023 3933 enim
3048 3877 3309 3947 templum
3331 3876 3441 3933 Do-

1846 3972 1981 4026 mini
2012 3979 2115 4033 est,
2162 3971 2215 4025 in
2262 3986 2371 4041 quo
2410 3970 2624 4026 habitat
2649 3985 2780 4025 vera
2812 3970 2965 4035 fides,
2996 3979 3182 4024 sancta
3213 3984 3443 4024 conver-

1847 4064 2005 4130 satio,
2036 4064 2390 4135 omniuinque
2415 4065 2681 4119 virtutum
2710 4065 2933 4120 chorus.
2969 4063 3210 4133 Denique
3232 4062 3438 4119 infert:

1848 4159 1906 4215 Si
1947 4168 2125 4215 rectas
2170 4159 2410 4215 feceritis
2444 4159 2563 4214 vias
2602 4169 2845 4225 vestras,
2886 4167 2944 4213 et
2972 4159 3227 4228 cogitatio
3255 4167 3437 4214 vestra

1848 4269 1955 4308 non
1980 4252 2175 4307 abierit
2204 4261 2327 4321 post
2351 4266 2615 4315 errorem,
2640 4260 2695 4305 et
2721 4251 2889 4306 secuti
2917 4248 3130 4304 fueritis
3148 4247 3437 4317 justitiam,

1845 4351 1901 4397 et
1922 4343 2122 4396 malum
2145 4357 2253 4397 non
2274 4340 2584 4405 eﬂ‘eceritis,
2599 4355 2778 4411 neque
2798 4339 3099 4396 eﬂ‘uderitis
3122 4340 3441 4411 sanguinem

1846 4436 2209 4497 innocentem,
2241 4432 2513 4502 simplices
2536 4447 2751 4501 quoque
2775 4446 2883 4486 non
2912 4430 3439 4495 scandalizantes,et

1846 4535 1966 4595 post
1996 4527 2125 4581 deos
2166 4523 2371 4579 alienos
2396 4539 2505 4579 non
2532 4522 2962 4586 ambulaveritis,
3006 4536 3263 4591 perversa
3310 4520 3442 4576 ado-

1848 4626 2034 4672 rantes
2062 4617 2339 4687 dogmata,
2366 4630 2487 4685 quae
2524 4614 2592 4669 de
2633 4622 2819 4669 vestro
2859 4612 3025 4668 corde
3048 4612 3348 4667 simulastis
3382 4612 3441 4669 in

1846 4707 2046 4761 malum
2096 4704 2538 4775 vobismetipsis:
2595 4703 2679 4757 vel
2729 4702 2989 4757 habitabo
3046 4702 3332 4758 vobiscum
3385 4702 3440 4759 in

1847 4796 1963 4851 loco
1993 4796 2118 4860 isto,
2134 4809 2290 4864 quem
2307 4793 2513 4848 vocatis
2538 4792 2794 4863 templum
2817 4792 2933 4857 Dei,
2951 4800 3005 4846 et
3028 4792 3081 4846 in
3107 4800 3249 4847 terra
3272 4806 3437 4861 quam

1847 4887 1968 4941 dedi
1996 4886 2241 4955 patribus
2269 4883 2490 4946 vestris,
2526 4881 2788 4953 apostolis
2818 4881 3072 4937 videlicet
3097 4889 3153 4937 et
3177 4881 3407 4952 apostoli

1849 4981 1927 5035 cis
1956 4979 2125 5033 viris:
2160 4977 2244 5032 vel
2274 4985 2424 5031 certe
2468 4974 2622 5029 firma
2662 4974 2897 5029 statione
2943 4973 3192 5029 habitare
3229 4989 3326 5029 vos
3358 4972 3439 5027 fa-

1853 5073 1991 5127 ciam
2023 5088 2053 5125 a
2079 5072 2347 5141 principio
2373 5085 2548 5139 usque
2576 5070 2643 5122 ad
2694 5068 2876 5122 finem.
2905 5067 3091 5122 Potest
3120 5069 3222 5122 hoc
3251 5077 3307 5122 et
3332 5067 3438 5122 illis

1850 5163 2151 5231 virginibus
2178 5161 2488 5224 convenire,
2519 5175 2641 5229 qua:
2664 5159 2878 5227 jactant
2901 5160 3236 5229 pudicitiam,
3264 5170 3319 5213 et
3345 5160 3441 5213 im-

1851 5253 2069 5323 pudenti
2104 5252 2253 5307 vultu
2280 5250 2579 5320 praeferunt
2607 5250 2940 5311 castitatem,
2991 5264 3113 5303 cum
3157 5247 3301 5303 aliud
3338 5248 3439 5302 ha-

1850 5346 1975 5400 beat
2029 5345 2401 5400 conscientia:
2454 5351 2509 5399 et
2562 5343 2813 5399 nesciunt
2864 5342 3010 5396 illam
3064 5341 3439 5398 diﬂinitionem

1849 5434 2090 5504 Apostoli
2122 5435 2473 5505 virginalem,
2519 5452 2537 5485 ι
2575 5443 2633 5489 ut
2659 5435 2730 5489 sit
2759 5443 2948 5490 sancta
2974 5450 3199 5505 corpore
3238 5443 3293 5489 et
3322 5434 3437 5504 spi-

1850 5526 1955 5579 ritu
1986 5524 2037 5596 (1
2062 5523 2182 5579 Cor.
2213 5525 2273 5595 ι).
2300 5544 2318 5576 ι
2338 5524 2477 5591 Quid
2501 5524 2645 5579 enim
2668 5526 2888 5594 prodest
2914 5523 3157 5593 corporis
3178 5522 3440 5592 pudicitia

1850 5617 2029 5670 animo
2060 5625 2429 5685 constuprato,
2463 5615 2507 5669 si
2533 5623 2761 5672 caeteras
2791 5616 3019 5670 virtutes
3044 5630 3180 5685 quas
3207 5613 3441 5684 prophe-

1850 5708 1989 5761 ticus
2014 5720 2193 5761 sermo
2225 5706 2533 5775 descripsit,
2561 5722 2666 5760 non
2693 5705 2978 5760 habuerit?

1926 5816 1943 5848 ι
1977 5796 2115 5853 Ecce
2143 5812 2238 5853 vos
2264 5796 2534 5855 confiditis
2558 5798 2711 5853 vobis
2740 5797 2793 5852 in
2828 5797 3168 5853 sermonibus
3210 5792 3441 5851 menda-
