  <div class='ocr_page' id='page_1' title='image "/cluster/home/n/w/nwhite01/storage/ocr_20150623/111/uva.x000827067/437.png"; bbox 0 0 3910 6338; ppageno 0'>
   <div class='ocr_carea' id='block_1_1' title="bbox 510 369 615 429">
    <p class='ocr_par' dir='ltr' id='par_1_1' title="bbox 510 369 615 429">
     <span class='ocr_line' id='line_1_1' title="bbox 510 369 615 429; baseline -0.029 0"><span class='ocrx_word' id='word_1_1' title='bbox 510 369 615 429; x_wconf 83' lang='lat'><strong>859</strong></span> 
     </span>
    </p>
   </div>
   <div class='ocr_carea' id='block_1_2' title="bbox 1155 357 3145 435">
    <p class='ocr_par' dir='ltr' id='par_1_2' title="bbox 1155 357 3145 435">
     <span class='ocr_line' id='line_1_2' title="bbox 1155 357 3145 435; baseline 0.002 -5"><span class='ocrx_word' id='word_1_2' title='bbox 1155 366 1511 434; x_wconf 63' lang='lat' dir='ltr'><strong>mmmam</strong></span> <span class='ocrx_word' id='word_1_3' title='bbox 1547 367 1767 434; x_wconf 69' lang='lat' dir='ltr'><strong>manu!</strong></span> <span class='ocrx_word' id='word_1_4' title='bbox 1806 372 2127 431; x_wconf 75' lang='lat' dir='ltr'><strong>A-BCHIEP.</strong></span> <span class='ocrx_word' id='word_1_5' title='bbox 2158 373 2475 433; x_wconf 74' lang='lat' dir='ltr'><strong>uocum.</strong></span> <span class='ocrx_word' id='word_1_6' title='bbox 2516 357 2805 435; x_wconf 71' lang='lat' dir='ltr'><strong>ornavit</strong></span> <span class='ocrx_word' id='word_1_7' title='bbox 2842 374 3024 433; x_wconf 67' lang='lat' dir='ltr'><strong>rans</strong></span> <span class='ocrx_word' id='word_1_8' title='bbox 3056 376 3145 433; x_wconf 92' lang='grc' dir='ltr'>ιιι.</span> 
     </span>
    </p>
   </div>
   <div class='ocr_carea' id='block_1_3' title="bbox 3688 382 3786 443">
    <p class='ocr_par' dir='ltr' id='par_1_3' title="bbox 3688 382 3786 443">
     <span class='ocr_line' id='line_1_3' title="bbox 3688 382 3786 443; baseline 0 -2"><span class='ocrx_word' id='word_1_9' title='bbox 3688 382 3786 443; x_wconf 76' lang='lat'><strong>860</strong></span> 
     </span>
    </p>
   </div>
   <div class='ocr_carea' id='block_1_4' title="bbox 517 482 3789 561">
    <p class='ocr_par' dir='ltr' id='par_1_4' title="bbox 517 482 3789 561">
     <span class='ocr_line' id='line_1_4' title="bbox 517 482 3789 561; baseline 0.002 -20"><span class='ocrx_word' id='word_1_10' title='bbox 517 498 539 533; x_wconf 74' lang='grc' dir='ltr'><strong>ι</strong></span> <span class='ocrx_word' id='word_1_11' title='bbox 573 483 643 541; x_wconf 91' lang='lat' dir='ltr'><strong>cii</strong></span> <span class='ocrx_word' id='word_1_12' title='bbox 670 482 781 556; x_wconf 79' lang='lat' dir='ltr'><strong>(vel</strong></span> <span class='ocrx_word' id='word_1_13' title='bbox 817 484 1239 561; x_wconf 76' lang='lat' dir='ltr'><strong>mendacibus),</strong></span> <span class='ocrx_word' id='word_1_14' title='bbox 1271 502 1393 559; x_wconf 71' lang='lat' dir='ltr'><strong>quae</strong></span> <span class='ocrx_word' id='word_1_15' title='bbox 1435 501 1541 559; x_wconf 77' lang='lat' dir='ltr'><strong>non</strong></span> <span class='ocrx_word' id='word_1_16' title='bbox 1573 488 1870 557; x_wconf 82' lang='lat' dir='ltr'><strong>proderunt</strong></span> <span class='ocrx_word' id='word_1_17' title='bbox 1897 487 2090 543; x_wconf 84' lang='lat' dir='ltr'><strong>vobis:</strong></span> <span class='ocrx_word' id='word_1_18' title='bbox 2121 486 2177 559; x_wconf 71' lang='grc' dir='ltr'><strong>Α</strong></span> <span class='ocrx_word' id='word_1_19' title='bbox 2204 504 2223 538; x_wconf 85' lang='grc'><strong><em>‹</em></strong></span> <span class='ocrx_word' id='word_1_20' title='bbox 2256 493 2311 541; x_wconf 88' lang='lat' dir='ltr'><strong>et</strong></span> <span class='ocrx_word' id='word_1_21' title='bbox 2343 485 2461 546; x_wconf 88' lang='lat' dir='ltr'><strong>loco</strong></span> <span class='ocrx_word' id='word_1_22' title='bbox 2491 499 2651 555; x_wconf 74' lang='lat' dir='ltr'><strong>quem</strong></span> <span class='ocrx_word' id='word_1_23' title='bbox 2683 486 2805 542; x_wconf 88' lang='lat' dir='ltr'><strong>dedi</strong></span> <span class='ocrx_word' id='word_1_24' title='bbox 2835 487 2988 543; x_wconf 83' lang='lat' dir='ltr'><strong>vobis</strong></span> <span class='ocrx_word' id='word_1_25' title='bbox 3020 494 3076 541; x_wconf 91' lang='lat' dir='ltr'><strong>et</strong></span> <span class='ocrx_word' id='word_1_26' title='bbox 3111 487 3355 557; x_wconf 74' lang='lat' dir='ltr'><strong>patribus</strong></span> <span class='ocrx_word' id='word_1_27' title='bbox 3383 489 3617 556; x_wconf 77' lang='lat' dir='ltr'><strong>vestris,</strong></span> <span class='ocrx_word' id='word_1_28' title='bbox 3655 490 3789 547; x_wconf 85' lang='lat' dir='ltr'><strong>sicut</strong></span> 
     </span>
    </p>
   </div>
   <div class='ocr_carea' id='block_1_5' title="bbox 518 575 2095 651">
    <p class='ocr_par' dir='ltr' id='par_1_5' title="bbox 518 575 2095 651">
     <span class='ocr_line' id='line_1_5' title="bbox 518 575 2095 651; baseline 0.003 -23"><span class='ocrx_word' id='word_1_29' title='bbox 518 593 539 628; x_wconf 73' lang='grc' dir='ltr'><strong>ι</strong></span> <span class='ocrx_word' id='word_1_30' title='bbox 568 575 769 645; x_wconf 76' lang='lat' dir='ltr'><strong>furari,</strong></span> <span class='ocrx_word' id='word_1_31' title='bbox 807 578 1093 651; x_wconf 80' lang='lat' dir='ltr'><strong>occidere,</strong></span> <span class='ocrx_word' id='word_1_32' title='bbox 1125 579 1452 648; x_wconf 89' lang='lat' dir='ltr'><strong>adulterari,</strong></span> <span class='ocrx_word' id='word_1_33' title='bbox 1489 579 1678 651; x_wconf 89' lang='lat' dir='ltr'><strong>iurare</strong></span> <span class='ocrx_word' id='word_1_34' title='bbox 1731 578 2095 649; x_wconf 86' lang='lat' dir='ltr'><strong>mendaciter,</strong></span> 
     </span>
    </p>
   </div>
   <div class='ocr_carea' id='block_1_6' title="bbox 517 667 2099 743">
    <p class='ocr_par' dir='ltr' id='par_1_6' title="bbox 517 667 2099 743">
     <span class='ocr_line' id='line_1_6' title="bbox 517 667 2099 743; baseline 0.002 -21"><span class='ocrx_word' id='word_1_35' title='bbox 517 684 538 722; x_wconf 78' lang='grc' dir='ltr'><strong>ι</strong></span> <span class='ocrx_word' id='word_1_36' title='bbox 574 667 746 725; x_wconf 88' lang='lat' dir='ltr'><strong>libare</strong></span> <span class='ocrx_word' id='word_1_37' title='bbox 786 668 1016 735; x_wconf 85' lang='lat' dir='ltr'><strong>Baalim,</strong></span> <span class='ocrx_word' id='word_1_38' title='bbox 1040 679 1095 727; x_wconf 91' lang='lat' dir='ltr'><strong>et</strong></span> <span class='ocrx_word' id='word_1_39' title='bbox 1126 669 1212 726; x_wconf 86' lang='lat' dir='ltr'><strong>ire</strong></span> <span class='ocrx_word' id='word_1_40' title='bbox 1242 678 1365 741; x_wconf 90' lang='lat' dir='ltr'><strong>post</strong></span> <span class='ocrx_word' id='word_1_41' title='bbox 1386 670 1515 726; x_wconf 87' lang='lat' dir='ltr'><strong>deos</strong></span> <span class='ocrx_word' id='word_1_42' title='bbox 1536 670 1763 737; x_wconf 89' lang='lat' dir='ltr'><strong>alienos,</strong></span> <span class='ocrx_word' id='word_1_43' title='bbox 1785 685 1922 743; x_wconf 90' lang='lat' dir='ltr'><strong>quos</strong></span> <span class='ocrx_word' id='word_1_44' title='bbox 1942 669 2099 742; x_wconf 89' lang='lat' dir='ltr'><strong>igno-</strong></span> 
     </span>
    </p>
   </div>
   <div class='ocr_carea' id='block_1_7' title="bbox 516 758 2099 829">
    <p class='ocr_par' dir='ltr' id='par_1_7' title="bbox 516 758 2099 829">
     <span class='ocr_line' id='line_1_7' title="bbox 516 758 2099 829; baseline 0.002 -15"><span class='ocrx_word' id='word_1_45' title='bbox 516 780 537 814; x_wconf 75' lang='grc' dir='ltr'><strong>ι</strong></span> <span class='ocrx_word' id='word_1_46' title='bbox 575 762 728 818; x_wconf 85' lang='lat' dir='ltr'><strong>ratis.</strong></span> <span class='ocrx_word' id='word_1_47' title='bbox 774 763 843 818; x_wconf 85' lang='lat' dir='ltr'><strong>Et</strong></span> <span class='ocrx_word' id='word_1_48' title='bbox 888 763 1136 829; x_wconf 74' lang='lat' dir='ltr'><strong>venistis,</strong></span> <span class='ocrx_word' id='word_1_49' title='bbox 1169 771 1225 817; x_wconf 85' lang='lat' dir='ltr'><strong>et</strong></span> <span class='ocrx_word' id='word_1_50' title='bbox 1255 763 1486 819; x_wconf 75' lang='lat' dir='ltr'><strong>stetistis</strong></span> <span class='ocrx_word' id='word_1_51' title='bbox 1515 778 1700 818; x_wconf 89' lang='lat' dir='ltr'><strong>coram</strong></span> <span class='ocrx_word' id='word_1_52' title='bbox 1740 780 1829 821; x_wconf 90' lang='lat' dir='ltr'><strong>me</strong></span> <span class='ocrx_word' id='word_1_53' title='bbox 1854 758 2099 827; x_wconf 82' lang='lat' dir='ltr'><strong>in-domo</strong></span> 
     </span>
    </p>
   </div>
   <div class='ocr_carea' id='block_1_8' title="bbox 516 839 2101 925">
    <p class='ocr_par' dir='ltr' id='par_1_8' title="bbox 516 839 2101 925">
     <span class='ocr_line' id='line_1_8' title="bbox 516 839 2101 925; baseline 0.002 -17"><span class='ocrx_word' id='word_1_54' title='bbox 516 869 536 906; x_wconf 82' lang='lat' dir='ltr'><strong>t</strong></span> <span class='ocrx_word' id='word_1_55' title='bbox 572 853 698 919; x_wconf 86' lang='lat' dir='ltr'><strong>hac,</strong></span> <span class='ocrx_word' id='word_1_56' title='bbox 738 855 790 909; x_wconf 93' lang='lat' dir='ltr'><strong>in</strong></span> <span class='ocrx_word' id='word_1_57' title='bbox 826 871 938 925; x_wconf 84' lang='lat' dir='ltr'><strong>qua</strong></span> <span class='ocrx_word' id='word_1_58' title='bbox 966 856 1272 916; x_wconf 79' lang='lat' dir='ltr'><strong>invocatum</strong></span> <span class='ocrx_word' id='word_1_59' title='bbox 1302 839 1386 912; x_wconf 86' lang='lat' dir='ltr'><strong>est</strong></span> <span class='ocrx_word' id='word_1_60' title='bbox 1421 872 1617 911; x_wconf 88' lang='lat' dir='ltr'><strong>nomen</strong></span> <span class='ocrx_word' id='word_1_61' title='bbox 1635 844 1845 924; x_wconf 77' lang='lat' dir='ltr'><strong>meum,</strong></span> <span class='ocrx_word' id='word_1_62' title='bbox 1872 865 1927 912; x_wconf 92' lang='lat' dir='ltr'><strong>et</strong></span> <span class='ocrx_word' id='word_1_63' title='bbox 1955 857 2101 912; x_wconf 84' lang='lat' dir='ltr'><strong>dixi-</strong></span> 
     </span>
    </p>
   </div>
   <div class='ocr_carea' id='block_1_9' title="bbox 519 944 2102 1024">
    <p class='ocr_par' dir='ltr' id='par_1_9' title="bbox 519 944 2102 1024">
     <span class='ocr_line' id='line_1_9' title="bbox 519 944 2102 1024; baseline 0.003 -25"><span class='ocrx_word' id='word_1_64' title='bbox 519 965 540 999; x_wconf 80' lang='lat'><strong>¢</strong></span> <span class='ocrx_word' id='word_1_65' title='bbox 577 947 709 1002; x_wconf 89' lang='lat' dir='ltr'><strong>stis:</strong></span> <span class='ocrx_word' id='word_1_66' title='bbox 733 944 980 1002; x_wconf 76' lang='lat' dir='ltr'><strong>Liberali</strong></span> <span class='ocrx_word' id='word_1_67' title='bbox 1010 963 1197 1004; x_wconf 91' lang='lat' dir='ltr'><strong>sumus</strong></span> <span class='ocrx_word' id='word_1_68' title='bbox 1227 948 1354 1020; x_wconf 78' lang='lat' dir='ltr'><strong>(sive</strong></span> <span class='ocrx_word' id='word_1_69' title='bbox 1384 949 1724 1024; x_wconf 77' lang='lat' dir='ltr'><strong>desivimus),</strong></span> <span class='ocrx_word' id='word_1_70' title='bbox 1753 965 1820 1007; x_wconf 86' lang='lat' dir='ltr'><strong>eo</strong></span> <span class='ocrx_word' id='word_1_71' title='bbox 1851 948 1995 1019; x_wconf 86' lang='lat' dir='ltr'><strong>quod</strong></span> <span class='ocrx_word' id='word_1_72' title='bbox 2025 948 2102 1004; x_wconf 90' lang='lat' dir='ltr'><strong>fe-</strong></span> 
     </span>
    </p>
   </div>
   <div class='ocr_carea' id='block_1_10' title="bbox 515 1037 2107 1097">
    <p class='ocr_par' dir='ltr' id='par_1_10' title="bbox 515 1037 2107 1097">
     <span class='ocr_line' id='line_1_10' title="bbox 515 1037 2107 1097; baseline 0.004 -7"><span class='ocrx_word' id='word_1_73' title='bbox 515 1055 534 1090; x_wconf 75' lang='grc' dir='ltr'><strong>ι</strong></span> <span class='ocrx_word' id='word_1_74' title='bbox 569 1037 805 1093; x_wconf 90' lang='lat' dir='ltr'><strong>cerimus</strong></span> <span class='ocrx_word' id='word_1_75' title='bbox 826 1042 1021 1097; x_wconf 82' lang='lat' dir='ltr'><strong>nmnes</strong></span> <span class='ocrx_word' id='word_1_76' title='bbox 1052 1038 1485 1094; x_wconf 84' lang='lat' dir='ltr'><strong>abominationes</strong></span> <span class='ocrx_word' id='word_1_77' title='bbox 1513 1040 1665 1095; x_wconf 91' lang='lat' dir='ltr'><strong>istas.</strong></span> <span class='ocrx_word' id='word_1_78' title='bbox 1702 1060 1721 1092; x_wconf 74' lang='grc' dir='ltr'><strong>ι</strong></span> <span class='ocrx_word' id='word_1_79' title='bbox 1753 1038 1978 1095; x_wconf 78' lang='lat' dir='ltr'><strong>Frustra</strong></span> <span class='ocrx_word' id='word_1_80' title='bbox 2005 1054 2107 1096; x_wconf 84' lang='lat' dir='ltr'><strong>eos</strong></span> 
     </span>
    </p>
   </div>
   <div class='ocr_carea' id='block_1_11' title="bbox 509 1129 2102 1203">
    <p class='ocr_par' dir='ltr' id='par_1_11' title="bbox 509 1129 2102 1203">
     <span class='ocr_line' id='line_1_11' title="bbox 509 1129 2102 1203; baseline 0 -17"><span class='ocrx_word' id='word_1_81' title='bbox 509 1130 566 1186; x_wconf 89' lang='lat' dir='ltr'><strong>in</strong></span> <span class='ocrx_word' id='word_1_82' title='bbox 590 1130 792 1201; x_wconf 90' lang='lat' dir='ltr'><strong>templo</strong></span> <span class='ocrx_word' id='word_1_83' title='bbox 840 1130 1044 1187; x_wconf 90' lang='lat' dir='ltr'><strong>habere</strong></span> <span class='ocrx_word' id='word_1_84' title='bbox 1086 1129 1347 1189; x_wconf 82' lang='lat' dir='ltr'><strong>ﬁduciam</strong></span> <span class='ocrx_word' id='word_1_85' title='bbox 1368 1171 1383 1196; x_wconf 91' lang='lat'><strong>,</strong></span> <span class='ocrx_word' id='word_1_86' title='bbox 1437 1132 1717 1203; x_wconf 87' lang='lat' dir='ltr'><strong>sequentia</strong></span> <span class='ocrx_word' id='word_1_87' title='bbox 1751 1139 1976 1202; x_wconf 90' lang='lat' dir='ltr'><strong>peccata</strong></span> <span class='ocrx_word' id='word_1_88' title='bbox 2008 1131 2102 1186; x_wconf 86' lang='lat' dir='ltr'><strong>de-</strong></span> 
     </span>
    </p>
   </div>
   <div class='ocr_carea' id='block_1_12' title="bbox 509 1220 2100 1293">
    <p class='ocr_par' dir='ltr' id='par_1_12' title="bbox 509 1220 2100 1293">
     <span class='ocr_line' id='line_1_12' title="bbox 509 1220 2100 1293; baseline -0.001 -15"><span class='ocrx_word' id='word_1_89' title='bbox 509 1230 838 1278; x_wconf 81' lang='lat' dir='ltr'><strong>monstrant.</strong></span> <span class='ocrx_word' id='word_1_90' title='bbox 871 1220 1013 1290; x_wconf 84' lang='lat' dir='ltr'><strong>Quid</strong></span> <span class='ocrx_word' id='word_1_91' title='bbox 1061 1223 1205 1278; x_wconf 91' lang='lat' dir='ltr'><strong>enim</strong></span> <span class='ocrx_word' id='word_1_92' title='bbox 1236 1224 1456 1293; x_wconf 89' lang='lat' dir='ltr'><strong>prodest</strong></span> <span class='ocrx_word' id='word_1_93' title='bbox 1491 1223 1748 1280; x_wconf 81' lang='lat' dir='ltr'><strong>audacter</strong></span> <span class='ocrx_word' id='word_1_94' title='bbox 1787 1222 1999 1293; x_wconf 78' lang='lat' dir='ltr'><strong>ingredi</strong></span> <span class='ocrx_word' id='word_1_95' title='bbox 2038 1223 2100 1277; x_wconf 89' lang='lat' dir='ltr'><strong>li-</strong></span> 
     </span>
    </p>
   </div>
   <div class='ocr_carea' id='block_1_13' title="bbox 517 1314 2098 1382">
    <p class='ocr_par' dir='ltr' id='par_1_13' title="bbox 517 1314 2098 1382">
     <span class='ocr_line' id='line_1_13' title="bbox 517 1314 2098 1382; baseline -0.003 -10"><span class='ocrx_word' id='word_1_96' title='bbox 517 1332 641 1372; x_wconf 92' lang='lat' dir='ltr'><strong>men</strong></span> <span class='ocrx_word' id='word_1_97' title='bbox 666 1316 857 1371; x_wconf 90' lang='lat' dir='ltr'><strong>domus</strong></span> <span class='ocrx_word' id='word_1_98' title='bbox 886 1316 1003 1374; x_wconf 89' lang='lat' dir='ltr'><strong>Dei.</strong></span> <span class='ocrx_word' id='word_1_99' title='bbox 1034 1328 1219 1375; x_wconf 87' lang='lat' dir='ltr'><strong>erecta</strong></span> <span class='ocrx_word' id='word_1_100' title='bbox 1247 1317 1460 1372; x_wconf 86' lang='lat' dir='ltr'><strong>cervice</strong></span> <span class='ocrx_word' id='word_1_101' title='bbox 1486 1324 1655 1382; x_wconf 90' lang='lat' dir='ltr'><strong>stare,</strong></span> <span class='ocrx_word' id='word_1_102' title='bbox 1700 1324 1756 1371; x_wconf 91' lang='lat' dir='ltr'><strong>et</strong></span> <span class='ocrx_word' id='word_1_103' title='bbox 1792 1331 1900 1370; x_wconf 91' lang='lat' dir='ltr'><strong>non</strong></span> <span class='ocrx_word' id='word_1_104' title='bbox 1927 1314 2098 1371; x_wconf 83' lang='lat' dir='ltr'><strong>solum</strong></span> 
     </span>
    </p>
   </div>
   <div class='ocr_carea' id='block_1_14' title="bbox 511 1393 2095 1481">
    <p class='ocr_par' dir='ltr' id='par_1_14' title="bbox 511 1393 2095 1481">
     <span class='ocr_line' id='line_1_14' title="bbox 511 1393 2095 1481; baseline -0.004 -14"><span class='ocrx_word' id='word_1_105' title='bbox 511 1425 626 1475; x_wconf 90' lang='lat' dir='ltr'><strong>cor,</strong></span> <span class='ocrx_word' id='word_1_106' title='bbox 662 1411 755 1466; x_wconf 87' lang='lat' dir='ltr'><strong>sed</strong></span> <span class='ocrx_word' id='word_1_107' title='bbox 778 1418 1052 1466; x_wconf 74' lang='lat' dir='ltr'><strong>etmanus</strong></span> <span class='ocrx_word' id='word_1_108' title='bbox 1076 1410 1280 1466; x_wconf 89' lang='lat' dir='ltr'><strong>habere</strong></span> <span class='ocrx_word' id='word_1_109' title='bbox 1301 1393 1568 1481; x_wconf 85' lang='lat' dir='ltr'><strong>pollutas:</strong></span> <span class='ocrx_word' id='word_1_110' title='bbox 1598 1407 1764 1474; x_wconf 89' lang='lat' dir='ltr'><strong>furto,</strong></span> <span class='ocrx_word' id='word_1_111' title='bbox 1782 1407 2095 1473; x_wconf 87' lang='lat' dir='ltr'><strong>homicidio,</strong></span> 
     </span>
    </p>
   </div>
   <div class='ocr_carea' id='block_1_15' title="bbox 510 1490 2099 1572">
    <p class='ocr_par' dir='ltr' id='par_1_15' title="bbox 510 1490 2099 1572">
     <span class='ocr_line' id='line_1_15' title="bbox 510 1490 2099 1572; baseline -0.002 -18"><span class='ocrx_word' id='word_1_112' title='bbox 510 1490 799 1571; x_wconf 87' lang='lat' dir='ltr'><strong>adulterio,</strong></span> <span class='ocrx_word' id='word_1_113' title='bbox 829 1501 1093 1571; x_wconf 90' lang='lat' dir='ltr'><strong>periurio,</strong></span> <span class='ocrx_word' id='word_1_114' title='bbox 1122 1501 1439 1572; x_wconf 86' lang='lat' dir='ltr'><strong>sacrilegio,</strong></span> <span class='ocrx_word' id='word_1_115' title='bbox 1485 1502 1536 1554; x_wconf 85' lang='lat' dir='ltr'><strong>et</strong></span> <span class='ocrx_word' id='word_1_116' title='bbox 1574 1499 1720 1555; x_wconf 89' lang='lat' dir='ltr'><strong>cultu</strong></span> <span class='ocrx_word' id='word_1_117' title='bbox 1748 1513 1936 1554; x_wconf 89' lang='lat' dir='ltr'><strong>eorum</strong></span> <span class='ocrx_word' id='word_1_118' title='bbox 1971 1497 2099 1552; x_wconf 90' lang='lat' dir='ltr'><strong>deo-</strong></span> 
     </span>
    </p>
   </div>
   <div class='ocr_carea' id='block_1_16' title="bbox 509 1590 2099 1669">
    <p class='ocr_par' dir='ltr' id='par_1_16' title="bbox 509 1590 2099 1669">
     <span class='ocr_line' id='line_1_16' title="bbox 509 1590 2099 1669; baseline -0.003 -20"><span class='ocrx_word' id='word_1_119' title='bbox 509 1610 823 1665; x_wconf 56' lang='lat' dir='ltr'><strong>rum,.quos</strong></span> <span class='ocrx_word' id='word_1_120' title='bbox 848 1595 1093 1650; x_wconf 83' lang='lat' dir='ltr'><strong>nescias?</strong></span> <span class='ocrx_word' id='word_1_121' title='bbox 1124 1595 1249 1650; x_wconf 69' lang='lat' dir='ltr'><strong>Haec</strong></span> <span class='ocrx_word' id='word_1_122' title='bbox 1296 1593 1613 1664; x_wconf 84' lang='lat' dir='ltr'><strong>spiritaliter</strong></span> <span class='ocrx_word' id='word_1_123' title='bbox 1645 1592 1892 1669; x_wconf 78' lang='lat' dir='ltr'><strong>accidere</strong></span> <span class='ocrx_word' id='word_1_124' title='bbox 1915 1591 1967 1645; x_wconf 92' lang='lat' dir='ltr'><strong>in</strong></span> <span class='ocrx_word' id='word_1_125' title='bbox 1997 1590 2099 1646; x_wconf 89' lang='lat' dir='ltr'><strong>Ec-</strong></span> 
     </span>
    </p>
   </div>
   <div class='ocr_carea' id='block_1_17' title="bbox 508 1679 2097 1758">
    <p class='ocr_par' dir='ltr' id='par_1_17' title="bbox 508 1679 2097 1758">
     <span class='ocr_line' id='line_1_17' title="bbox 508 1679 2097 1758; baseline -0.004 -18"><span class='ocrx_word' id='word_1_126' title='bbox 508 1684 675 1740; x_wconf 85' lang='lat' dir='ltr'><strong>clesia</strong></span> <span class='ocrx_word' id='word_1_127' title='bbox 728 1699 888 1738; x_wconf 90' lang='lat' dir='ltr'><strong>nemo</strong></span> <span class='ocrx_word' id='word_1_128' title='bbox 940 1684 1186 1739; x_wconf 89' lang='lat' dir='ltr'><strong>dubitat:</strong></span> <span class='ocrx_word' id='word_1_129' title='bbox 1236 1684 1452 1753; x_wconf 88' lang='lat' dir='ltr'><strong>quando</strong></span> <span class='ocrx_word' id='word_1_130' title='bbox 1503 1680 1787 1758; x_wconf 63' lang='lat' dir='ltr'><strong>praesentis</strong></span> <span class='ocrx_word' id='word_1_131' title='bbox 1838 1679 2097 1750; x_wconf 90' lang='lat' dir='ltr'><strong>temporis</strong></span> 
     </span>
    </p>
   </div>
   <div class='ocr_carea' id='block_1_18' title="bbox 509 1760 2090 1843">
    <p class='ocr_par' dir='ltr' id='par_1_18' title="bbox 509 1760 2090 1843">
     <span class='ocr_line' id='line_1_18' title="bbox 509 1760 2090 1843; baseline -0.004 -12"><span class='ocrx_word' id='word_1_132' title='bbox 509 1773 919 1831; x_wconf 78' lang='lat' dir='ltr'><strong>considerantes</strong></span> <span class='ocrx_word' id='word_1_133' title='bbox 944 1774 1283 1840; x_wconf 78' lang='lat' dir='ltr'><strong>felicitatem,</strong></span> <span class='ocrx_word' id='word_1_134' title='bbox 1318 1789 1414 1829; x_wconf 91' lang='lat' dir='ltr'><strong>sua</strong></span> <span class='ocrx_word' id='word_1_135' title='bbox 1433 1781 1657 1843; x_wconf 89' lang='lat' dir='ltr'><strong>peccata</strong></span> <span class='ocrx_word' id='word_1_136' title='bbox 1681 1786 1788 1827; x_wconf 94' lang='lat' dir='ltr'><strong>non</strong></span> <span class='ocrx_word' id='word_1_137' title='bbox 1817 1760 2090 1842; x_wconf 84' lang='lat' dir='ltr'><strong>reputant,</strong></span> 
     </span>
    </p>
   </div>
   <div class='ocr_carea' id='block_1_19' title="bbox 508 1862 2096 1935">
    <p class='ocr_par' dir='ltr' id='par_1_19' title="bbox 508 1862 2096 1935">
     <span class='ocr_line' id='line_1_19' title="bbox 508 1862 2096 1935; baseline -0.003 -13"><span class='ocrx_word' id='word_1_138' title='bbox 508 1874 564 1922; x_wconf 86' lang='lat' dir='ltr'><strong>et</strong></span> <span class='ocrx_word' id='word_1_139' title='bbox 592 1866 760 1921; x_wconf 84' lang='lat' dir='ltr'><strong>latere</strong></span> <span class='ocrx_word' id='word_1_140' title='bbox 781 1866 1119 1921; x_wconf 85' lang='lat' dir='ltr'><strong>arbitrantur</strong></span> <span class='ocrx_word' id='word_1_141' title='bbox 1145 1864 1479 1935; x_wconf 90' lang='lat' dir='ltr'><strong>Deum,quia</strong></span> <span class='ocrx_word' id='word_1_142' title='bbox 1511 1879 1618 1919; x_wconf 93' lang='lat' dir='ltr'><strong>non</strong></span> <span class='ocrx_word' id='word_1_143' title='bbox 1646 1862 1829 1919; x_wconf 86' lang='lat' dir='ltr'><strong>statim</strong></span> <span class='ocrx_word' id='word_1_144' title='bbox 1859 1862 2096 1918; x_wconf 87' lang='lat' dir='ltr'><strong>vindicta</strong></span> 
     </span>
    </p>
   </div>
   <div class='ocr_carea' id='block_1_20' title="bbox 510 1956 2100 2032">
    <p class='ocr_par' dir='ltr' id='par_1_20' title="bbox 510 1956 2100 2032">
     <span class='ocr_line' id='line_1_20' title="bbox 510 1956 2100 2032; baseline -0.004 -17"><span class='ocrx_word' id='word_1_145' title='bbox 510 1958 899 2028; x_wconf 83' lang='lat' dir='ltr'><strong>consequitur:</strong></span> <span class='ocrx_word' id='word_1_146' title='bbox 952 1958 1086 2032; x_wconf 79' lang='lat' dir='ltr'><strong>quin</strong></span> <span class='ocrx_word' id='word_1_147' title='bbox 1136 1956 1319 2027; x_wconf 88' lang='lat' dir='ltr'><strong>potius</strong></span> <span class='ocrx_word' id='word_1_148' title='bbox 1369 1959 1422 2011; x_wconf 93' lang='lat' dir='ltr'><strong>in</strong></span> <span class='ocrx_word' id='word_1_149' title='bbox 1472 1964 1682 2011; x_wconf 84' lang='lat' dir='ltr'><strong>tantam</strong></span> <span class='ocrx_word' id='word_1_150' title='bbox 1738 1962 2100 2027; x_wconf 89' lang='lat' dir='ltr'><strong>prorumpunt</strong></span> 
     </span>
    </p>
   </div>
   <div class='ocr_carea' id='block_1_21' title="bbox 508 2045 2101 2117">
    <p class='ocr_par' dir='ltr' id='par_1_21' title="bbox 508 2045 2101 2117">
     <span class='ocr_line' id='line_1_21' title="bbox 508 2045 2101 2117; baseline -0.004 -12"><span class='ocrx_word' id='word_1_151' title='bbox 508 2048 824 2111; x_wconf 85' lang='lat' dir='ltr'><strong>amentiam,</strong></span> <span class='ocrx_word' id='word_1_152' title='bbox 863 2056 922 2101; x_wconf 91' lang='lat' dir='ltr'><strong>ut</strong></span> <span class='ocrx_word' id='word_1_153' title='bbox 958 2047 1217 2103; x_wconf 91' lang='lat' dir='ltr'><strong>liberatos</strong></span> <span class='ocrx_word' id='word_1_154' title='bbox 1254 2062 1314 2102; x_wconf 90' lang='lat' dir='ltr'><strong>se</strong></span> <span class='ocrx_word' id='word_1_155' title='bbox 1341 2054 1560 2117; x_wconf 90' lang='lat' dir='ltr'><strong>putant,</strong></span> <span class='ocrx_word' id='word_1_156' title='bbox 1609 2047 1734 2116; x_wconf 89' lang='lat' dir='ltr'><strong>quia</strong></span> <span class='ocrx_word' id='word_1_157' title='bbox 1772 2055 1906 2117; x_wconf 6' lang='lat' dir='ltr'><strong>(post</strong></span> <span class='ocrx_word' id='word_1_158' title='bbox 1955 2045 2101 2109; x_wconf 77' lang='lat' dir='ltr'><strong>mala</strong></span> 
     </span>
    </p>
   </div>
   <div class='ocr_carea' id='block_1_22' title="bbox 505 2138 1738 2213">
    <p class='ocr_par' dir='ltr' id='par_1_22' title="bbox 505 2138 1738 2213">
     <span class='ocr_line' id='line_1_22' title="bbox 505 2138 1738 2213; baseline -0.003 -16"><span class='ocrx_word' id='word_1_159' title='bbox 505 2155 672 2213; x_wconf 85' lang='lat' dir='ltr'><strong>opera</strong></span> <span class='ocrx_word' id='word_1_160' title='bbox 703 2141 864 2195; x_wconf 87' lang='lat' dir='ltr'><strong>etiam</strong></span> <span class='ocrx_word' id='word_1_161' title='bbox 893 2154 923 2194; x_wconf 89' lang='lat' dir='ltr'><strong>a</strong></span> <span class='ocrx_word' id='word_1_162' title='bbox 951 2138 1096 2194; x_wconf 88' lang='lat' dir='ltr'><strong>cultu</strong></span> <span class='ocrx_word' id='word_1_163' title='bbox 1130 2139 1345 2209; x_wconf 81' lang='lat' dir='ltr'><strong>Domini</strong></span> <span class='ocrx_word' id='word_1_164' title='bbox 1374 2144 1738 2195; x_wconf 90' lang='lat' dir='ltr'><strong>recesserunt.</strong></span> 
     </span>
    </p>
   </div>
   <div class='ocr_carea' id='block_1_23' title="bbox 576 2224 2101 2303">
    <p class='ocr_par' dir='ltr' id='par_1_23' title="bbox 576 2224 2101 2303">
     <span class='ocr_line' id='line_1_23' title="bbox 576 2224 2101 2303; baseline 0.001 -20"><span class='ocrx_word' id='word_1_165' title='bbox 576 2249 602 2283; x_wconf 79' lang='grc' dir='ltr'><strong>ι</strong></span> <span class='ocrx_word' id='word_1_166' title='bbox 628 2230 879 2301; x_wconf 87' lang='lat' dir='ltr'><strong>Nunquid</strong></span> <span class='ocrx_word' id='word_1_167' title='bbox 910 2245 1039 2303; x_wconf 89' lang='lat' dir='ltr'><strong>ergo</strong></span> <span class='ocrx_word' id='word_1_168' title='bbox 1061 2231 1314 2300; x_wconf 83' lang='lat' dir='ltr'><strong>spelunca</strong></span> <span class='ocrx_word' id='word_1_169' title='bbox 1341 2224 1612 2286; x_wconf 77' lang='lat' dir='ltr'><strong>latronum</strong></span> <span class='ocrx_word' id='word_1_170' title='bbox 1635 2228 1778 2285; x_wconf 88' lang='lat' dir='ltr'><strong>facta</strong></span> <span class='ocrx_word' id='word_1_171' title='bbox 1804 2236 1889 2285; x_wconf 91' lang='lat' dir='ltr'><strong>est</strong></span> <span class='ocrx_word' id='word_1_172' title='bbox 1911 2228 2101 2285; x_wconf 87' lang='lat' dir='ltr'><strong>domus</strong></span> 
     </span>
    </p>
   </div>
   <div class='ocr_carea' id='block_1_24' title="bbox 511 2324 2101 2396">
    <p class='ocr_par' dir='ltr' id='par_1_24' title="bbox 511 2324 2101 2396">
     <span class='ocr_line' id='line_1_24' title="bbox 511 2324 2101 2396; baseline -0.001 -18"><span class='ocrx_word' id='word_1_173' title='bbox 511 2344 531 2378; x_wconf 78' lang='grc' dir='ltr'><strong>ι</strong></span> <span class='ocrx_word' id='word_1_174' title='bbox 562 2324 666 2381; x_wconf 86' lang='lat' dir='ltr'><strong>ista</strong></span> <span class='ocrx_word' id='word_1_175' title='bbox 695 2324 821 2395; x_wconf 83' lang='lat' dir='ltr'><strong>(sive</strong></span> <span class='ocrx_word' id='word_1_176' title='bbox 847 2324 1016 2394; x_wconf 90' lang='lat' dir='ltr'><strong>mea),</strong></span> <span class='ocrx_word' id='word_1_177' title='bbox 1036 2324 1089 2378; x_wconf 90' lang='lat' dir='ltr'><strong>in</strong></span> <span class='ocrx_word' id='word_1_178' title='bbox 1114 2340 1217 2393; x_wconf 83' lang='lat' dir='ltr'><strong>qua</strong></span> <span class='ocrx_word' id='word_1_179' title='bbox 1246 2324 1553 2380; x_wconf 87' lang='lat' dir='ltr'><strong>invocatum</strong></span> <span class='ocrx_word' id='word_1_180' title='bbox 1584 2332 1666 2379; x_wconf 92' lang='lat' dir='ltr'><strong>est</strong></span> <span class='ocrx_word' id='word_1_181' title='bbox 1694 2338 1890 2383; x_wconf 87' lang='lat' dir='ltr'><strong>nomen</strong></span> <span class='ocrx_word' id='word_1_182' title='bbox 1914 2338 2101 2396; x_wconf 86' lang='lat' dir='ltr'><strong>meum</strong></span> 
     </span>
    </p>
   </div>
   <div class='ocr_carea' id='block_1_25' title="bbox 512 2411 2103 2489">
    <p class='ocr_par' dir='ltr' id='par_1_25' title="bbox 512 2411 2103 2489">
     <span class='ocr_line' id='line_1_25' title="bbox 512 2411 2103 2489; baseline -0.003 -20"><span class='ocrx_word' id='word_1_183' title='bbox 512 2434 530 2468; x_wconf 73' lang='grc' dir='ltr'><strong><em>ο</em></strong></span> <span class='ocrx_word' id='word_1_184' title='bbox 565 2414 618 2469; x_wconf 92' lang='lat' dir='ltr'><strong>in</strong></span> <span class='ocrx_word' id='word_1_185' title='bbox 663 2413 836 2469; x_wconf 88' lang='lat' dir='ltr'><strong>oculis</strong></span> <span class='ocrx_word' id='word_1_186' title='bbox 884 2413 1103 2469; x_wconf 88' lang='lat' dir='ltr'><strong>vestris.</strong></span> <span class='ocrx_word' id='word_1_187' title='bbox 1164 2413 1295 2484; x_wconf 84' lang='lat' dir='ltr'><strong>Ego,</strong></span> <span class='ocrx_word' id='word_1_188' title='bbox 1355 2428 1453 2484; x_wconf 87' lang='lat' dir='ltr'><strong>ego</strong></span> <span class='ocrx_word' id='word_1_189' title='bbox 1501 2428 1644 2478; x_wconf 89' lang='lat' dir='ltr'><strong>sum,</strong></span> <span class='ocrx_word' id='word_1_190' title='bbox 1685 2427 1785 2483; x_wconf 90' lang='lat' dir='ltr'><strong>ego</strong></span> <span class='ocrx_word' id='word_1_191' title='bbox 1808 2411 1939 2489; x_wconf 85' lang='lat' dir='ltr'><strong>vidi,</strong></span> <span class='ocrx_word' id='word_1_192' title='bbox 1971 2411 2103 2467; x_wconf 86' lang='lat' dir='ltr'><strong>dicit</strong></span> 
     </span>
    </p>
   </div>
   <div class='ocr_carea' id='block_1_26' title="bbox 514 2502 2098 2573">
    <p class='ocr_par' dir='ltr' id='par_1_26' title="bbox 514 2502 2098 2573">
     <span class='ocr_line' id='line_1_26' title="bbox 514 2502 2098 2573; baseline -0.001 -15"><span class='ocrx_word' id='word_1_193' title='bbox 514 2525 532 2558; x_wconf 80' lang='grc' dir='ltr'><strong>ι</strong></span> <span class='ocrx_word' id='word_1_194' title='bbox 565 2505 848 2562; x_wconf 88' lang='lat' dir='ltr'><strong>Dominus.</strong></span> <span class='ocrx_word' id='word_1_195' title='bbox 884 2523 904 2557; x_wconf 73' lang='grc' dir='ltr'><strong>ι</strong></span> <span class='ocrx_word' id='word_1_196' title='bbox 966 2505 1041 2561; x_wconf 92' lang='lat' dir='ltr'><strong>De</strong></span> <span class='ocrx_word' id='word_1_197' title='bbox 1083 2504 1188 2559; x_wconf 88' lang='lat' dir='ltr'><strong>hoc</strong></span> <span class='ocrx_word' id='word_1_198' title='bbox 1234 2504 1355 2558; x_wconf 92' lang='lat' dir='ltr'><strong>loco</strong></span> <span class='ocrx_word' id='word_1_199' title='bbox 1403 2503 1532 2570; x_wconf 70' lang='lat' dir='ltr'><strong>illud</strong></span> <span class='ocrx_word' id='word_1_200' title='bbox 1579 2504 1633 2558; x_wconf 92' lang='lat' dir='ltr'><strong>in</strong></span> <span class='ocrx_word' id='word_1_201' title='bbox 1676 2502 1970 2573; x_wconf 88' lang='lat' dir='ltr'><strong>Evangelio</strong></span> <span class='ocrx_word' id='word_1_202' title='bbox 2009 2517 2098 2557; x_wconf 85' lang='lat' dir='ltr'><strong>as-</strong></span> 
     </span>
    </p>
   </div>
   <div class='ocr_carea' id='block_1_27' title="bbox 508 2586 2101 2669">
    <p class='ocr_par' dir='ltr' id='par_1_27' title="bbox 508 2586 2101 2669">
     <span class='ocr_line' id='line_1_27' title="bbox 508 2586 2101 2669; baseline -0.001 -18"><span class='ocrx_word' id='word_1_203' title='bbox 508 2604 782 2665; x_wconf 90' lang='lat' dir='ltr'><strong>sumptum</strong></span> <span class='ocrx_word' id='word_1_204' title='bbox 811 2602 962 2665; x_wconf 88' lang='lat' dir='ltr'><strong>puto,</strong></span> <span class='ocrx_word' id='word_1_205' title='bbox 987 2595 1076 2669; x_wconf 84' lang='lat' dir='ltr'><strong>pbi</strong></span> <span class='ocrx_word' id='word_1_206' title='bbox 1110 2596 1183 2648; x_wconf 91' lang='lat' dir='ltr'><strong>ita</strong></span> <span class='ocrx_word' id='word_1_207' title='bbox 1214 2595 1474 2665; x_wconf 90' lang='lat' dir='ltr'><strong>scriptum</strong></span> <span class='ocrx_word' id='word_1_208' title='bbox 1500 2602 1583 2650; x_wconf 87' lang='lat' dir='ltr'><strong>est</strong></span> <span class='ocrx_word' id='word_1_209' title='bbox 1606 2586 1633 2650; x_wconf 61' lang='grc' dir='ltr'><strong>ι</strong></span> <span class='ocrx_word' id='word_1_210' title='bbox 1656 2614 1673 2645; x_wconf 78' lang='grc' dir='ltr'><strong>ι</strong></span> <span class='ocrx_word' id='word_1_211' title='bbox 1706 2595 1906 2649; x_wconf 87' lang='lat' dir='ltr'><strong>Domus</strong></span> <span class='ocrx_word' id='word_1_212' title='bbox 1933 2594 2101 2664; x_wconf 74' lang='lat' dir='ltr'><strong>patris</strong></span> 
     </span>
    </p>
   </div>
   <div class='ocr_carea' id='block_1_28' title="bbox 506 2678 2100 2752">
    <p class='ocr_par' dir='ltr' id='par_1_28' title="bbox 506 2678 2100 2752">
     <span class='ocr_line' id='line_1_28' title="bbox 506 2678 2100 2752; baseline -0.001 -11"><span class='ocrx_word' id='word_1_213' title='bbox 506 2687 611 2742; x_wconf 86' lang='lat' dir='ltr'><strong>mei</strong></span> <span class='ocrx_word' id='word_1_214' title='bbox 633 2727 648 2750; x_wconf 91' lang='lat'><strong>,</strong></span> <span class='ocrx_word' id='word_1_215' title='bbox 691 2678 883 2740; x_wconf 86' lang='lat' dir='ltr'><strong>domus</strong></span> <span class='ocrx_word' id='word_1_216' title='bbox 914 2685 1180 2740; x_wconf 86' lang='lat' dir='ltr'><strong>orationis</strong></span> <span class='ocrx_word' id='word_1_217' title='bbox 1205 2686 1510 2751; x_wconf 81' lang='lat' dir='ltr'><strong>vocabitur,</strong></span> <span class='ocrx_word' id='word_1_218' title='bbox 1547 2700 1643 2740; x_wconf 90' lang='lat' dir='ltr'><strong>vos</strong></span> <span class='ocrx_word' id='word_1_219' title='bbox 1676 2693 1866 2752; x_wconf 24' lang='lat' dir='ltr'><strong>autem.</strong></span> <span class='ocrx_word' id='word_1_220' title='bbox 1897 2684 2100 2739; x_wconf 79' lang='lat' dir='ltr'><strong>fecistis</strong></span> 
     </span>
    </p>
   </div>
   <div class='ocr_carea' id='block_1_29' title="bbox 507 2776 2099 2849">
    <p class='ocr_par' dir='ltr' id='par_1_29' title="bbox 507 2776 2099 2849">
     <span class='ocr_line' id='line_1_29' title="bbox 507 2776 2099 2849; baseline 0 -17"><span class='ocrx_word' id='word_1_221' title='bbox 507 2793 625 2832; x_wconf 89' lang='lat' dir='ltr'><strong>eam</strong></span> <span class='ocrx_word' id='word_1_222' title='bbox 655 2778 967 2848; x_wconf 86' lang='lat' dir='ltr'><strong>speluncam</strong></span> <span class='ocrx_word' id='word_1_223' title='bbox 1004 2777 1276 2832; x_wconf 85' lang='lat' dir='ltr'><strong>latronum</strong></span> <span class='ocrx_word' id='word_1_224' title='bbox 1307 2776 1521 2849; x_wconf 75' lang='lat' dir='ltr'><strong>(Matth.</strong></span> <span class='ocrx_word' id='word_1_225' title='bbox 1552 2777 1704 2846; x_wconf 78' lang='lat' dir='ltr'><strong>xxr);</strong></span> <span class='ocrx_word' id='word_1_226' title='bbox 1738 2799 1756 2830; x_wconf 74' lang='grc' dir='ltr'><strong>ι</strong></span> <span class='ocrx_word' id='word_1_227' title='bbox 1795 2777 1927 2841; x_wconf 87' lang='lat' dir='ltr'><strong>sive,</strong></span> <span class='ocrx_word' id='word_1_228' title='bbox 1960 2778 2099 2832; x_wconf 89' lang='lat' dir='ltr'><strong>utin</strong></span> 
     </span>
    </p>
   </div>
   <div class='ocr_carea' id='block_1_30' title="bbox 504 2867 2099 2940">
    <p class='ocr_par' dir='ltr' id='par_1_30' title="bbox 504 2867 2099 2940">
     <span class='ocr_line' id='line_1_30' title="bbox 504 2867 2099 2940; baseline -0.001 -15"><span class='ocrx_word' id='word_1_229' title='bbox 504 2869 612 2925; x_wconf 89' lang='lat' dir='ltr'><strong>alio</strong></span> <span class='ocrx_word' id='word_1_230' title='bbox 644 2867 936 2940; x_wconf 87' lang='lat' dir='ltr'><strong>Evangelio</strong></span> <span class='ocrx_word' id='word_1_231' title='bbox 965 2868 1238 2938; x_wconf 81' lang='lat' dir='ltr'><strong>scriptum</strong></span> <span class='ocrx_word' id='word_1_232' title='bbox 1256 2877 1374 2922; x_wconf 88' lang='lat' dir='ltr'><strong>est:</strong></span> <span class='ocrx_word' id='word_1_233' title='bbox 1408 2888 1425 2919; x_wconf 85' lang='grc'><strong>‹</strong></span> <span class='ocrx_word' id='word_1_234' title='bbox 1458 2868 1687 2922; x_wconf 91' lang='lat' dir='ltr'><strong>Domum</strong></span> <span class='ocrx_word' id='word_1_235' title='bbox 1718 2869 2099 2940; x_wconf 84' lang='lat' dir='ltr'><strong>negotiationis</strong></span> 
     </span>
    </p>
   </div>
   <div class='ocr_carea' id='block_1_31' title="bbox 509 2960 2101 3033">
    <p class='ocr_par' dir='ltr' id='par_1_31' title="bbox 509 2960 2101 3033">
     <span class='ocr_line' id='line_1_31' title="bbox 509 2960 2101 3033; baseline -0.001 -17"><span class='ocrx_word' id='word_1_236' title='bbox 509 2961 692 3032; x_wconf 82' lang='lat' dir='ltr'><strong>(Joan.</strong></span> <span class='ocrx_word' id='word_1_237' title='bbox 718 2961 801 3033; x_wconf 91' lang='grc' dir='ltr'>ιι).</span> <span class='ocrx_word' id='word_1_238' title='bbox 827 2980 844 3012; x_wconf 81' lang='grc' dir='ltr'><strong>ι</strong></span> <span class='ocrx_word' id='word_1_239' title='bbox 884 2960 1127 3016; x_wconf 86' lang='lat' dir='ltr'><strong>Ecclesia</strong></span> <span class='ocrx_word' id='word_1_240' title='bbox 1147 2960 1244 3015; x_wconf 85' lang='lat' dir='ltr'><strong>Dei</strong></span> <span class='ocrx_word' id='word_1_241' title='bbox 1266 2960 1495 3015; x_wconf 76' lang='lat' dir='ltr'><strong>vertitur</strong></span> <span class='ocrx_word' id='word_1_242' title='bbox 1520 2960 1575 3014; x_wconf 93' lang='lat' dir='ltr'><strong>in</strong></span> <span class='ocrx_word' id='word_1_243' title='bbox 1601 2960 1913 3031; x_wconf 86' lang='lat' dir='ltr'><strong>speluncam</strong></span> <span class='ocrx_word' id='word_1_244' title='bbox 1938 2960 2101 3015; x_wconf 83' lang='lat' dir='ltr'><strong>latro-</strong></span> 
     </span>
    </p>
   </div>
   <div class='ocr_carea' id='block_1_32' title="bbox 507 3050 2096 3121">
    <p class='ocr_par' dir='ltr' id='par_1_32' title="bbox 507 3050 2096 3121">
     <span class='ocr_line' id='line_1_32' title="bbox 507 3050 2096 3121; baseline -0.003 -12"><span class='ocrx_word' id='word_1_245' title='bbox 507 3068 659 3117; x_wconf 88' lang='lat' dir='ltr'><strong>num,</strong></span> <span class='ocrx_word' id='word_1_246' title='bbox 691 3052 908 3121; x_wconf 89' lang='lat' dir='ltr'><strong>quando</strong></span> <span class='ocrx_word' id='word_1_247' title='bbox 940 3050 1113 3116; x_wconf 89' lang='lat' dir='ltr'><strong>furta,</strong></span> <span class='ocrx_word' id='word_1_248' title='bbox 1145 3050 1439 3106; x_wconf 90' lang='lat' dir='ltr'><strong>homicidia</strong></span> <span class='ocrx_word' id='word_1_249' title='bbox 1459 3091 1473 3115; x_wconf 91' lang='lat'><strong>,</strong></span> <span class='ocrx_word' id='word_1_250' title='bbox 1507 3051 1803 3115; x_wconf 86' lang='lat' dir='ltr'><strong>adulteria,</strong></span> <span class='ocrx_word' id='word_1_251' title='bbox 1838 3051 2096 3121; x_wconf 88' lang='lat' dir='ltr'><strong>periuria,</strong></span> 
     </span>
    </p>
   </div>
   <div class='ocr_carea' id='block_1_33' title="bbox 509 3144 2097 3216">
    <p class='ocr_par' dir='ltr' id='par_1_33' title="bbox 509 3144 2097 3216">
     <span class='ocr_line' id='line_1_33' title="bbox 509 3144 2097 3216; baseline -0.002 -15"><span class='ocrx_word' id='word_1_252' title='bbox 509 3144 886 3216; x_wconf 79' lang='lat' dir='ltr'><strong>sacrilegium,</strong></span> <span class='ocrx_word' id='word_1_253' title='bbox 932 3145 1205 3201; x_wconf 66' lang='lat' dir='ltr'><strong>haereseos</strong></span> <span class='ocrx_word' id='word_1_254' title='bbox 1252 3144 1593 3210; x_wconf 87' lang='lat' dir='ltr'><strong>adinventio,</strong></span> <span class='ocrx_word' id='word_1_255' title='bbox 1637 3151 1692 3199; x_wconf 91' lang='lat' dir='ltr'><strong>et</strong></span> <span class='ocrx_word' id='word_1_256' title='bbox 1727 3144 1906 3199; x_wconf 91' lang='lat' dir='ltr'><strong>omnia</strong></span> <span class='ocrx_word' id='word_1_257' title='bbox 1943 3144 1997 3198; x_wconf 93' lang='lat' dir='ltr'><strong>in</strong></span> <span class='ocrx_word' id='word_1_258' title='bbox 2030 3158 2097 3199; x_wconf 89' lang='lat' dir='ltr'><strong>ea</strong></span> 
     </span>
    </p>
   </div>
   <div class='ocr_carea' id='block_1_34' title="bbox 509 3228 2099 3307">
    <p class='ocr_par' dir='ltr' id='par_1_34' title="bbox 509 3228 2099 3307">
     <span class='ocr_line' id='line_1_34' title="bbox 509 3228 2099 3307; baseline -0.003 -12"><span class='ocrx_word' id='word_1_259' title='bbox 509 3236 713 3295; x_wconf 87' lang='lat' dir='ltr'><strong>scelera</strong></span> <span class='ocrx_word' id='word_1_260' title='bbox 743 3245 1049 3303; x_wconf 88' lang='lat' dir='ltr'><strong>versantur,</strong></span> <span class='ocrx_word' id='word_1_261' title='bbox 1077 3228 1295 3307; x_wconf 85' lang='lat' dir='ltr'><strong>quando</strong></span> <span class='ocrx_word' id='word_1_262' title='bbox 1320 3236 1562 3292; x_wconf 68' lang='lat' dir='ltr'><strong>avaritia:</strong></span> <span class='ocrx_word' id='word_1_263' title='bbox 1590 3234 1801 3291; x_wconf 86' lang='lat' dir='ltr'><strong>facibus</strong></span> <span class='ocrx_word' id='word_1_264' title='bbox 1826 3234 2099 3305; x_wconf 85' lang='lat' dir='ltr'><strong>principes</strong></span> 
     </span>
    </p>
   </div>
   <div class='ocr_carea' id='block_1_35' title="bbox 512 3328 2099 3400">
    <p class='ocr_par' dir='ltr' id='par_1_35' title="bbox 512 3328 2099 3400">
     <span class='ocr_line' id='line_1_35' title="bbox 512 3328 2099 3400; baseline -0.001 -15"><span class='ocrx_word' id='word_1_265' title='bbox 512 3330 855 3386; x_wconf 82' lang='lat' dir='ltr'><strong>inardescunt</strong></span> <span class='ocrx_word' id='word_1_266' title='bbox 881 3348 894 3383; x_wconf 88' lang='lat'><strong>:</strong></span> <span class='ocrx_word' id='word_1_267' title='bbox 928 3338 984 3385; x_wconf 90' lang='lat' dir='ltr'><strong>et</strong></span> <span class='ocrx_word' id='word_1_268' title='bbox 1009 3334 1194 3400; x_wconf 76' lang='lat' dir='ltr'><strong>regUm</strong></span> <span class='ocrx_word' id='word_1_269' title='bbox 1223 3329 1498 3400; x_wconf 91' lang='lat' dir='ltr'><strong>quondam</strong></span> <span class='ocrx_word' id='word_1_270' title='bbox 1525 3344 1679 3398; x_wconf 88' lang='lat' dir='ltr'><strong>opes,</strong></span> <span class='ocrx_word' id='word_1_271' title='bbox 1700 3328 1806 3383; x_wconf 88' lang='lat' dir='ltr'><strong>vile</strong></span> <span class='ocrx_word' id='word_1_272' title='bbox 1832 3337 1926 3382; x_wconf 89' lang='lat' dir='ltr'><strong>aut</strong></span> <span class='ocrx_word' id='word_1_273' title='bbox 1953 3336 2099 3383; x_wconf 91' lang='lat' dir='ltr'><strong>certe</strong></span> 
     </span>
    </p>
   </div>
   <div class='ocr_carea' id='block_1_36' title="bbox 511 3418 2094 3492">
    <p class='ocr_par' dir='ltr' id='par_1_36' title="bbox 511 3418 2094 3492">
     <span class='ocr_line' id='line_1_36' title="bbox 511 3418 2094 3492; baseline -0.001 -16"><span class='ocrx_word' id='word_1_274' title='bbox 511 3436 616 3476; x_wconf 91' lang='lat' dir='ltr'><strong>non</strong></span> <span class='ocrx_word' id='word_1_275' title='bbox 661 3421 764 3476; x_wconf 92' lang='lat' dir='ltr'><strong>vile</strong></span> <span class='ocrx_word' id='word_1_276' title='bbox 806 3420 1081 3492; x_wconf 79' lang='lat' dir='ltr'><strong>palliolum</strong></span> <span class='ocrx_word' id='word_1_277' title='bbox 1122 3422 1385 3491; x_wconf 86' lang='lat' dir='ltr'><strong>possidet.</strong></span> <span class='ocrx_word' id='word_1_278' title='bbox 1442 3420 1595 3476; x_wconf 90' lang='lat' dir='ltr'><strong>Unde</strong></span> <span class='ocrx_word' id='word_1_279' title='bbox 1639 3418 1803 3475; x_wconf 88' lang='lat' dir='ltr'><strong>infert</strong></span> <span class='ocrx_word' id='word_1_280' title='bbox 1844 3438 1858 3474; x_wconf 86' lang='lat'><strong>:</strong></span> <span class='ocrx_word' id='word_1_281' title='bbox 1902 3438 1920 3470; x_wconf 75' lang='grc' dir='ltr'><strong>ι</strong></span> <span class='ocrx_word' id='word_1_282' title='bbox 1950 3420 2094 3491; x_wconf 85' lang='lat' dir='ltr'><strong>Ego,</strong></span> 
     </span>
    </p>
   </div>
   <div class='ocr_carea' id='block_1_37' title="bbox 511 3508 2099 3582">
    <p class='ocr_par' dir='ltr' id='par_1_37' title="bbox 511 3508 2099 3582">
     <span class='ocr_line' id='line_1_37' title="bbox 511 3508 2099 3582; baseline -0.002 -17"><span class='ocrx_word' id='word_1_283' title='bbox 511 3525 610 3582; x_wconf 91' lang='lat' dir='ltr'><strong>ego</strong></span> <span class='ocrx_word' id='word_1_284' title='bbox 641 3526 783 3574; x_wconf 85' lang='lat' dir='ltr'><strong>sum,</strong></span> <span class='ocrx_word' id='word_1_285' title='bbox 816 3526 916 3580; x_wconf 86' lang='lat' dir='ltr'><strong>ego</strong></span> <span class='ocrx_word' id='word_1_286' title='bbox 944 3510 1086 3576; x_wconf 89' lang='lat' dir='ltr'><strong>vidi,</strong></span> <span class='ocrx_word' id='word_1_287' title='bbox 1120 3509 1251 3566; x_wconf 86' lang='lat' dir='ltr'><strong>dicit</strong></span> <span class='ocrx_word' id='word_1_288' title='bbox 1280 3510 1574 3574; x_wconf 88' lang='lat' dir='ltr'><strong>Dominus;</strong></span> <span class='ocrx_word' id='word_1_289' title='bbox 1604 3528 1622 3561; x_wconf 81' lang='grc' dir='ltr'><strong>ι</strong></span> <span class='ocrx_word' id='word_1_290' title='bbox 1663 3509 1769 3565; x_wconf 90' lang='lat' dir='ltr'><strong>mei</strong></span> <span class='ocrx_word' id='word_1_291' title='bbox 1799 3508 1942 3564; x_wconf 90' lang='lat' dir='ltr'><strong>oculi</strong></span> <span class='ocrx_word' id='word_1_292' title='bbox 1970 3524 2099 3565; x_wconf 85' lang='lat' dir='ltr'><strong>con-</strong></span> 
     </span>
    </p>
   </div>
   <div class='ocr_carea' id='block_1_38' title="bbox 513 3596 2099 3673">
    <p class='ocr_par' dir='ltr' id='par_1_38' title="bbox 513 3596 2099 3673">
     <span class='ocr_line' id='line_1_38' title="bbox 513 3596 2099 3673; baseline 0.001 -18"><span class='ocrx_word' id='word_1_293' title='bbox 513 3601 753 3671; x_wconf 79' lang='lat' dir='ltr'><strong>templati</strong></span> <span class='ocrx_word' id='word_1_294' title='bbox 788 3609 941 3665; x_wconf 70' lang='lat' dir='ltr'><strong>sunt,</strong></span> <span class='ocrx_word' id='word_1_295' title='bbox 981 3602 1125 3673; x_wconf 89' lang='lat' dir='ltr'><strong>quod</strong></span> <span class='ocrx_word' id='word_1_296' title='bbox 1153 3616 1251 3656; x_wconf 84' lang='lat' dir='ltr'><strong>vos</strong></span> <span class='ocrx_word' id='word_1_297' title='bbox 1277 3596 1491 3671; x_wconf 79' lang='lat' dir='ltr'><strong>putatis</strong></span> <span class='ocrx_word' id='word_1_298' title='bbox 1509 3599 1819 3656; x_wconf 82' lang='lat' dir='ltr'><strong>occultum:</strong></span> <span class='ocrx_word' id='word_1_299' title='bbox 1862 3601 2099 3657; x_wconf 68' lang='lat' dir='ltr'><strong>tenebrat</strong></span> 
     </span>
    </p>
   </div>
   <div class='ocr_carea' id='block_1_39' title="bbox 513 3690 2097 3762">
    <p class='ocr_par' dir='ltr' id='par_1_39' title="bbox 513 3690 2097 3762">
     <span class='ocr_line' id='line_1_39' title="bbox 513 3690 2097 3762; baseline -0.001 -15"><span class='ocrx_word' id='word_1_300' title='bbox 513 3693 893 3747; x_wconf 84' lang='lat' dir='ltr'><strong>thesaurorum</strong></span> <span class='ocrx_word' id='word_1_301' title='bbox 919 3706 1095 3746; x_wconf 86' lang='lat' dir='ltr'><strong>meam</strong></span> <span class='ocrx_word' id='word_1_302' title='bbox 1123 3706 1230 3746; x_wconf 91' lang='lat' dir='ltr'><strong>non</strong></span> <span class='ocrx_word' id='word_1_303' title='bbox 1260 3690 1473 3762; x_wconf 84' lang='lat' dir='ltr'><strong>fugiunt</strong></span> <span class='ocrx_word' id='word_1_304' title='bbox 1497 3691 1883 3747; x_wconf 89' lang='lat' dir='ltr'><strong>conscientiam</strong></span> <span class='ocrx_word' id='word_1_305' title='bbox 1912 3706 1925 3745; x_wconf 94' lang='lat'><strong>:</strong></span> <span class='ocrx_word' id='word_1_306' title='bbox 1953 3710 1971 3742; x_wconf 83' lang='grc'><em>‹</em></span> <span class='ocrx_word' id='word_1_307' title='bbox 1996 3691 2097 3759; x_wconf 87' lang='lat' dir='ltr'><strong>Qui</strong></span> 
     </span>
    </p>
   </div>
   <div class='ocr_carea' id='block_1_40' title="bbox 512 3781 2099 3854">
    <p class='ocr_par' dir='ltr' id='par_1_40' title="bbox 512 3781 2099 3854">
     <span class='ocr_line' id='line_1_40' title="bbox 512 3781 2099 3854; baseline -0.001 -15"><span class='ocrx_word' id='word_1_308' title='bbox 512 3800 635 3839; x_wconf 90' lang='lat' dir='ltr'><strong>cum</strong></span> <span class='ocrx_word' id='word_1_309' title='bbox 685 3784 834 3838; x_wconf 89' lang='lat' dir='ltr'><strong>dives</strong></span> <span class='ocrx_word' id='word_1_310' title='bbox 883 3792 1066 3849; x_wconf 85' lang='lat' dir='ltr'><strong>esset,</strong></span> <span class='ocrx_word' id='word_1_311' title='bbox 1118 3799 1215 3854; x_wconf 90' lang='lat' dir='ltr'><strong>pro</strong></span> <span class='ocrx_word' id='word_1_312' title='bbox 1246 3783 1402 3838; x_wconf 93' lang='lat' dir='ltr'><strong>nobis</strong></span> <span class='ocrx_word' id='word_1_313' title='bbox 1430 3799 1637 3854; x_wconf 89' lang='lat' dir='ltr'><strong>pauper</strong></span> <span class='ocrx_word' id='word_1_314' title='bbox 1678 3781 1853 3838; x_wconf 88' lang='lat' dir='ltr'><strong>factus</strong></span> <span class='ocrx_word' id='word_1_315' title='bbox 1897 3792 1983 3837; x_wconf 90' lang='lat' dir='ltr'><strong>est</strong></span> <span class='ocrx_word' id='word_1_316' title='bbox 2012 3782 2099 3854; x_wconf 87' lang='grc' dir='ltr'><strong>(ΙΙ</strong></span> 
     </span>
    </p>
   </div>
   <div class='ocr_carea' id='block_1_41' title="bbox 512 3860 2099 3939">
    <p class='ocr_par' dir='ltr' id='par_1_41' title="bbox 512 3860 2099 3939">
     <span class='ocr_line' id='line_1_41' title="bbox 512 3860 2099 3939; baseline 0 -10"><span class='ocrx_word' id='word_1_317' title='bbox 512 3874 634 3929; x_wconf 84' lang='lat' dir='ltr'><strong>Cor.</strong></span> <span class='ocrx_word' id='word_1_318' title='bbox 680 3874 819 3939; x_wconf 76' lang='lat' dir='ltr'><strong>vm),</strong></span> <span class='ocrx_word' id='word_1_319' title='bbox 848 3893 871 3926; x_wconf 85' lang='grc'><em>›</em></span> <span class='ocrx_word' id='word_1_320' title='bbox 930 3890 1075 3929; x_wconf 88' lang='lat' dir='ltr'><strong>nunc</strong></span> <span class='ocrx_word' id='word_1_321' title='bbox 1124 3875 1176 3929; x_wconf 89' lang='lat' dir='ltr'><strong>in</strong></span> <span class='ocrx_word' id='word_1_322' title='bbox 1227 3875 1430 3929; x_wconf 87' lang='lat' dir='ltr'><strong>nostris</strong></span> <span class='ocrx_word' id='word_1_323' title='bbox 1472 3860 1684 3929; x_wconf 58' lang='lat' dir='ltr'><strong>&#39;divitiis</strong></span> <span class='ocrx_word' id='word_1_324' title='bbox 1730 3874 2001 3930; x_wconf 81' lang='lat' dir='ltr'><strong>erubescit</strong></span> <span class='ocrx_word' id='word_1_325' title='bbox 2044 3882 2099 3929; x_wconf 91' lang='lat' dir='ltr'><strong>et</strong></span> 
     </span>
    </p>
   </div>
   <div class='ocr_carea' id='block_1_42' title="bbox 512 3965 2096 4036">
    <p class='ocr_par' dir='ltr' id='par_1_42' title="bbox 512 3965 2096 4036">
     <span class='ocr_line' id='line_1_42' title="bbox 512 3965 2096 4036; baseline -0.001 -13"><span class='ocrx_word' id='word_1_326' title='bbox 512 3968 671 4023; x_wconf 80' lang='lat' dir='ltr'><strong>dicit:</strong></span> <span class='ocrx_word' id='word_1_327' title='bbox 698 3985 716 4018; x_wconf 78' lang='lat' dir='ltr'><strong>t</strong></span> <span class='ocrx_word' id='word_1_328' title='bbox 740 3965 831 4022; x_wconf 69' lang='lat' dir='ltr'><strong>Va:</strong></span> <span class='ocrx_word' id='word_1_329' title='bbox 854 3967 1005 4022; x_wconf 90' lang='lat' dir='ltr'><strong>vobis</strong></span> <span class='ocrx_word' id='word_1_330' title='bbox 1025 3966 1302 4031; x_wconf 78' lang='lat' dir='ltr'><strong>divitibus,</strong></span> <span class='ocrx_word' id='word_1_331' title='bbox 1324 3966 1416 4036; x_wconf 86' lang='lat' dir='ltr'><strong>qui</strong></span> <span class='ocrx_word' id='word_1_332' title='bbox 1442 3966 1654 4021; x_wconf 84' lang='lat' dir='ltr'><strong>habetis</strong></span> <span class='ocrx_word' id='word_1_333' title='bbox 1674 3965 2096 4021; x_wconf 86' lang='lat' dir='ltr'><strong>consolationem</strong></span> 
     </span>
    </p>
   </div>
   <div class='ocr_carea' id='block_1_43' title="bbox 511 4056 1107 4129">
    <p class='ocr_par' dir='ltr' id='par_1_43' title="bbox 511 4056 1107 4129">
     <span class='ocr_line' id='line_1_43' title="bbox 511 4056 1107 4129; baseline -0.005 -17"><span class='ocrx_word' id='word_1_334' title='bbox 511 4068 745 4112; x_wconf 78' lang='lat' dir='ltr'><strong>vestram</strong></span> <span class='ocrx_word' id='word_1_335' title='bbox 774 4056 925 4129; x_wconf 77' lang='lat' dir='ltr'><strong>(Luc.</strong></span> <span class='ocrx_word' id='word_1_336' title='bbox 953 4058 1050 4127; x_wconf 83' lang='lat' dir='ltr'><strong>vi).</strong></span> <span class='ocrx_word' id='word_1_337' title='bbox 1088 4077 1107 4109; x_wconf 73' lang='grc' dir='ltr'><strong>ι</strong></span> 
     </span>
    </p>
   </div>
   <div class='ocr_carea' id='block_1_44' title="bbox 589 4144 2094 4214">
    <p class='ocr_par' dir='ltr' id='par_1_44' title="bbox 589 4144 2094 4214">
     <span class='ocr_line' id='line_1_44' title="bbox 589 4144 2094 4214; baseline 0.002 -16"><span class='ocrx_word' id='word_1_338' title='bbox 589 4167 606 4198; x_wconf 75' lang='grc' dir='ltr'><strong>ι</strong></span> <span class='ocrx_word' id='word_1_339' title='bbox 639 4148 713 4201; x_wconf 91' lang='lat' dir='ltr'><strong>lle</strong></span> <span class='ocrx_word' id='word_1_340' title='bbox 739 4148 804 4214; x_wconf 86' lang='lat' dir='ltr'><strong>ad</strong></span> <span class='ocrx_word' id='word_1_341' title='bbox 832 4146 1008 4200; x_wconf 91' lang='lat' dir='ltr'><strong>locum</strong></span> <span class='ocrx_word' id='word_1_342' title='bbox 1040 4161 1217 4201; x_wconf 92' lang='lat' dir='ltr'><strong>meum</strong></span> <span class='ocrx_word' id='word_1_343' title='bbox 1236 4147 1300 4202; x_wconf 86' lang='lat' dir='ltr'><strong>in</strong></span> <span class='ocrx_word' id='word_1_344' title='bbox 1328 4144 1462 4211; x_wconf 87' lang='lat' dir='ltr'><strong>Silo,</strong></span> <span class='ocrx_word' id='word_1_345' title='bbox 1487 4147 1577 4200; x_wconf 91' lang='lat' dir='ltr'><strong>ubi</strong></span> <span class='ocrx_word' id='word_1_346' title='bbox 1607 4146 1873 4201; x_wconf 89' lang='lat' dir='ltr'><strong>habitavit</strong></span> <span class='ocrx_word' id='word_1_347' title='bbox 1902 4161 2094 4201; x_wconf 85' lang='lat' dir='ltr'><strong>nomen</strong></span> 
     </span>
    </p>
   </div>
   <div class='ocr_carea' id='block_1_45' title="bbox 519 4235 2097 4308">
    <p class='ocr_par' dir='ltr' id='par_1_45' title="bbox 519 4235 2097 4308">
     <span class='ocr_line' id='line_1_45' title="bbox 519 4235 2097 4308; baseline -0.001 -17"><span class='ocrx_word' id='word_1_348' title='bbox 519 4259 536 4291; x_wconf 79' lang='grc' dir='ltr'><strong>ι</strong></span> <span class='ocrx_word' id='word_1_349' title='bbox 572 4254 749 4293; x_wconf 90' lang='lat' dir='ltr'><strong>meum</strong></span> <span class='ocrx_word' id='word_1_350' title='bbox 772 4253 802 4292; x_wconf 90' lang='lat' dir='ltr'><strong>a</strong></span> <span class='ocrx_word' id='word_1_351' title='bbox 824 4238 1110 4308; x_wconf 89' lang='lat' dir='ltr'><strong>principio,</strong></span> <span class='ocrx_word' id='word_1_352' title='bbox 1135 4246 1190 4292; x_wconf 92' lang='lat' dir='ltr'><strong>et</strong></span> <span class='ocrx_word' id='word_1_353' title='bbox 1213 4238 1388 4293; x_wconf 88' lang='lat' dir='ltr'><strong>videte</strong></span> <span class='ocrx_word' id='word_1_354' title='bbox 1413 4238 1533 4308; x_wconf 72' lang='lat' dir='ltr'><strong>qua:</strong></span> <span class='ocrx_word' id='word_1_355' title='bbox 1562 4235 1781 4291; x_wconf 85' lang='lat' dir='ltr'><strong>fecerim</strong></span> <span class='ocrx_word' id='word_1_356' title='bbox 1804 4237 1853 4291; x_wconf 90' lang='lat' dir='ltr'><strong>ei</strong></span> <span class='ocrx_word' id='word_1_357' title='bbox 1879 4246 2097 4307; x_wconf 87' lang='lat' dir='ltr'><strong>propter</strong></span> 
     </span>
    </p>
   </div>
   <div class='ocr_carea' id='block_1_46' title="bbox 524 4328 2095 4399">
    <p class='ocr_par' dir='ltr' id='par_1_46' title="bbox 524 4328 2095 4399">
     <span class='ocr_line' id='line_1_46' title="bbox 524 4328 2095 4399; baseline 0.001 -18"><span class='ocrx_word' id='word_1_358' title='bbox 524 4350 541 4381; x_wconf 78' lang='grc' dir='ltr'><strong>ι</strong></span> <span class='ocrx_word' id='word_1_359' title='bbox 577 4330 838 4384; x_wconf 88' lang='lat' dir='ltr'><strong>malitiam</strong></span> <span class='ocrx_word' id='word_1_360' title='bbox 868 4329 1048 4399; x_wconf 88' lang='lat' dir='ltr'><strong>populi</strong></span> <span class='ocrx_word' id='word_1_361' title='bbox 1078 4330 1183 4383; x_wconf 82' lang='lat' dir='ltr'><strong>mei</strong></span> <span class='ocrx_word' id='word_1_362' title='bbox 1214 4328 1399 4383; x_wconf 85' lang='lat' dir='ltr'><strong>Israel.</strong></span> <span class='ocrx_word' id='word_1_363' title='bbox 1434 4348 1452 4380; x_wconf 77' lang='grc' dir='ltr'><strong>ι</strong></span> <span class='ocrx_word' id='word_1_364' title='bbox 1510 4328 1587 4381; x_wconf 75' lang='lat' dir='ltr'><strong>Ex</strong></span> <span class='ocrx_word' id='word_1_365' title='bbox 1616 4328 1909 4397; x_wconf 58' lang='lat' dir='ltr'><strong>praeteritis</strong></span> <span class='ocrx_word' id='word_1_366' title='bbox 1937 4328 2095 4383; x_wconf 87' lang='lat' dir='ltr'><strong>docet</strong></span> 
     </span>
    </p>
   </div>
   <div class='ocr_carea' id='block_1_47' title="bbox 516 4412 2095 4492">
    <p class='ocr_par' dir='ltr' id='par_1_47' title="bbox 516 4412 2095 4492">
     <span class='ocr_line' id='line_1_47' title="bbox 516 4412 2095 4492; baseline -0.003 -17"><span class='ocrx_word' id='word_1_367' title='bbox 516 4420 819 4492; x_wconf 70' lang='lat' dir='ltr'><strong>prmsentia,</strong></span> <span class='ocrx_word' id='word_1_368' title='bbox 837 4419 1235 4473; x_wconf 88' lang='lat' dir='ltr'><strong>ctdicentibus:</strong></span> <span class='ocrx_word' id='word_1_369' title='bbox 1262 4437 1278 4468; x_wconf 76' lang='grc' dir='ltr'><strong>ι</strong></span> <span class='ocrx_word' id='word_1_370' title='bbox 1292 4414 1568 4488; x_wconf 90' lang='lat' dir='ltr'><strong>Templum</strong></span> <span class='ocrx_word' id='word_1_371' title='bbox 1586 4412 1820 4480; x_wconf 88' lang='lat' dir='ltr'><strong>Domini,</strong></span> <span class='ocrx_word' id='word_1_372' title='bbox 1836 4418 2095 4486; x_wconf 86' lang='lat' dir='ltr'><strong>templum</strong></span> 
     </span>
    </p>
   </div>
   <div class='ocr_carea' id='block_1_48' title="bbox 520 4508 2094 4579">
    <p class='ocr_par' dir='ltr' id='par_1_48' title="bbox 520 4508 2094 4579">
     <span class='ocr_line' id='line_1_48' title="bbox 520 4508 2094 4579; baseline 0.001 -19"><span class='ocrx_word' id='word_1_373' title='bbox 520 4511 749 4574; x_wconf 84' lang='lat' dir='ltr'><strong>Domini,</strong></span> <span class='ocrx_word' id='word_1_374' title='bbox 776 4509 1029 4579; x_wconf 82' lang='lat' dir='ltr'><strong>templum</strong></span> <span class='ocrx_word' id='word_1_375' title='bbox 1049 4508 1284 4572; x_wconf 89' lang='lat' dir='ltr'><strong>Domini,</strong></span> <span class='ocrx_word' id='word_1_376' title='bbox 1308 4530 1325 4560; x_wconf 77' lang='grc' dir='ltr'><strong>ι</strong></span> <span class='ocrx_word' id='word_1_377' title='bbox 1344 4518 1395 4562; x_wconf 87' lang='lat' dir='ltr'><strong>et</strong></span> <span class='ocrx_word' id='word_1_378' title='bbox 1414 4510 1662 4577; x_wconf 65' lang='lat' dir='ltr'><strong>pretiosae</strong></span> <span class='ocrx_word' id='word_1_379' title='bbox 1680 4509 1870 4563; x_wconf 86' lang='lat' dir='ltr'><strong>domus</strong></span> <span class='ocrx_word' id='word_1_380' title='bbox 1890 4508 2094 4577; x_wconf 85' lang='lat' dir='ltr'><strong>fulgore</strong></span> 
     </span>
    </p>
   </div>
   <div class='ocr_carea' id='block_1_49' title="bbox 516 4598 2088 4671">
    <p class='ocr_par' dir='ltr' id='par_1_49' title="bbox 516 4598 2088 4671">
     <span class='ocr_line' id='line_1_49' title="bbox 516 4598 2088 4671; baseline -0.001 -20"><span class='ocrx_word' id='word_1_381' title='bbox 516 4602 889 4671; x_wconf 62' lang='lat' dir='ltr'><strong>gaudentibus,</strong></span> <span class='ocrx_word' id='word_1_382' title='bbox 909 4599 1040 4664; x_wconf 91' lang='lat' dir='ltr'><strong>Silo,</strong></span> <span class='ocrx_word' id='word_1_383' title='bbox 1060 4600 1148 4654; x_wconf 89' lang='lat' dir='ltr'><strong>ubi</strong></span> <span class='ocrx_word' id='word_1_384' title='bbox 1171 4599 1405 4668; x_wconf 88' lang='lat' dir='ltr'><strong>primum</strong></span> <span class='ocrx_word' id='word_1_385' title='bbox 1426 4598 1517 4651; x_wconf 83' lang='lat' dir='ltr'><strong>fuit</strong></span> <span class='ocrx_word' id='word_1_386' title='bbox 1542 4598 1947 4651; x_wconf 88' lang='lat' dir='ltr'><strong>tabernaculum</strong></span> <span class='ocrx_word' id='word_1_387' title='bbox 1970 4598 2088 4663; x_wconf 92' lang='lat' dir='ltr'><strong>Dei,</strong></span> 
     </span>
    </p>
   </div>
   <div class='ocr_carea' id='block_1_50' title="bbox 519 4688 2088 4758">
    <p class='ocr_par' dir='ltr' id='par_1_50' title="bbox 519 4688 2088 4758">
     <span class='ocr_line' id='line_1_50' title="bbox 519 4688 2088 4758; baseline -0.002 -13"><span class='ocrx_word' id='word_1_388' title='bbox 519 4691 829 4745; x_wconf 82' lang='lat' dir='ltr'><strong>recordatur</strong></span> <span class='ocrx_word' id='word_1_389' title='bbox 860 4690 1122 4749; x_wconf 73' lang='lat' dir='ltr'><strong>historiae,</strong></span> <span class='ocrx_word' id='word_1_390' title='bbox 1156 4691 1219 4743; x_wconf 89' lang='lat' dir='ltr'><strong>de</strong></span> <span class='ocrx_word' id='word_1_391' title='bbox 1248 4705 1353 4758; x_wconf 75' lang='lat' dir='ltr'><strong>qua</strong></span> <span class='ocrx_word' id='word_1_392' title='bbox 1378 4689 1428 4743; x_wconf 92' lang='lat' dir='ltr'><strong>in</strong></span> <span class='ocrx_word' id='word_1_393' title='bbox 1458 4688 1666 4757; x_wconf 87' lang='lat' dir='ltr'><strong>psalmo</strong></span> <span class='ocrx_word' id='word_1_394' title='bbox 1686 4689 1945 4757; x_wconf 91' lang='lat' dir='ltr'><strong>scriptum</strong></span> <span class='ocrx_word' id='word_1_395' title='bbox 1973 4697 2088 4742; x_wconf 89' lang='lat' dir='ltr'><strong>est:</strong></span> 
     </span>
    </p>
   </div>
   <div class='ocr_carea' id='block_1_51' title="bbox 523 4778 2089 4852">
    <p class='ocr_par' dir='ltr' id='par_1_51' title="bbox 523 4778 2089 4852">
     <span class='ocr_line' id='line_1_51' title="bbox 523 4778 2089 4852; baseline -0.002 -18"><span class='ocrx_word' id='word_1_396' title='bbox 523 4804 539 4834; x_wconf 81' lang='grc' dir='ltr'><strong>ι</strong></span> <span class='ocrx_word' id='word_1_397' title='bbox 574 4785 638 4836; x_wconf 81' lang='lat' dir='ltr'><strong>Et</strong></span> <span class='ocrx_word' id='word_1_398' title='bbox 671 4783 867 4852; x_wconf 86' lang='lat' dir='ltr'><strong>repulit</strong></span> <span class='ocrx_word' id='word_1_399' title='bbox 896 4782 1305 4836; x_wconf 85' lang='lat' dir='ltr'><strong>tahernacuhun</strong></span> <span class='ocrx_word' id='word_1_400' title='bbox 1336 4781 1447 4836; x_wconf 90' lang='lat' dir='ltr'><strong>Silo</strong></span> <span class='ocrx_word' id='word_1_401' title='bbox 1472 4779 1643 4851; x_wconf 79' lang='lat' dir='ltr'><strong>(Psal.</strong></span> <span class='ocrx_word' id='word_1_402' title='bbox 1670 4796 1879 4843; x_wconf 77' lang='lat' dir='ltr'><strong>Lxxvu;</strong></span> <span class='ocrx_word' id='word_1_403' title='bbox 1908 4779 1933 4831; x_wconf 88' lang='grc'><em>1</em></span> <span class='ocrx_word' id='word_1_404' title='bbox 1961 4778 2089 4848; x_wconf 87' lang='lat' dir='ltr'><strong>Reg.</strong></span> 
     </span>
    </p>
   </div>
   <div class='ocr_carea' id='block_1_52' title="bbox 519 4874 2091 4948">
    <p class='ocr_par' dir='ltr' id='par_1_52' title="bbox 519 4874 2091 4948">
     <span class='ocr_line' id='line_1_52' title="bbox 519 4874 2091 4948; baseline -0.003 -16"><span class='ocrx_word' id='word_1_405' title='bbox 519 4881 627 4948; x_wconf 77' lang='lat' dir='ltr'><strong>iv),</strong></span> <span class='ocrx_word' id='word_1_406' title='bbox 672 4901 689 4929; x_wconf 69' lang='grc' dir='ltr'><strong>ι</strong></span> <span class='ocrx_word' id='word_1_407' title='bbox 727 4886 785 4931; x_wconf 92' lang='lat' dir='ltr'><strong>ut</strong></span> <span class='ocrx_word' id='word_1_408' title='bbox 809 4877 1076 4945; x_wconf 85' lang='lat' dir='ltr'><strong>quomodo</strong></span> <span class='ocrx_word' id='word_1_409' title='bbox 1122 4878 1210 4932; x_wconf 91' lang='lat' dir='ltr'><strong>ille</strong></span> <span class='ocrx_word' id='word_1_410' title='bbox 1255 4877 1402 4931; x_wconf 91' lang='lat' dir='ltr'><strong>locus</strong></span> <span class='ocrx_word' id='word_1_411' title='bbox 1447 4877 1500 4929; x_wconf 92' lang='lat' dir='ltr'><strong>in</strong></span> <span class='ocrx_word' id='word_1_412' title='bbox 1547 4875 1733 4929; x_wconf 90' lang='lat' dir='ltr'><strong>ruinas</strong></span> <span class='ocrx_word' id='word_1_413' title='bbox 1776 4874 2091 4940; x_wconf 86' lang='lat' dir='ltr'><strong>cineresque</strong></span> 
     </span>
    </p>
   </div>
   <div class='ocr_carea' id='block_1_53' title="bbox 517 4964 2092 5038">
    <p class='ocr_par' dir='ltr' id='par_1_53' title="bbox 517 4964 2092 5038">
     <span class='ocr_line' id='line_1_53' title="bbox 517 4964 2092 5038; baseline -0.003 -15"><span class='ocrx_word' id='word_1_414' title='bbox 517 4971 783 5038; x_wconf 69' lang='lat' dir='ltr'><strong>collapsus</strong></span> <span class='ocrx_word' id='word_1_415' title='bbox 816 4976 929 5032; x_wconf 87' lang='lat' dir='ltr'><strong>est,</strong></span> <span class='ocrx_word' id='word_1_416' title='bbox 968 4969 1042 5021; x_wconf 89' lang='lat' dir='ltr'><strong>ita</strong></span> <span class='ocrx_word' id='word_1_417' title='bbox 1071 4977 1123 5021; x_wconf 91' lang='lat' dir='ltr'><strong>et</strong></span> <span class='ocrx_word' id='word_1_418' title='bbox 1154 4968 1407 5036; x_wconf 83' lang='lat' dir='ltr'><strong>templum</strong></span> <span class='ocrx_word' id='word_1_419' title='bbox 1436 4975 1653 5022; x_wconf 86' lang='lat' dir='ltr'><strong>corruat</strong></span> <span class='ocrx_word' id='word_1_420' title='bbox 1682 4982 1805 5020; x_wconf 90' lang='lat' dir='ltr'><strong>cum</strong></span> <span class='ocrx_word' id='word_1_421' title='bbox 1837 4964 2092 5020; x_wconf 90' lang='lat' dir='ltr'><strong>similium</strong></span> 
     </span>
    </p>
   </div>
   <div class='ocr_carea' id='block_1_54' title="bbox 517 5050 2093 5125">
    <p class='ocr_par' dir='ltr' id='par_1_54' title="bbox 517 5050 2093 5125">
     <span class='ocr_line' id='line_1_54' title="bbox 517 5050 2093 5125; baseline -0.004 -14"><span class='ocrx_word' id='word_1_422' title='bbox 517 5060 680 5112; x_wconf 74' lang='lat' dir='ltr'><strong>fuerit</strong></span> <span class='ocrx_word' id='word_1_423' title='bbox 712 5058 972 5112; x_wconf 84' lang='lat' dir='ltr'><strong>habitatio</strong></span> <span class='ocrx_word' id='word_1_424' title='bbox 999 5064 1359 5125; x_wconf 84' lang='lat' dir='ltr'><strong>peccatorum.</strong></span> <span class='ocrx_word' id='word_1_425' title='bbox 1394 5055 1546 5110; x_wconf 89' lang='lat' dir='ltr'><strong>Sicut</strong></span> <span class='ocrx_word' id='word_1_426' title='bbox 1576 5054 1738 5124; x_wconf 81' lang='lat' dir='ltr'><strong>igitur</strong></span> <span class='ocrx_word' id='word_1_427' title='bbox 1765 5052 1876 5107; x_wconf 87' lang='lat' dir='ltr'><strong>Silo</strong></span> <span class='ocrx_word' id='word_1_428' title='bbox 1907 5050 2093 5122; x_wconf 87' lang='lat' dir='ltr'><strong>templi</strong></span> 
     </span>
    </p>
   </div>
   <div class='ocr_carea' id='block_1_55' title="bbox 517 5144 2093 5219">
    <p class='ocr_par' dir='ltr' id='par_1_55' title="bbox 517 5144 2093 5219">
     <span class='ocr_line' id='line_1_55' title="bbox 517 5144 2093 5219; baseline -0.004 -16"><span class='ocrx_word' id='word_1_429' title='bbox 517 5149 821 5219; x_wconf 75' lang='lat' dir='ltr'><strong>exemplum</strong></span> <span class='ocrx_word' id='word_1_430' title='bbox 851 5155 933 5201; x_wconf 90' lang='lat' dir='ltr'><strong>est</strong></span> <span class='ocrx_word' id='word_1_431' title='bbox 958 5186 973 5212; x_wconf 90' lang='lat'><strong>,</strong></span> <span class='ocrx_word' id='word_1_432' title='bbox 1022 5146 1094 5200; x_wconf 88' lang='lat' dir='ltr'><strong>ita</strong></span> <span class='ocrx_word' id='word_1_433' title='bbox 1143 5145 1396 5216; x_wconf 90' lang='lat' dir='ltr'><strong>templum</strong></span> <span class='ocrx_word' id='word_1_434' title='bbox 1426 5144 1599 5208; x_wconf 88' lang='lat' dir='ltr'><strong>nobis,</strong></span> <span class='ocrx_word' id='word_1_435' title='bbox 1630 5144 1846 5213; x_wconf 86' lang='lat' dir='ltr'><strong>quando</strong></span> <span class='ocrx_word' id='word_1_436' title='bbox 1882 5151 2093 5212; x_wconf 89' lang='lat' dir='ltr'><strong>tempus</strong></span> 
     </span>
    </p>
   </div>
   <div class='ocr_carea' id='block_1_56' title="bbox 520 5224 2093 5294">
    <p class='ocr_par' dir='ltr' id='par_1_56' title="bbox 520 5224 2093 5294">
     <span class='ocr_line' id='line_1_56' title="bbox 520 5224 2093 5294; baseline -0.004 -1"><span class='ocrx_word' id='word_1_437' title='bbox 520 5241 798 5294; x_wconf 72' lang='lat' dir='ltr'><strong>advenerit</strong></span> <span class='ocrx_word' id='word_1_438' title='bbox 846 5239 986 5293; x_wconf 90' lang='lat' dir='ltr'><strong>illius</strong></span> <span class='ocrx_word' id='word_1_439' title='bbox 1038 5224 1368 5293; x_wconf 78' lang='lat' dir='ltr'><strong>te$timoniiz</strong></span> <span class='ocrx_word' id='word_1_440' title='bbox 1414 5255 1432 5286; x_wconf 74' lang='grc' dir='ltr'><strong>ι</strong></span> <span class='ocrx_word' id='word_1_441' title='bbox 1471 5234 1636 5289; x_wconf 86' lang='lat' dir='ltr'><strong>Putas</strong></span> <span class='ocrx_word' id='word_1_442' title='bbox 1683 5234 1903 5288; x_wconf 87' lang='lat' dir='ltr'><strong>veniens</strong></span> <span class='ocrx_word' id='word_1_443' title='bbox 1954 5232 2093 5288; x_wconf 79' lang='lat' dir='ltr'><strong>illius</strong></span> 
     </span>
    </p>
   </div>
   <div class='ocr_carea' id='block_1_57' title="bbox 522 5322 2085 5397">
    <p class='ocr_par' dir='ltr' id='par_1_57' title="bbox 522 5322 2085 5397">
     <span class='ocr_line' id='line_1_57' title="bbox 522 5322 2085 5397; baseline -0.006 -11"><span class='ocrx_word' id='word_1_444' title='bbox 522 5332 771 5395; x_wconf 79' lang='lat' dir='ltr'><strong>hominis,</strong></span> <span class='ocrx_word' id='word_1_445' title='bbox 798 5331 1033 5385; x_wconf 83' lang='lat' dir='ltr'><strong>inveniet</strong></span> <span class='ocrx_word' id='word_1_446' title='bbox 1059 5330 1214 5385; x_wconf 80' lang='lat' dir='ltr'><strong>fidem</strong></span> <span class='ocrx_word' id='word_1_447' title='bbox 1239 5342 1403 5396; x_wconf 86' lang='lat' dir='ltr'><strong>super</strong></span> <span class='ocrx_word' id='word_1_448' title='bbox 1427 5326 1662 5381; x_wconf 84' lang='lat' dir='ltr'><strong>terram?</strong></span> <span class='ocrx_word' id='word_1_449' title='bbox 1686 5322 1837 5397; x_wconf 83' lang='lat' dir='ltr'><strong>(Luc.</strong></span> <span class='ocrx_word' id='word_1_450' title='bbox 1866 5323 2040 5397; x_wconf 83' lang='lat' dir='ltr'><strong>xvul.)</strong></span> <span class='ocrx_word' id='word_1_451' title='bbox 2069 5344 2085 5376; x_wconf 83' lang='grc' dir='ltr'><strong>ι</strong></span> 
     </span>
    </p>
   </div>
   <div class='ocr_carea' id='block_1_58' title="bbox 596 5411 2091 5491">
    <p class='ocr_par' dir='ltr' id='par_1_58' title="bbox 596 5411 2091 5491">
     <span class='ocr_line' id='line_1_58' title="bbox 596 5411 2091 5491; baseline -0.005 -16"><span class='ocrx_word' id='word_1_452' title='bbox 596 5448 613 5475; x_wconf 70' lang='grc' dir='ltr'><strong>ι</strong></span> <span class='ocrx_word' id='word_1_453' title='bbox 646 5423 713 5476; x_wconf 74' lang='lat' dir='ltr'><strong>Et</strong></span> <span class='ocrx_word' id='word_1_454' title='bbox 755 5438 895 5475; x_wconf 75' lang='lat' dir='ltr'><strong>nume</strong></span> <span class='ocrx_word' id='word_1_455' title='bbox 936 5424 1058 5491; x_wconf 86' lang='lat' dir='ltr'><strong>quia</strong></span> <span class='ocrx_word' id='word_1_456' title='bbox 1106 5420 1311 5475; x_wconf 87' lang='lat' dir='ltr'><strong>fecistis</strong></span> <span class='ocrx_word' id='word_1_457' title='bbox 1349 5419 1529 5472; x_wconf 90' lang='lat' dir='ltr'><strong>omnia</strong></span> <span class='ocrx_word' id='word_1_458' title='bbox 1564 5431 1729 5486; x_wconf 85' lang='lat' dir='ltr'><strong>opera</strong></span> <span class='ocrx_word' id='word_1_459' title='bbox 1766 5411 1914 5478; x_wconf 66' lang='lat' dir='ltr'><strong>haec,</strong></span> <span class='ocrx_word' id='word_1_460' title='bbox 1963 5412 2091 5469; x_wconf 86' lang='lat' dir='ltr'><strong>dicit</strong></span> 
     </span>
    </p>
   </div>
   <div class='ocr_carea' id='block_1_59' title="bbox 527 5504 2084 5587">
    <p class='ocr_par' dir='ltr' id='par_1_59' title="bbox 527 5504 2084 5587">
     <span class='ocr_line' id='line_1_59' title="bbox 527 5504 2084 5587; baseline -0.004 -22"><span class='ocrx_word' id='word_1_461' title='bbox 527 5535 545 5565; x_wconf 69' lang='grc' dir='ltr'>α</span> <span class='ocrx_word' id='word_1_462' title='bbox 581 5504 854 5577; x_wconf 71' lang='lat' dir='ltr'><strong>Dozrinns,</strong></span> <span class='ocrx_word' id='word_1_463' title='bbox 879 5522 931 5567; x_wconf 90' lang='lat' dir='ltr'><strong>et</strong></span> <span class='ocrx_word' id='word_1_464' title='bbox 960 5515 1169 5568; x_wconf 86' lang='lat' dir='ltr'><strong>loeutus</strong></span> <span class='ocrx_word' id='word_1_465' title='bbox 1198 5527 1312 5565; x_wconf 92' lang='lat' dir='ltr'><strong>sum</strong></span> <span class='ocrx_word' id='word_1_466' title='bbox 1340 5511 1406 5564; x_wconf 90' lang='lat' dir='ltr'><strong>ad</strong></span> <span class='ocrx_word' id='word_1_467' title='bbox 1433 5524 1527 5563; x_wconf 87' lang='lat' dir='ltr'><strong>vos</strong></span> <span class='ocrx_word' id='word_1_468' title='bbox 1557 5521 2084 5587; x_wconf 70' lang='lat' dir='ltr'><strong>maneconsurgens,</strong></span> 
     </span>
    </p>
   </div>
   <div class='ocr_carea' id='block_1_60' title="bbox 528 5599 2087 5674">
    <p class='ocr_par' dir='ltr' id='par_1_60' title="bbox 528 5599 2087 5674">
     <span class='ocr_line' id='line_1_60' title="bbox 528 5599 2087 5674; baseline -0.003 -17"><span class='ocrx_word' id='word_1_469' title='bbox 528 5630 544 5657; x_wconf 72' lang='grc' dir='ltr'><strong>ι</strong></span> <span class='ocrx_word' id='word_1_470' title='bbox 580 5614 634 5659; x_wconf 79' lang='lat' dir='ltr'><strong>et</strong></span> <span class='ocrx_word' id='word_1_471' title='bbox 661 5605 904 5674; x_wconf 84' lang='lat' dir='ltr'><strong>loquens,</strong></span> <span class='ocrx_word' id='word_1_472' title='bbox 936 5616 989 5659; x_wconf 87' lang='lat' dir='ltr'><strong>et</strong></span> <span class='ocrx_word' id='word_1_473' title='bbox 1019 5620 1125 5659; x_wconf 87' lang='lat' dir='ltr'><strong>non</strong></span> <span class='ocrx_word' id='word_1_474' title='bbox 1162 5604 1388 5658; x_wconf 85' lang='lat' dir='ltr'><strong>audistis</strong></span> <span class='ocrx_word' id='word_1_475' title='bbox 1416 5620 1427 5654; x_wconf 92' lang='lat'><strong>:</strong></span> <span class='ocrx_word' id='word_1_476' title='bbox 1467 5610 1520 5656; x_wconf 89' lang='lat' dir='ltr'><strong>et</strong></span> <span class='ocrx_word' id='word_1_477' title='bbox 1550 5599 1734 5655; x_wconf 86' lang='lat' dir='ltr'><strong>vocavi</strong></span> <span class='ocrx_word' id='word_1_478' title='bbox 1764 5614 1859 5653; x_wconf 93' lang='lat' dir='ltr'><strong>vos</strong></span> <span class='ocrx_word' id='word_1_479' title='bbox 1895 5606 1951 5653; x_wconf 87' lang='lat' dir='ltr'><strong>et</strong></span> <span class='ocrx_word' id='word_1_480' title='bbox 1982 5614 2087 5653; x_wconf 90' lang='lat' dir='ltr'><strong>non</strong></span> 
     </span>
    </p>
   </div>
   <div class='ocr_carea' id='block_1_61' title="bbox 529 5698 2087 5769">
    <p class='ocr_par' dir='ltr' id='par_1_61' title="bbox 529 5698 2087 5769">
     <span class='ocr_line' id='line_1_61' title="bbox 529 5698 2087 5769; baseline -0.001 -18"><span class='ocrx_word' id='word_1_481' title='bbox 529 5717 547 5751; x_wconf 76' lang='grc' dir='ltr'><strong>ι</strong></span> <span class='ocrx_word' id='word_1_482' title='bbox 584 5702 929 5769; x_wconf 64' lang='grc' dir='ltr'><strong>ιυςρυιιάἰδιίς</strong></span> <span class='ocrx_word' id='word_1_483' title='bbox 956 5720 967 5755; x_wconf 90' lang='lat'><strong>:</strong></span> <span class='ocrx_word' id='word_1_484' title='bbox 1000 5701 1190 5757; x_wconf 89' lang='lat' dir='ltr'><strong>faciam</strong></span> <span class='ocrx_word' id='word_1_485' title='bbox 1218 5700 1396 5753; x_wconf 86' lang='lat' dir='ltr'><strong>domui</strong></span> <span class='ocrx_word' id='word_1_486' title='bbox 1425 5699 1550 5753; x_wconf 83' lang='lat' dir='ltr'><strong>huic</strong></span> <span class='ocrx_word' id='word_1_487' title='bbox 1577 5698 1629 5751; x_wconf 90' lang='lat' dir='ltr'><strong>in</strong></span> <span class='ocrx_word' id='word_1_488' title='bbox 1656 5713 1758 5768; x_wconf 85' lang='lat' dir='ltr'><strong>qua</strong></span> <span class='ocrx_word' id='word_1_489' title='bbox 1784 5698 2087 5751; x_wconf 87' lang='lat' dir='ltr'><strong>invocatum</strong></span> 
     </span>
    </p>
   </div>
   <div class='ocr_carea' id='block_1_62' title="bbox 534 5789 2087 5867">
    <p class='ocr_par' dir='ltr' id='par_1_62' title="bbox 534 5789 2087 5867">
     <span class='ocr_line' id='line_1_62' title="bbox 534 5789 2087 5867; baseline 0.002 -25"><span class='ocrx_word' id='word_1_490' title='bbox 534 5808 550 5842; x_wconf 90' lang='grc' dir='ltr'><strong>ι</strong></span> <span class='ocrx_word' id='word_1_491' title='bbox 585 5802 667 5849; x_wconf 79' lang='lat' dir='ltr'><strong>est</strong></span> <span class='ocrx_word' id='word_1_492' title='bbox 690 5809 883 5850; x_wconf 77' lang='lat' dir='ltr'><strong>nomen</strong></span> <span class='ocrx_word' id='word_1_493' title='bbox 915 5808 1112 5863; x_wconf 85' lang='lat' dir='ltr'><strong>meum,</strong></span> <span class='ocrx_word' id='word_1_494' title='bbox 1143 5801 1198 5849; x_wconf 90' lang='lat' dir='ltr'><strong>et</strong></span> <span class='ocrx_word' id='word_1_495' title='bbox 1225 5794 1279 5867; x_wconf 88' lang='lat' dir='ltr'><strong>in</strong></span> <span class='ocrx_word' id='word_1_496' title='bbox 1306 5807 1413 5864; x_wconf 86' lang='lat' dir='ltr'><strong>qua</strong></span> <span class='ocrx_word' id='word_1_497' title='bbox 1438 5805 1534 5848; x_wconf 86' lang='lat' dir='ltr'><strong>vos</strong></span> <span class='ocrx_word' id='word_1_498' title='bbox 1560 5790 1772 5849; x_wconf 83' lang='lat' dir='ltr'><strong>habetis</strong></span> <span class='ocrx_word' id='word_1_499' title='bbox 1800 5789 2050 5848; x_wconf 73' lang='lat' dir='ltr'><strong>fiduciam</strong></span> <span class='ocrx_word' id='word_1_500' title='bbox 2067 5828 2087 5858; x_wconf 86' lang='lat'><strong>,</strong></span> 
     </span>
    </p>
   </div>
   <div class='ocr_carea' id='block_1_63' title="bbox 2204 577 3788 653">
    <p class='ocr_par' dir='ltr' id='par_1_63' title="bbox 2204 577 3788 653">
     <span class='ocr_line' id='line_1_63' title="bbox 2204 577 3788 653; baseline 0.004 -22"><span class='ocrx_word' id='word_1_501' title='bbox 2204 597 2225 631; x_wconf 73' lang='grc' dir='ltr'><strong>ι</strong></span> <span class='ocrx_word' id='word_1_502' title='bbox 2256 578 2359 639; x_wconf 88' lang='lat' dir='ltr'><strong>feci</strong></span> <span class='ocrx_word' id='word_1_503' title='bbox 2387 577 2499 635; x_wconf 90' lang='lat' dir='ltr'><strong>Silo</strong></span> <span class='ocrx_word' id='word_1_504' title='bbox 2526 597 2538 631; x_wconf 92' lang='lat'><strong>:</strong></span> <span class='ocrx_word' id='word_1_505' title='bbox 2573 587 2630 633; x_wconf 89' lang='lat' dir='ltr'><strong>et</strong></span> <span class='ocrx_word' id='word_1_506' title='bbox 2648 580 2937 653; x_wconf 88' lang='lat' dir='ltr'><strong>proiiciam</strong></span> <span class='ocrx_word' id='word_1_507' title='bbox 2965 592 3064 636; x_wconf 90' lang='lat' dir='ltr'><strong>vos</strong></span> <span class='ocrx_word' id='word_1_508' title='bbox 3093 596 3124 635; x_wconf 88' lang='lat' dir='ltr'><strong>a</strong></span> <span class='ocrx_word' id='word_1_509' title='bbox 3155 578 3294 636; x_wconf 86' lang='lat' dir='ltr'><strong>facie</strong></span> <span class='ocrx_word' id='word_1_510' title='bbox 3322 597 3467 649; x_wconf 86' lang='lat' dir='ltr'><strong>mea,</strong></span> <span class='ocrx_word' id='word_1_511' title='bbox 3497 582 3644 639; x_wconf 77' lang='lat' dir='ltr'><strong>sicut</strong></span> <span class='ocrx_word' id='word_1_512' title='bbox 3668 597 3788 653; x_wconf 85' lang='lat' dir='ltr'><strong>pro-</strong></span> 
     </span>
    </p>
   </div>
   <div class='ocr_carea' id='block_1_64' title="bbox 2204 668 3790 743">
    <p class='ocr_par' dir='ltr' id='par_1_64' title="bbox 2204 668 3790 743">
     <span class='ocr_line' id='line_1_64' title="bbox 2204 668 3790 743; baseline 0.004 -22"><span class='ocrx_word' id='word_1_513' title='bbox 2204 688 2222 721; x_wconf 82' lang='grc'>‹</span> <span class='ocrx_word' id='word_1_514' title='bbox 2248 668 2357 737; x_wconf 89' lang='lat' dir='ltr'><strong>ieci</strong></span> <span class='ocrx_word' id='word_1_515' title='bbox 2382 683 2573 724; x_wconf 86' lang='lat' dir='ltr'><strong>omnes</strong></span> <span class='ocrx_word' id='word_1_516' title='bbox 2603 669 2799 726; x_wconf 85' lang='lat' dir='ltr'><strong>fratres</strong></span> <span class='ocrx_word' id='word_1_517' title='bbox 2828 677 3040 726; x_wconf 87' lang='lat' dir='ltr'><strong>vestros</strong></span> <span class='ocrx_word' id='word_1_518' title='bbox 3068 672 3379 727; x_wconf 82' lang='lat' dir='ltr'><strong>universum</strong></span> <span class='ocrx_word' id='word_1_519' title='bbox 3408 686 3599 731; x_wconf 75' lang='lat' dir='ltr'><strong>semen</strong></span> <span class='ocrx_word' id='word_1_520' title='bbox 3631 672 3790 743; x_wconf 81' lang='lat' dir='ltr'><strong>Israel</strong></span> 
     </span>
    </p>
   </div>
   <div class='ocr_carea' id='block_1_65' title="bbox 2205 760 3787 835">
    <p class='ocr_par' dir='ltr' id='par_1_65' title="bbox 2205 760 3787 835">
     <span class='ocr_line' id='line_1_65' title="bbox 2205 760 3787 835; baseline 0.004 -21"><span class='ocrx_word' id='word_1_521' title='bbox 2205 780 2225 814; x_wconf 72' lang='grc' dir='ltr'><strong>ι</strong></span> <span class='ocrx_word' id='word_1_522' title='bbox 2254 760 2392 835; x_wconf 80' lang='grc' dir='ltr'>[Αι.,</span> <span class='ocrx_word' id='word_1_523' title='bbox 2417 760 2722 834; x_wconf 89' lang='lat' dir='ltr'><strong>prraim].</strong></span> <span class='ocrx_word' id='word_1_524' title='bbox 2748 782 2769 815; x_wconf 76' lang='grc' dir='ltr'><strong>ι</strong></span> <span class='ocrx_word' id='word_1_525' title='bbox 2798 760 2914 817; x_wconf 82' lang='lat' dir='ltr'><strong>Hoc</strong></span> <span class='ocrx_word' id='word_1_526' title='bbox 2941 763 3087 832; x_wconf 92' lang='lat' dir='ltr'><strong>quod</strong></span> <span class='ocrx_word' id='word_1_527' title='bbox 3117 763 3395 834; x_wconf 89' lang='lat' dir='ltr'><strong>posuimus</strong></span> <span class='ocrx_word' id='word_1_528' title='bbox 3422 782 3441 815; x_wconf 85' lang='grc'>‹</span> <span class='ocrx_word' id='word_1_529' title='bbox 3471 780 3639 821; x_wconf 90' lang='lat' dir='ltr'><strong>mane</strong></span> <span class='ocrx_word' id='word_1_530' title='bbox 3663 779 3787 821; x_wconf 87' lang='lat' dir='ltr'><strong>eon-</strong></span> 
     </span>
    </p>
   </div>
   <div class='ocr_carea' id='block_1_66' title="bbox 2200 846 3782 935">
    <p class='ocr_par' dir='ltr' id='par_1_66' title="bbox 2200 846 3782 935">
     <span class='ocr_line' id='line_1_66' title="bbox 2200 846 3782 935; baseline 0.001 -28"><span class='ocrx_word' id='word_1_531' title='bbox 2200 867 2426 927; x_wconf 83' lang='lat' dir='ltr'><strong>surgeus</strong></span> <span class='ocrx_word' id='word_1_532' title='bbox 2452 848 2520 907; x_wconf 83' lang='lat' dir='ltr'><strong>et</strong></span> <span class='ocrx_word' id='word_1_533' title='bbox 2543 852 2798 923; x_wconf 85' lang='lat' dir='ltr'><strong>loquens,</strong></span> <span class='ocrx_word' id='word_1_534' title='bbox 2823 846 2853 904; x_wconf 75' lang='grc' dir='ltr'><strong>ἰ</strong></span> <span class='ocrx_word' id='word_1_535' title='bbox 2907 852 2962 907; x_wconf 84' lang='lat' dir='ltr'><strong>in</strong></span> <span class='ocrx_word' id='word_1_536' title='bbox 3004 851 3358 924; x_wconf 86' lang='lat' dir='ltr'><strong>Septuaginta</strong></span> <span class='ocrx_word' id='word_1_537' title='bbox 3388 869 3497 935; x_wconf 78' lang='lat' dir='ltr'><strong>non</strong></span> <span class='ocrx_word' id='word_1_538' title='bbox 3534 855 3782 911; x_wconf 84' lang='lat' dir='ltr'><strong>habetur.</strong></span> 
     </span>
    </p>
   </div>
   <div class='ocr_carea' id='block_1_67' title="bbox 2200 943 3786 1017">
    <p class='ocr_par' dir='ltr' id='par_1_67' title="bbox 2200 943 3786 1017">
     <span class='ocr_line' id='line_1_67' title="bbox 2200 943 3786 1017; baseline 0.001 -18"><span class='ocrx_word' id='word_1_539' title='bbox 2200 943 2353 999; x_wconf 76' lang='lat' dir='ltr'><strong>Mane</strong></span> <span class='ocrx_word' id='word_1_540' title='bbox 2394 952 2575 1000; x_wconf 90' lang='lat' dir='ltr'><strong>autem</strong></span> <span class='ocrx_word' id='word_1_541' title='bbox 2619 944 2898 1016; x_wconf 88' lang='lat' dir='ltr'><strong>consurgit</strong></span> <span class='ocrx_word' id='word_1_542' title='bbox 2955 943 3120 1010; x_wconf 88' lang='lat' dir='ltr'><strong>Deus,</strong></span> <span class='ocrx_word' id='word_1_543' title='bbox 3164 960 3274 1013; x_wconf 83' lang='lat' dir='ltr'><strong>non</strong></span> <span class='ocrx_word' id='word_1_544' title='bbox 3314 960 3423 1017; x_wconf 90' lang='lat' dir='ltr'><strong>quo</strong></span> <span class='ocrx_word' id='word_1_545' title='bbox 3483 945 3705 1017; x_wconf 83' lang='lat' dir='ltr'><strong>aliquod</strong></span> <span class='ocrx_word' id='word_1_546' title='bbox 3744 947 3786 1000; x_wconf 84' lang='lat' dir='ltr'><strong>ei</strong></span> 
     </span>
    </p>
   </div>
   <div class='ocr_carea' id='block_1_68' title="bbox 2200 1036 3787 1107">
    <p class='ocr_par' dir='ltr' id='par_1_68' title="bbox 2200 1036 3787 1107">
     <span class='ocr_line' id='line_1_68' title="bbox 2200 1036 3787 1107; baseline 0 -17"><span class='ocrx_word' id='word_1_547' title='bbox 2200 1044 2413 1105; x_wconf 91' lang='lat' dir='ltr'><strong>tempus</strong></span> <span class='ocrx_word' id='word_1_548' title='bbox 2458 1036 2662 1107; x_wconf 91' lang='lat' dir='ltr'><strong>absque</strong></span> <span class='ocrx_word' id='word_1_549' title='bbox 2708 1036 2946 1092; x_wconf 90' lang='lat' dir='ltr'><strong>diluculo</strong></span> <span class='ocrx_word' id='word_1_550' title='bbox 2994 1036 3103 1101; x_wconf 89' lang='lat' dir='ltr'><strong>sit,</strong></span> <span class='ocrx_word' id='word_1_551' title='bbox 3160 1036 3252 1091; x_wconf 92' lang='lat' dir='ltr'><strong>sed</strong></span> <span class='ocrx_word' id='word_1_552' title='bbox 3298 1036 3407 1106; x_wconf 86' lang='lat' dir='ltr'><strong>quo</strong></span> <span class='ocrx_word' id='word_1_553' title='bbox 3450 1041 3578 1106; x_wconf 89' lang='lat' dir='ltr'><strong>post</strong></span> <span class='ocrx_word' id='word_1_554' title='bbox 3622 1038 3787 1090; x_wconf 88' lang='lat' dir='ltr'><strong>noctis</strong></span> 
     </span>
    </p>
   </div>
   <div class='ocr_carea' id='block_1_69' title="bbox 2199 1129 3786 1203">
    <p class='ocr_par' dir='ltr' id='par_1_69' title="bbox 2199 1129 3786 1203">
     <span class='ocr_line' id='line_1_69' title="bbox 2199 1129 3786 1203; baseline -0.003 -18"><span class='ocrx_word' id='word_1_555' title='bbox 2199 1131 2437 1201; x_wconf 85' lang='lat' dir='ltr'><strong>quietem</strong></span> <span class='ocrx_word' id='word_1_556' title='bbox 2469 1131 2675 1186; x_wconf 89' lang='lat' dir='ltr'><strong>viribus</strong></span> <span class='ocrx_word' id='word_1_557' title='bbox 2709 1130 3028 1203; x_wconf 88' lang='lat' dir='ltr'><strong>corporibus</strong></span> <span class='ocrx_word' id='word_1_558' title='bbox 3071 1130 3414 1195; x_wconf 84' lang='lat' dir='ltr'><strong>instauratis,</strong></span> <span class='ocrx_word' id='word_1_559' title='bbox 3462 1130 3654 1183; x_wconf 88' lang='lat' dir='ltr'><strong>anima</strong></span> <span class='ocrx_word' id='word_1_560' title='bbox 3697 1129 3786 1182; x_wconf 89' lang='lat' dir='ltr'><strong>ho-</strong></span> 
     </span>
    </p>
   </div>
   <div class='ocr_carea' id='block_1_70' title="bbox 2201 1218 3783 1294">
    <p class='ocr_par' dir='ltr' id='par_1_70' title="bbox 2201 1218 3783 1294">
     <span class='ocr_line' id='line_1_70' title="bbox 2201 1218 3783 1294; baseline -0.001 -18"><span class='ocrx_word' id='word_1_561' title='bbox 2201 1220 2407 1276; x_wconf 81' lang='lat' dir='ltr'><strong>minum</strong></span> <span class='ocrx_word' id='word_1_562' title='bbox 2444 1218 2700 1294; x_wconf 80' lang='lat' dir='ltr'><strong>vegetior</strong></span> <span class='ocrx_word' id='word_1_563' title='bbox 2748 1222 2855 1287; x_wconf 90' lang='lat' dir='ltr'><strong>sit,</strong></span> <span class='ocrx_word' id='word_1_564' title='bbox 2920 1230 2976 1276; x_wconf 90' lang='lat' dir='ltr'><strong>et</strong></span> <span class='ocrx_word' id='word_1_565' title='bbox 3025 1237 3366 1292; x_wconf 88' lang='lat' dir='ltr'><strong>nequaquam</strong></span> <span class='ocrx_word' id='word_1_566' title='bbox 3417 1222 3783 1290; x_wconf 77' lang='lat' dir='ltr'><strong>voluptatibus</strong></span> 
     </span>
    </p>
   </div>
   <div class='ocr_carea' id='block_1_71' title="bbox 2200 1309 3783 1381">
    <p class='ocr_par' dir='ltr' id='par_1_71' title="bbox 2200 1309 3783 1381">
     <span class='ocr_line' id='line_1_71' title="bbox 2200 1309 3783 1381; baseline -0.002 -15"><span class='ocrx_word' id='word_1_567' title='bbox 2200 1319 2481 1381; x_wconf 89' lang='lat' dir='ltr'><strong>occupata,</strong></span> <span class='ocrx_word' id='word_1_568' title='bbox 2514 1311 2729 1381; x_wconf 89' lang='lat' dir='ltr'><strong>cibique</strong></span> <span class='ocrx_word' id='word_1_569' title='bbox 2758 1311 3043 1374; x_wconf 90' lang='lat' dir='ltr'><strong>desiderio,</strong></span> <span class='ocrx_word' id='word_1_570' title='bbox 3079 1312 3267 1366; x_wconf 88' lang='lat' dir='ltr'><strong>audire</strong></span> <span class='ocrx_word' id='word_1_571' title='bbox 3293 1321 3349 1367; x_wconf 89' lang='lat' dir='ltr'><strong>et</strong></span> <span class='ocrx_word' id='word_1_572' title='bbox 3378 1309 3561 1365; x_wconf 86' lang='lat' dir='ltr'><strong>facere</strong></span> <span class='ocrx_word' id='word_1_573' title='bbox 3588 1310 3783 1374; x_wconf 87' lang='lat' dir='ltr'><strong>valeat,</strong></span> 
     </span>
    </p>
   </div>
   <div class='ocr_carea' id='block_1_72' title="bbox 2200 1394 3783 1477">
    <p class='ocr_par' dir='ltr' id='par_1_72' title="bbox 2200 1394 3783 1477">
     <span class='ocr_line' id='line_1_72' title="bbox 2200 1394 3783 1477; baseline -0.003 -19"><span class='ocrx_word' id='word_1_574' title='bbox 2200 1418 2322 1477; x_wconf 65' lang='lat' dir='ltr'><strong>qua?</strong></span> <span class='ocrx_word' id='word_1_575' title='bbox 2350 1403 2623 1458; x_wconf 88' lang='lat' dir='ltr'><strong>dicuntur.</strong></span> <span class='ocrx_word' id='word_1_576' title='bbox 2684 1403 2837 1462; x_wconf 89' lang='lat' dir='ltr'><strong>Unde</strong></span> <span class='ocrx_word' id='word_1_577' title='bbox 2881 1410 2937 1457; x_wconf 84' lang='lat' dir='ltr'><strong>et</strong></span> <span class='ocrx_word' id='word_1_578' title='bbox 2982 1394 3112 1459; x_wconf 86' lang='lat' dir='ltr'><strong>illud</strong></span> <span class='ocrx_word' id='word_1_579' title='bbox 3160 1403 3215 1457; x_wconf 90' lang='lat' dir='ltr'><strong>iu</strong></span> <span class='ocrx_word' id='word_1_580' title='bbox 3264 1401 3474 1472; x_wconf 89' lang='lat' dir='ltr'><strong>psalmo</strong></span> <span class='ocrx_word' id='word_1_581' title='bbox 3518 1401 3783 1471; x_wconf 86' lang='lat' dir='ltr'><strong>legimus:</strong></span> 
     </span>
    </p>
   </div>
   <div class='ocr_carea' id='block_1_73' title="bbox 2206 1490 3787 1557">
    <p class='ocr_par' dir='ltr' id='par_1_73' title="bbox 2206 1490 3787 1557">
     <span class='ocr_line' id='line_1_73' title="bbox 2206 1490 3787 1557; baseline 0 -14"><span class='ocrx_word' id='word_1_582' title='bbox 2206 1510 2224 1543; x_wconf 74' lang='grc' dir='ltr'><strong>ι</strong></span> <span class='ocrx_word' id='word_1_583' title='bbox 2256 1492 2413 1548; x_wconf 84' lang='lat' dir='ltr'><strong>Mane</strong></span> <span class='ocrx_word' id='word_1_584' title='bbox 2442 1493 2702 1549; x_wconf 74' lang='lat' dir='ltr'><strong>exaudies</strong></span> <span class='ocrx_word' id='word_1_585' title='bbox 2731 1508 2921 1548; x_wconf 90' lang='lat' dir='ltr'><strong>vocem</strong></span> <span class='ocrx_word' id='word_1_586' title='bbox 2941 1506 3124 1547; x_wconf 83' lang='lat' dir='ltr'><strong>meam</strong></span> <span class='ocrx_word' id='word_1_587' title='bbox 3144 1532 3159 1557; x_wconf 92' lang='lat'><strong>,</strong></span> <span class='ocrx_word' id='word_1_588' title='bbox 3201 1508 3361 1547; x_wconf 89' lang='lat' dir='ltr'><strong>mane</strong></span> <span class='ocrx_word' id='word_1_589' title='bbox 3389 1491 3585 1546; x_wconf 88' lang='lat' dir='ltr'><strong>astabo</strong></span> <span class='ocrx_word' id='word_1_590' title='bbox 3616 1490 3711 1545; x_wconf 91' lang='lat' dir='ltr'><strong>tibi</strong></span> <span class='ocrx_word' id='word_1_591' title='bbox 3741 1502 3787 1543; x_wconf 84' lang='lat' dir='ltr'><strong>et</strong></span> 
     </span>
    </p>
   </div>
   <div class='ocr_carea' id='block_1_74' title="bbox 2196 1583 3789 1659">
    <p class='ocr_par' dir='ltr' id='par_1_74' title="bbox 2196 1583 3789 1659">
     <span class='ocr_line' id='line_1_74' title="bbox 2196 1583 3789 1659; baseline -0.003 -20"><span class='ocrx_word' id='word_1_592' title='bbox 2196 1586 2391 1640; x_wconf 90' lang='lat' dir='ltr'><strong>videbo</strong></span> <span class='ocrx_word' id='word_1_593' title='bbox 2414 1583 2598 1658; x_wconf 30' lang='lat' dir='ltr'><strong>.(Psal.</strong></span> <span class='ocrx_word' id='word_1_594' title='bbox 2634 1584 2711 1659; x_wconf 74' lang='grc' dir='ltr'>ν).</span> <span class='ocrx_word' id='word_1_595' title='bbox 2747 1605 2765 1639; x_wconf 78' lang='grc' dir='ltr'><strong>ι</strong></span> <span class='ocrx_word' id='word_1_596' title='bbox 2824 1584 2891 1640; x_wconf 81' lang='lat' dir='ltr'><strong>Et</strong></span> <span class='ocrx_word' id='word_1_597' title='bbox 2937 1585 2991 1639; x_wconf 91' lang='lat' dir='ltr'><strong>in</strong></span> <span class='ocrx_word' id='word_1_598' title='bbox 3037 1583 3215 1639; x_wconf 80' lang='lat' dir='ltr'><strong>Isaia:</strong></span> <span class='ocrx_word' id='word_1_599' title='bbox 3268 1604 3288 1636; x_wconf 72' lang='grc' dir='ltr'><strong>ι</strong></span> <span class='ocrx_word' id='word_1_600' title='bbox 3334 1584 3411 1638; x_wconf 89' lang='lat' dir='ltr'><strong>De</strong></span> <span class='ocrx_word' id='word_1_601' title='bbox 3458 1590 3623 1640; x_wconf 78' lang='lat' dir='ltr'><strong>noete</strong></span> <span class='ocrx_word' id='word_1_602' title='bbox 3675 1584 3789 1652; x_wconf 65' lang='lat' dir='ltr'><strong>(sic:</strong></span> 
     </span>
    </p>
   </div>
   <div class='ocr_carea' id='block_1_75' title="bbox 2199 1672 3786 1746">
    <p class='ocr_par' dir='ltr' id='par_1_75' title="bbox 2199 1672 3786 1746">
     <span class='ocr_line' id='line_1_75' title="bbox 2199 1672 3786 1746; baseline -0.001 -19"><span class='ocrx_word' id='word_1_603' title='bbox 2199 1672 2459 1746; x_wconf 88' lang='lat' dir='ltr'><strong>diluculo)</strong></span> <span class='ocrx_word' id='word_1_604' title='bbox 2517 1681 2810 1746; x_wconf 87' lang='lat' dir='ltr'><strong>consurget</strong></span> <span class='ocrx_word' id='word_1_605' title='bbox 2856 1674 3082 1744; x_wconf 88' lang='lat' dir='ltr'><strong>spiritus</strong></span> <span class='ocrx_word' id='word_1_606' title='bbox 3131 1687 3286 1728; x_wconf 88' lang='lat' dir='ltr'><strong>meus</strong></span> <span class='ocrx_word' id='word_1_607' title='bbox 3338 1673 3405 1727; x_wconf 89' lang='lat' dir='ltr'><strong>ad</strong></span> <span class='ocrx_word' id='word_1_608' title='bbox 3458 1682 3550 1739; x_wconf 90' lang='lat' dir='ltr'><strong>te,</strong></span> <span class='ocrx_word' id='word_1_609' title='bbox 3609 1673 3786 1734; x_wconf 80' lang='lat' dir='ltr'><strong>Deus,</strong></span> 
     </span>
    </p>
   </div>
   <div class='ocr_carea' id='block_1_76' title="bbox 2198 1762 3785 1843">
    <p class='ocr_par' dir='ltr' id='par_1_76' title="bbox 2198 1762 3785 1843">
     <span class='ocr_line' id='line_1_76' title="bbox 2198 1762 3785 1843; baseline -0.003 -24"><span class='ocrx_word' id='word_1_610' title='bbox 2198 1764 2454 1835; x_wconf 90' lang='lat' dir='ltr'><strong>quoniam</strong></span> <span class='ocrx_word' id='word_1_611' title='bbox 2476 1764 2567 1819; x_wconf 80' lang='lat' dir='ltr'><strong>lux</strong></span> <span class='ocrx_word' id='word_1_612' title='bbox 2591 1770 2860 1843; x_wconf 73' lang='lat' dir='ltr'><strong>praecepta</strong></span> <span class='ocrx_word' id='word_1_613' title='bbox 2886 1771 2975 1817; x_wconf 92' lang='lat' dir='ltr'><strong>tua</strong></span> <span class='ocrx_word' id='word_1_614' title='bbox 3002 1778 3164 1833; x_wconf 90' lang='lat' dir='ltr'><strong>super</strong></span> <span class='ocrx_word' id='word_1_615' title='bbox 3188 1772 3386 1818; x_wconf 85' lang='lat' dir='ltr'><strong>terram</strong></span> <span class='ocrx_word' id='word_1_616' title='bbox 3410 1762 3541 1834; x_wconf 83' lang='lat' dir='ltr'><strong>(Isa.</strong></span> <span class='ocrx_word' id='word_1_617' title='bbox 3568 1764 3745 1832; x_wconf 81' lang='lat' dir='ltr'><strong>xxvi).</strong></span> <span class='ocrx_word' id='word_1_618' title='bbox 3768 1781 3785 1814; x_wconf 85' lang='grc' dir='ltr'><strong>ι</strong></span> 
     </span>
    </p>
   </div>
   <div class='ocr_carea' id='block_1_77' title="bbox 2125 1844 3788 1937">
    <p class='ocr_par' dir='ltr' id='par_1_77' title="bbox 2125 1844 3788 1937">
     <span class='ocr_line' id='line_1_77' title="bbox 2125 1844 3788 1937; baseline -0.002 -26"><span class='ocrx_word' id='word_1_619' title='bbox 2125 1844 2175 1911; x_wconf 85' lang='grc' dir='ltr'><strong>Β</strong></span> <span class='ocrx_word' id='word_1_620' title='bbox 2205 1854 2358 1912; x_wconf 90' lang='lat' dir='ltr'><strong>Unde</strong></span> <span class='ocrx_word' id='word_1_621' title='bbox 2383 1864 2439 1911; x_wconf 85' lang='lat' dir='ltr'><strong>et</strong></span> <span class='ocrx_word' id='word_1_622' title='bbox 2467 1856 2606 1912; x_wconf 88' lang='lat' dir='ltr'><strong>filios</strong></span> <span class='ocrx_word' id='word_1_623' title='bbox 2630 1855 2767 1911; x_wconf 90' lang='lat' dir='ltr'><strong>lucis</strong></span> <span class='ocrx_word' id='word_1_624' title='bbox 2791 1854 2995 1913; x_wconf 84' lang='lat' dir='ltr'><strong>Paulus</strong></span> <span class='ocrx_word' id='word_1_625' title='bbox 3021 1854 3296 1925; x_wconf 88' lang='lat' dir='ltr'><strong>apostolus</strong></span> <span class='ocrx_word' id='word_1_626' title='bbox 3316 1853 3788 1937; x_wconf 75' lang='lat' dir='ltr'><strong>appellat(Epfm.</strong></span> 
     </span>
    </p>
   </div>
   <div class='ocr_carea' id='block_1_78' title="bbox 2199 1948 3787 2022">
    <p class='ocr_par' dir='ltr' id='par_1_78' title="bbox 2199 1948 3787 2022">
     <span class='ocr_line' id='line_1_78' title="bbox 2199 1948 3787 2022; baseline -0.003 -15"><span class='ocrx_word' id='word_1_627' title='bbox 2199 1953 2278 2021; x_wconf 90' lang='lat' dir='ltr'><strong>v),</strong></span> <span class='ocrx_word' id='word_1_628' title='bbox 2304 1959 2361 2007; x_wconf 92' lang='lat' dir='ltr'><strong>et</strong></span> <span class='ocrx_word' id='word_1_629' title='bbox 2384 1966 2492 2007; x_wconf 89' lang='lat' dir='ltr'><strong>non</strong></span> <span class='ocrx_word' id='word_1_630' title='bbox 2519 1952 2696 2007; x_wconf 89' lang='lat' dir='ltr'><strong>noctis</strong></span> <span class='ocrx_word' id='word_1_631' title='bbox 2719 1966 2894 2022; x_wconf 86' lang='lat' dir='ltr'><strong>neque</strong></span> <span class='ocrx_word' id='word_1_632' title='bbox 2920 1949 3285 2011; x_wconf 87' lang='lat' dir='ltr'><strong>tenebrarum,</strong></span> <span class='ocrx_word' id='word_1_633' title='bbox 3312 1965 3411 2007; x_wconf 89' lang='lat' dir='ltr'><strong>nec</strong></span> <span class='ocrx_word' id='word_1_634' title='bbox 3435 1948 3787 2012; x_wconf 86' lang='lat' dir='ltr'><strong>dormientes,</strong></span> 
     </span>
    </p>
   </div>
   <div class='ocr_carea' id='block_1_79' title="bbox 2200 2041 3788 2119">
    <p class='ocr_par' dir='ltr' id='par_1_79' title="bbox 2200 2041 3788 2119">
     <span class='ocr_line' id='line_1_79' title="bbox 2200 2041 3788 2119; baseline -0.002 -22"><span class='ocrx_word' id='word_1_635' title='bbox 2200 2042 2339 2098; x_wconf 86' lang='lat' dir='ltr'><strong>sicut</strong></span> <span class='ocrx_word' id='word_1_636' title='bbox 2384 2052 2441 2098; x_wconf 91' lang='lat' dir='ltr'><strong>et</strong></span> <span class='ocrx_word' id='word_1_637' title='bbox 2486 2042 2671 2098; x_wconf 66' lang='lat' dir='ltr'><strong>caeteri</strong></span> <span class='ocrx_word' id='word_1_638' title='bbox 2703 2043 3076 2107; x_wconf 89' lang='lat' dir='ltr'><strong>dormierunt,</strong></span> <span class='ocrx_word' id='word_1_639' title='bbox 3121 2042 3212 2112; x_wconf 90' lang='lat' dir='ltr'><strong>qui</strong></span> <span class='ocrx_word' id='word_1_640' title='bbox 3253 2041 3346 2097; x_wconf 91' lang='lat' dir='ltr'><strong>Dei</strong></span> <span class='ocrx_word' id='word_1_641' title='bbox 3389 2041 3645 2119; x_wconf 86' lang='lat' dir='ltr'><strong>mandata</strong></span> <span class='ocrx_word' id='word_1_642' title='bbox 3690 2056 3788 2095; x_wconf 88' lang='lat' dir='ltr'><strong>non</strong></span> 
     </span>
    </p>
   </div>
   <div class='ocr_carea' id='block_1_80' title="bbox 2200 2133 3790 2207">
    <p class='ocr_par' dir='ltr' id='par_1_80' title="bbox 2200 2133 3790 2207">
     <span class='ocr_line' id='line_1_80' title="bbox 2200 2133 3790 2207; baseline -0.002 -16"><span class='ocrx_word' id='word_1_643' title='bbox 2200 2136 2460 2191; x_wconf 90' lang='lat' dir='ltr'><strong>sentiunt.</strong></span> <span class='ocrx_word' id='word_1_644' title='bbox 2495 2134 2632 2204; x_wconf 86' lang='lat' dir='ltr'><strong>Quia</strong></span> <span class='ocrx_word' id='word_1_645' title='bbox 2662 2135 2827 2207; x_wconf 88' lang='lat' dir='ltr'><strong>igitur</strong></span> <span class='ocrx_word' id='word_1_646' title='bbox 2854 2136 2998 2189; x_wconf 88' lang='lat' dir='ltr'><strong>Deus</strong></span> <span class='ocrx_word' id='word_1_647' title='bbox 3021 2135 3235 2189; x_wconf 88' lang='lat' dir='ltr'><strong>vocavit</strong></span> <span class='ocrx_word' id='word_1_648' title='bbox 3261 2150 3357 2189; x_wconf 91' lang='lat' dir='ltr'><strong>eos</strong></span> <span class='ocrx_word' id='word_1_649' title='bbox 3384 2133 3450 2189; x_wconf 90' lang='lat' dir='ltr'><strong>de</strong></span> <span class='ocrx_word' id='word_1_650' title='bbox 3476 2143 3640 2188; x_wconf 90' lang='lat' dir='ltr'><strong>nocte</strong></span> <span class='ocrx_word' id='word_1_651' title='bbox 3670 2148 3790 2188; x_wconf 88' lang='lat' dir='ltr'><strong>oon-</strong></span> 
     </span>
    </p>
   </div>
   <div class='ocr_carea' id='block_1_81' title="bbox 2200 2216 3790 2302">
    <p class='ocr_par' dir='ltr' id='par_1_81' title="bbox 2200 2216 3790 2302">
     <span class='ocr_line' id='line_1_81' title="bbox 2200 2216 3790 2302; baseline -0.004 -16"><span class='ocrx_word' id='word_1_652' title='bbox 2200 2244 2451 2302; x_wconf 85' lang='lat' dir='ltr'><strong>surgens,</strong></span> <span class='ocrx_word' id='word_1_653' title='bbox 2479 2239 2545 2285; x_wconf 88' lang='lat' dir='ltr'><strong>ut</strong></span> <span class='ocrx_word' id='word_1_654' title='bbox 2567 2237 2623 2285; x_wconf 91' lang='lat' dir='ltr'><strong>et</strong></span> <span class='ocrx_word' id='word_1_655' title='bbox 2652 2230 2800 2300; x_wconf 91' lang='lat' dir='ltr'><strong>ipsos</strong></span> <span class='ocrx_word' id='word_1_656' title='bbox 2829 2227 2895 2283; x_wconf 89' lang='lat' dir='ltr'><strong>de</strong></span> <span class='ocrx_word' id='word_1_657' title='bbox 2924 2216 3163 2282; x_wconf 80' lang='lat' dir='ltr'><strong>tenebris</strong></span> <span class='ocrx_word' id='word_1_658' title='bbox 3183 2227 3466 2291; x_wconf 88' lang='lat' dir='ltr'><strong>liberaret,</strong></span> <span class='ocrx_word' id='word_1_659' title='bbox 3490 2227 3790 2281; x_wconf 86' lang='lat' dir='ltr'><strong>commina-</strong></span> 
     </span>
    </p>
   </div>
   <div class='ocr_carea' id='block_1_82' title="bbox 2200 2318 3789 2393">
    <p class='ocr_par' dir='ltr' id='par_1_82' title="bbox 2200 2318 3789 2393">
     <span class='ocr_line' id='line_1_82' title="bbox 2200 2318 3789 2393; baseline -0.003 -16"><span class='ocrx_word' id='word_1_660' title='bbox 2200 2331 2290 2379; x_wconf 91' lang='lat' dir='ltr'><strong>tur</strong></span> <span class='ocrx_word' id='word_1_661' title='bbox 2318 2324 2401 2393; x_wconf 90' lang='lat' dir='ltr'><strong>eis</strong></span> <span class='ocrx_word' id='word_1_662' title='bbox 2427 2322 2624 2379; x_wconf 88' lang='lat' dir='ltr'><strong>similia</strong></span> <span class='ocrx_word' id='word_1_663' title='bbox 2656 2337 2716 2377; x_wconf 89' lang='lat' dir='ltr'><strong>se</strong></span> <span class='ocrx_word' id='word_1_664' title='bbox 2748 2336 2866 2377; x_wconf 92' lang='lat' dir='ltr'><strong>esse</strong></span> <span class='ocrx_word' id='word_1_665' title='bbox 2897 2320 3165 2375; x_wconf 86' lang='lat' dir='ltr'><strong>facturum</strong></span> <span class='ocrx_word' id='word_1_666' title='bbox 3199 2320 3397 2391; x_wconf 90' lang='lat' dir='ltr'><strong>templo</strong></span> <span class='ocrx_word' id='word_1_667' title='bbox 3437 2320 3492 2373; x_wconf 91' lang='lat' dir='ltr'><strong>in</strong></span> <span class='ocrx_word' id='word_1_668' title='bbox 3534 2318 3789 2374; x_wconf 85' lang='lat' dir='ltr'><strong>Hieroso-</strong></span> 
     </span>
    </p>
   </div>
   <div class='ocr_carea' id='block_1_83' title="bbox 2200 2399 3787 2487">
    <p class='ocr_par' dir='ltr' id='par_1_83' title="bbox 2200 2399 3787 2487">
     <span class='ocr_line' id='line_1_83' title="bbox 2200 2399 3787 2487; baseline -0.003 -17"><span class='ocrx_word' id='word_1_669' title='bbox 2200 2416 2363 2487; x_wconf 88' lang='lat' dir='ltr'><strong>lymis</strong></span> <span class='ocrx_word' id='word_1_670' title='bbox 2382 2399 2503 2486; x_wconf 72' lang='lat' dir='ltr'><strong>qua:</strong></span> <span class='ocrx_word' id='word_1_671' title='bbox 2524 2415 2656 2471; x_wconf 88' lang='lat' dir='ltr'><strong>fecit</strong></span> <span class='ocrx_word' id='word_1_672' title='bbox 2684 2414 2802 2470; x_wconf 81' lang='lat' dir='ltr'><strong>loco</strong></span> <span class='ocrx_word' id='word_1_673' title='bbox 2824 2412 2936 2469; x_wconf 92' lang='lat' dir='ltr'><strong>Silo</strong></span> <span class='ocrx_word' id='word_1_674' title='bbox 2960 2412 3009 2486; x_wconf 85' lang='lat' dir='ltr'><strong>(I</strong></span> <span class='ocrx_word' id='word_1_675' title='bbox 3034 2411 3160 2483; x_wconf 79' lang='lat' dir='ltr'><strong>Reg.</strong></span> <span class='ocrx_word' id='word_1_676' title='bbox 3185 2428 3241 2467; x_wconf 79' lang='lat' dir='ltr'><strong>iv</strong></span> <span class='ocrx_word' id='word_1_677' title='bbox 3260 2422 3307 2467; x_wconf 82' lang='lat' dir='ltr'><strong>et</strong></span> <span class='ocrx_word' id='word_1_678' title='bbox 3332 2412 3412 2483; x_wconf 86' lang='lat' dir='ltr'><strong>v),</strong></span> <span class='ocrx_word' id='word_1_679' title='bbox 3437 2412 3527 2466; x_wconf 89' lang='lat' dir='ltr'><strong>ubi</strong></span> <span class='ocrx_word' id='word_1_680' title='bbox 3552 2412 3787 2483; x_wconf 87' lang='lat' dir='ltr'><strong>primum</strong></span> 
     </span>
    </p>
   </div>
   <div class='ocr_carea' id='block_1_84' title="bbox 2200 2501 3787 2574">
    <p class='ocr_par' dir='ltr' id='par_1_84' title="bbox 2200 2501 3787 2574">
     <span class='ocr_line' id='line_1_84' title="bbox 2200 2501 3787 2574; baseline -0.004 -13"><span class='ocrx_word' id='word_1_681' title='bbox 2200 2505 2303 2561; x_wconf 89' lang='lat' dir='ltr'><strong>fuit</strong></span> <span class='ocrx_word' id='word_1_682' title='bbox 2330 2504 2770 2569; x_wconf 82' lang='lat' dir='ltr'><strong>tabernaculum,</strong></span> <span class='ocrx_word' id='word_1_683' title='bbox 2813 2512 2872 2559; x_wconf 93' lang='lat' dir='ltr'><strong>ut</strong></span> <span class='ocrx_word' id='word_1_684' title='bbox 2895 2512 3116 2574; x_wconf 90' lang='lat' dir='ltr'><strong>peccata</strong></span> <span class='ocrx_word' id='word_1_685' title='bbox 3148 2502 3344 2557; x_wconf 88' lang='lat' dir='ltr'><strong>similia</strong></span> <span class='ocrx_word' id='word_1_686' title='bbox 3374 2501 3492 2572; x_wconf 88' lang='lat' dir='ltr'><strong>pari</strong></span> <span class='ocrx_word' id='word_1_687' title='bbox 3522 2502 3787 2557; x_wconf 81' lang='lat' dir='ltr'><strong>sententia</strong></span> 
     </span>
    </p>
   </div>
   <div class='ocr_carea' id='block_1_85' title="bbox 2201 2588 3784 2665">
    <p class='ocr_par' dir='ltr' id='par_1_85' title="bbox 2201 2588 3784 2665">
     <span class='ocr_line' id='line_1_85' title="bbox 2201 2588 3784 2665; baseline -0.004 -14"><span class='ocrx_word' id='word_1_688' title='bbox 2201 2596 2485 2652; x_wconf 85' lang='lat' dir='ltr'><strong>feriantur.</strong></span> <span class='ocrx_word' id='word_1_689' title='bbox 2552 2596 2619 2650; x_wconf 88' lang='lat' dir='ltr'><strong>Et</strong></span> <span class='ocrx_word' id='word_1_690' title='bbox 2665 2595 2933 2665; x_wconf 91' lang='lat' dir='ltr'><strong>quomodo</strong></span> <span class='ocrx_word' id='word_1_691' title='bbox 2984 2588 3219 2664; x_wconf 85' lang='lat' dir='ltr'><strong>proiecit</strong></span> <span class='ocrx_word' id='word_1_692' title='bbox 3290 2591 3549 2646; x_wconf 86' lang='lat' dir='ltr'><strong>Dominus</strong></span> <span class='ocrx_word' id='word_1_693' title='bbox 3598 2606 3784 2646; x_wconf 82' lang='lat' dir='ltr'><strong>semen</strong></span> 
     </span>
    </p>
   </div>
   <div class='ocr_carea' id='block_1_86' title="bbox 2200 2682 3788 2757">
    <p class='ocr_par' dir='ltr' id='par_1_86' title="bbox 2200 2682 3788 2757">
     <span class='ocr_line' id='line_1_86' title="bbox 2200 2682 3788 2757; baseline -0.004 -16"><span class='ocrx_word' id='word_1_694' title='bbox 2200 2686 2489 2757; x_wconf 86' lang='lat' dir='ltr'><strong>Ephraim,</strong></span> <span class='ocrx_word' id='word_1_695' title='bbox 2538 2685 2591 2739; x_wconf 90' lang='lat' dir='ltr'><strong>id</strong></span> <span class='ocrx_word' id='word_1_696' title='bbox 2638 2693 2757 2751; x_wconf 87' lang='lat' dir='ltr'><strong>est,</strong></span> <span class='ocrx_word' id='word_1_697' title='bbox 2808 2685 2997 2751; x_wconf 83' lang='lat' dir='ltr'><strong>decem</strong></span> <span class='ocrx_word' id='word_1_698' title='bbox 3047 2683 3242 2749; x_wconf 87' lang='lat' dir='ltr'><strong>tribus,</strong></span> <span class='ocrx_word' id='word_1_699' title='bbox 3293 2698 3414 2752; x_wconf 77' lang='lat' dir='ltr'><strong>quzr.</strong></span> <span class='ocrx_word' id='word_1_700' title='bbox 3458 2682 3788 2737; x_wconf 88' lang='lat' dir='ltr'><strong>vocabantur</strong></span> 
     </span>
    </p>
   </div>
   <div class='ocr_carea' id='block_1_87' title="bbox 2200 2772 3787 2851">
    <p class='ocr_par' dir='ltr' id='par_1_87' title="bbox 2200 2772 3787 2851">
     <span class='ocr_line' id='line_1_87' title="bbox 2200 2772 3787 2851; baseline -0.003 -18"><span class='ocrx_word' id='word_1_701' title='bbox 2200 2778 2383 2843; x_wconf 88' lang='lat' dir='ltr'><strong>Israel,</strong></span> <span class='ocrx_word' id='word_1_702' title='bbox 2399 2780 2453 2834; x_wconf 84' lang='lat' dir='ltr'><strong>et</strong></span> <span class='ocrx_word' id='word_1_703' title='bbox 2473 2777 2742 2832; x_wconf 85' lang='lat' dir='ltr'><strong>habebant</strong></span> <span class='ocrx_word' id='word_1_704' title='bbox 2758 2776 3029 2851; x_wconf 82' lang='lat' dir='ltr'><strong>principes</strong></span> <span class='ocrx_word' id='word_1_705' title='bbox 3040 2783 3263 2847; x_wconf 88' lang='lat' dir='ltr'><strong>propter</strong></span> <span class='ocrx_word' id='word_1_706' title='bbox 3276 2773 3603 2848; x_wconf 76' lang='lat' dir='ltr'><strong>Hieroboam</strong></span> <span class='ocrx_word' id='word_1_707' title='bbox 3623 2772 3787 2828; x_wconf 84' lang='lat' dir='ltr'><strong>filium</strong></span> 
     </span>
    </p>
   </div>
   <div class='ocr_carea' id='block_1_88' title="bbox 2200 2860 3787 2940">
    <p class='ocr_par' dir='ltr' id='par_1_88' title="bbox 2200 2860 3787 2940">
     <span class='ocr_line' id='line_1_88' title="bbox 2200 2860 3787 2940; baseline -0.003 -15"><span class='ocrx_word' id='word_1_708' title='bbox 2200 2870 2410 2926; x_wconf 88' lang='lat' dir='ltr'><strong>Nabath</strong></span> <span class='ocrx_word' id='word_1_709' title='bbox 2441 2872 2505 2925; x_wconf 92' lang='lat' dir='ltr'><strong>de</strong></span> <span class='ocrx_word' id='word_1_710' title='bbox 2536 2860 2680 2926; x_wconf 86' lang='lat' dir='ltr'><strong>tribu</strong></span> <span class='ocrx_word' id='word_1_711' title='bbox 2713 2870 2967 2940; x_wconf 87' lang='lat' dir='ltr'><strong>Ephraim</strong></span> <span class='ocrx_word' id='word_1_712' title='bbox 2986 2909 3001 2932; x_wconf 90' lang='lat'><strong>,</strong></span> <span class='ocrx_word' id='word_1_713' title='bbox 3040 2882 3162 2939; x_wconf 62' lang='lat' dir='ltr'><strong>qua:</strong></span> <span class='ocrx_word' id='word_1_714' title='bbox 3190 2868 3380 2923; x_wconf 89' lang='lat' dir='ltr'><strong>eadem</strong></span> <span class='ocrx_word' id='word_1_715' title='bbox 3418 2865 3787 2937; x_wconf 84' lang='lat' dir='ltr'><strong>appellabatur</strong></span> 
     </span>
    </p>
   </div>
   <div class='ocr_carea' id='block_1_89' title="bbox 2202 2955 3783 3031">
    <p class='ocr_par' dir='ltr' id='par_1_89' title="bbox 2202 2955 3783 3031">
     <span class='ocr_line' id='line_1_89' title="bbox 2202 2955 3783 3031; baseline -0.004 -14"><span class='ocrx_word' id='word_1_716' title='bbox 2202 2963 2373 3027; x_wconf 90' lang='lat' dir='ltr'><strong>tribus</strong></span> <span class='ocrx_word' id='word_1_717' title='bbox 2399 2960 2599 3031; x_wconf 86' lang='lat' dir='ltr'><strong>Joseph</strong></span> <span class='ocrx_word' id='word_1_718' title='bbox 2623 2980 2637 3016; x_wconf 91' lang='lat'><strong>:</strong></span> <span class='ocrx_word' id='word_1_719' title='bbox 2672 2962 2750 3016; x_wconf 91' lang='lat' dir='ltr'><strong>sic</strong></span> <span class='ocrx_word' id='word_1_720' title='bbox 2778 2962 2942 3015; x_wconf 88' lang='lat' dir='ltr'><strong>etiam</strong></span> <span class='ocrx_word' id='word_1_721' title='bbox 2971 2959 3389 3015; x_wconf 63' lang='lat' dir='ltr'><strong>llierusalem&#39;et</strong></span> <span class='ocrx_word' id='word_1_722' title='bbox 3419 2958 3619 3012; x_wconf 92' lang='lat' dir='ltr'><strong>tribum</strong></span> <span class='ocrx_word' id='word_1_723' title='bbox 3650 2955 3783 3011; x_wconf 73' lang='lat' dir='ltr'><strong>Iuda</strong></span> 
     </span>
    </p>
   </div>
   <div class='ocr_carea' id='block_1_90' title="bbox 2201 3045 3785 3122">
    <p class='ocr_par' dir='ltr' id='par_1_90' title="bbox 2201 3045 3785 3122">
     <span class='ocr_line' id='line_1_90' title="bbox 2201 3045 3785 3122; baseline -0.004 -15"><span class='ocrx_word' id='word_1_724' title='bbox 2201 3069 2323 3107; x_wconf 90' lang='lat' dir='ltr'><strong>cum</strong></span> <span class='ocrx_word' id='word_1_725' title='bbox 2353 3052 2636 3122; x_wconf 87' lang='lat' dir='ltr'><strong>Beniamin</strong></span> <span class='ocrx_word' id='word_1_726' title='bbox 2669 3068 2727 3107; x_wconf 92' lang='lat' dir='ltr'><strong>se</strong></span> <span class='ocrx_word' id='word_1_727' title='bbox 2757 3052 3094 3121; x_wconf 89' lang='lat' dir='ltr'><strong>abjecturum</strong></span> <span class='ocrx_word' id='word_1_728' title='bbox 3124 3066 3245 3105; x_wconf 91' lang='lat' dir='ltr'><strong>esse</strong></span> <span class='ocrx_word' id='word_1_729' title='bbox 3273 3057 3525 3104; x_wconf 88' lang='lat' dir='ltr'><strong>testatur.</strong></span> <span class='ocrx_word' id='word_1_730' title='bbox 3579 3045 3785 3114; x_wconf 78' lang='lat' dir='ltr'><strong>Abiecit</strong></span> 
     </span>
    </p>
   </div>
   <div class='ocr_carea' id='block_1_91' title="bbox 2203 3132 3782 3216">
    <p class='ocr_par' dir='ltr' id='par_1_91' title="bbox 2203 3132 3782 3216">
     <span class='ocr_line' id='line_1_91' title="bbox 2203 3132 3782 3216; baseline -0.003 -17"><span class='ocrx_word' id='word_1_731' title='bbox 2203 3146 2367 3216; x_wconf 88' lang='lat' dir='ltr'><strong>igitur</strong></span> <span class='ocrx_word' id='word_1_732' title='bbox 2400 3135 2542 3211; x_wconf 84' lang='lat' dir='ltr'><strong>Silo,</strong></span> <span class='ocrx_word' id='word_1_733' title='bbox 2588 3132 2898 3213; x_wconf 11' lang='lat' dir='ltr'><strong>ahjlecturus</strong></span> <span class='ocrx_word' id='word_1_734' title='bbox 2932 3152 2991 3198; x_wconf 91' lang='lat' dir='ltr'><strong>et</strong></span> <span class='ocrx_word' id='word_1_735' title='bbox 3025 3141 3319 3213; x_wconf 86' lang='lat' dir='ltr'><strong>templum;</strong></span> <span class='ocrx_word' id='word_1_736' title='bbox 3365 3140 3562 3210; x_wconf 86' lang='lat' dir='ltr'><strong>abiecit</strong></span> <span class='ocrx_word' id='word_1_737' title='bbox 3598 3140 3782 3195; x_wconf 88' lang='lat' dir='ltr'><strong>decem</strong></span> 
     </span>
    </p>
   </div>
   <div class='ocr_carea' id='block_1_92' title="bbox 2203 3233 3784 3308">
    <p class='ocr_par' dir='ltr' id='par_1_92' title="bbox 2203 3233 3784 3308">
     <span class='ocr_line' id='line_1_92' title="bbox 2203 3233 3784 3308; baseline -0.004 -16"><span class='ocrx_word' id='word_1_738' title='bbox 2203 3238 2412 3303; x_wconf 85' lang='lat' dir='ltr'><strong>tribus,</strong></span> <span class='ocrx_word' id='word_1_739' title='bbox 2464 3239 2776 3308; x_wconf 76' lang='lat' dir='ltr'><strong>abiectirrus</strong></span> <span class='ocrx_word' id='word_1_740' title='bbox 2824 3246 2881 3292; x_wconf 92' lang='lat' dir='ltr'><strong>et</strong></span> <span class='ocrx_word' id='word_1_741' title='bbox 2931 3239 3084 3291; x_wconf 90' lang='lat' dir='ltr'><strong>duas.</strong></span> <span class='ocrx_word' id='word_1_742' title='bbox 3142 3234 3413 3304; x_wconf 86' lang='lat' dir='ltr'><strong>Quidquid</strong></span> <span class='ocrx_word' id='word_1_743' title='bbox 3465 3233 3541 3288; x_wconf 91' lang='lat' dir='ltr'><strong>illi</strong></span> <span class='ocrx_word' id='word_1_744' title='bbox 3588 3233 3784 3303; x_wconf 84' lang='lat' dir='ltr'><strong>populo</strong></span> 
     </span>
    </p>
   </div>
   <div class='ocr_carea' id='block_1_93' title="bbox 2202 3326 3781 3402">
    <p class='ocr_par' dir='ltr' id='par_1_93' title="bbox 2202 3326 3781 3402">
     <span class='ocr_line' id='line_1_93' title="bbox 2202 3326 3781 3402; baseline -0.004 -15"><span class='ocrx_word' id='word_1_745' title='bbox 2202 3332 2421 3398; x_wconf 84' lang='lat' dir='ltr'><strong>dicitur,</strong></span> <span class='ocrx_word' id='word_1_746' title='bbox 2463 3330 2824 3402; x_wconf 79' lang='lat' dir='ltr'><strong>intelligamus</strong></span> <span class='ocrx_word' id='word_1_747' title='bbox 2870 3336 2926 3386; x_wconf 90' lang='lat' dir='ltr'><strong>et</strong></span> <span class='ocrx_word' id='word_1_748' title='bbox 2971 3329 3039 3388; x_wconf 83' lang='lat' dir='ltr'><strong>de</strong></span> <span class='ocrx_word' id='word_1_749' title='bbox 3083 3328 3270 3394; x_wconf 88' lang='lat' dir='ltr'><strong>nobis,</strong></span> <span class='ocrx_word' id='word_1_750' title='bbox 3315 3326 3361 3382; x_wconf 90' lang='lat' dir='ltr'><strong>si</strong></span> <span class='ocrx_word' id='word_1_751' title='bbox 3404 3326 3601 3381; x_wconf 90' lang='lat' dir='ltr'><strong>similia</strong></span> <span class='ocrx_word' id='word_1_752' title='bbox 3643 3327 3781 3382; x_wconf 87' lang='lat' dir='ltr'><strong>fece-</strong></span> 
     </span>
    </p>
   </div>
   <div class='ocr_carea' id='block_1_94' title="bbox 2199 3423 2393 3479">
    <p class='ocr_par' dir='ltr' id='par_1_94' title="bbox 2199 3423 2393 3479">
     <span class='ocr_line' id='line_1_94' title="bbox 2199 3423 2393 3479; baseline -0.01 -1"><span class='ocrx_word' id='word_1_753' title='bbox 2199 3423 2393 3479; x_wconf 89' lang='lat' dir='ltr'><strong>rimus.</strong></span> 
     </span>
    </p>
   </div>
   <div class='ocr_carea' id='block_1_95' title="bbox 2276 3509 3781 3583">
    <p class='ocr_par' dir='ltr' id='par_1_95' title="bbox 2276 3509 3781 3583">
     <span class='ocr_line' id='line_1_95' title="bbox 2276 3509 3781 3583; baseline 0.001 -21"><span class='ocrx_word' id='word_1_754' title='bbox 2276 3529 2294 3562; x_wconf 83' lang='grc'><strong><em>‹</em></strong></span> <span class='ocrx_word' id='word_1_755' title='bbox 2334 3512 2413 3567; x_wconf 92' lang='lat' dir='ltr'><strong>Tu</strong></span> <span class='ocrx_word' id='word_1_756' title='bbox 2442 3526 2571 3583; x_wconf 90' lang='lat' dir='ltr'><strong>ergo</strong></span> <span class='ocrx_word' id='word_1_757' title='bbox 2590 3510 2700 3567; x_wconf 91' lang='lat' dir='ltr'><strong>noli</strong></span> <span class='ocrx_word' id='word_1_758' title='bbox 2728 3526 2889 3567; x_wconf 89' lang='lat' dir='ltr'><strong>orare</strong></span> <span class='ocrx_word' id='word_1_759' title='bbox 2920 3525 3021 3582; x_wconf 91' lang='lat' dir='ltr'><strong>pro</strong></span> <span class='ocrx_word' id='word_1_760' title='bbox 3040 3509 3240 3581; x_wconf 87' lang='lat' dir='ltr'><strong>populo</strong></span> <span class='ocrx_word' id='word_1_761' title='bbox 3260 3510 3385 3573; x_wconf 89' lang='lat' dir='ltr'><strong>hoc,</strong></span> <span class='ocrx_word' id='word_1_762' title='bbox 3414 3524 3516 3564; x_wconf 90' lang='lat' dir='ltr'><strong>nec</strong></span> <span class='ocrx_word' id='word_1_763' title='bbox 3540 3524 3781 3564; x_wconf 85' lang='lat' dir='ltr'><strong>assumas</strong></span> 
     </span>
    </p>
   </div>
   <div class='ocr_carea' id='block_1_96' title="bbox 2204 3601 3779 3674">
    <p class='ocr_par' dir='ltr' id='par_1_96' title="bbox 2204 3601 3779 3674">
     <span class='ocr_line' id='line_1_96' title="bbox 2204 3601 3779 3674; baseline -0.002 -18"><span class='ocrx_word' id='word_1_764' title='bbox 2204 3621 2225 3656; x_wconf 75' lang='grc' dir='ltr'><strong>ι</strong></span> <span class='ocrx_word' id='word_1_765' title='bbox 2248 3619 2358 3674; x_wconf 81' lang='lat' dir='ltr'><strong>pro</strong></span> <span class='ocrx_word' id='word_1_766' title='bbox 2401 3604 2481 3663; x_wconf 88' lang='lat' dir='ltr'><strong>eis</strong></span> <span class='ocrx_word' id='word_1_767' title='bbox 2530 3604 2743 3659; x_wconf 90' lang='lat' dir='ltr'><strong>laudem</strong></span> <span class='ocrx_word' id='word_1_768' title='bbox 2784 3611 2839 3658; x_wconf 93' lang='lat' dir='ltr'><strong>et</strong></span> <span class='ocrx_word' id='word_1_769' title='bbox 2884 3605 3183 3659; x_wconf 87' lang='lat' dir='ltr'><strong>orationem</strong></span> <span class='ocrx_word' id='word_1_770' title='bbox 3225 3601 3359 3673; x_wconf 77' lang='lat' dir='ltr'><strong>(sive</strong></span> <span class='ocrx_word' id='word_1_771' title='bbox 3392 3617 3491 3656; x_wconf 89' lang='lat' dir='ltr'><strong>nec</strong></span> <span class='ocrx_word' id='word_1_772' title='bbox 3532 3617 3689 3672; x_wconf 83' lang='lat' dir='ltr'><strong>roges</strong></span> <span class='ocrx_word' id='word_1_773' title='bbox 3725 3610 3779 3654; x_wconf 88' lang='lat' dir='ltr'><strong>ut</strong></span> 
     </span>
    </p>
   </div>
   <div class='ocr_carea' id='block_1_97' title="bbox 2203 3690 3777 3763">
    <p class='ocr_par' dir='ltr' id='par_1_97' title="bbox 2203 3690 3777 3763">
     <span class='ocr_line' id='line_1_97' title="bbox 2203 3690 3777 3763; baseline -0.001 -16"><span class='ocrx_word' id='word_1_774' title='bbox 2203 3713 2222 3747; x_wconf 72' lang='grc' dir='ltr'><strong>ι</strong></span> <span class='ocrx_word' id='word_1_775' title='bbox 2260 3695 2686 3751; x_wconf 87' lang='lat' dir='ltr'><strong>misericordiam</strong></span> <span class='ocrx_word' id='word_1_776' title='bbox 2719 3693 3136 3763; x_wconf 86' lang='lat' dir='ltr'><strong>consequatur):</strong></span> <span class='ocrx_word' id='word_1_777' title='bbox 3169 3700 3221 3747; x_wconf 90' lang='lat' dir='ltr'><strong>et</strong></span> <span class='ocrx_word' id='word_1_778' title='bbox 3258 3708 3361 3746; x_wconf 91' lang='lat' dir='ltr'><strong>non</strong></span> <span class='ocrx_word' id='word_1_779' title='bbox 3388 3690 3622 3746; x_wconf 88' lang='lat' dir='ltr'><strong>obsistas</strong></span> <span class='ocrx_word' id='word_1_780' title='bbox 3649 3692 3777 3746; x_wconf 88' lang='lat' dir='ltr'><strong>mihi</strong></span> 
     </span>
    </p>
   </div>
   <div class='ocr_carea' id='block_1_98' title="bbox 2203 3782 3778 3856">
    <p class='ocr_par' dir='ltr' id='par_1_98' title="bbox 2203 3782 3778 3856">
     <span class='ocr_line' id='line_1_98' title="bbox 2203 3782 3778 3856; baseline 0 -19"><span class='ocrx_word' id='word_1_781' title='bbox 2203 3802 2224 3837; x_wconf 73' lang='grc' dir='ltr'><strong>ι</strong></span> <span class='ocrx_word' id='word_1_782' title='bbox 2259 3786 2384 3856; x_wconf 90' lang='lat' dir='ltr'><strong>quia</strong></span> <span class='ocrx_word' id='word_1_783' title='bbox 2416 3800 2524 3839; x_wconf 91' lang='lat' dir='ltr'><strong>non</strong></span> <span class='ocrx_word' id='word_1_784' title='bbox 2557 3785 2841 3840; x_wconf 76' lang='lat' dir='ltr'><strong>exaudiam</strong></span> <span class='ocrx_word' id='word_1_785' title='bbox 2874 3791 2944 3838; x_wconf 91' lang='lat' dir='ltr'><strong>te.</strong></span> <span class='ocrx_word' id='word_1_786' title='bbox 2978 3804 2997 3836; x_wconf 78' lang='grc' dir='ltr'><strong>ι</strong></span> <span class='ocrx_word' id='word_1_787' title='bbox 3040 3783 3116 3837; x_wconf 87' lang='lat' dir='ltr'><strong>Ne</strong></span> <span class='ocrx_word' id='word_1_788' title='bbox 3151 3782 3400 3838; x_wconf 84' lang='lat' dir='ltr'><strong>videatur</strong></span> <span class='ocrx_word' id='word_1_789' title='bbox 3436 3797 3632 3851; x_wconf 90' lang='lat' dir='ltr'><strong>rogans</strong></span> <span class='ocrx_word' id='word_1_790' title='bbox 3659 3799 3778 3853; x_wconf 85' lang='lat' dir='ltr'><strong>pro-</strong></span> 
     </span>
    </p>
   </div>
   <div class='ocr_carea' id='block_1_99' title="bbox 2195 3861 3778 3948">
    <p class='ocr_par' dir='ltr' id='par_1_99' title="bbox 2195 3861 3778 3948">
     <span class='ocr_line' id='line_1_99' title="bbox 2195 3861 3778 3948; baseline -0.004 -16"><span class='ocrx_word' id='word_1_791' title='bbox 2195 3879 2358 3948; x_wconf 86' lang='lat' dir='ltr'><strong>pheta</strong></span> <span class='ocrx_word' id='word_1_792' title='bbox 2406 3893 2512 3932; x_wconf 92' lang='lat' dir='ltr'><strong>non</strong></span> <span class='ocrx_word' id='word_1_793' title='bbox 2546 3865 2858 3946; x_wconf 53' lang='lat' dir='ltr'><strong>impetrare</strong></span> <span class='ocrx_word' id='word_1_794' title='bbox 2888 3872 3031 3945; x_wconf 90' lang='lat' dir='ltr'><strong>quod</strong></span> <span class='ocrx_word' id='word_1_795' title='bbox 3078 3861 3332 3944; x_wconf 80' lang='lat' dir='ltr'><strong>postulat,</strong></span> <span class='ocrx_word' id='word_1_796' title='bbox 3368 3874 3611 3943; x_wconf 73' lang='lat' dir='ltr'><strong>praecipit</strong></span> <span class='ocrx_word' id='word_1_797' title='bbox 3637 3873 3778 3933; x_wconf 87' lang='lat' dir='ltr'><strong>Deus</strong></span> 
     </span>
    </p>
   </div>
   <div class='ocr_carea' id='block_1_100' title="bbox 2196 3965 3773 4039">
    <p class='ocr_par' dir='ltr' id='par_1_100' title="bbox 2196 3965 3773 4039">
     <span class='ocr_line' id='line_1_100' title="bbox 2196 3965 3773 4039; baseline -0.004 -15"><span class='ocrx_word' id='word_1_798' title='bbox 2196 3983 2264 4024; x_wconf 90' lang='lat' dir='ltr'><strong>ne</strong></span> <span class='ocrx_word' id='word_1_799' title='bbox 2291 3984 2389 4039; x_wconf 91' lang='lat' dir='ltr'><strong>pro</strong></span> <span class='ocrx_word' id='word_1_800' title='bbox 2410 3968 2609 4039; x_wconf 83' lang='lat' dir='ltr'><strong>pOpulo</strong></span> <span class='ocrx_word' id='word_1_801' title='bbox 2645 3976 2951 4037; x_wconf 88' lang='lat' dir='ltr'><strong>peccatore,</strong></span> <span class='ocrx_word' id='word_1_802' title='bbox 2977 3974 3031 4021; x_wconf 91' lang='lat' dir='ltr'><strong>et</strong></span> <span class='ocrx_word' id='word_1_803' title='bbox 3060 3965 3260 4020; x_wconf 75' lang='lat' dir='ltr'><strong>trullam</strong></span> <span class='ocrx_word' id='word_1_804' title='bbox 3292 3974 3486 4037; x_wconf 87' lang='lat' dir='ltr'><strong>agente</strong></span> <span class='ocrx_word' id='word_1_805' title='bbox 3510 3966 3773 4035; x_wconf 61' lang='lat' dir='ltr'><strong>paeniten-</strong></span> 
     </span>
    </p>
   </div>
   <div class='ocr_carea' id='block_1_101' title="bbox 2196 4056 3775 4130">
    <p class='ocr_par' dir='ltr' id='par_1_101' title="bbox 2196 4056 3775 4130">
     <span class='ocr_line' id='line_1_101' title="bbox 2196 4056 3775 4130; baseline -0.001 -17"><span class='ocrx_word' id='word_1_806' title='bbox 2196 4062 2343 4122; x_wconf 90' lang='lat' dir='ltr'><strong>tiam,</strong></span> <span class='ocrx_word' id='word_1_807' title='bbox 2371 4061 2707 4130; x_wconf 89' lang='lat' dir='ltr'><strong>deprecetur.</strong></span> <span class='ocrx_word' id='word_1_808' title='bbox 2753 4058 2906 4126; x_wconf 90' lang='lat' dir='ltr'><strong>Quod</strong></span> <span class='ocrx_word' id='word_1_809' title='bbox 2954 4067 3135 4113; x_wconf 89' lang='lat' dir='ltr'><strong>autem</strong></span> <span class='ocrx_word' id='word_1_810' title='bbox 3165 4058 3295 4112; x_wconf 91' lang='lat' dir='ltr'><strong>dicit</strong></span> <span class='ocrx_word' id='word_1_811' title='bbox 3329 4075 3342 4109; x_wconf 91' lang='lat'><strong>:</strong></span> <span class='ocrx_word' id='word_1_812' title='bbox 3382 4075 3400 4107; x_wconf 77' lang='grc' dir='ltr'><strong>ι</strong></span> <span class='ocrx_word' id='word_1_813' title='bbox 3440 4056 3505 4111; x_wconf 82' lang='lat' dir='ltr'><strong>Et</strong></span> <span class='ocrx_word' id='word_1_814' title='bbox 3540 4073 3645 4111; x_wconf 89' lang='lat' dir='ltr'><strong>non</strong></span> <span class='ocrx_word' id='word_1_815' title='bbox 3688 4072 3775 4111; x_wconf 88' lang='lat' dir='ltr'><strong>re-</strong></span> 
     </span>
    </p>
   </div>
   <div class='ocr_carea' id='block_1_102' title="bbox 2194 4148 3770 4217">
    <p class='ocr_par' dir='ltr' id='par_1_102' title="bbox 2194 4148 3770 4217">
     <span class='ocr_line' id='line_1_102' title="bbox 2194 4148 3770 4217; baseline -0.002 -12"><span class='ocrx_word' id='word_1_816' title='bbox 2194 4150 2354 4205; x_wconf 89' lang='lat' dir='ltr'><strong>sistas</strong></span> <span class='ocrx_word' id='word_1_817' title='bbox 2399 4150 2552 4214; x_wconf 88' lang='lat' dir='ltr'><strong>mihi,</strong></span> <span class='ocrx_word' id='word_1_818' title='bbox 2598 4149 2727 4202; x_wconf 90' lang='lat' dir='ltr'><strong>illud</strong></span> <span class='ocrx_word' id='word_1_819' title='bbox 2772 4149 3010 4203; x_wconf 85' lang='lat' dir='ltr'><strong>ostendit</strong></span> <span class='ocrx_word' id='word_1_820' title='bbox 3051 4148 3193 4217; x_wconf 88' lang='lat' dir='ltr'><strong>quod</strong></span> <span class='ocrx_word' id='word_1_821' title='bbox 3230 4155 3541 4202; x_wconf 86' lang='lat' dir='ltr'><strong>sanctorum</strong></span> <span class='ocrx_word' id='word_1_822' title='bbox 3584 4161 3770 4216; x_wconf 81' lang='lat' dir='ltr'><strong>preces</strong></span> 
     </span>
    </p>
   </div>
   <div class='ocr_carea' id='block_1_103' title="bbox 2197 4230 3775 4311">
    <p class='ocr_par' dir='ltr' id='par_1_103' title="bbox 2197 4230 3775 4311">
     <span class='ocr_line' id='line_1_103' title="bbox 2197 4230 3775 4311; baseline -0.001 -17"><span class='ocrx_word' id='word_1_823' title='bbox 2197 4230 2301 4295; x_wconf 57' lang='lat' dir='ltr'><strong>irai</strong></span> <span class='ocrx_word' id='word_1_824' title='bbox 2321 4241 2414 4295; x_wconf 89' lang='lat' dir='ltr'><strong>Dei</strong></span> <span class='ocrx_word' id='word_1_825' title='bbox 2442 4240 2652 4311; x_wconf 91' lang='lat' dir='ltr'><strong>possint</strong></span> <span class='ocrx_word' id='word_1_826' title='bbox 2683 4240 2957 4294; x_wconf 90' lang='lat' dir='ltr'><strong>resistere.</strong></span> <span class='ocrx_word' id='word_1_827' title='bbox 2989 4238 3144 4294; x_wconf 90' lang='lat' dir='ltr'><strong>Unde</strong></span> <span class='ocrx_word' id='word_1_828' title='bbox 3164 4245 3219 4292; x_wconf 91' lang='lat' dir='ltr'><strong>et</strong></span> <span class='ocrx_word' id='word_1_829' title='bbox 3253 4237 3493 4307; x_wconf 89' lang='lat' dir='ltr'><strong>loquitur</strong></span> <span class='ocrx_word' id='word_1_830' title='bbox 3521 4235 3775 4292; x_wconf 85' lang='lat' dir='ltr'><strong>Dominus</strong></span> 
     </span>
    </p>
   </div>
   <div class='ocr_carea' id='block_1_104' title="bbox 2194 4330 3771 4405">
    <p class='ocr_par' dir='ltr' id='par_1_104' title="bbox 2194 4330 3771 4405">
     <span class='ocr_line' id='line_1_104' title="bbox 2194 4330 3771 4405; baseline -0.003 -16"><span class='ocrx_word' id='word_1_831' title='bbox 2194 4334 2261 4389; x_wconf 89' lang='lat' dir='ltr'><strong>ad</strong></span> <span class='ocrx_word' id='word_1_832' title='bbox 2292 4333 2511 4405; x_wconf 84' lang='lat' dir='ltr'><strong>Moysen</strong></span> <span class='ocrx_word' id='word_1_833' title='bbox 2553 4348 2567 4386; x_wconf 91' lang='lat'><strong>:</strong></span> <span class='ocrx_word' id='word_1_834' title='bbox 2608 4350 2627 4382; x_wconf 86' lang='grc'><strong><em>‹</em></strong></span> <span class='ocrx_word' id='word_1_835' title='bbox 2681 4331 2899 4387; x_wconf 88' lang='lat' dir='ltr'><strong>Dimitte</strong></span> <span class='ocrx_word' id='word_1_836' title='bbox 2940 4346 3025 4385; x_wconf 90' lang='lat' dir='ltr'><strong>me</strong></span> <span class='ocrx_word' id='word_1_837' title='bbox 3076 4339 3132 4385; x_wconf 91' lang='lat' dir='ltr'><strong>ut</strong></span> <span class='ocrx_word' id='word_1_838' title='bbox 3174 4330 3481 4399; x_wconf 86' lang='lat' dir='ltr'><strong>percutiam</strong></span> <span class='ocrx_word' id='word_1_839' title='bbox 3523 4332 3771 4399; x_wconf 86' lang='lat' dir='ltr'><strong>populum</strong></span> 
     </span>
    </p>
   </div>
   <div class='ocr_carea' id='block_1_105' title="bbox 2189 4418 3769 4491">
    <p class='ocr_par' dir='ltr' id='par_1_105' title="bbox 2189 4418 3769 4491">
     <span class='ocr_line' id='line_1_105' title="bbox 2189 4418 3769 4491; baseline -0.003 -13"><span class='ocrx_word' id='word_1_840' title='bbox 2189 4426 2377 4487; x_wconf 86' lang='lat' dir='ltr'><strong>istum,</strong></span> <span class='ocrx_word' id='word_1_841' title='bbox 2441 4432 2495 4478; x_wconf 89' lang='lat' dir='ltr'><strong>et</strong></span> <span class='ocrx_word' id='word_1_842' title='bbox 2557 4421 2750 4476; x_wconf 90' lang='lat' dir='ltr'><strong>faciam</strong></span> <span class='ocrx_word' id='word_1_843' title='bbox 2808 4421 2966 4475; x_wconf 84' lang='lat' dir='ltr'><strong>tein</strong></span> <span class='ocrx_word' id='word_1_844' title='bbox 3009 4429 3223 4491; x_wconf 85' lang='lat' dir='ltr'><strong>gentem</strong></span> <span class='ocrx_word' id='word_1_845' title='bbox 3274 4435 3521 4489; x_wconf 88' lang='lat' dir='ltr'><strong>magnam</strong></span> <span class='ocrx_word' id='word_1_846' title='bbox 3577 4418 3769 4489; x_wconf 72' lang='lat' dir='ltr'><strong>(Exod.</strong></span> 
     </span>
    </p>
   </div>
   <div class='ocr_carea' id='block_1_106' title="bbox 2196 4502 3772 4581">
    <p class='ocr_par' dir='ltr' id='par_1_106' title="bbox 2196 4502 3772 4581">
     <span class='ocr_line' id='line_1_106' title="bbox 2196 4502 3772 4581; baseline -0.003 -15"><span class='ocrx_word' id='word_1_847' title='bbox 2196 4511 2391 4581; x_wconf 88' lang='grc' dir='ltr'>χχχιι).</span> <span class='ocrx_word' id='word_1_848' title='bbox 2439 4531 2457 4563; x_wconf 81' lang='grc' dir='ltr'><strong>ι</strong></span> <span class='ocrx_word' id='word_1_849' title='bbox 2492 4511 2559 4565; x_wconf 83' lang='lat' dir='ltr'><strong>Et</strong></span> <span class='ocrx_word' id='word_1_850' title='bbox 2601 4511 2653 4563; x_wconf 89' lang='lat' dir='ltr'><strong>in</strong></span> <span class='ocrx_word' id='word_1_851' title='bbox 2700 4502 2931 4565; x_wconf 81' lang='lat' dir='ltr'><strong>Psalmis</strong></span> <span class='ocrx_word' id='word_1_852' title='bbox 2967 4508 3267 4565; x_wconf 87' lang='lat' dir='ltr'><strong>scribitur:</strong></span> <span class='ocrx_word' id='word_1_853' title='bbox 3306 4527 3324 4559; x_wconf 74' lang='grc' dir='ltr'><strong>ι</strong></span> <span class='ocrx_word' id='word_1_854' title='bbox 3362 4508 3430 4562; x_wconf 87' lang='lat' dir='ltr'><strong>Et</strong></span> <span class='ocrx_word' id='word_1_855' title='bbox 3474 4508 3616 4561; x_wconf 86' lang='lat' dir='ltr'><strong>stetit</strong></span> <span class='ocrx_word' id='word_1_856' title='bbox 3651 4508 3772 4562; x_wconf 84' lang='lat' dir='ltr'><strong>Phi-</strong></span> 
     </span>
    </p>
   </div>
   <div class='ocr_carea' id='block_1_107' title="bbox 2196 4603 3769 4671">
    <p class='ocr_par' dir='ltr' id='par_1_107' title="bbox 2196 4603 3769 4671">
     <span class='ocr_line' id='line_1_107' title="bbox 2196 4603 3769 4671; baseline -0.003 -12"><span class='ocrx_word' id='word_1_857' title='bbox 2196 4620 2323 4659; x_wconf 89' lang='lat' dir='ltr'><strong>nees</strong></span> <span class='ocrx_word' id='word_1_858' title='bbox 2351 4611 2406 4658; x_wconf 89' lang='lat' dir='ltr'><strong>et</strong></span> <span class='ocrx_word' id='word_1_859' title='bbox 2426 4604 2681 4671; x_wconf 88' lang='lat' dir='ltr'><strong>placavit,</strong></span> <span class='ocrx_word' id='word_1_860' title='bbox 2716 4613 2770 4657; x_wconf 89' lang='lat' dir='ltr'><strong>et</strong></span> <span class='ocrx_word' id='word_1_861' title='bbox 2798 4603 3033 4657; x_wconf 88' lang='lat' dir='ltr'><strong>cessavit</strong></span> <span class='ocrx_word' id='word_1_862' title='bbox 3058 4603 3354 4670; x_wconf 88' lang='lat' dir='ltr'><strong>quassatio,</strong></span> <span class='ocrx_word' id='word_1_863' title='bbox 3380 4610 3437 4655; x_wconf 90' lang='lat' dir='ltr'><strong>et</strong></span> <span class='ocrx_word' id='word_1_864' title='bbox 3474 4610 3769 4669; x_wconf 80' lang='lat' dir='ltr'><strong>reputatum</strong></span> 
     </span>
    </p>
   </div>
   <div class='ocr_carea' id='block_1_108' title="bbox 2192 4692 3771 4764">
    <p class='ocr_par' dir='ltr' id='par_1_108' title="bbox 2192 4692 3771 4764">
     <span class='ocr_line' id='line_1_108' title="bbox 2192 4692 3771 4764; baseline -0.003 -12"><span class='ocrx_word' id='word_1_865' title='bbox 2192 4705 2271 4752; x_wconf 84' lang='lat' dir='ltr'><strong>est</strong></span> <span class='ocrx_word' id='word_1_866' title='bbox 2320 4696 2393 4749; x_wconf 93' lang='lat' dir='ltr'><strong>illi</strong></span> <span class='ocrx_word' id='word_1_867' title='bbox 2424 4696 2490 4749; x_wconf 92' lang='lat' dir='ltr'><strong>ad</strong></span> <span class='ocrx_word' id='word_1_868' title='bbox 2534 4694 2800 4762; x_wconf 87' lang='lat' dir='ltr'><strong>justitiam</strong></span> <span class='ocrx_word' id='word_1_869' title='bbox 2831 4692 3005 4764; x_wconf 73' lang='lat' dir='ltr'><strong>(Prol.</strong></span> <span class='ocrx_word' id='word_1_870' title='bbox 3039 4694 3147 4764; x_wconf 88' lang='lat' dir='ltr'><strong>cv).</strong></span> <span class='ocrx_word' id='word_1_871' title='bbox 3187 4712 3205 4744; x_wconf 79' lang='grc' dir='ltr'><strong>ι</strong></span> <span class='ocrx_word' id='word_1_872' title='bbox 3239 4695 3414 4747; x_wconf 83' lang='lat' dir='ltr'><strong>Aaron</strong></span> <span class='ocrx_word' id='word_1_873' title='bbox 3443 4710 3657 4763; x_wconf 81' lang='lat' dir='ltr'><strong>quoque</strong></span> <span class='ocrx_word' id='word_1_874' title='bbox 3687 4711 3771 4747; x_wconf 60' lang='lat' dir='ltr'><strong>aro</strong></span> 
     </span>
    </p>
   </div>
   <div class='ocr_carea' id='block_1_109' title="bbox 2196 4774 3767 4856">
    <p class='ocr_par' dir='ltr' id='par_1_109' title="bbox 2196 4774 3767 4856">
     <span class='ocr_line' id='line_1_109' title="bbox 2196 4774 3767 4856; baseline -0.003 -15"><span class='ocrx_word' id='word_1_875' title='bbox 2196 4794 2348 4856; x_wconf 84' lang='lat' dir='ltr'><strong>repto</strong></span> <span class='ocrx_word' id='word_1_876' title='bbox 2380 4782 2654 4853; x_wconf 78' lang='lat' dir='ltr'><strong>thurihalo</strong></span> <span class='ocrx_word' id='word_1_877' title='bbox 2695 4784 2833 4837; x_wconf 88' lang='lat' dir='ltr'><strong>inter</strong></span> <span class='ocrx_word' id='word_1_878' title='bbox 2877 4783 3055 4853; x_wconf 86' lang='lat' dir='ltr'><strong>ignem</strong></span> <span class='ocrx_word' id='word_1_879' title='bbox 3084 4776 3468 4851; x_wconf 84' lang='lat' dir='ltr'><strong>arsurumque</strong></span> <span class='ocrx_word' id='word_1_880' title='bbox 3521 4774 3767 4853; x_wconf 75' lang='lat' dir='ltr'><strong>populum</strong></span> 
     </span>
    </p>
   </div>
   <div class='ocr_carea' id='block_1_110' title="bbox 2197 4871 3768 4943">
    <p class='ocr_par' dir='ltr' id='par_1_110' title="bbox 2197 4871 3768 4943">
     <span class='ocr_line' id='line_1_110' title="bbox 2197 4871 3768 4943; baseline -0.001 -13"><span class='ocrx_word' id='word_1_881' title='bbox 2197 4877 2407 4931; x_wconf 91' lang='lat' dir='ltr'><strong>medius</strong></span> <span class='ocrx_word' id='word_1_882' title='bbox 2440 4876 2611 4940; x_wconf 89' lang='lat' dir='ltr'><strong>stetit,</strong></span> <span class='ocrx_word' id='word_1_883' title='bbox 2645 4884 2699 4929; x_wconf 92' lang='lat' dir='ltr'><strong>et</strong></span> <span class='ocrx_word' id='word_1_884' title='bbox 2730 4874 2823 4928; x_wconf 84' lang='lat' dir='ltr'><strong>Dei</strong></span> <span class='ocrx_word' id='word_1_885' title='bbox 2855 4874 2933 4927; x_wconf 91' lang='lat' dir='ltr'><strong>ira</strong></span> <span class='ocrx_word' id='word_1_886' title='bbox 2966 4873 3197 4927; x_wconf 86' lang='lat' dir='ltr'><strong>cessavit</strong></span> <span class='ocrx_word' id='word_1_887' title='bbox 3227 4871 3415 4943; x_wconf 81' lang='lat' dir='ltr'><strong>(Num.</strong></span> <span class='ocrx_word' id='word_1_888' title='bbox 3450 4874 3585 4943; x_wconf 79' lang='lat' dir='ltr'><strong>xvi).</strong></span> <span class='ocrx_word' id='word_1_889' title='bbox 3639 4874 3768 4929; x_wconf 84' lang='lat' dir='ltr'><strong>Hinc</strong></span> 
     </span>
    </p>
   </div>
   <div class='ocr_carea' id='block_1_111' title="bbox 2198 4964 3769 5037">
    <p class='ocr_par' dir='ltr' id='par_1_111' title="bbox 2198 4964 3769 5037">
     <span class='ocr_line' id='line_1_111' title="bbox 2198 4964 3769 5037; baseline -0.003 -15"><span class='ocrx_word' id='word_1_890' title='bbox 2198 4965 2415 5022; x_wconf 86' lang='lat' dir='ltr'><strong>in&#39;lsaia</strong></span> <span class='ocrx_word' id='word_1_891' title='bbox 2452 4968 2647 5037; x_wconf 86' lang='lat' dir='ltr'><strong>legitur</strong></span> <span class='ocrx_word' id='word_1_892' title='bbox 2680 4984 2693 5019; x_wconf 90' lang='lat'><strong>:</strong></span> <span class='ocrx_word' id='word_1_893' title='bbox 2734 4985 2752 5016; x_wconf 86' lang='grc'><strong>‹</strong></span> <span class='ocrx_word' id='word_1_894' title='bbox 2798 4964 3167 5019; x_wconf 87' lang='lat' dir='ltr'><strong>Fundamenta</strong></span> <span class='ocrx_word' id='word_1_895' title='bbox 3206 4966 3573 5033; x_wconf 83' lang='lat' dir='ltr'><strong>generationis</strong></span> <span class='ocrx_word' id='word_1_896' title='bbox 3598 4974 3654 5019; x_wconf 89' lang='lat' dir='ltr'><strong>et</strong></span> <span class='ocrx_word' id='word_1_897' title='bbox 3684 4979 3769 5036; x_wconf 84' lang='lat' dir='ltr'><strong>ge-</strong></span> 
     </span>
    </p>
   </div>
   <div class='ocr_carea' id='block_1_112' title="bbox 2194 5055 3769 5121">
    <p class='ocr_par' dir='ltr' id='par_1_112' title="bbox 2194 5055 3769 5121">
     <span class='ocr_line' id='line_1_112' title="bbox 2194 5055 3769 5121; baseline -0.001 -8"><span class='ocrx_word' id='word_1_898' title='bbox 2194 5058 2488 5113; x_wconf 86' lang='lat' dir='ltr'><strong>nerationis</strong></span> <span class='ocrx_word' id='word_1_899' title='bbox 2540 5057 2850 5121; x_wconf 84' lang='lat' dir='ltr'><strong>suscitabis,</strong></span> <span class='ocrx_word' id='word_1_900' title='bbox 2908 5064 2963 5109; x_wconf 88' lang='lat' dir='ltr'><strong>e&#39;t</strong></span> <span class='ocrx_word' id='word_1_901' title='bbox 3017 5055 3297 5110; x_wconf 86' lang='lat' dir='ltr'><strong>vocaberis</strong></span> <span class='ocrx_word' id='word_1_902' title='bbox 3346 5057 3644 5112; x_wconf 65' lang='lat' dir='ltr'><strong>aadificator</strong></span> <span class='ocrx_word' id='word_1_903' title='bbox 3690 5074 3769 5112; x_wconf 80' lang='lat' dir='ltr'><strong>se-</strong></span> 
     </span>
    </p>
   </div>
   <div class='ocr_carea' id='block_1_113' title="bbox 2195 5146 3761 5220">
    <p class='ocr_par' dir='ltr' id='par_1_113' title="bbox 2195 5146 3761 5220">
     <span class='ocr_line' id='line_1_113' title="bbox 2195 5146 3761 5220; baseline -0.001 -18"><span class='ocrx_word' id='word_1_904' title='bbox 2195 5150 2361 5220; x_wconf 91' lang='lat' dir='ltr'><strong>pium,</strong></span> <span class='ocrx_word' id='word_1_905' title='bbox 2390 5157 2711 5203; x_wconf 90' lang='lat' dir='ltr'><strong>convertens</strong></span> <span class='ocrx_word' id='word_1_906' title='bbox 2737 5148 2959 5203; x_wconf 85' lang='lat' dir='ltr'><strong>semitas</strong></span> <span class='ocrx_word' id='word_1_907' title='bbox 3004 5146 3057 5200; x_wconf 93' lang='lat' dir='ltr'><strong>in</strong></span> <span class='ocrx_word' id='word_1_908' title='bbox 3088 5146 3323 5216; x_wconf 86' lang='lat' dir='ltr'><strong>quietem</strong></span> <span class='ocrx_word' id='word_1_909' title='bbox 3352 5148 3491 5219; x_wconf 69' lang='lat' dir='ltr'><strong>(Ira.</strong></span> <span class='ocrx_word' id='word_1_910' title='bbox 3537 5150 3709 5220; x_wconf 76' lang='lat' dir='ltr'><strong>LVIII).</strong></span> <span class='ocrx_word' id='word_1_911' title='bbox 3746 5170 3761 5201; x_wconf 79' lang='grc' dir='ltr'><strong>ι</strong></span> 
     </span>
    </p>
   </div>
   <div class='ocr_carea' id='block_1_114' title="bbox 2196 5236 3770 5310">
    <p class='ocr_par' dir='ltr' id='par_1_114' title="bbox 2196 5236 3770 5310">
     <span class='ocr_line' id='line_1_114' title="bbox 2196 5236 3770 5310; baseline 0.002 -19"><span class='ocrx_word' id='word_1_912' title='bbox 2196 5237 2464 5310; x_wconf 78' lang='grc' dir='ltr'><strong>(Ηὶενοη.)</strong></span> <span class='ocrx_word' id='word_1_913' title='bbox 2496 5237 2600 5293; x_wconf 88' lang='lat' dir='ltr'><strong>Pro</strong></span> <span class='ocrx_word' id='word_1_914' title='bbox 2627 5257 2645 5289; x_wconf 86' lang='grc'><strong><em>‹</em></strong></span> <span class='ocrx_word' id='word_1_915' title='bbox 2683 5236 3010 5292; x_wconf 71' lang='lat' dir='ltr'><strong>aadificatore</strong></span> <span class='ocrx_word' id='word_1_916' title='bbox 3057 5237 3287 5306; x_wconf 90' lang='lat' dir='ltr'><strong>sepium,</strong></span> <span class='ocrx_word' id='word_1_917' title='bbox 3332 5257 3351 5288; x_wconf 77' lang='grc' dir='ltr'><strong>ι</strong></span> <span class='ocrx_word' id='word_1_918' title='bbox 3385 5237 3579 5307; x_wconf 75' lang='lat' dir='ltr'><strong>Aquila</strong></span> <span class='ocrx_word' id='word_1_919' title='bbox 3606 5239 3770 5293; x_wconf 81' lang='lat' dir='ltr'><strong>inter—</strong></span> 
     </span>
    </p>
   </div>
   <div class='ocr_carea' id='block_1_115' title="bbox 2194 5327 3767 5400">
    <p class='ocr_par' dir='ltr' id='par_1_115' title="bbox 2194 5327 3767 5400">
     <span class='ocr_line' id='line_1_115' title="bbox 2194 5327 3767 5400; baseline 0.001 -18"><span class='ocrx_word' id='word_1_920' title='bbox 2194 5337 2435 5400; x_wconf 88' lang='lat' dir='ltr'><strong>pretatus</strong></span> <span class='ocrx_word' id='word_1_921' title='bbox 2473 5338 2556 5383; x_wconf 89' lang='lat' dir='ltr'><strong>est</strong></span> <span class='ocrx_word' id='word_1_922' title='bbox 2606 5348 2619 5382; x_wconf 76' lang='grc' dir='ltr'>ε</span> <span class='ocrx_word' id='word_1_923' title='bbox 2655 5347 2672 5379; x_wconf 74' lang='grc' dir='ltr'><strong>ι</strong></span> <span class='ocrx_word' id='word_1_924' title='bbox 2710 5328 2801 5397; x_wconf 88' lang='lat' dir='ltr'><strong>qui</strong></span> <span class='ocrx_word' id='word_1_925' title='bbox 2832 5341 2890 5381; x_wconf 91' lang='lat' dir='ltr'><strong>se</strong></span> <span class='ocrx_word' id='word_1_926' title='bbox 2933 5335 3169 5397; x_wconf 90' lang='lat' dir='ltr'><strong>opponat</strong></span> <span class='ocrx_word' id='word_1_927' title='bbox 3195 5327 3289 5381; x_wconf 90' lang='lat' dir='ltr'><strong>Dei</strong></span> <span class='ocrx_word' id='word_1_928' title='bbox 3327 5327 3624 5383; x_wconf 72' lang='lat' dir='ltr'><strong>iracundia:</strong></span> <span class='ocrx_word' id='word_1_929' title='bbox 3669 5344 3767 5384; x_wconf 74' lang='lat' dir='ltr'><strong>sa:-</strong></span> 
     </span>
    </p>
   </div>
   <div class='ocr_carea' id='block_1_116' title="bbox 2196 5421 3767 5492">
    <p class='ocr_par' dir='ltr' id='par_1_116' title="bbox 2196 5421 3767 5492">
     <span class='ocr_line' id='line_1_116' title="bbox 2196 5421 3767 5492; baseline -0.001 -15"><span class='ocrx_word' id='word_1_930' title='bbox 2196 5423 2380 5477; x_wconf 89' lang='lat' dir='ltr'><strong>vicnti.</strong></span> <span class='ocrx_word' id='word_1_931' title='bbox 2436 5442 2453 5473; x_wconf 87' lang='grc' dir='ltr'><strong>ι</strong></span> <span class='ocrx_word' id='word_1_932' title='bbox 2502 5423 2739 5490; x_wconf 90' lang='lat' dir='ltr'><strong>Denique</strong></span> <span class='ocrx_word' id='word_1_933' title='bbox 2779 5421 3136 5492; x_wconf 83' lang='lat' dir='ltr'><strong>Symmachus</strong></span> <span class='ocrx_word' id='word_1_934' title='bbox 3171 5440 3190 5472; x_wconf 77' lang='grc' dir='ltr'><strong>ι</strong></span> <span class='ocrx_word' id='word_1_935' title='bbox 3228 5423 3526 5486; x_wconf 86' lang='lat' dir='ltr'><strong>transtulit,</strong></span> <span class='ocrx_word' id='word_1_936' title='bbox 3559 5437 3767 5476; x_wconf 89' lang='lat' dir='ltr'><strong>murum</strong></span> 
     </span>
    </p>
   </div>
   <div class='ocr_carea' id='block_1_117' title="bbox 2195 5497 3764 5583">
    <p class='ocr_par' dir='ltr' id='par_1_117' title="bbox 2195 5497 3764 5583">
     <span class='ocr_line' id='line_1_117' title="bbox 2195 5497 3764 5583; baseline 0 -16"><span class='ocrx_word' id='word_1_937' title='bbox 2195 5529 2470 5583; x_wconf 91' lang='lat' dir='ltr'><strong>opponens</strong></span> <span class='ocrx_word' id='word_1_938' title='bbox 2492 5513 2737 5576; x_wconf 69' lang='lat' dir='ltr'><strong>cmdenti,</strong></span> <span class='ocrx_word' id='word_1_939' title='bbox 2752 5532 2769 5563; x_wconf 79' lang='grc' dir='ltr'><strong>ι</strong></span> <span class='ocrx_word' id='word_1_940' title='bbox 2796 5497 2981 5581; x_wconf 68' lang='lat' dir='ltr'><strong>quiales</strong></span> <span class='ocrx_word' id='word_1_941' title='bbox 3003 5511 3220 5567; x_wconf 89' lang='lat' dir='ltr'><strong>fuerunt</strong></span> <span class='ocrx_word' id='word_1_942' title='bbox 3241 5512 3475 5583; x_wconf 82' lang='lat' dir='ltr'><strong>Moyses,</strong></span> <span class='ocrx_word' id='word_1_943' title='bbox 3494 5520 3550 5566; x_wconf 89' lang='lat' dir='ltr'><strong>et</strong></span> <span class='ocrx_word' id='word_1_944' title='bbox 3569 5513 3764 5575; x_wconf 83' lang='lat' dir='ltr'><strong>Aaron,</strong></span> 
     </span>
    </p>
   </div>
   <div class='ocr_carea' id='block_1_118' title="bbox 2194 5602 3739 5671">
    <p class='ocr_par' dir='ltr' id='par_1_118' title="bbox 2194 5602 3739 5671">
     <span class='ocr_line' id='line_1_118' title="bbox 2194 5602 3739 5671; baseline -0.002 -13"><span class='ocrx_word' id='word_1_945' title='bbox 2194 5612 2249 5658; x_wconf 92' lang='lat' dir='ltr'><strong>et</strong></span> <span class='ocrx_word' id='word_1_946' title='bbox 2273 5602 2509 5668; x_wconf 89' lang='lat' dir='ltr'><strong>Samuel,</strong></span> <span class='ocrx_word' id='word_1_947' title='bbox 2536 5602 2626 5669; x_wconf 90' lang='lat' dir='ltr'><strong>qui</strong></span> <span class='ocrx_word' id='word_1_948' title='bbox 2649 5603 2741 5655; x_wconf 71' lang='lat' dir='ltr'><strong>irre</strong></span> <span class='ocrx_word' id='word_1_949' title='bbox 2769 5602 2975 5655; x_wconf 89' lang='lat' dir='ltr'><strong>Domini</strong></span> <span class='ocrx_word' id='word_1_950' title='bbox 3008 5603 3342 5664; x_wconf 84' lang='lat' dir='ltr'><strong>restiterunt,</strong></span> <span class='ocrx_word' id='word_1_951' title='bbox 3372 5609 3429 5654; x_wconf 90' lang='lat' dir='ltr'><strong>et</strong></span> <span class='ocrx_word' id='word_1_952' title='bbox 3453 5602 3611 5671; x_wconf 86' lang='lat' dir='ltr'><strong>quasi</strong></span> <span class='ocrx_word' id='word_1_953' title='bbox 3636 5602 3739 5657; x_wconf 67' lang='grc' dir='ltr'><strong>εεόί</strong></span> 
     </span>
    </p>
   </div>
   <div class='ocr_carea' id='block_1_119' title="bbox 2196 5692 3763 5761">
    <p class='ocr_par' dir='ltr' id='par_1_119' title="bbox 2196 5692 3763 5761">
     <span class='ocr_line' id='line_1_119' title="bbox 2196 5692 3763 5761; baseline -0.004 -12"><span class='ocrx_word' id='word_1_954' title='bbox 2196 5696 2352 5749; x_wconf 87' lang='lat' dir='ltr'><strong>lican</strong></span> <span class='ocrx_word' id='word_1_955' title='bbox 2402 5708 2556 5748; x_wconf 89' lang='lat' dir='ltr'><strong>muro</strong></span> <span class='ocrx_word' id='word_1_956' title='bbox 2612 5692 2965 5760; x_wconf 84' lang='lat' dir='ltr'><strong>indignationi</strong></span> <span class='ocrx_word' id='word_1_957' title='bbox 3019 5692 3136 5761; x_wconf 90' lang='lat' dir='ltr'><strong>eius</strong></span> <span class='ocrx_word' id='word_1_958' title='bbox 3184 5704 3411 5761; x_wconf 90' lang='lat' dir='ltr'><strong>posuere</strong></span> <span class='ocrx_word' id='word_1_959' title='bbox 3452 5692 3763 5746; x_wconf 87' lang='lat' dir='ltr'><strong>terminum.</strong></span> 
     </span>
    </p>
   </div>
   <div class='ocr_carea' id='block_1_120' title="bbox 2195 5781 3769 5857">
    <p class='ocr_par' dir='ltr' id='par_1_120' title="bbox 2195 5781 3769 5857">
     <span class='ocr_line' id='line_1_120' title="bbox 2195 5781 3769 5857; baseline 0 -16"><span class='ocrx_word' id='word_1_960' title='bbox 2195 5784 2348 5857; x_wconf 87' lang='lat' dir='ltr'><strong>Quod</strong></span> <span class='ocrx_word' id='word_1_961' title='bbox 2374 5792 2429 5839; x_wconf 90' lang='lat' dir='ltr'><strong>et</strong></span> <span class='ocrx_word' id='word_1_962' title='bbox 2454 5783 2699 5840; x_wconf 71' lang='lat' dir='ltr'><strong>Jeremia:</strong></span> <span class='ocrx_word' id='word_1_963' title='bbox 2728 5783 2948 5846; x_wconf 70' lang='lat' dir='ltr'><strong>dicitur,</strong></span> <span class='ocrx_word' id='word_1_964' title='bbox 3001 5781 3079 5838; x_wconf 85' lang='lat' dir='ltr'><strong>Ne</strong></span> <span class='ocrx_word' id='word_1_965' title='bbox 3123 5790 3376 5838; x_wconf 88' lang='lat' dir='ltr'><strong>occurrat</strong></span> <span class='ocrx_word' id='word_1_966' title='bbox 3401 5781 3657 5851; x_wconf 86' lang='lat' dir='ltr'><strong>Domino,</strong></span> <span class='ocrx_word' id='word_1_967' title='bbox 3701 5799 3769 5851; x_wconf 73' lang='lat' dir='ltr'><strong>ne</strong></span> 
     </span>
    </p>
   </div>
  </div>
