3910 6342
163 371 260 430 861

1078 361 1442 424 EXPOSITIO
1480 359 1707 425 SUPER
1741 358 2108 423 ΙΕΒΕΜΙΔΜ.
2145 388 2219 403 -
2251 359 2382 424 LIB.
2418 359 2508 418 ιν.

3311 353 3422 429 862

163 489 260 547 irae
309 485 429 557 ejus
453 483 586 541 velit
612 484 888 551 resistere,
938 491 996 538 et
1047 481 1468 554 indignationem
1509 480 1582 535 ita
1613 493 1736 551 pre.
1765 477 1820 546 Α
1839 477 1957 534 lare
2002 461 2394 550 blasphemiam
2418 485 2475 534 et
2501 478 2726 536 verbum
2772 485 2967 536 contra
2989 468 3266 552 Spiritum
3290 495 3418 540 san-

163 578 321 638 cihus
348 577 504 649 quasi
548 575 782 646 quodam
838 589 994 631 muro
1049 572 1435 640 intercludere;
1473 582 1528 628 et
1566 571 1739 643 Moysi

163 671 320 745 quasi
366 675 640 727 teneretur
667 668 735 722 ab
768 682 833 722 eo
867 667 1127 724 Dominus
1159 683 1172 719 ;
1213 683 1232 716 ε
1270 664 1488 720 Dimitte
1515 680 1620 730 me,
1651 664 1739 718 in-

163 766 304 834 quit.
357 769 414 815 et
452 759 749 830 percutiam
802 758 962 813 istum
1019 755 1273 826 populum
1320 754 1498 827 (Deut.
1552 754 1652 825 ix).
1713 773 1733 806 ι

163 852 474 910 istiusmodi
512 848 808 908 :ediilcator
848 847 1206 905 maceriarum
1253 859 1636 914 murorumque
1685 851 1743 899 et

167 947 377 1016 sepium
411 943 676 1003 convertit
699 940 921 997 semitas
949 939 1003 995 in
1027 939 1285 1008 quietem,
1316 945 1377 992 ut
1402 951 1740 1008 nequaquam

165 1037 260 1092 Dei
303 1037 385 1091 ira
414 1033 688 1097 desawiat,
726 1031 821 1089 sed
870 1029 1116 1101 placatus
1162 1028 1233 1084 sit
1278 1027 1359 1086 eis
1384 1026 1662 1091 Dominus,
1686 1034 1742 1082 et

163 1144 356 1185 omnes
378 1123 757 1196 indignationis
778 1121 983 1178 semita:
998 1117 1428 1190 conquiescant?
1451 1115 1739 1174 Sciendum

165 1235 300 1278 vero
348 1228 432 1276 est
475 1218 614 1289 quod
646 1218 752 1273 duo
777 1223 903 1272 sunt
950 1230 1070 1284 qua:
1108 1212 1379 1268 obsistunt
1406 1210 1742 1279 orationibus

160 1314 368 1370 nostris
396 1327 464 1368 ne
506 1309 864 1366 exaudiantur
907 1322 939 1362 a
966 1306 1238 1362 Domino:
1270 1305 1372 1362 hoc
1408 1313 1514 1368 est,
1558 1303 1739 1358 incor-

160 1414 346 1461 rectus
375 1412 431 1459 et
449 1415 772 1473 permanens
797 1413 973 1463 error,
1001 1404 1055 1452 et
1071 1410 1165 1452 cor
1182 1393 1544 1464 impcenitens.
1577 1392 1742 1448 Error

158 1494 309 1550 enim
357 1493 475 1563 ipse
521 1505 795 1560 nunquam
826 1487 1050 1544 veniam
1099 1493 1438 1557 promeretur
1467 1503 1480 1539 :
1513 1483 1606 1538 sed
1648 1482 1739 1553 qui

158 1599 228 1640 eo
275 1585 547 1639 veraciter
584 1580 842 1645 caruerit,
890 1587 1052 1650 atque
1088 1579 1156 1634 ab
1183 1576 1300 1646 ejus
1325 1575 1741 1646 participatione

159 1674 414 1739 discedit,
440 1673 652 1729 veniam
675 1670 911 1740 habebit.
940 1668 1187 1737 Quandiu
1209 1682 1337 1737 ergo
1360 1667 1412 1720 in
1435 1665 1741 1720 hominibus

156 1777 244 1824 est
274 1769 375 1823 iste
399 1783 574 1831 error,
604 1764 1004 1820 damnationem
1031 1775 1183 1834 suam
1206 1765 1370 1822 tonet,
1392 1764 1448 1812 et
1468 1769 1738 1825 nunquam

1841 583 2009 641 ctum,
2041 573 2184 644 quod
2236 571 2611 628 remissionem
2657 586 2762 627 non
2807 572 2974 628 habet
3018 572 3074 627 in
3101 583 3412 631 aeternum:

1840 651 1977 732 heat—3r,
2022 665 2266 736 inquam,
2306 661 2695 734 impcenitentia
2723 670 2913 720 contra
2957 663 3417 740 quamdamahat

1841 768 1895 813 et
1921 772 2097 832 praeco
2121 764 2176 812 et
2215 755 2382 827 iudex
2423 754 2708 838 dicentes:
2742 773 2760 806 ι
2795 754 3176 810 Pcnnitentiam
3223 755 3367 826 agite
3398 774 3412 810 :

1839 838 2296 923 appropinquabit
2344 848 2489 905 enim
2531 863 2823 917 regnorum
2877 846 3139 905 caelorum
3188 845 3411 919 (Matth.

1842 939 1959 1014 ut);
1987 961 2008 993 ι
2033 949 2220 996 contra
2246 929 2408 1010 quam
2436 939 2696 995 Dominus
2715 953 2778 994 os
2799 938 3124 1010 evangelicae
3152 939 3413 1010 pradica-

1843 1033 2006 1089 tionis
2019 1033 2264 1105 aperuit,
2293 1040 2346 1086 et
2377 1040 2564 1088 contra
2589 1047 2753 1103 quam
2778 1033 2954 1102 ipsum
2982 1031 3330 1104 Evatigelitun
3363 1033 3418 1087 in

1842 1130 1955 1178 toto
1975 1122 2110 1178 orbe
2152 1122 2552 1196 medicandum
2599 1138 2721 1178 esse
2762 1123 3031 1194 praedixit,
3079 1121 3168 1180 ubi
3207 1130 3421 1192 postea-

1841 1230 2001 1286 quam
2057 1217 2352 1271 resurrexit
2404 1231 2434 1269 a
2493 1214 2742 1282 mortuis,
2788 1215 2865 1269 ait
2913 1212 3186 1284 discipulis
3233 1214 3346 1269 suis
3399 1229 3419 1268 :

1848 1328 1867 1360 ι
1896 1306 2193 1382 Oportebat
2224 1307 2500 1364 Christum
2545 1308 2656 1378 pati
2699 1315 2755 1365 et
2803 1321 3087 1378 resurgere
3117 1323 3146 1362 a
3194 1306 3422 1364 mortuis

1844 1400 2003 1457 tertia
2033 1400 2138 1466 die,
2165 1407 2221 1455 et
2247 1400 2530 1469 praedicari
2564 1399 2618 1453 in
2637 1399 2863 1457 nomine
2891 1399 3007 1468 ejus
3041 1399 3421 1470 paenitentiam

1842 1499 1898 1547 et
1923 1489 2294 1545 remissionem
2319 1498 2668 1559 peccatorum
2698 1505 2800 1560 per.
2823 1505 3016 1548 manes
3044 1498 3255 1560 gentes,
3285 1488 3421 1544 inci-

1840 1583 2114 1654 pientihus
2163 1573 2240 1638 ah.
2283 1580 2582 1638 Jerusalem
2633 1579 2785 1653 (Luc.
2817 1581 2997 1653 xxiv);
3050 1582 3170 1637 hzec
3195 1581 3420 1636 omnino

1843 1674 2235 1744 impmnitentia
2272 1689 2382 1728 non
2415 1674 2580 1729 habet
2608 1661 2995 1729 remissionem
3030 1687 3210 1744 neque
3235 1672 3288 1726 in
3319 1672 3422 1728 hoc

1845 1765 2044 1820 saeculo
2077 1779 2256 1834 neque
2302 1764 2355 1818 in
2391 1762 2570 1821 futuro
2599 1781 2613 1818 :
2646 1764 2770 1833 quia
2813 1763 3134 1834 poenitentia
3166 1763 3426 1832 impetrat

158 1857 485 1922 resolvetur,
510 1854 637 1925 quia
662 1869 816 1908 error
843 1865 1058 1921 semper
1079 1862 1291 1919 ptenam
1320 1853 1575 1906 meretur.
1596 1844 1747 1898 Dixit
1774 1842 1822 1902 B
1851 1855 2225 1910 remissionem
2249 1855 2307 1908 in
2327 1855 2434 1910 hoc
2455 1853 2808 1924 “(mmmam
2836 1854 2979 1909 valet
3001 1854 3055 1908 in
3080 1852 3281 1909 futuro.
3319 1850 3426 1908 Sed

158 1945 446 2010 Dominus,
510 1924 653 2015 quod
699 1945 753 1998 in
809 1942 1068 2014 Spiritum
1115 1947 1360 1994 sanctum
1395 1924 1743 2007 peccantibus

159 2058 263 2098 nec
301 2041 392 2096 hic
430 2050 594 2104 esset,
635 2053 736 2094 nec
789 2038 844 2092 in
894 2036 1074 2090 futuro
1099 2034 1296 2090 sreculo
1334 2019 1749 2104 remittendum.

159 2133 409 2201 Quantos
439 2138 616 2186 autem
643 2128 1021 2201 cognoscimus
1047 2127 1100 2180 in
1138 2125 1343 2197 Spiritu
1373 2129 1580 2183 sancto,
1607 2119 1746 2174 sicut

158 2223 448 2280 hatreticos
495 2222 759 2285 diversos,
793 2219 1045 2284 Arianos,
1070 2215 1458 2279 Eunomianos,
1496 2209 1745 2266 Macedo-

159 2317 375 2379 nianos,
417 2315 483 2370 ad
515 2314 686 2369 iidem
729 2311 1050 2368 catholicam
1075 2314 1424 2368 revertentes,
1451 2315 1507 2360 et
1533 2304 1621 2358 hic
1652 2316 1742 2356 re-

159 2407 475 2463 missionem
496 2421 605 2460 sme
628 2403 931 2475 percepisse
953 2399 1315 2469 blasphemize,
1339 2406 1394 2451 et
1421 2397 1478 2451 in
1507 2395 1743 2449 futurum

159 2512 310 2567 spem
355 2496 648 2566 sumpsisse
675 2492 1020 2563 indulgentia:
1041 2487 1452 2559 consequentiae.
1485 2484 1597 2542 Nec
1627 2485 1746 2542 ideo

161 2605 269 2646 non
300 2603 432 2643 vera
469 2596 552 2643 est
584 2586 801 2641 Domini
846 2584 1138 2649 sententia,
1172 2591 1266 2637 aut
1294 2580 1592 2651 putabitur
1627 2594 1748 2634 esse

164 2680 439 2736 ullatenus
484 2679 741 2744 resoluta,
789 2666 911 2734 cum
957 2678 1101 2734 circa
1157 2677 1314 2743 tales,
1371 2663 1416 2732 si
1453 2662 1576 2730 hoc
1629 2689 1747 2729 esse

159 2781 540 2852 permaneant,
595 2782 866 2841 nunquam
910 2771 1131 2826 omnino
1169 2768 1423 2824 solvenda
1467 2767 1743 2836 persistat.

163 2861 388 2919 Eil‘ectis
417 2870 598 2916 autem
620 2870 736 2916 non
763 2855 985 2924 talibus,
1018 2860 1253 2930 irrogata
1306 2858 1446 2912 sicut
1470 2858 1632 2911 etiam
1667 2862 1751 2911 est

164 2960 584 3023 consequenter.
623 2951 689 3006 Et
715 2950 846 3005 illud
878 2950 1023 3005 beati
1045 2948 1268 3004 Joannis
1303 2946 1567 3018 apostoli:
1603 2965 1622 2997 ι
1655 2946 1752 3001 Est

160 3050 451 3114 peceatum
499 3041 565 3096 ad
596 3048 825 3096 mortem
853 3080 868 3104 ,
918 3055 1026 3095 non
1081 3038 1204 3094 dico
1228 3045 1287 3093 ut
1312 3044 1501 3092 oretur
1524 3051 1634 3106 pro
1662 3051 1744 3100 eo,

163 3143 218 3190 et
253 3143 337 3190 est
369 3140 651 3203 peccatum
683 3147 791 3187 non
829 3130 896 3186 ad
938 3137 1199 3194 mortem,
1236 3133 1509 3206 uteretur
1533 3138 1638 3196 pro
1683 3139 1750 3180 eo

165 3227 218 3300 (Ι
246 3194 410 3282 Joan.
441 3225 497 3297 νε)
539 3243 551 3278 :
601 3245 619 3277 ι
654 3232 737 3280 est
776 3232 1057 3295 peccatum
1097 3222 1165 3276 ad
1195 3203 1422 3275 mortem
1461 3219 1518 3274 in
1543 3194 1748 3274 eodem
1775 3194 1821 3258 ο

163 3326 391 3391 peccato
413 3317 840 3371 remanentibus.
868 3314 1078 3368 Nullum
1106 3321 1189 3368 est
1225 3313 1422 3383 quippe
1446 3318 1748 3381 peccatum,

164 3423 266 3478 pro
291 3423 401 3478 quo
421 3415 514 3460 aut
535 3423 641 3460 non
671 3415 788 3460 oret
809 3405 1038 3460 ecclesia
1062 3403 1465 3466 remittendum,
1489 3410 1580 3455 aut
1608 3402 1751 3470 quod

165 3501 296 3556 data
328 3499 432 3554 sibi
478 3491 1028 3566 divinitus‘potestate
1060 3495 1444 3551 desistentibus
1467 3495 1536 3549 ab
1556 3495 1749 3549 eodem

167 3605 279 3646 non
332 3589 506 3658 possit
556 3588 852 3650 absolvere,
911 3586 996 3640 vel
1035 3585 1424 3655 ptenitentihus
1464 3584 1745 3648 relaxare;

169 3682 259 3738 cui
289 3682 490 3737 dicitur
520 3699 533 3734 :
572 3701 589 3731 ι
625 3679 970 3749 Quaecunque
997 3677 1311 3746 dimiseritis
1337 3690 1498 3747 super
1525 3685 1749 3740 terram,

170 3773 396 3830 dimissa
438 3781 598 3826 crttnt
625 3782 680 3826 et
717 3773 768 3826 in
806 3772 988 3836 cazlis;
1031 3778 1086 3824 et
1116 3785 1449 3839 qutecunque
1485 3767 1755 3824 solveritis

172 3880 336 3936 super
360 3872 558 3918 terram
587 3864 756 3919 soluta
786 3871 946 3916 erunt
977 3869 1031 3915 et
1059 3860 1109 3914 in
1137 3859 1287 3914 cmlis
1320 3858 1534 3930 (Matth.
1563 3862 1695 3925 xw).
1729 3875 1746 3908 ο

172 3956 236 4012 In
282 3957 696 4027 quibuseuuque
737 3955 918 4008 omnia
966 3961 1121 4016 sunt,
1152 3960 1566 4021 quantacunque
1605 3956 1751 4013 sunt,

174 4059 228 4106 et
257 4050 654 4118 qualiacunque
677 4048 806 4108 sint,
833 4045 1010 4098 veraci
1047 4044 1394 4100 nihilominus
1424 4056 1610 4095 eorum
1640 4054 1756 4094 ma-

176 4148 342 4195 nente
380 4136 668 4199 sententia,
709 4149 814 4204 qua
865 4148 1135 4201 nunquam
1187 4131 1442 4186 solvenda
1489 4145 1610 4183 esse
1659 4127 1754 4184 dc-

179 4232 494 4293 nuntiatur,
519 4229 572 4282 in
598 4243 783 4284 eorum
809 4237 996 4282 tenore
1024 4225 1343 4289 consistens,
1367 4239 1473 4276 non
1496 4222 1660 4276 etiam
1686 4223 1754 4276 ab

181 4322 290 4376 hoc
313 4321 501 4375 eodem
545 4327 667 4388 post
699 4318 970 4371 recedens.
997 4314 1264 4387 (August.)
1288 4315 1344 4368 lu
1378 4313 1579 4383 Spiritu
1607 4313 1753 4367 enim

179 4419 370 4467 Sancto
411 4425 517 4477 quo
542 4408 596 4462 in
627 4422 791 4460 unum
819 4406 911 4459 Dei
948 4404 1175 4475 populus
1226 4413 1599 4474 congregatur,
1658 4402 1756 4470 eji-

180 4502 324 4556 citur
373 4500 596 4569 spiritus
622 4498 948 4561 immundus,
984 4496 1150 4565 quiin
1181 4510 1238 4550 se
1277 4496 1450 4564 ipsum
1479 4493 1752 4548 dividitur.

179 4589 383 4645 Contra
411 4590 513 4643 hoc
544 4589 740 4642 donum
769 4588 1084 4657 gratuitum,
1115 4596 1300 4640 contra
1331 4587 1486 4640 istam
1519 4585 1611 4640 Dei
1637 4601 1760 4654 gra-

181 4682 316 4735 tiam
367 4679 601 4748 loquitur
628 4694 722 4732 cor
778 4678 1142 4748 impmttitens.
1197 4679 1312 4747 Ipsa
1366 4677 1760 4747 imptenitcntia

181 4779 269 4827 est
295 4770 518 4840 spiritus
547 4769 913 4839 blasphemiar,
952 4785 1071 4838 quae
1094 4783 1199 4822 non
1234 4769 1553 4830 remittetur,
1585 4783 1759 4836 neque

188 4862 244 4917 in
276 4863 379 4915 hoc
406 4860 604 4915 5min
635 4876 810 4931 neque
857 4861 909 4913 in
943 4859 1121 4913 futuro
1147 4876 1159 4912 :
1191 4854 1379 4913 contra
1405 4861 1549 4912 enim
1587 4858 1760 4928 Spiri-

191 4950 308 5006 tu'm
349 4961 593 5005 sanctum
617 4967 727 5021 quo
753 4952 1113 5021 baptizantur,
1149 4967 1372 5021 quorum
1404 4959 1624 5020 peccata
1648 4966 1764 5005 om-

191 5043 343 5096 nium
385 5041 748 5105 dimittuntur,
796 5051 850 5097 et
874 5057 1034 5111 quem
1069 5041 1265 5112 accipit
1295 5036 1554 5105 Ecclesia,
1588 5050 1647 5096 ut
1675 5042 1757 5097 cui

190 5133 500 5189 dimiserint
541 5141 761 5202 peccata
819 5134 1159 5187 dimittantur
1205 5133 1273 5188 ei.
1323 5133 1558 5187 Verbum
1607 5133 1763 5188 valde

135 5281 142 5286 _
190 5225 398 5281 malum
427 5234 482 5281 et
502 5225 660 5280 nimis
688 5225 930 5296 impium,
957 5228 1071 5282 sive
1094 5227 1433 5299 cogitatione,
1466 5229 1580 5282 sive
1603 5230 1766 5285 etiam

191 5314 375 5384 lingua
402 5332 498 5370 sua
523 5315 652 5370 dicit
677 5334 690 5369 :
714 5315 883 5383 Quem
910 5318 1169 5385 patientia
1210 5320 1305 5374 Dei
1328 5335 1449 5375 cum
1489 5321 1556 5375 ad
1592 5323 1766 5391 poeni-

195 5406 421 5462 tentiam
448 5408 686 5474 adducit,
715 5409 827 5478 ipse
851 5410 1146 5464 secundum
1187 5412 1440 5466 duritiam
1485 5413 1662 5467 cordis
1686 5415 1768 5468 sui

192 5507 251 5554 et
300 5513 396 5552 cor
437 5497 779 5567 impasnitens
810 5501 1138 5556 thesaurizat
1170 5504 1271 5559 sibi
1309 5506 1441 5560 iram
1481 5506 1533 5560 in
1564 5507 1649 5560 die
1674 5509 1768 5561 irae

194 5596 252 5643 et
283 5587 625 5644 revelationis
647 5589 777 5660 justi
794 5593 983 5663 judicii
1015 5593 1240 5665 θεῖ,ᾳυί
1264 5594 1451 5652 reddet
1479 5599 1768 5668 unicuique

194 5681 490 5738 secundum
541 5696 704 5752 opera
734 5685 868 5755 ejus.
904 5685 1030 5742 litae
1054 5703 1182 5759 ergo
1233 5689 1646 5759 impoenitentia,
1692 5692 1772 5746 sic

193 5775 342 5834 enim
370 5792 480 5853 uno
505 5774 684 5850 aliquo
721 5779 941 5837 nomine
968 5769 1253 5855 possumus
1283 5790 1563 5855 utcunque
1591 5784 1748 5857 appel

1847 1946 1950 2002 ista
2017 1945 2416 2016 impmnitentia
2480 1945 2567 2001 vel
2611 1959 2712 2001 cor
2769 1945 3130 2016 impmnitens,
3182 1945 3425 2014 quandiu

1844 2036 2071 2108 quisque
2110 2037 2164 2091 in
2193 2039 2297 2091 hac
2319 2051 2488 2091 carne
2530 2036 2671 2092 vivit
2695 2051 2806 2094 non
2841 2046 3020 2108 potest
3053 2035 3316 2105 iudicari.
3349 2036 3427 2092 De

1845 2126 1992 2182 nullo
2021 2127 2166 2181 enim
2199 2126 2596 2196 desperandum
2623 2137 2733 2193 est,
2777 2126 3013 2198 quandiu
3040 2126 3300 2198 patientia
3331 2126 3427 2181 Dei

1847 2218 1914 2274 ad
1950 2218 2326 2288 paenitentiam
2359 2218 2595 2273 adducit.
2628 2217 2738 2273 Nec
2764 2218 2830 2273 de
2873 2219 2977 2273 hac
3005 2218 3116 2283 vita
3157 2219 3300 2289 rapit
3326 2218 3403 2274 im

1844 2311 2013 2381 pium,
2031 2312 2128 2380 qui
2153 2326 2258 2366 non
2283 2310 2399 2366 vult
2413 2318 2643 2366 mortem
2663 2309 2816 2380 impii
2837 2319 3098 2380 quantum
3120 2318 3432 2366 revertatur

1846 2408 1900 2455 et
1926 2401 2088 2457 vivat.
2116 2400 2368 2471 Paganus
2389 2408 2476 2456 est
2495 2400 2678 2465 hodie,
2705 2416 2814 2457 non
2842 2401 2948 2456 scis
2976 2409 3157 2455 utrum
3185 2400 3254 2455 sit
3282 2398 3425 2454 futu—

1847 2506 1942 2547 rus
1958 2491 2203 2546 crastino
2231 2489 2597 2546 Christianus.
2627 2489 2848 2545 Judaeus
2875 2489 3106 2546 inﬁdelis
3127 2499 3212 2546 est
3238 2489 3421 2557 hodie,

1847 2581 1975 2653 quid
2011 2581 2062 2638 si
2107 2596 2236 2637 cras
2257 2582 2433 2638 credit
2455 2581 2512 2639 in
2541 2580 2852 2637 Christum?
2878 2582 3176 2638 [hereticus
3217 2591 3304 2636 est
3331 2582 3430 2636 ho—

1848 2675 1958 2739 die,
1987 2674 2115 2744 quid
2157 2675 2201 2730 si
2258 2689 2390 2729 cras
2435 2680 2693 2743 sequetur
2738 2673 3062 2728 catholicam
3116 2672 3432 2728 veritatem?

1849 2763 2239 2820 Schismaticus
2290 2773 2373 2819 est
2405 2764 2583 2828 hodie,
2625 2763 2762 2833 quid
2819 2763 2864 2818 si
2907 2777 3028 2819 cras
3074 2762 3433 2832 amplectetur

1848 2857 2174 2912 catholicam
2205 2857 2430 2926 pacem?
2460 2855 2601 2923 Quid
2632 2855 2680 2910 si
2731 2855 2820 2910 isti
2855 2869 2995 2924 quos
3023 2854 3078 2908 in
3105 2867 3432 2922 quocunque

1849 2963 2046 3019 genere
2081 2947 2294 3004 erroris
2345 2955 2529 3011 notas,
2581 2954 2636 3000 et
2663 2953 2921 3014 tanquam
2958 2942 3434 3012 desperatissimos

1851 3041 2011 3096 modo
2035 3040 2289 3102 damnas,
2319 3047 2617 3108 antequam
2647 3037 2838 3092 ﬁniant
2859 3037 3020 3092 istam
3055 3036 3241 3098 vitam,
3271 3040 3433 3105 agant

1848 3130 2244 3201 ptettitentiam,
2273 3137 2332 3185 et
2360 3129 2644 3184 inveniunt
2670 3142 2855 3183 veram
2887 3127 3092 3182 vitam?
3122 3124 3434 3182 Misericors

1851 3222 1996 3278 enim
2024 3228 2108 3275 est
2147 3221 2429 3276 Dominus.
2456 3226 2515 3275 et
2551 3219 2840 3275 miserator
2860 3219 3095 3289 patiens,
3113 3226 3178 3273 et
3206 3218 3436 3291 multum

1850 3310 2186 3377 misericors,
2233 3311 2303 3366 de
2324 3309 2482 3379 cujus
2507 3311 2883 3368 misericordia
2923 3325 3202 3381 nusquam
3231 3311 3434 3380 despe-

1852 3402 2103 3459 randum.
2139 3402 2292 3460 Unde
2317 3401 2582 3458 Jenemias
2614 3403 2898 3473 propheta,
2922 3418 3000 3458 ne
3028 3410 3278 3472 putemus
3303 3417 3431 3457 cru-

1852 3493 2124 3548 delitatem
2157 3494 2276 3558 Dei,
2308 3493 2397 3562 qui
2450 3508 2517 3547 ne
2565 3495 2743 3563 rogari
2772 3492 2990 3562 quidem
3030 3506 3089 3548 se
3129 3493 3434 3563 pennittat,

1852 3583 2027 3639 reddit
2043 3597 2247 3637 causas
2265 3597 2364 3637 cur
2389 3597 2494 3662 npn
2517 3582 2791 3648 exatul'mt,
2815 3581 3003 3637 dicens
3033 3599 3047 3636 :

1929 3713 1948 3747 ι
1982 3693 2171 3759 Nonne
2198 3694 2350 3748 vides
2379 3695 2509 3764 quid
2543 3695 2633 3750 isti
2659 3693 2862 3749 faciunt
2891 3695 2944 3748 in
2969 3694 3279 3750 civitatibus
3301 3693 3436 3751 Juda

1859 3803 1878 3837 ι
1906 3793 1962 3839 et
1991 3784 2045 3839 in
2076 3785 2268 3856 plateis
2287 3783 2622 3840 Jerusalem?
2649 3785 2768 3840 Filii
2795 3785 3054 3856 colligunt
3074 3785 3238 3856 ligna,
3259 3796 3315 3840 et
3337 3800 3436 3855 pa-

1859 3893 1877 3924 σ
1909 3882 2017 3927 tres
2037 3874 2368 3929 succendunt
2390 3875 2584 3944 ignem,
2602 3882 2655 3927 et
2674 3874 2925 3929 mulieres
2947 3884 3308 3946 conspergunt
3331 3876 3439 3929 adi-

1858 3982 1878 4014 ‹
1905 3980 2046 4034 pem,
2065 3963 2338 4018 utfaciant
2351 3965 2626 4034 placentas
2642 3966 2776 4034 (sive
2787 3965 3087 4034 cltavonas)
3102 3966 3298 4035 regina:
3316 3967 3439 4037 (sive

1860 4073 1878 4104 ε
1909 4053 2133 4124 militiae)
2154 4054 2298 4118 cedi,
2319 4062 2376 4107 ct
2394 4055 2563 4108 libent
2589 4055 2691 4109 diis
2718 4054 2926 4119 alienis,
2947 4064 3112 4109 etme
3136 4056 3201 4108 ad
3228 4056 3439 4109 iracun-

1861 4164 1879 4195 ι
1915 4145 2057 4198 diam
2087 4143 2773 4213 provocent.-Nunqu~idme
2800 4145 2865 4197 ad
2887 4144 3219 4198 iracundiam
3241 4159 3437 4212 prove-

1860 4255 1880 4286 ‹
1910 4243 2054 4299 cant,
2081 4236 2209 4289 dicit
2233 4235 2524 4288 Dominus“!
2548 4235 2734 4288 Nonne
2753 4234 3068 4304 semctipsos
3089 4234 3148 4288 in
3171 4233 3443 4288 confusio-

1859 4344 1880 4376 r
1914 4340 2037 4379 nem
2061 4318 2243 4378 vultus
2271 4325 2391 4378 sui?
2418 4345 2435 4374 ι
2468 4323 2738 4395 (Hieron)
2759 4325 3086 4394 Vis,'inqnit,
3106 4325 3294 4380 audire
3313 4339 3444 4393 pro-

1856 4420 2037 4487 pheta,
2055 4434 2152 4473 cur
2171 4418 2269 4472 tibi
2293 4418 2521 4472 dixerim
2547 4436 2560 4471 :
2580 4439 2602 4470 ‹
2625 4417 2913 4472 Noliorare
2932 4433 3030 4487 pro
3046 4417 3247 4487 populo
3265 4418 3398 4471 hoc?
3417 4438 3438 4469 ο

1865 4513 1980 4567 lucc
2008 4511 2216 4567 faciunt
2241 4527 2359 4580 qua:
2390 4520 2687 4580 sequuntur
2718 4528 2730 4564 :
2763 4519 2817 4563 et
2844 4510 3007 4571 intus,
3033 4519 3093 4563 et
3127 4507 3285 4574 foris,
3314 4509 3444 4563 etin

1863 4602 2085 4672 plateis,
2119 4609 2173 4656 et
2204 4603 2254 4654 in
2289 4600 2522 4654 exitibus
2546 4598 2842 4654 Jerusalem
2865 4639 2878 4663 ,
2899 4597 2990 4651 filii
3019 4598 3163 4667 ligna
3191 4612 3442 4665 compor-

1867 4701 1999 4756 tant,
2017 4702 2070 4746 et
2091 4699 2272 4761 patres
2286 4691 2620 4745 succendunt
2633 4692 2834 4761 ignem,
2849 4699 2903 4744 et
2927 4688 3175 4742 mulieres
3190 4702 3447 4754 consper-

1865 4793 1998 4854 gunt
2023 4783 2234 4852 adipem
2274 4798 2394 4836 eum
2431 4782 2635 4846 farina,
2681 4791 2734 4834 ut
2774 4780 2973 4834 faciant
3003 4781 3271 4850 χαυὼνας,
3312 4793 3448 4846 quas

1867 4891 1966 4930 nos
1985 4875 2252 4945 placentas
2276 4873 2610 4943 interptetati
2637 4887 2841 4935 smnus,
2871 4871 2986 4924 sive
3007 4868 3440 4938 inceptu-minuas,

1863 4975 1927 5020 ut
1953 4982 2113 5020 omne
2137 4981 2306 5035 genus
2333 4965 2584 5020 ostendat
2604 4963 2853 5019 sacriﬁcii
2889 4962 3086 5032 reginae
3109 4959 3255 5022 coeli,
3278 4974 3443 5028 quam

1871 5057 2051 5113 lunam
2089 5058 2354 5122 debemus
2381 5059 2644 5127 accipere,
2685 5057 2772 5111 vel
2798 5065 2946 5110 certe
2977 5054 3180 5108 militiae
3205 5053 3353 5118 eteli,
3379 5061 3446 5106 ut

1864 5165 2058 5204 omnes
2092 5149 2277 5205 stellas
2317 5150 2696 5218 intelligamus.
2737 5149 2803 5202 Et
2851 5156 2972 5218 post
3000 5148 3117 5202 lucc
3149 5145 3317 5200 libent
3345 5146 3448 5200 diis

1874 5240 2106 5307 alienis,
2160 5256 2267 5295 non
2327 5255 2432 5309 quo
2478 5239 2622 5304 sint,
2673 5239 2766 5293 sed
2808 5254 2916 5308 quo
2983 5239 3082 5293 sub
3138 5237 3448 5292 nominibus

1876 5345 2063 5386 eorum
2095 5330 2425 5386 dremonibus
2452 5331 2611 5384 thura
2662 5330 3020 5398 succenderit,
3053 5337 3221 5384 etme
3246 5328 3314 5383 ad
3340 5328 3450 5382 ira-

1877 5423 2126 5477 cundiam
2177 5430 2473 5492 provocant
2505 5422 2608 5474 ista
2653 5419 2934 5475 facientes.
2987 5418 3096 5474 Nec
3145 5404 3450 5489 intelligunt

1876 5513 2083 5576 miseri,
2114 5514 2254 5582 quod
2295 5513 2395 5568 ista
2437 5511 2710 5567 contentio
2766 5527 2872 5565 non
2928 5525 3012 5564 me
3067 5509 3244 5574 lzndat,
3289 5524 3447 5577 quem

1875 5618 2148 5672 nunquam
2187 5604 2265 5656 ira
2300 5609 2624 5662 commutat;
2659 5602 2752 5656 sed
2794 5600 3113 5670 seritetipsos
3154 5600 3208 5652 in
3263 5599 3453 5654 coniu—

1868 5692 2025 5747 sione
2067 5691 2246 5747 vultus
2298 5693 2404 5757 sui,
2458 5699 2514 5746 et
2558 5692 2610 5746 in
2645 5691 2990 5761 ignominiam
3039 5689 3448 5758 sempiternam.

1873 5783 2167 5861 (iisunum)
2203 5783 2281 5840 De
2305 5784 2395 5842 his
2431 5798 2501 5842 ex
2527 5797 2760 5842 persons
2779 5781 2991 5842 Domini
3006 5779 3315 5856 prophetali
3343 5779 3455 5855 spi-
