3910 6318
168 362 273 449 8ῥ5

1084 354 1448 412 EXPOSITIO
1488 352 1714 410 SUPER
1750 350 2117 407 JEREMIAM.
2157 381 2225 392 ——
2261 352 2386 406 LlB.
2425 351 2516 406 ιν.

3316 347 3422 401 866

163 477 327 548 periit
369 476 519 540 ﬁdes,
568 482 624 530 et
649 475 714 529 de
761 486 856 529 ore
887 473 1066 529 ablata
1106 480 1188 527 cst
1228 469 1411 541 populi
1457 468 1743 522 Dominum
1769 468 1822 529 Α
1847 475 1902 520 et
1931 465 1998 519 de
2027 466 2240 520 caeteris
2267 465 2488 518 urbibus
2534 478 2654 534 qua:
2691 463 2790 516 sub
2835 460 2975 515 illius
3013 460 3212 514 ditionc
3246 467 3424 529 erant,

163 566 607 637 blasphemantis.

240 677 259 708 ι
295 656 428 724 Quia
456 656 701 712 fecerunt
732 655 826 710 ﬁlii
849 655 982 710 Juda
1006 653 1205 707 malum
1229 653 1283 706 in
1307 659 1598 720 conspectu
1624 662 1747 703 meo

168 765 192 803 ι
227 749 358 803 dicit
401 748 695 802 Dominus:
722 747 1027 802 Posuerunt
1072 743 1393 799 offendicula
1438 757 1534 797 sua
1566 742 1618 795 in
1654 740 1748 794 do-

171 860 191 893 c
225 855 334 903 mo,
359 839 413 893 in
439 855 543 909 qua
573 840 880 894 invocatum
905 845 990 892 est
1014 852 1207 891 nomen
1235 850 1434 900 meum,
1460 842 1520 888 ut
1543 834 1748 903 pollue-

174 949 192 982 ‹
227 938 352 986 rent
384 945 502 984 eam
543 945 558 984 :
596 939 650 984 et
682 929 1084 984 mdiﬁcaverunt
1130 925 1344 980 excelsa
1392 923 1528 994 (sive
1564 921 1745 992 aram)

174 1038 191 1070 ι
232 1019 496 1088 Tepheth,
521 1034 640 1090 qua:
661 1027 744 1073 est
767 1019 823 1072 in
851 1015 987 1072 valle
1012 1016 1107 1070 ﬁlii
1141 1015 1369 1079 Ennom,
1400 1021 1461 1067 ut
1495 1013 1745 1066 incende-

173 1129 190 1161 ι
230 1118 355 1165 rent
385 1109 519 1165 ﬁlios
556 1123 681 1164 suos
719 1117 774 1163 et
804 1108 944 1162 ﬁlias
981 1122 1108 1162 suas
1134 1105 1284 1176 igni:
1321 1118 1440 1172 quae
1470 1117 1577 1156 non
1606 1116 1746 1171 prae-

174 1217 191 1249 ι
229 1201 350 1270 cepi
380 1215 479 1256 nec
507 1199 738 1271 cogitavi
773 1200 828 1254 in
856 1199 1018 1253 corde
1043 1212 1183 1252 meo.
1226 1215 1244 1248 ι
1275 1195 1428 1262 Quod
1468 1194 1522 1247 in
1549 1191 1748 1262 templo

170 1289 264 1345 Dei
301 1290 395 1344 ﬁlii
423 1289 556 1345 Juda
589 1299 821 1346 statuam
852 1289 980 1343 Baal
1006 1295 1332 1359 posuerunt,
1365 1286 1420 1338 in
1453 1282 1750 1338 Ezechielis

168 1383 435 1452 princfpio
466 1383 739 1438 discimus.
765 1382 988 1436 Excelsa
1011 1387 1189 1434 autem
1216 1393 1334 1448 quae
1363 1376 1628 1432 Hebraice
1658 1390 1752 1444 ap-

165 1474 508 1544 pellabantur
541 1485 695 1534 mm
733 1475 845 1529 sive
885 1488 1036 1526 aram
1076 1471 1355 1541 Topheth,
1411 1484 1527 1537 qua:
1564 1477 1646 1523 est
1692 1468 1750 1522 in

170 1567 310 1620 valle
337 1568 566 1621 ﬁliorum
597 1568 783 1621 Ennon
816 1583 828 1618 :
861 1565 1008 1620 illum
1032 1564 1209 1619 locum
1231 1562 1521 1632 significat,
1544 1561 1634 1629 qui
1665 1559 1750 1614 Si-

169 1657 252 1710 loc
281 1656 518 1710 fontibus
545 1657 818 1726 irrigatur,
845 1663 902 1709 et
930 1663 1015 1710 est
1034 1669 1278 1709 amamus
1310 1661 1473 1720 atque
1502 1666 1751 1706 nemoro-

168 1761 294 1811 sus,
340 1748 605 1817 hodieque
643 1748 919 1802 hortorum
951 1747 1152 1815 prabet
1179 1745 1415 1800 delicias.
1443 1741 1542 1796 Hic
1569 1751 1748 1796 autem

169 1839 487 1909 gentilitatis
517 1814 670 1894 error
699 1854 887 1894 omnes
914 1814 1221 1908 provincias
1253 1836 1565 1905 occupavit,
1597 1842 1658 1889 ut
1683 1834 1751 1888 ad
1778 1814 1827 1873 Β

169 1931 347 2000 capita
385 1929 608 1985 fontium
648 1929 902 1997 lucosque
937 1929 1333 1982 amoenissimos
1364 1927 1612 1980 victimas
1652 1925 1751 1978 im-

168 2019 467 2084 molarent,
495 2027 549 2073 et
573 2018 750 2072 omnis
777 2033 956 2086 pravae
989 2017 1386 2088 superstitionis
1416 2015 1604 2086 religio
1633 2029 1750 2071 ser-

166 2119 410 2164 varetur.
444 2109 684 2178 Topheth
718 2109 898 2178 lingua
939 2108 1164 2164 Hebrma
1201 2109 1588 2177 interpretatur
1626 2107 1751 2160 lati-

167 2200 317 2253 tudo.
359 2199 736 2271 Scriptumque
771 2200 942 2254 fertur
979 2201 1033 2254 in
1067 2200 1204 2254 libro
1233 2197 1396 2254 Josue
1422 2199 1516 2253 ﬁlii
1543 2199 1662 2253 Nun
1687 2198 1754 2252 de

168 2292 275 2347 hoc
301 2291 442 2356 loco,
473 2293 563 2361 qui
587 2303 669 2346 est
695 2292 748 2345 in
777 2292 914 2347 valle
937 2292 1166 2347 ﬁliorum
1192 2292 1383 2346 Ennon
1411 2300 1464 2345 et
1490 2290 1754 2346 Hebraice

169 2384 371 2439 dicitur
414 2393 540 2447 cun,
575 2391 666 2443 Nu
709 2383 906 2454 quippe
954 2387 1188 2458 φάραγγα
1213 2425 1227 2449 ,
1280 2385 1382 2439 hoc
1419 2391 1501 2439 est
1537 2383 1750 2450 vallem,

168 2485 283 2535 D31
313 2474 398 2529 vel
421 2476 654 2530 hominis
682 2490 877 2529 nomen
909 2475 995 2530 vel
1024 2477 1248 2546 gratiam
1286 2483 1460 2530 sonat.
1495 2473 1757 2530 Tradunt-

170 2581 279 2635 que
304 2564 516 2620 Hebraei
542 2581 609 2620 ex
638 2565 741 2619 hoc
767 2565 886 2619 loco
912 2565 1235 2636 appellatam
1265 2565 1585 2636 gehennam,
1613 2565 1757 2634 quod

170 2650 385 2713 scilicet
414 2657 590 2716 omnis
624 2656 851 2725 populus
881 2655 1188 2711 Iudaeorum
1230 2656 1302 2711 ibi
1331 2657 1555 2726 perierit
1582 2655 1754 2712 offen-

170 2749 309 2805 dens
334 2748 501 2803 Deum
529 2767 542 2803 :
573 2749 626 2802 in
652 2763 757 2816 quo
781 2747 900 2803 loco
918 2748 1085 2804 etiam
1107 2748 1246 2803 ﬁlios
1267 2763 1394 2803 suos
1417 2749 1474 2802 in
1494 2748 1616 2818 igne
1643 2747 1757 2803 ido-

168 2837 242 2894 lis
287 2838 686 2903 consecrarint,
735 2838 848 2892 sive
893 2838 1268 2893 holocaustum
1308 2838 1601 2893 obtulerint
1638 2853 1758 2906 qua:

169 2944 283 2984 non
311 2931 632 3000 praeceperit
666 2929 766 2996 eis,
796 2945 896 2985 nec
930 2929 1037 2984 ulla
1066 2929 1200 2997 legis
1223 2928 1451 2998 jusserit
1479 2930 1759 2984 sanctione

171 3018 224 3090 (l
245 3018 285 3070 V
316 3019 445 3090 Reg.
487 3019 644 3092 xvu).
677 3019 829 3086 Quod
866 3020 912 3075 si
957 3018 1149 3089 Jephte
1187 3020 1382 3075 obtulit
1410 3020 1576 3074 ﬁliam
1604 3035 1758 3075 suam

167 3109 442 3179 virginem
475 3109 587 3165 Deo
613 3110 761 3182 (Iud.
792 3110 890 3182 ιι),
921 3125 1029 3166 non
1065 3110 1391 3166 sacriﬁcium
1425 3111 1629 3182 placet,
1663 3113 1756 3167 sed

1849 554 2124 611 auferetur
2166 555 2342 610 omnis
2392 553 2605 619 laetitia,
2656 563 2710 608 et
2755 565 2986 608 merre
3025 552 3334 622 gemituque
3367 561 3426 609 et

1788 634 1792 638 λ
1849 645 2179 700 desolatione
2208 643 2389 698 omnia
2419 642 2849 712 complebuntur.

2437 752 2665 810 CAPUT
2703 752 2834 808 VIII.

1850 847 2196 904 Comminatio
2233 848 2312 901 Itis
2349 847 2437 916 qui
2476 844 2672 916 residui
2709 852 2854 916 erant
2894 844 2957 897 de
2989 844 3314 913 captivitate;
3343 862 3427 899 m—

1918 921 2145 989 crepatio
2181 915 2369 989 populi
2391 933 2492 970 non
2529 915 2818 989 paenitentis
2840 931 2875 989 _:
2911 930 3009 989 vna:
3047 915 3429 983 pwnitentium,

1920 984 2451 1052 aduentus'hostium,
2483 984 2718 1038 ululatus
2754 984 2999 1036 civitatis.

1927 1116 1944 1149 ι
1980 1098 2037 1152 In
2067 1097 2159 1152 illo
2188 1091 3067 1166 tempore,aitDominus,ejicient
3090 1109 3212 1150 ossa
3241 1111 3431 1168 regum

1855 1209 1874 1242 ι
1907 1187 2073 1252 Juda,
2102 1195 2158 1242 et
2180 1201 2301 1241 ossa
2332 1186 2634 1256 principum
2660 1183 2776 1252 ejus
2794 1223 2808 1248 ,
2835 1193 2888 1237 et
2917 1199 3039 1239 ossa
3069 1188 3431 1250 sacerdotum,

1855 1297 1872 1329 (
1910 1286 1966 1333 et
2001 1292 2123 1332 ossa
2164 1277 2583 1347 prophetarum,
2626 1285 2684 1329 et
2717 1289 2840 1329 ossa
2879 1289 3070 1329 eorum
3104 1276 3196 1345 qui
3227 1277 3438 1330 habita-

1856 1387 1875 1421 ι
1916 1377 2112 1423 verunt
2137 1366 2456 1430 Jerusalem,
2483 1368 2547 1422 de
2575 1365 2836 1436 sepulcris
2862 1365 2992 1419 suis.
3034 1366 3100 1418 Et
3129 1367 3436 1436 expandcnt

1855 1477 1874 1509 ι
1912 1472 1975 1512 ea
1997 1459 2064 1512 ad
2091 1457 2257 1512 solem
2285 1465 2337 1510 et
2367 1456 2569 1521 lunam,
2597 1465 2652 1512 et
2671 1457 2736 1511 ad
2769 1471 2985 1510 omnem
3011 1457 3257 1510 militiam
3291 1460 3435 1522 coeli,

1857 1568 1876 1600 ι
1913 1565 2032 1619 quae
2057 1549 2395 1610 dilexerunt,
2423 1555 2479 1601 et
2506 1546 2700 1614 quibus
2728 1547 3052 1610 servierunt,
3084 1556 3138 1601 et
3171 1556 3294 1617 post
3321 1563 3439 1617 qurc

1857 1660 1876 1693 ι
1912 1641 2358 1703 ambulaverunt,
2395 1646 2452 1692 et
2481 1652 2602 1709 quae
2629 1637 2953 1707 quaesierunt
2973 1647 3026 1692 ct
3053 1640 3434 1694 adoraverunt.

1860 1752 1879 1786 ι
1913 1735 2029 1790 Νοη
2073 1733 2392 1805 colligentur
2429 1741 2486 1788 et
2527 1749 2634 1788 non
2677 1733 3032 1805 sepelientur;
3076 1735 3130 1788 in
3170 1735 3440 1806 sterquili-

1861 1846 1878 1878 ι
1915 1828 2082 1890 nium,
2114 1841 2275 1896 super
2300 1825 2492 1881 faciem
2541 1834 2697 1881 terra).
2731 1835 2910 1880 erunt.
2937 1825 3003 1879 Et
3039 1827 3238 1898 eligent
3265 1828 3439 1899 magis

1861 1937 1880 1970 ι
1919 1926 2151 1972 mortem
2193 1931 2356 1985 quam
2398 1917 2595 1982 vitam,
2640 1931 2828 1971 omnes
2854 1917 2946 1985 qui
2987 1916 3188 1972 residui
3239 1916 3441 1972 fuerint

1861 2027 1880 2061 ι
1917 2009 1983 2064 de
2012 2008 2331 2079 cognatione
2373 2007 2473 2061 hac
2497 2007 2729 2076 pessima
2766 2007 2818 2060 in
2844 2008 3109 2062 universis
3135 2008 3289 2076 locis,
3320 2025 3440 2080 quae

1862 2119 1880 2151 ‹
1916 2099 2169 2154 derelicta
2190 2107 2335 2162 sunt,
2361 2099 2426 2151 ad
2441 2113 2561 2166 quae
2581 2097 2713 2167 ejeci
2735 2111 2847 2162 eos,
2865 2097 2994 2151 dicit
3009 2099 3264 2154 Dominus
3285 2115 3440 2155 exer-

1863 2207 1881 2240 σ
1919 2193 2143 2244 cituum.
2179 2208 2198 2239 ›
2259 2187 2525 2259 (Ηίθνοηλ
2564 2187 2756 2242 Omnia
2805 2203 2922 2258 quae
2955 2189 3282 2260 prophetalis
3327 2207 3440 2246 ser-

1857 2293 1946 2334 mo
1991 2279 2282 2345 describit,
2329 2287 2516 2333 nostro
2559 2289 2800 2349 tempore
2834 2281 3106 2336 cernimus
3146 2282 3438 2349 accidisse,

1855 2384 1963 2423 non
1991 2369 2084 2422 uni
2125 2367 2423 2424 Jerusalem
2446 2410 2460 2432 ,
2501 2385 2622 2440 quae
2663 2369 2764 2423 ista
2806 2384 3061 2440 perpessa
3101 2379 3184 2426 est
3220 2387 3252 2426 a
3281 2371 3441 2427 Chal~

1858 2459 1989 2513 dacis
2014 2468 2178 2528 atque
2206 2460 2482 2522 Romanis,
2518 2460 2612 2514 sed
2641 2459 2894 2514 universo
2926 2461 3064 2516 orbi.
3095 2461 3168 2516 ita
3194 2471 3252 2516 ut
3274 2462 3442 2533 lacry-

1857 2565 1959 2605 mae
1983 2551 2262 2616 aruerint,
2306 2561 2360 2607 et
2395 2551 2606 2606 ossibus
2645 2562 2980 2607 mortuorum
3006 2553 3260 2609 universa
3295 2569 3441 2609 com-

1856 2643 2000 2712 pleta
2023 2644 2152 2698 sint.
2171 2644 2239 2698 Et
2253 2644 2379 2714 quia
2401 2644 2646 2699 solebant
2661 2644 2811 2714 juxta
2827 2646 3107 2713 antiquum
3125 2659 3330 2701 morem
3355 2660 3444 2700 au-

1857 2750 1977 2788 rum
2000 2744 2054 2789 et
2075 2737 2321 2806 quaedam
2345 2745 2662 2791 ornamenta
2689 2737 2769 2791 vel
2791 2737 3075 2792 mulierum
3101 2738 3183 2792 vel
3203 2739 3440 2814 virorum

1859 2829 1912 2883 in
1945 2829 2206 2899 sepulcris
2236 2829 2486 2894 condere,
2527 2829 2643 2883 hatc
2671 2843 2885 2898 quoque
2920 2828 3206 2899 frangebat
3237 2838 3293 2884 et
3312 2829 3442 2884 effo-

1859 2919 2040 2974 diebat
2068 2919 2293 2973 avaritia
2313 2959 2326 2984 ,
2358 2927 2418 2971 ut
2449 2917 2587 2972 caelo
2606 2927 2662 2972 ct
2688 2918 2794 2972 luci
2819 2920 3195 2986 proderentur.
3227 2918 3294 2974 Et
3323 2918 3443 2975 ideo

1856 3009 2090 3078 primum
2118 3024 2304 3079 regum
2337 3007 2474 3062 Juda
2504 3017 2558 3062 et
2586 3008 2889 3078 principum
2920 3009 3057 3079 ejus,
3097 3011 3443 3065 sacerdotum

1857 3113 2074 3168 quoque
2098 3108 2152 3154 et
2191 3099 2576 3168 prophetarum
2595 3139 2612 3165 ,
2640 3108 2694 3153 et
2724 3100 2965 3154 universi
2990 3100 3171 3170 p0puli
3198 3101 3290 3170 qui
3326 3101 3445 3157 fue-

170 3201 390 3255 animus
433 3181 728 3256 offerentis.
771 3181 956 3271 Neque
996 3203 1140 3256 enim
1174 3202 1219 3257 si
1262 3181 1535 3262 canis'aut
1573 3203 1757 3258 asinus

1867 3199 1985 3244 rant
2018 3191 2074 3244 in
2114 3188 2446 3255 Jerusalem,
2477 3205 2602 3246 ossa
2641 3190 2710 3244 de
2750 3189 2969 3245 tumulis
3006 3189 3441 3260 proferebantur,

171 3299 266 3346 aut
292 3291 631 3346 immundum
652 3292 926 3362 quodlibet
951 3292 1148 3348 animal
1171 3292 1405 3362 primum
1434 3295 1764 3362 occurrisset

170 3385 316 3455 patri
362 3399 394 3438 a
429 3386 574 3441 caede
610 3385 846 3441 hostium
887 3387 1219 3453 revertenti,
1257 3387 1368 3442 Deo
1393 3386 1523 3442 illud
1564 3385 1759 3443 offerre

172 3475 462 3532 debuerat.

257 3585 277 3619 ι
315 3567 441 3624 Ideo
468 3582 596 3624 ecce
633 3568 748 3624 dies
776 3568 1030 3634 venient,
1063 3568 1196 3625 dicit
1228 3569 1520 3634 Dominus,
1558 3578 1614 3625 et
1650 3584 1760 3626 non

179 3677 199 3710 ε
243 3658 453 3714 dicetur
481 3659 728 3729 amplius,
754 3659 1021 3728 Topheth,
1052 3669 1106 3714 et
1125 3659 1278 3714 vallis
1311 3660 1403 3714 ﬁlii
1428 3661 1638 3724 Ennou,
1665 3660 1760 3715 sed

179 3768 201 3803 r
243 3751 398 3807 vallis
426 3751 818 3807 interfectionis
844 3769 857 3804 :
888 3760 943 3806 et
990 3751 1249 3822 sepelient
1293 3753 1346 3807 in
1398 3750 1662 3823 Topheth,
1694 3766 1760 3808 eo

179 3859 200 3893 ι
239 3843 386 3913 quod
415 3858 520 3898 non
545 3842 615 3898 sit
648 3842 814 3897 locus.
844 3842 913 3897 Et
940 3843 1043 3897 erit
1072 3843 1414 3900 morticinum
1454 3845 1634 3914 populi
1664 3845 1762 3899 hu-

180 3949 202 3985 c
235 3915 330 4003 jus
371 3935 426 3989 in
463 3936 610 3990 cibos
661 3933 966 3991 volucribus
1003 3936 1126 3990 coeli
1173 3943 1227 3991 et
1264 3937 1452 3992 bestiis
1499 3945 1677 4002 terrae,
1707 3946 1762 3992 et

181 4042 201 4077 ‹
242 4041 355 4080 non
376 4025 482 4079 erit
500 4025 592 4094 qui
614 4024 812 4094 abigat.
839 4044 858 4078 ι
887 4025 1120 4096 Tempus
1139 4025 1432 4081 obsidionis
1460 4025 1758 4097 signiﬁcat,

175 4131 307 4187 quas
332 4117 400 4172 ab
439 4131 580 4171 anno
609 4131 751 4171 nono
789 4117 935 4187 regis
966 4116 1241 4172 Sedechiaa
1270 4131 1440 4185 usque
1466 4116 1533 4170 ad
1561 4132 1761 4172 annum

175 4208 530 4264 undecimum
569 4208 812 4278 perpessi
853 4216 978 4262 sunt
1017 4206 1124 4279 (IV
1165 4207 1295 4278 Reg.
1328 4207 1479 4279 xxv).
1522 4208 1586 4262 Et
1619 4211 1762 4278 quod

174 4313 526 4369 nequaquam
562 4305 786 4353 vocetur
822 4298 976 4352 vallis
1017 4298 1132 4366 ipsa
1172 4300 1473 4368 g'ehennon,
1512 4298 1615 4353 hoc
1647 4307 1760 4365 est,

176 4388 339 4445 vallis
369 4388 588 4451 Ennon,
629 4388 741 4442 sive
769 4387 1000 4455 ﬁliorum
1034 4387 1272 4453 Ennom,
1317 4389 1408 4443 sed
1447 4388 1517 4442 ob
1545 4387 1766 4444 interfe-

176 4481 421 4537 ctionem
459 4479 814 4549 plurimorum
853 4478 1001 4533 vallis
1041 4479 1329 4534 occisionis.
1371 4473 1540 4535 Tanta
1581 4489 1760 4536 autem

176 4571 365 4628 cedes
401 4570 532 4635 erit,
569 4577 628 4623 ut
665 4569 719 4622 in
750 4568 867 4623 loco
894 4569 1042 4638 prius
1072 4568 1345 4639 religionis
1376 4570 1621 4640 sepulcra
1656 4572 1763 4626 sint

179 4660 634 4724 innumerabilia;
667 4665 721 4713 et
745 4673 880 4728 quos
919 4657 1144 4728 sepelire
1178 4674 1286 4713 non
1316 4660 1590 4729 potuerint
1616 4661 1760 4717 lacer

179 4760 384 4808 rentur
413 4751 480 4804 ab
509 4750 696 4805 avibus
732 4759 788 4804 et
826 4765 857 4803 a
893 4749 1080 4805 bestiis
1103 4750 1448 4815 devorentur,
1477 4750 1762 4821 nullusque

178 4841 262 4895 sit
299 4839 393 4909 qui
430 4839 609 4908 abigat
645 4837 839 4892 similia
874 4846 1149 4904 metuens,
1193 4846 1249 4893 et
1288 4839 1543 4894 humandi
1589 4841 1762 4895 victus

179 4927 402 4984 ofﬁciis.
433 4925 713 4981 Manifesta
744 4928 1180 4994 transcurrimus,
1208 4937 1265 4982 ut
1286 4930 1456 4984 sicubi
1486 4930 1632 4984 locus
1653 4929 1764 4984 fue-

184 5021 264 5076 rit
294 5022 352 5074 in
381 5019 625 5074 obscuris
643 5020 1116 5090 moremur.lpsius
1135 5020 1280 5074 enim
1305 5021 1425 5076 libri
1454 5022 1766 5092 magnitudo

183 5110 467 5166 fastidium
492 5119 670 5178 potest
692 5109 870 5165 facere
897 5110 1218 5182 legentibus,
1241 5121 1444 5181 quanto
1471 5114 1641 5182 magis
1664 5114 1709 5169 si
1733 5129 1766 5169 a

183 5201 353 5257 nobis
389 5198 549 5252 latius
576 5199 902 5255 disseratur?

270 5307 291 5340 ι
338 5287 409 5342 Et
436 5288 714 5358 quiescere
741 5288 934 5344 faciam
960 5292 1026 5344 de
1053 5291 1276 5346 urbibus
1304 5291 1464 5357 Juda,
1483 5301 1540 5348 et
1563 5293 1629 5349 de
1655 5294 1769 5365 pla-

194 5399 216 5432 ι
261 5380 368 5435 teis
390 5377 684 5434 Jerusalem
704 5395 890 5434 vocem
914 5382 1114 5452 gaudii,
1145 5391 1199 5436 et
1227 5398 1412 5438 vocem
1433 5383 1650 5449 laetitiae,
1678 5400 1769 5440 vo-

195 5493 220 5528 c
261 5490 382 5532 cem
404 5475 610 5545 sponsi,
627 5483 681 5530 et
701 5490 886 5532 vocem
902 5492 1130 5547 sponsaz,
1146 5479 1201 5533 in
1217 5479 1602 5534 desolationem
1621 5478 1768 5534 enim

203 5584 218 5618 ι
259 5567 366 5622 erit
395 5576 558 5621 terra.
587 5585 607 5618 ι
638 5565 770 5621 Cum
797 5567 944 5623 locus
972 5569 1285 5624 idololatria:
1308 5585 1497 5624 versus
1522 5569 1682 5623 fuerit
1711 5571 1766 5624 in

189 5657 468 5727 sepulcra,
499 5666 560 5711 ut
587 5656 676 5711 ubi
706 5657 871 5712 Deum
898 5658 1264 5728 offenderant,
1298 5661 1370 5716 ibi
1398 5675 1584 5716 eorum
1611 5662 1768 5717 inhu-

193 5757 341 5803 mata
363 5749 583 5818 iaceant
607 5747 888 5804 cadavera.
914 5749 986 5805 De
1011 5751 1145 5805 urbe
1162 5752 1429 5812 quondam
1445 5749 1762 5807 Jerusalem.

1858 3279 2098 3350 patentia
2130 3279 2228 3333 soli
2256 3288 2310 3333 et
2337 3279 2499 3345 lunae,
2527 3289 2583 3334 et
2606 3281 2846 3334 omnium
2873 3280 3152 3336 stellarum
3177 3286 3440 3354 aspectui,

1859 3380 1920 3427 ut
1944 3372 2141 3441 quibus
2167 3371 2485 3436 servierant,
2528 3371 2786 3426 derelicto
2815 3372 2926 3427 Deo
2944 3413 2958 3438 ,
2982 3388 3171 3428 eorum
3197 3383 3448 3445 paterent

1859 3463 2191 3534 aspectibus,
2223 3470 2277 3517 et
2305 3470 2623 3532 consumpta
2653 3463 2708 3516 in
2737 3462 3135 3532 Sterquilinium
3161 3472 3214 3518 et
3234 3465 3447 3520 cineres

1860 3552 2220 3608 solverentur.
2253 3551 2313 3606 Si
2342 3552 2463 3621 quis
2502 3559 2681 3607 autem
2717 3553 2784 3606 de
2811 3553 3154 3608 multitudine
3181 3556 3447 3624 potuisset

1861 3642 2120 3714 effugere,
2151 3643 2216 3697 ad
2250 3658 2584 3713 quaecunque
2613 3644 2732 3702 loca
2765 3646 3027 3715 venisset,
3053 3656 3283 3705 mortem
3307 3665 3446 3720 prae-

1863 3734 2032 3792 ferret
2069 3737 2226 3803 vitaz,
2273 3743 2329 3792 et
2378 3738 2678 3793 remedium
2717 3736 2951 3794 infelicis
3002 3740 3193 3795 animae
3231 3751 3448 3812 putaret

1861 3829 2165 3885 interitum.

1937 3940 1956 3972 ί
1989 3921 2059 3975 Et
2088 3921 2234 3976 dices
2263 3921 2332 3976 ad
2353 3934 2447 3977 eos
2479 3940 2492 3975 :
2544 3919 2672 3977 Haec
2697 3921 2829 3978 dicit
2869 3922 3166 3979 Dominus:
3193 3924 3447 3997 Nunquid

1867 4029 1885 4060 ς
1924 4011 2018 4080 qui
2047 4011 2210 4076 cadit,
2262 4026 2369 4066 non
2397 4012 2689 4081 resurget?
2736 4021 2790 4067 et
2816 4013 2908 4082 qui
2942 4028 3165 4070 aversus
3190 4024 3294 4082 est,
3339 4031 3450 4072 non

1870 4121 1888 4154 ι
1929 4111 2232 4158 revertetur
2255 4102 2381 4174 (sive
2397 4117 2502 4157 non
2524 4102 2841 4174 avertetur).
2867 4123 2886 4156 ι
2905 4103 3033 4159 Post
3057 4113 3206 4161 tanta
3227 4107 3369 4163 mala
3384 4108 3452 4164 ad

1862 4196 2238 4267 paenitentiam
2277 4204 2533 4266 provocat
2557 4211 2650 4251 eos
2676 4197 2764 4266 qui
2803 4197 3071 4266 potuerint
3119 4213 3444 4256 remanere:

1864 4289 1982 4344 sive
2031 4289 2343 4357 priusquam
2387 4289 2610 4343 veniant
2654 4289 2745 4358 qui
2771 4290 3008 4345 minatus
3036 4300 3155 4356 est,
3196 4293 3448 4348 hortatur

1862 4381 1930 4435 ad
1955 4381 2385 4446 conversionem,
2442 4391 2497 4436 et
2539 4380 2633 4435 dat
2669 4381 2845 4437 locum
2894 4383 3245 4452 poenitentiae.
3301 4385 3454 4454 Quod

1864 4481 2046 4528 autem
2072 4472 2225 4541 juxta
2255 4473 2580 4529 Hebraicum
2609 4474 2868 4544 scriptum
2892 4484 2975 4530 est
3001 4494 3013 4529 :
3053 4496 3071 4527 ι
3092 4476 3160 4532 Et
3180 4479 3272 4547 qui
3298 4493 3453 4534 aver-

1868 4580 1960 4620 sus
1989 4573 2095 4630 est,
2121 4580 2229 4620 non
2267 4575 2557 4631 avertetur,
2597 4583 2618 4616 ι
2649 4565 2776 4620 illud
2817 4565 3086 4638 signiﬁcat
3129 4569 3273 4638 quod
3298 4571 3390 4640 qui
3421 4588 3449 4627 a

1869 4655 1982 4710 Deo
2009 4666 2290 4710 aversatus
2331 4665 2432 4717 est,
2481 4656 2527 4710 si
2559 4654 2789 4711 voluerit
2819 4658 2886 4711 ad
2936 4657 3159 4714 meliora
3186 4662 3451 4728 converti,

1868 4747 2039 4818 possit
2066 4757 2121 4802 et
2146 4749 2241 4803 Dei
2285 4747 2524 4802 furorem
2564 4748 2633 4802 ad
2662 4748 2883 4803 meliora
2911 4759 3249 4817 convertere,
3278 4761 3334 4806 et
3357 4767 3450 4808 ve-

1869 4841 2041 4895 nienti
2069 4840 2352 4904 obsistere,
2383 4847 2438 4893 et
2461 4838 2643 4908 plagas
2668 4842 2917 4910 precibus
2941 4843 3161 4898 evitare.

1948 4949 1967 4982 ι
1999 4931 2177 4996 Quare
2197 4945 2324 5000 ergo
2348 4945 2569 4985 aversus
2594 4940 2679 4986 est
2701 4933 2927 5002 populus
2952 4934 3052 4988 iste
3079 4936 3131 4988 in
3154 4935 3452 4993 Jerusalem

1875 5041 1892 5073 ι
1921 5023 2204 5078 aversione
2217 5023 3448 5094 contentiosa?Apprehenderunt'mendacium,

1875 5132 1893 5164 ι
1921 5123 1976 5167 et
2013 5113 2301 5169 noluerunt
2331 5115 2546 5169 reverti.
2579 5134 2598 5167 ι
2633 5113 2845 5181 Quanto
2881 5131 3029 5187 ergo,
3062 5118 3256 5188 inquit,
3281 5123 3454 5191 magis

1869 5219 1969 5275 ego
1999 5206 2067 5260 ad
2092 5205 2463 5274 pmnitentiam
2489 5208 2797 5275 provocavi,
2832 5217 2981 5265 tanto
3012 5208 3108 5264 illi
3127 5210 3248 5281 plus
3275 5227 3454 5268 reces-

1872 5307 2061 5352 serunt
2083 5312 2115 5352 a
2138 5311 2246 5362 me,
2273 5312 2379 5351 non
2405 5305 2510 5352 tam
2545 5300 2803 5368 peccandi
2829 5300 3029 5366 studio,
3059 5315 3222 5371 quam
3251 5317 3338 5357 me
3364 5319 3453 5358 su-

1870 5387 2118 5456 perandi.
2158 5386 2643 5456 Apprehenderunt
2675 5389 2821 5444 enim
2848 5387 3065 5445 fortiter
3086 5391 3450 5461 mendacium,

1875 5477 1958 5530 vel
2003 5477 2144 5532 idola
2202 5477 2285 5530 vel
2331 5492 2499 5546 prava
2546 5493 2772 5548 quasque
2835 5480 3078 5544 veritati,
3120 5471 3481 5552 iustitiaque.

1873 5568 2169 5634 contraria,
2194 5576 2257 5622 et
2281 5567 2568 5624 noluerunt
2596 5570 2814 5625 reverti.
2868 5568 2985 5625 Non
3028 5571 3185 5638 dixit,
3215 5589 3321 5628 non
3352 5589 3454 5645 po-

1873 5668 2110 5728 tueruut,
2150 5660 2264 5726 sed,
2292 5660 2440 5715 omni
2473 5662 2650 5718 studio
2685 5661 2867 5730 iniqua
2896 5663 3090 5718 sectati
3137 5672 3282 5719 sunt.
3333 5665 3445 5723 No-

1871 5759 2044 5806 strum
2071 5766 2198 5806 vero
2225 5759 2309 5806 est
2329 5759 2388 5805 ut
2415 5752 2651 5819 quotidie
2667 5765 2771 5808 nos
2796 5754 3101 5810 attrahente
3128 5756 3300 5825 gratia
3329 5756 3448 5823 Dei,
