3910 6358
507 347 607 400 871

1119 341 1181 396 Β.
1223 337 1474 394 RABANI
1513 338 1732 396 MAURI
1770 335 2091 394 ARCHIEP.
2121 334 2430 393 MOGUNT.
2466 328 2753 392 OPERUM
2792 336 2971 392 PARS
3009 337 3097 392 Ill.

586 475 604 508 ι
641 455 770 523 Quis
795 454 938 510 dabit
965 467 1052 506 me
1096 453 1150 506 in
1183 451 1468 506 solitudine
1510 450 1862 506 diversorium
1908 448 2079 504 viato-
2107 448 2325 517 Aquod
2372 447 2610 516 quotidie
2652 456 2882 519 augeant
2918 447 3143 512 scelera,
3196 456 3252 504 et
3297 462 3638 519 nequaquam
3687 465 3776 505 eos

516 565 535 599 ‹
569 548 722 602 rum?
743 543 1169 614 etderelinquam
1186 541 1438 612 pepulum
1467 557 1646 596 meum
1675 550 1728 596 et
1751 540 1994 596 recedam
2016 541 2084 596 ab

515 659 535 692 ι
571 639 730 694 eis?»
760 635 903 691 LXX
930 655 942 689 :
973 654 991 686 ι
1022 635 1152 702 Quis
1180 633 1270 688 det
1292 633 1423 686 mihi
1452 634 1505 686 in
1529 631 1815 686 solitudine
1845 632 2081 685 mansio-

513 750 534 784 ι
569 746 693 787 nem
724 719 1089 791 nevissimam,
1119 734 1180 779 ut
1217 725 1585 792 derelinquam
1625 722 1878 793 populum
1905 736 2085 776 meum

512 838 535 877 ι
567 831 624 877 et
649 819 892 875 recedam
927 817 995 870 ab
1019 816 1139 871 eis?
1166 835 1184 867 ι
1238 813 1446 878 Melius,
1487 813 1686 883 inquit,
1717 821 1801 867 est
1841 812 2085 865 habitare

510 913 564 968 in
596 918 835 966 extrema
885 907 1189 971 solitudine,
1241 920 1403 974 quam
1450 905 1595 959 inter
1630 911 1778 959 tanta
1805 903 2084 958 hominum

509 1002 713 1058 scelera
740 999 1083 1057 commorari.
1128 996 1282 1053 Unde
1309 1007 1364 1052 et
1408 997 1657 1052 Salvator
1701 997 1753 1050 in
1798 995 2086 1066 Evangelia

508 1091 852 1162 loquebatur:
878 1108 894 1140 ι
909 1088 1198 1158 Usquequo
1218 1087 1492 1141 sustinebo
1513 1085 1669 1139 vos?»
1692 1083 1906 1154 (Matth.
1927 1084 2084 1154 xvii.)

508 1183 577 1240 Et
597 1185 651 1239 in
675 1181 910 1238 alioloco
935 1180 1195 1248 scriptum
1223 1187 1308 1232 est
1330 1194 1344 1232 :
1375 1195 1392 1227 ‹
1412 1176 1470 1229 In
1494 1184 1734 1244 tempore
1757 1173 1848 1230 illo
1882 1176 1974 1244 qui
1998 1175 2083 1228 in-

506 1277 726 1348 telliget,
777 1272 983 1331 sedebit
1011 1278 1067 1326 et
1114 1269 1331 1331 tacebit,
1379 1267 1637 1338 quoniam
1685 1275 1894 1336 tempus
1917 1266 2086 1336 pessi-

507 1387 652 1425 mum
675 1379 756 1425 est
778 1368 993 1441 (Thren.
1021 1379 1080 1422 m
1109 1380 1126 1432 ;
1159 1362 1321 1416 Mich.
1349 1362 1432 1433 ιι).
1478 1381 1497 1414 ι

581 1481 599 1513 ι
637 1462 770 1528 Quia
810 1477 999 1516 omnes
1024 1455 1250 1516 adulteri
1299 1464 1441 1518 sunt,
1491 1462 1664 1510 coetus
1708 1453 2086 1524 praevaricato-

510 1571 529 1605 ι
567 1569 704 1607 rum.
735 1552 801 1606 Et
823 1551 1183 1607 extenderunt
1204 1551 1443 1620 linguam
1493 1561 1642 1601 suam
1689 1546 1843 1614 quasi
1898 1559 2082 1598 arcum

509 1661 528 1694 ι
564 1642 848 1707 mendacii,
869 1650 924 1696 et
948 1657 1053 1696 non
1079 1641 1344 1696 veritatis.
1370 1635 1670 1697 Confertati
1698 1643 1821 1688 sunt
1842 1635 1895 1687 in
1918 1642 2080 1696 terra,

2186 535 2384 605 prioris
2411 535 2538 590 facti
2563 539 2843 605 paeniteat,
2875 538 2967 592 sed
2995 537 3148 591 novis
3176 540 3452 605 praeterita
3479 537 3773 592 cumulem.

2185 627 2312 682 Haec
2335 626 2613 692 facientes,
2643 629 2790 682 omni
2819 636 2980 698 agant
3000 627 3201 691 studio,
3228 635 3288 681 ut
3307 628 3557 684 nesciant
3595 627 3776 682 Domi-

2187 735 2336 784 num,
2367 721 2459 788 qui
2481 721 2597 775 haec
2618 736 2725 777 non
2756 720 3002 777 facienda
3025 721 3299 792 praecepit.

2259 825 2281 861 α
2314 809 2604 880 Propterea
2631 810 2746 866 haec
2766 812 2900 866 dicit
2923 810 3184 867 Dominus
3210 812 3554 868 exercituum
3579 829 3593 866 :
3636 811 3776 869 Ecce

2192 919 2211 952 ι
2248 915 2348 972 ego
2392 904 2652 958 constabo
2698 904 2825 974 (sive
2860 904 2986 974 igne
3026 904 3391 970 examinabo),
3441 915 3496 960 et
3535 907 3778 977 probabo
3875 907 3877 977 ξ

2192 1011 2210 1043 ι
2247 1007 2358 1048 eos.
2405 993 2544 1059 Quid
2581 995 2726 1049 enim
2775 994 2920 1050 aliud
2968 993 3168 1051 faciam
3193 1012 3224 1051 a
3255 995 3394 1052 facie
3421 996 3547 1053 ﬁliae
3595 999 3774 1069 populi
3875 993 3877 1040 ῗ

2192 1102 2211 1134 ι
2250 1085 2399 1141 mei?
2427 1105 2443 1135 ι
2484 1084 2920 1156 Quotiescunque
2948 1089 3211 1158 angustiis
3240 1088 3604 1157 subjacemus.
3636 1092 3775 1145 mala

2184 1175 2473 1243 recipimus
2519 1191 2550 1230 a
2581 1175 2720 1240 Deo,
2773 1184 2830 1231 et
2858 1178 3234 1231 examinamur
3281 1181 3775 1249 persecutionibus,

2185 1275 2248 1320 ut
2271 1265 2531 1335 quidquid
2564 1266 2618 1321 in
2646 1266 2800 1322 nobis
2843 1267 3160 1324 adulterinae
3190 1271 3431 1325 materiae
3467 1281 3570 1338 est,
3606 1273 3776 1327 tribu-

2185 1354 2448 1410 lationum
2473 1366 2526 1410 et
2562 1357 2905 1412 miseriarum
2929 1368 3260 1429 excoquatur
3283 1362 3591 1417 ardoribus.
3617 1381 3636 1416 ι
3672 1363 3775 1417 Ar-

2187 1455 2406 1516 gentum
2452 1449 2594 1503 enim
2645 1450 2856 1504 Domini
2909 1451 3028 1522 igne
3054 1453 3458 1519 examinatum,
3488 1455 3775 1524 probatum

2188 1548 2368 1604 term,
2396 1550 2681 1610 purgatum
2706 1539 3008 1612 septuplum
3036 1542 3210 1615 (Psal.
3242 1544 3342 1616 ιιι).
3377 1564 3396 1598 ι

2263 1649 2282 1680 ‹
2317 1629 2526 1702 Sagitta
2554 1631 2845 1686 vulnerans
2879 1632 3062 1704 lingua
3096 1650 3283 1690 eorum
3309 1676 3323 1700 ,
3380 1636 3562 1697 dolum
3598 1637 3776 1693 locuta

510 1750 530 1784 ι
568 1734 692 1803 quia
721 1734 785 1788 de
813 1732 955 1787 malo
1007 1733 1060 1787 in
1096 1731 1294 1786 malum
1339 1730 1539 1801 egresSi
1575 1733 1741 1791 sunt,
1785 1732 1840 1779 et
1867 1739 1953 1779 me
1976 1739 2084 1778 non
2129 1734 2165 1803 7'
2192 1739 2212 1772 ι
2256 1729 2358 1776 est.
2386 1721 2446 1775 In
2467 1737 2562 1776 ore
2587 1737 2683 1777 suo
2727 1737 2917 1793 pacem
2941 1739 3063 1778 cum
3099 1726 3274 1781 amico
3299 1741 3396 1781 suo
3425 1727 3692 1795 loquitur,
3727 1739 3777 1782 et

510 1842 529 1876 ε
569 1802 956 1894 cognoverunt,
985 1824 1115 1878 dicit
1142 1823 1416 1878 Dominus.
1457 1842 1475 1875 ,
1511 1822 1587 1877 De
1611 1818 1757 1877 ωδιο
1799 1819 1854 1872 in
1884 1817 2084 1872 malum
2112 1802 2160 1861 B
2195 1829 2212 1860 ι
2259 1811 2472 1865 occulte
2499 1812 2650 1881 ponit
2679 1812 2729 1866 ei
2774 1812 3016 1868 insidias.
3069 1811 3320 1883 Nunquid
3362 1829 3524 1884 super
3551 1816 3642 1868 his
3673 1830 3774 1871 non

502 1923 783 1972 transeunt
821 1924 1151 1986 peccatores,
1202 1915 1422 1984 quando
1451 1914 1649 1970 idolum
1680 1919 1894 1970 mutant
1923 1911 2086 1974 idolo,

501 2018 556 2063 et
583 2011 648 2064 de
670 2009 904 2079 peccatis
930 2009 998 2062 ad
1026 2016 1245 2078 peccata
1279 2009 1693 2073 transcendunt,
1725 2008 1809 2062 vel
1843 1997 1995 2063 certe
2022 2005 2088 2058 de

501 2097 794 2152 obsidionis
849 2097 990 2154 malo
1047 2106 1323 2152 transeunt
1376 2100 1442 2153 ad
1485 2100 1874 2170 captivitatem.
1926 2096 1990 2154 Et
2022 2097 2088 2150 de

503 2190 703 2244 sanctis
728 2190 944 2260 quidem
968 2191 1168 2245 dicitur
1193 2207 1205 2245 :
1252 2209 1270 2240 ι
1300 2190 1457 2246 lbunt
1485 2192 1551 2246 de
1588 2192 1787 2246 virtute
1834 2193 1888 2246 in
1916 2205 2088 2246 vmu-

504 2289 613 2336 tem
647 2281 816 2353 (Psal.
841 2282 1093 2351 Lxmu).
1132 2301 1151 2334 ι
1199 2283 1275 2336 De
1321 2283 1697 2352 peccatoribus
1734 2297 1896 2339 vero:
1951 2303 1970 2334 ‹
2009 2285 2084 2338 De

502 2372 644 2426 malo
674 2371 727 2424 in
758 2371 954 2425 malum
1007 2372 1208 2442 egressi
1263 2383 1404 2426 sunt.
1447 2393 1466 2424 ι
1522 2372 1801 2441 Causaque
1841 2375 2081 2426 omnium

501 2461 839 2515 miseriarum
859 2501 874 2526 ,
911 2461 1052 2530 quod
1083 2475 1189 2515 non
1219 2472 1587 2531 cognoverunt
1631 2463 1941 2529 Dominum,
1974 2479 2084 2518 coa-

502 2561 696 2620 tusque
737 2551 809 2605 sit
844 2551 1312 2621 prmvaricantium
1361 2563 1414 2606 et
1467 2555 1794 2607 armantium
1845 2554 2083 2624 linguam

503 2658 656 2696 suam
689 2643 862 2697 instar
895 2643 1098 2698 extenti
1125 2657 1283 2697 arcus
1316 2643 1370 2697 in
1412 2643 1838 2712 blasphemiam:
1871 2644 2084 2698 confor-

501 2732 707 2802 tatique
738 2741 861 2786 sunt
889 2732 941 2785 in
968 2740 1132 2796 ter-ra,
1167 2743 1224 2786 ut
1247 2743 1557 2787 mereantur
1580 2734 1766 2789 audire
1799 2753 1810 2788 :
1854 2753 1872 2785 ι
1914 2735 2083 2790 Terra

499 2837 560 2877 es
583 2830 639 2876 et
663 2822 717 2875 in
750 2829 948 2875 terram
981 2821 1083 2876 ibis
1114 2818 1267 2891 (Gen.
1294 2822 1398 2891 ιιι).
1438 2841 1458 2875 ι

579 2932 598 2966 ι
639 2913 1012 2982 Unusquisque
1040 2927 1099 2967 se
1131 2929 1161 2966 a
1190 2913 1435 2982 proximo
1483 2929 1582 2969 suo
1622 2914 1909 2980 custodiat,
1942 2923 1996 2969 et
2026 2914 2082 2968 in

509 3024 528 3057 ι
561 3005 708 3061 omni
746 3004 913 3059 fratre
943 3019 1041 3059 suo
1071 3018 1178 3057 non
1213 3005 1409 3058 habeat
1438 3004 1687 3060 ﬁduciam
1706 3045 1721 3070 ,
1759 3005 1882 3075 quia
1908 3007 2082 3061 omnis

509 3115 527 3147 ι
559 3096 728 3150 frater
750 3094 1181 3165 supplantatione
1207 3096 1585 3166 supplantabit,
1603 3105 1659 3152 et
1679 3099 1852 3152 omnis
1877 3099 2082 3153 amicus

509 3204 528 3236 ο
564 3185 930 3240 fraudulenter
949 3183 1183 3249 incedet,
1200 3185 1351 3254 etvir
1374 3185 1595 3240 fratrem
1618 3202 1771 3241 suum
1795 3187 2080 3253 deridebit,

509 3291 526 3325 ι
559 3283 614 3329 et
642 3275 924 3330 veritatem
947 3290 1054 3330 non
1076 3275 1382 3344 loquentur.
1399 3275 1596 3330 Didicit
1616 3277 1762 3331 enim
1791 3277 1970 3348 lingua
1993 3293 2083 3334 eo-

509 3383 528 3415 ‹
562 3365 840 3434 rumloqui
862 3367 1199 3422 mendacium
1224 3365 1348 3437 (sive
1365 3367 1661 3422 docuerunt
1681 3369 1824 3423 enim
1847 3370 2082 3440 linguam

509 3474 526 3505 ι
564 3469 718 3508 suam
755 3454 898 3521 loqui
939 3455 1318 3526 mendacium).
1352 3455 1417 3511 Ut
1454 3457 1636 3526 inique
1677 3469 1898 3530 agerent
1936 3461 2083 3516 labo-

512 3563 530 3594 ι
569 3552 826 3599 raverunt
843 3545 967 3616 (sive
992 3545 1173 3615 inique
1196 3546 1460 3621 egerunt),
1478 3557 1533 3602 et
1554 3564 1660 3604 non
1679 3551 2084 3606 intermiserunt

509 3651 527 3684 ‹
567 3643 625 3688 ut
656 3643 1115 3691 converterentur.
1156 3635 1425 3693 Habitatio
1451 3646 1542 3693 tua
1573 3640 1627 3693 in
1664 3641 1838 3695 medio
1865 3641 1992 3707 doli,
2026 3641 2082 3695 in

511 3742 530 3775 ι
565 3725 686 3779 dolo
730 3724 855 3795 (sive
903 3741 1066 3781 usura
1095 3741 1254 3795 super
1280 3742 1460 3793 usura,
1510 3737 1564 3782 et
1603 3729 1756 3783 dolus
1786 3730 1840 3783 in
1883 3729 2026 3798 dolo)
2066 3747 2078 3782 :

510 3833 529 3868 ι
561 3826 855 3869 renuerunt
895 3815 916 3885 (
927 3816 1033 3870 sive
1067 3816 1382 3888 noluerunt)
1413 3817 1552 3873 scire
1581 3833 1667 3873 me
1687 3861 1700 3884 ,
1741 3820 1868 3874 dicit
1904 3819 2083 3874 Domi-

508 3922 530 3958 ι
564 3920 684 3960 nus.
726 3923 747 3958 ι
790 3903 902 3960 Hoc
936 3905 1054 3961 loco
1091 3906 1344 3961 utendum
1376 3915 1458 3960 est
1482 3907 1534 3960 in
1569 3917 1804 3978 tempore
1833 3923 2084 3978 persecu-

505 3996 669 4055 tionis
696 4004 753 4050 et
776 3997 1051 4066 angustiae,
1091 3998 1304 4067 quando
1335 4006 1428 4052 aut
1451 4013 1574 4054 rara
1609 4006 1702 4053 aut
1728 4000 1873 4053 nulla
1905 3999 2037 4056 ﬁdes
2064 4018 2077 4054 :

507 4087 720 4157 quando
758 4103 857 4143 nec
901 4087 1055 4144 fratri
1099 4104 1200 4143 nec
1248 4090 1493 4159 proximo
1537 4092 1861 4147 credendum
1891 4102 1993 4157 est,
2029 4101 2084 4147 et

514 4195 533 4228 ι
568 4177 771 4233 inimici
823 4180 1093 4246 hominis,
1145 4182 1424 4238 domestici
1472 4183 1587 4254 ejus
1627 4182 1869 4254 (Micheaz
1899 4185 2019 4256 vn).
2059 4205 2076 4237 ι

507 4269 720 4338 quando
743 4269 894 4340 juxta
927 4270 1272 4343 Evangelium
1300 4273 1513 4345 (Matth.
1547 4274 1625 4344 ι),
1662 4293 1681 4326 ‹
1727 4277 1901 4332 tradet
1931 4285 2085 4346 pater

510 4358 698 4424 filium,
725 4367 782 4413 et
813 4359 1214 4431 filiuspatrem,
1245 4371 1301 4417 ct
1325 4364 1629 4420 dividentur
1670 4368 1774 4422 duo
1798 4369 1851 4422 in
1881 4377 1990 4424 tres
2031 4377 2083 4424 et

509 4455 618 4503 tres
658 4448 712 4502 in
742 4448 864 4503 duo.
904 4469 923 4502 ι
976 4446 1174 4520 (Greg.)
1206 4451 1438 4508 Cailidus
1473 4469 1705 4524 namque
1743 4457 2081 4514 adversarius

507 4554 627 4593 cum
657 4553 687 4592 a
709 4538 971 4600 bonorum
998 4541 1250 4595 cordibus
1274 4543 1460 4611 repelli
1487 4558 1544 4598 se
1571 4546 1851 4615 conspicit,
1877 4561 1970 4602 eos
1990 4549 2081 4618 qui

510 4630 577 4684 ab
601 4629 702 4684 illis
727 4631 880 4686 valde
902 4631 1194 4701 diliguntur
1221 4635 1473 4703 exquirit,
1501 4645 1556 4691 et
1585 4651 1681 4706 per
1705 4653 1891 4693 eorum
1919 4642 2080 4696 verba

509 4718 788 4775 blandiens
813 4720 1070 4790 10quitur,
1089 4724 1178 4791 qui
1208 4723 1324 4792 plus
1347 4727 1555 4782 caeteris
1577 4737 1845 4794 amantur,
1875 4741 1934 4784 ut
1955 4732 2080 4785 dun-

509 4803 593 4866 vis
623 4811 820 4866 amoris
841 4827 936 4877 cor
954 4812 1213 4882 perforat,
1244 4814 1401 4870 facile
1433 4819 1799 4886 persuasionis
1825 4821 1942 4890 ejus
1967 4821 2081 4892 gla-

513 4899 634 4952 dius
675 4900 741 4954 ad
772 4900 971 4956 intimae
1003 4903 1336 4958 rectitudinis
1384 4905 1500 4975 ejus
1526 4909 1840 4962 munimina
1884 4910 2080 4964 irrum-

514 5002 624 5063 pat.
656 5013 676 5044 ι
736 4991 1003 5065 (Πίενοη.)
1053 4994 1310 5066 Quodque
1359 4997 1538 5064 infert,
1601 4999 1885 5070 «linguam
1930 5019 2083 5057 suam

517 5083 814 5137 docuerunt
842 5083 984 5153 loqui
1009 5087 1382 5154 mendacium;
1423 5108 1441 5140 ι
1494 5090 1608 5144 sive
1641 5108 1662 5140 ι
1696 5092 1880 5146 didicit
1903 5092 2082 5163 lingua

513 5188 699 5228 eorum
731 5173 872 5244 loqui
913 5175 1271 5242 mendacium,
1308 5197 1327 5230 ι
1384 5181 1618 5234 ostendit
1645 5183 2082 5237 consuetudinem

515 5263 807 5318 mentiendi
847 5263 1238 5332 quodammodo
1282 5266 1336 5321 in
1364 5277 1613 5323 naturam
1642 5271 1776 5324 verti
1823 5273 2083 5326 studiose-

517 5366 619 5420 que
651 5367 744 5407 eos
773 5369 932 5424 agere
976 5363 1040 5410 ut
1071 5365 1232 5427 agant
1281 5357 1483 5427 iniqua.
1535 5360 1794 5430 Quodque
1821 5365 2082 5432 sequitur,

524 5459 542 5492 ‹
581 5441 848 5498 Habitatio
871 5451 962 5500 tua
991 5447 1045 5500 in
1070 5447 1249 5502 medio
1271 5447 1399 5513 doli,
1429 5467 1448 5500 ι
1477 5451 1588 5504 sive
1622 5469 1640 5502 ‹
1671 5451 1723 5504 in
1747 5452 1886 5516 dolo,
1918 5472 1935 5504 ι
1969 5468 2086 5522 pro-

516 5533 634 5604 prie
664 5532 729 5588 ad
759 5536 1072 5605 prophetam
1107 5553 1287 5594 sermo
1324 5539 1592 5611 dirigitur,
1636 5545 1777 5613 quod
1803 5544 2007 5601 habitet
2030 5547 2084 5600 in

521 5624 698 5679 medio
718 5624 899 5695 p0puli
925 5627 1252 5694 mentientis,
1281 5629 1395 5684 sive
1414 5637 1475 5684 ut
1501 5629 1644 5685 LXX
1668 5632 2082 5688 transtulerunt:

529 5730 548 5766 ι
581 5713 754 5773 Usura
793 5731 955 5788 super
999 5732 1241 5780 usuram,
1287 5727 1342 5774 et
1369 5719 1521 5775 dolus
1561 5735 1721 5790 super
1748 5722 1951 5789 dolum,
1981 5743 2002 5778 ι
2033 5733 2088 5780 et

2195 1916 2212 1949 ι
2256 1899 2506 1964 visitabo,
2562 1900 2692 1954 dicit
2739 1899 3020 1966 Dominus,
3073 1911 3166 1958 aut
3214 1904 3268 1956 in
3321 1912 3480 1974 gente
3527 1903 3777 1973 hujusce-

2193 2011 2212 2042 ‹
2254 1992 2400 2046 modi
2431 2007 2537 2046 non
2564 1992 2859 2049 ulciscetur
2889 1994 3071 2048 anima
3094 1995 3258 2048 mea?
3294 2013 3313 2045 ›
3346 1994 3534 2050 Omnis
3559 1997 3779 2051 haereti-

2188 2097 2283 2136 cus
2329 2083 2422 2152 qui
2471 2083 2631 2138 corda
2660 2084 2905 2138 vulnerat
2956 2085 3288 2139 audientium
3317 2094 3372 2139 et
3418 2087 3776 2141 nescientium

2188 2171 2490 2239 scriptum:
2546 2189 2563 2220 ι
2595 2170 2751 2226 Omni
2783 2173 3024 2226 custodia
3071 2188 3227 2227 serva
3255 2188 3351 2228 cor
3387 2181 3537 2228 tuum
3589 2173 3774 2245 (Pror.

2187 2260 2281 2334 it),
2323 2279 2344 2314 ι
2377 2259 2628 2328 sagittam
2657 2261 2895 2328 possidet
2939 2260 3332 2327 vulnerantem,
3361 2270 3416 2316 et
3444 2263 3499 2317 in
3528 2263 3662 2318 dolo
3706 2265 3780 2318 lo-

2186 2356 2392 2424 quitur.
2421 2351 2666 2423 Cumque
2693 2365 2787 2404 ore
2815 2366 2912 2405 suo
2935 2366 3121 2420 pacem
3146 2355 3394 2422 proximo
3411 2356 3776 2424 repromittat,

2184 2450 2394 2505 occulte
2438 2450 2608 2504 tendit
2637 2445 2884 2504 insidias.
2937 2444 3303 2515 Sequentlbus
3331 2458 3508 2501 autem
3532 2449 3772 2504 versicu-

2183 2541 2272 2604 lis,
2292 2543 2345 2596 in
2372 2542 2566 2611 quibus
2591 2542 2756 2597 dicit:
2784 2559 2802 2592 ι
2825 2537 3078 2610 Nunquid
3106 2553 3266 2606 super
3287 2540 3372 2594 his
3392 2555 3496 2595 non
3516 2540 3774 2607 visitabo,

2185 2633 2316 2687 dicit
2346 2633 2605 2688 Dominus
2630 2651 2641 2685 :
2695 2640 2787 2686 aut
2815 2633 2868 2686 in
2899 2642 3112 2702 gentem
3142 2631 3509 2704 hujuscemodi
3539 2649 3652 2687 non
3699 2633 3777 2688 ul—

2185 2726 2422 2780 ciscetur
2449 2727 2628 2778 anima
2665 2739 2784 2778 mea
2808 2725 2830 2776 ?
2863 2743 2881 2775 »
2921 2727 3114 2780 crebro
3143 2726 3195 2779 in
3220 2727 3323 2781 hoc
3345 2725 3605 2798 propheta
3646 2725 3776 2780 abu-

2185 2815 2338 2880 titur,
2368 2823 2426 2869 ut
2456 2831 2577 2870 cum
2617 2815 2827 2886 singula
2858 2815 3120 2871 malorum
3164 2831 3387 2888 operum
3416 2817 3772 2884 enumerarit,

2185 2905 2383 2960 inferat
2412 2922 2468 2961 se
2494 2905 2638 2974 iuste
2668 2905 2848 2961 facere
2875 2907 3019 2976 quod
3045 2905 3226 2962 faciat.

2261 3017 2278 3048 ι
2315 2997 2490 3066 Super
2513 3006 2723 3052 montes
2748 3012 3022 3052 assumam
3049 2997 3176 3068 (sive
3198 3000 3478 3072 assumite)
3505 2999 3693 3057 ﬂetum
3723 3026 3772 3057 et

2194 3107 2212 3140 ι
2250 3089 2566 3152 lamentum,
2590 3095 2645 3141 et
2665 3102 2825 3157 super
2852 3087 3099 3156 speciosa
3125 3087 3251 3159 (sive
3276 3089 3542 3160 semitas),
3566 3091 3768 3147 deserti

2111 3153 2156 3216 Ο
2194 3202 2211 3233 ‹
2247 3184 2540 3252 planctum,
2565 3163 2819 3251 quoniam
2844 3182 3066 3237 incensa
3096 3191 3221 3236 sunt
3243 3181 3370 3253 (sive
3391 3182 3727 3256 defecerunt)
3755 3201 3768 3248 ;

2192 3292 2211 3325 ‹
2247 3289 2310 3327 eo
2335 3272 2477 3343 quod
2501 3287 2607 3327 non
2628 3272 2698 3326 sit
2717 3272 2801 3325 vir
2823 3272 2947 3337 (sive
2972 3271 3155 3343 homo)
3172 3273 3558 3341 pertransiens.
3576 3273 3648 3328 Et
3666 3291 3768 3328 non

2195 3382 2213 3414 ‹
2248 3361 2731 3419 audierunt'vocem
2755 3362 3100 3431 possidentis,
3120 3361 3243 3432 (sive
3267 3363 3601 3434 substantiae)
3627 3379 3662 3418 a
3687 3380 3771 3420 το-

2192 3475 2210 3505 ι
2245 3456 2395 3510 lucre
2418 3455 2541 3508 caeli
2569 3469 2736 3522 usque
2761 3454 2826 3508 ad
2851 3468 3043 3522 pecora
3069 3453 3590 3524 transmigraverunt
3611 3465 3667 3509 et
3688 3467 3768 3508 re-

2193 3562 2210 3594 ι
2243 3553 2540 3599 cesserunt.
2576 3563 2594 3595 ι
2633 3543 3054 3612 Superveniente
3089 3542 3380 3613 Babylonio
3414 3546 3679 3611 exercitu,
3718 3553 3768 3600 et

2186 3644 2378 3690 cuncta
2394 3642 2657 3696 vastante,
2677 3633 2908 3687 solitudo
2929 3632 3221 3701 provinciae
3236 3633 3608 3702 prOpbetatur,
3628 3635 3767 3703 quod

2185 3727 2434 3796 planctus
2465 3726 2519 3778 in
2547 3725 2839 3791 montibus,
2878 3724 3035 3779 fletus
3080 3725 3150 3778 sit
3195 3725 3250 3778 in
3292 3725 3534 3790 deserto,
3575 3726 3691 3780 sive
3715 3727 3764 3779 in

2187 3817 2394 3872 semitis
2441 3815 2764 3881 solitudinis,
2794 3817 2938 3885 quod
2987 3817 3237 3870 universa
3285 3814 3578 3870 defecerint
3608 3826 3765 3886 atque

2187 3922 2445 3963 succensa
2493 3909 2625 3972 sint,
2675 3916 2730 3962 et
2781 3908 2959 3962 nullus
2989 3909 3058 3964 sit
3103 3911 3194 3978 qui
3239 3919 3440 3964 terram
3467 3910 3761 3980 gradiatur,

2187 4001 2340 4054 caesis
2385 3999 2668 4066 omnibus,
2721 3999 2963 4070 nihilque
3000 4003 3327 4057 remanserit
3371 4003 3513 4072 quod
3559 4001 3764 4070 spirare

2187 4089 2359 4157 possit
2399 4095 2452 4141 et
2487 4088 2689 4143 vivere.
2744 4086 2898 4144 Unde
2940 4104 3038 4158 pro
3072 4092 3365 4155 possidente
3413 4090 3762 4161 Septuaginta

2188 4177 2575 4232 transtulerunt
2597 4178 2921 4242 substantitc,
2945 4194 3063 4248 quae
3083 4178 3347 4234 Hebraice
3369 4180 3568 4234 dicitur

2187 4268 2254 4321 Et
2298 4267 2594 4323 substantia
2636 4269 2725 4323 hic
2766 4285 2871 4324 non
2911 4285 3010 4338 pro
3048 4273 3223 4336 οὐσιά,
3277 4271 3378 4326 hoc
3413 4283 3497 4326 est
3544 4275 3762 4325 essentia

2188 4359 2483 4428 accipitur,
2540 4359 2634 4414 sed
2681 4350 2780 4429 pro
2819 4361 2998 4431 opibus
3035 4371 3198 4430 atque
3245 4363 3459 4417 divitiis.
3507 4362 3763 4434 Quodque

2192 4450 2371 4515 infert,
2405 4468 2424 4501 ς
2461 4465 2492 4503 a
2522 4451 2739 4505 volucre
2765 4451 2885 4506 coeli
2912 4467 3081 4522 usque
3111 4453 3176 4507 ad
3222 4469 3385 4523 pecus
3425 4463 3762 4508 recessenint

2187 4549 2240 4594 et
2264 4541 2532 4604 abierunt,
2571 4559 2588 4590 ι
2625 4541 2725 4595 hoc
2751 4542 2986 4597 ostendit
3008 4544 3148 4612 quod
3177 4559 3316 4612 saepe
3344 4544 3603 4608 diximus,
3626 4546 3759 4600 iram

2187 4632 2283 4686 Dei
2314 4631 2564 4685 universa
2593 4632 2816 4697 sentire,
2863 4641 2918 4686 et
2951 4649 3058 4688 non
3094 4633 3266 4687 solum
3301 4649 3428 4688 aves
3456 4637 3618 4700 aeris,
3670 4637 3758 4691 sed

2183 4733 2238 4778 et
2263 4725 2441 4794 pisces
2467 4739 2618 4793 aquae
2639 4722 2890 4778 deﬁcere.
2919 4723 3078 4779 Juxta
3106 4726 3455 4797 tropologiam
3483 4726 3639 4782 ﬂetus
3678 4742 3759 4781 as-

2185 4815 2415 4872 sumitur
2440 4830 2602 4884 super
2631 4824 2859 4878 montes,
2900 4823 2954 4868 et
2985 4814 3295 4870 lamentatio
3318 4831 3482 4886 super
3520 4818 3759 4886 speciosa

2185 4907 2406 4971 deserti,
2435 4904 2650 4974 quando
2679 4906 2948 4976 principes
2976 4915 3204 4975 peccant
3231 4906 3502 4971 Ecclesiae,
3533 4917 3589 4961 et
3627 4906 3760 4963 nihil

2190 4997 2463 5050 invenitur
2494 4996 2546 5049 in
2566 5011 2628 5049 ea
2659 4997 2973 5049 substantiae
3000 4996 3113 5061 Dei,
3147 5010 3248 5050 nec
3273 4995 3493 5051 auditur
3522 5011 3625 5051 vox
3658 4996 3759 5052 Do-

2191 5085 2321 5138 mini
2352 5085 2644 5140 Ecclesiam
2675 5086 3020 5155 possidentis,
3049 5102 3147 5156 per
3176 5097 3392 5142 sanctos
3421 5096 3477 5142 et
3503 5089 3759 5156 apostoli-

2191 5192 2284 5232 cos
2306 5177 2472 5232 viros.
2535 5197 2552 5228 ‹
2585 5177 2652 5231 Et
2691 5193 2722 5231 a
2751 5176 2968 5232 voluere
3010 5177 3134 5233 coeli
3173 5191 3344 5247 usque
3372 5177 3439 5231 ad
3486 5192 3706 5247 pecora,
3737 5198 3753 5230 ι

2190 5270 2258 5324 ab
2296 5269 2381 5324 his
2418 5269 2665 5324 videlicet
2706 5269 2795 5337 qui
2842 5277 3066 5338 possunt
3091 5269 3146 5324 in
3192 5267 3421 5325 sublime
3449 5273 3753 5333 ascendere,

2190 5375 2357 5431 usque
2387 5363 2453 5415 ad
2482 5361 2876 5416 irrationabiles
2903 5370 2958 5415 et
3003 5360 3357 5432 simpliciores
3404 5376 3650 5433 quosque
3681 5378 3760 5416 re-

2187 5451 2446 5505 cesserint
2464 5467 2494 5504 a
2519 5451 2875 5504 conciliabulo
2902 5452 3018 5507 Dei.

2263 5559 2280 5592 ε
2331 5542 2398 5596 Et
2454 5542 2592 5605 dabo
2646 5540 2979 5598 Hierusalem
3008 5543 3063 5596 in
3089 5558 3313 5599 acervos
3339 5556 3521 5598 arenae
3543 5543 3672 5614 (sive
3707 5543 3760 5598 in

2193 5653 2211 5683 ‹
2256 5631 2808 5702 transmigrationem,
2825 5642 2881 5688 et
2906 5634 2960 5688 in
2986 5635 3183 5690 cubilia
3211 5634 3531 5700 draconum,
3553 5646 3612 5689 et
3638 5635 3760 5690 civi-

2192 5743 2211 5775 t
2257 5731 2394 5779 tates
2435 5720 2572 5778 Juda
2601 5722 2738 5781 dabo
2762 5723 2819 5780 in
2845 5726 3256 5792 desolationem,
3289 5741 3354 5782 eo
3378 5729 3523 5796 quod
3555 5743 3662 5784 non
3694 5728 3761 5782 sit

3675 338 3776 392 ars
3875 338 3877 408 4

3875 945 3877 1010 i

3875 1491 3877 1552 l
