3910 6330
142 385 250 442 875

1052 384 1415 442 EXPOSITIO
1456 381 1678 441 SUPER
1718 382 2081 438 JEREMIAM.
2123 413 2191 424 —
2226 383 2352 438 LIB.
2399 385 2456 438 V.

3291 385 3397 442 874

148 516 167 549 ς
211 497 500 554 habitator.
535 516 551 548 ι
591 496 724 553 Cum
748 486 1095 553 ecclesiastici
1123 499 1223 552 viri
1254 507 1309 554 et
1335 499 1582 567 doctores
1609 497 1728 567 qui-
1753 500 1802 578 Α
1831 505 1884 552 et
1915 497 2162 553 civitates
2209 498 2351 554 illius
2379 499 2693 569 redigantur
2718 501 2770 553 in
2798 500 3159 564 solitudinem,
3194 515 3294 555 nec
3330 501 3402 556 sit

141 604 247 658 quc
273 587 584 652 defecerint,
631 597 758 644 tunc
799 589 959 643 datur
988 589 1319 644 Hierusalem
1366 583 1420 644 in
1467 588 1716 644 transmi-

142 679 466 749 gmtionem,
489 678 603 734 sive
632 679 684 734 in
714 690 939 736 acervos
965 688 1177 735 arente:
1224 689 1283 735 ut
1325 681 1611 737 hzereticus
1656 678 1711 733 in

141 783 204 822 ea
230 783 410 826 sermo
434 764 744 842 praevaleat,
786 780 841 828 et
868 767 1132 826 efficiatur
1171 769 1344 826 cubile
1377 771 1710 833 draconum;

1824 587 1878 641 in
1903 601 1968 640 ea
2000 585 2168 641 divini
2213 588 2478 642 sermonis
2519 588 2810 653 habitatio,
2861 589 2926 642 Et
2971 589 3058 643 ille
3079 590 3172 658 qui
3225 589 3396 644 dicit:

1826 693 1845 727 ‹
1882 675 2196 732 lnhabitabo
2222 684 2277 731 et
2300 676 2641 734 inambulabo
2664 679 2717 733 in
2740 679 2842 744 eis,
2865 688 2920 734 et
2945 692 3038 734 ero
3050 680 3191 736 Deus
3211 693 3400 734 eorum

1821 764 2005 837 (Leuit.
2031 767 2204 838 xxvi).

141 946 3395 976 Ἥ

1327 1091 1627 1167 LIBER
1698 1089 2199 1182 QUINTUS.

213 1362 577 1434 Multiplieiter
619 1365 882 1436 propheta
907 1365 1217 1422 describens
1238 1366 1600 1422 calamitatem
1625 1365 1718 1422 Ju-

141 1453 404 1518 daeorum,
439 1457 559 1524 quae
583 1455 663 1510 eis
689 1469 786 1525 per
811 1454 1182 1524 captivitatem
1210 1455 1556 1512 Chaldaicam
1584 1470 1711 1511 eve-

141 1541 239 1607 nit,
278 1543 440 1597 etiatn
464 1558 636 1613 usque
661 1544 728 1598 ad
756 1543 958 1607 ﬂetum,
987 1559 1084 1614 pro
1109 1545 1211 1599 hoc
1229 1546 1578 1615 semetipsum
1603 1553 1716 1600 tur-

138 1629 308 1691 bavit.
364 1631 519 1686 Unde
547 1633 794 1702 superius
819 1633 936 1686 ait:
977 1651 995 1684 ι
1054 1633 1188 1700 Quis
1226 1635 1378 1689 dabit
1401 1635 1564 1705 capiti
1595 1650 1714 1690 meo

1823 1366 2040 1437 proprie
2064 1367 2129 1421 de
2152 1366 2254 1423 hoc
2275 1373 2515 1435 tempore
2542 1365 2758 1435 quando
2795 1362 3022 1431 dispersi
3049 1362 3245 1416 suntin
3274 1379 3397 1434 gen-

1818 1458 1962 1512 tibus
2005 1473 2140 1526 quas
2166 1473 2273 1512 non
2299 1439 2560 1510 noverant
2588 1453 2689 1522 ipsi
2737 1444 2793 1506 et
2809 1461 2992 1521 patres
3017 1450 3232 1518 eorum;
3264 1463 3316 1508 et
3342 1455 3396 1508 in

1816 1555 1930 1602 toto
1949 1547 2080 1602 orbe
2110 1546 2266 1601 divisi
2314 1544 2581 1614 cibatique
2611 1549 2734 1598 sunt
2757 1542 3028 1597 absinthio
3075 1542 3189 1596 sive
3213 1557 3399 1598 neces-

1815 1636 2066 1693 sitatibus
2104 1642 2161 1691 et
2195 1633 2478 1705 angustiis.
2521 1632 2588 1686 Et
2618 1639 2940 1702 acceperunt
2981 1640 3164 1700 potum
3204 1647 3399 1700 aquam

138 1734 336 1789 aquam
369 1729 426 1774 et
461 1722 633 1776 oculis
663 1721 800 1776 meis
835 1721 1036 1777 fontem
1062 1722 1456 1794 lacrymarnm?
1506 1733 1560 1779 et
1599 1724 1716 1794 plo-
1743 1741 1789 1800 Β
1818 1726 1977 1792 fellis,
2024 1725 2168 1796 quod
2211 1731 2304 1778 aut
2332 1723 2606 1798 malorum.
2636 1720 2904 1790 significat
2953 1721 3395 1791 magnitudinem,

139 1809 274 1862 rabo
288 1809 374 1864 die
389 1825 455 1864 ac
468 1821 624 1865 nocte
648 1811 961 1867 interfectos
981 1812 1100 1867 lilia:
1114 1813 1294 1884 populi
1316 1814 1441 1878 mei.
1464 1833 1483 1866 ι
1505 1814 1719 1869 Addens

137 1895 305 1950 etiam
334 1912 528 1952 causas
561 1899 892 1954 diversarum
922 1902 1449 1974 praevaricationum,
1501 1911 1720 1972 pr0pter

138 1999 276 2053 quas
322 1986 524 2040 malum
557 1987 659 2042 hoc
685 1989 1063 2054 sustinuerint,
1118 2007 1262 2046 nunc
1286 2007 1500 2062 quoque
1533 1993 1720 2047 scisci-

141 2076 305 2129 tando
333 2077 529 2145 quazrit
545 2078 610 2131 de
632 2079 828 2148 populo
855 2095 952 2134 suo
978 2081 1365 2150 intelligentcm
1396 2083 1716 2148 auditorem,

137 2167 222 2220 cui
251 2167 504 2235 loquatur
531 2169 848 2225 instruendo
869 2173 994 2241 quid
1021 2189 1212 2229 cavere
1241 2175 1470 2230 debeant
1497 2189 1565 2229 ne
1592 2165 1717 2230 coh-

137 2264 221 2309 tra
255 2270 316 2310 se
345 2255 556 2311 Domini
582 2260 822 2314 excitent
853 2261 1110 2316 furorem.
1162 2263 1243 2317 Ad
1268 2265 1371 2319 hoc
1397 2265 1542 2319 enim
1571 2266 1719 2319 Scri-

137 2353 296 2415 ptura
325 2361 478 2400 sacra
528 2348 838 2404 manifestat
880 2351 1186 2406 hominibus
1218 2346 1714 2421 praevaricationum

138 2437 370 2506 species,
408 2438 700 2508 panditque
719 2435 1214 2502 virtutnm’seriem,
1245 2451 1304 2496 ut
1328 2444 1503 2498 sciant
1527 2457 1720 2499 cavere

139 2527 280 2580 mala
309 2534 365 2581 et
391 2527 567 2582 facere
595 2529 755 2595 bona,
782 2539 1047 2600 quatenus
1078 2520 1220 2585 iram
1245 2531 1455 2586 Domini
1478 2531 1713 2603 eﬂ‘ugere

136 2622 191 2667 et
224 2615 456 2684 gratiam
479 2614 603 2683 ejus
638 2618 880 2673 invenire
909 2630 1232 2674 mercantur.
1263 2621 1398 2675 Nam
1425 2623 1712 2690 sequitur:

214 2723 234 2756 ε
277 2706 412 2773 Quis
456 2717 538 2762 est
583 2710 666 2761 vir
704 2709 918 2778 sapiens
963 2709 1056 2778 qui
1104 2710 1365 2782 intelligat
1388 2713 1510 2776 hoc,
1557 2721 1612 2767 et
1650 2713 1717 2767 ad

142 2810 163 2844 ς
207 2809 372 2863 quem
438 2797 661 2850 verbum
707 2798 818 2850 oris
876 2796 1085 2850 Domini
1140 2798 1253 2863 ﬂat,
1336 2807 1397 2853 ut
1439 2801 1719 2854 annuntict

144 2906 162 2936 ι
211 2888 386 2952 istud;
415 2903 584 2957 quare
630 2889 853 2957 perierit
882 2897 1046 2953 terra,
1093 2899 1282 2945 exusta
1315 2891 1388 2944 sit
1415 2893 1566 2961 quasi
1620 2893 1715 2946 dc-

145 2994 163 3026 ι
210 2985 441 3040 sertum,
492 2992 557 3031 eo
591 2977 731 3045 quod
756 2993 860 3032 non
897 2979 972 3032 sit
1008 2981 1427 3047 pertransiens?
1469 2982 1538 3036 Et
1581 2981 1718 3035 dixit

1821 1823 1877 1870 et
1905 1815 2295 1884 sempiternum
2334 1811 2664 1881 captivitatis
2706 1810 2892 1880 jugum
2926 1827 2941 1863 :
2977 1819 3068 1862 aut
3117 1818 3264 1864 certe
3301 1824 3397 1879 per

1820 1904 2180 1975 ignorantiam
2206 1902 2340 1972 legis
2361 1901 2458 1956 Dei
2487 1915 2586 1974 πο
2610 1899 2825 1955 Christo
2847 1899 3238 1954 Antichristnm
3276 1914 3398 1954 sus-

1821 1993 2030 2062 cepturi
2087 1999 2234 2047 sunt.
2285 1989 2517 2045 Mittitur
2566 2002 2747 2044 autem
2778 1989 2984 2059 gladius
3030 1998 3153 2063 post
3177 2003 3290 2053 eos,
3343 1999 3403 2043 ut

1820 2100 1993 2154 usque
2040 2084 2107 2139 ad
2146 2082 2424 2138 interitum
2455 2088 2862 2137 consumantur.
2901 2078 2997 2134 Vel
3019 2089 3164 2134 certe
3194 2079 3402 2150 gladius

1818 2174 2028 2243 quieos
2055 2171 2279 2235 dividat,
2330 2177 2386 2225 et
2430 2185 2536 2224 non
2573 2168 2812 2237 patiatur
2865 2169 2918 2222 in
2949 2166 3148 2222 malum
3200 2168 3401 2222 habere

1817 2275 2159 2324 consensum,
2207 2268 2269 2312 ut
2292 2259 2603 2328 dispeream
2641 2258 2694 2311 in
2721 2273 2786 2312 eo
2825 2257 2970 2325 quod
2993 2255 3120 2311 mali
3149 2265 3293 2310 sunt.

1894 2368 1911 2400 ι
1956 2349 2080 2402 Hzec
2128 2347 2260 2402 dicit
2304 2346 2562 2402 Dominus
2611 2345 2988 2400 exercituum:
3055 2342 3401 2413 Contempla-

1824 2454 1841 2486 ι
1888 2437 2015 2490 mini
2043 2435 2181 2507 (sive
2221 2433 2546 2504 intelligite),
2586 2441 2642 2488 et
2667 2442 2854 2488 vocate
2899 2433 3297 2488 lamentatrices
3344 2441 3403 2486 ut

1825 2543 1843 2574 ‹
1887 2525 2141 2579 veniant:
2170 2533 2227 2578 et
2261 2524 2328 2578 ad
2350 2537 2442 2579 eas
2469 2537 2589 2592 quae
2614 2523 2887 2592 sapientes
2930 2530 3057 2576 sunt
3090 2523 3308 2586 mittite,
3348 2534 3403 2577 et

1825 2633 1844 2666 ‹
1889 2600 2178 2685 properent
2214 2614 2351 2686 (sive
2378 2613 2708 2682 loquantur),
2742 2611 3019 2678 festinent,
3041 2619 3096 2666 et
3120 2622 3403 2666 assumant

1825 2723 1842 2757 ‹
1888 2720 2053 2775 super
2083 2719 2184 2759 nos
2247 2704 2586 2758 lamentum:
2627 2710 2682 2757 et
2734 2702 3000 2756 deducant
3045 2701 3186 2757 oculi
3233 2702 3404 2756 nostri

1827 2813 1845 2845 ι
1889 2796 2026 2864 (sive
2059 2792 2249 2863 vestri)
2298 2793 2584 2863 lacrymas,
2638 2801 2693 2846 et
2721 2791 2989 2861 palpebra:
3024 2801 3221 2845 nostrae
3266 2791 3403 2861 (sive

1825 2885 2104 2954 «.vestraa)
2154 2882 2396 2938 deﬂuant
2453 2882 2630 2950 aquis,
2680 2882 2807 2950 quia
2854 2896 2958 2936 vox
3003 2880 3404 2935 lamentationis

1825 2992 1844 3024 ι
1889 2975 2070 3028 audita
2106 2982 2188 3028 est
2227 2973 2294 3027 de
2329 2970 2460 3026 Sion
2508 2971 2644 3042 (sive
2689 2972 2744 3025 in
2772 2971 2947 3040 Sion).
2987 2990 3005 3022 ι
3051 2971 3278 3041 Propter
3315 2970 3400 3024 fu-

144 3085 162 3116 (
210 3066 470 3122 Dominus
502 3085 513 3118 :
543 3067 678 3133 Quia
703 3067 1105 3137 dereliquerunt
1135 3068 1306 3140 legem
1329 3085 1527 3134 meam,
1556 3087 1715 3140 quam
1744 3071 1789 3133 ρ
1823 3073 1999 3119 turam
2044 3064 2416 3134 captivitatem
2469 3071 2526 3117 et
2554 3063 2890 3118 eversionem
2946 3062 3276 3118 Hierusalem
3332 3063 3408 3116 la-

145 3171 163 3203 (
207 3153 335 3207 dedi
365 3153 468 3217 eis,
521 3163 575 3208 et
615 3169 722 3208 non
744 3155 1029 3209 audierunt
1058 3171 1242 3211 vocem
1281 3155 1476 3222 meam,
1515 3168 1569 3213 et
1610 3147 1717 3213 non

145 3261 161 3291 ι
205 3241 624 3296 ambulaverunt
665 3243 719 3297 in
750 3258 834 3308 ea,
889 3252 944 3298 et
971 3244 1218 3299 abierunt
1245 3255 1366 3314 post
1397 3249 1719 3316 pravitatem

145 3347 163 3378 ι
209 3331 395 3385 cordis
422 3332 525 3394 sui,
574 3340 768 3400 etpost
804 3332 1031 3397 Baalim,
1062 3333 1206 3402 quod
1228 3334 1533 3390 didicerunt
1559 3351 1588 3388 a
1619 3351 1718 3405 pa-

147 3438 162 3466 ι
209 3421 386 3474 tribus
434 3421 564 3474 suis.
624 3441 642 3473 ι
701 3421 970 3492 (Πὶενοη.)
1020 3422 1320 3492 lnterrogat
1364 3425 1626 3493 propheta
1672 3425 1720 3479 si

141 3525 302 3578 quem
345 3510 667 3579 sapientium
705 3511 755 3564 in
785 3511 1118 3566 Hierusalem
1157 3512 1334 3567 valeat
1364 3514 1627 3582 reperire,
1666 3521 1718 3568 et

142 3619 334 3658 eorum
388 3605 453 3658 ad
482 3619 617 3674 quos
649 3604 741 3657 ﬂat
787 3619 966 3658 sermo
1012 3605 1244 3670 Domini,
1291 3613 1344 3659 et
1385 3605 1473 3674 qui
1516 3606 1724 3675 possint

143 3695 468 3747 aunuutiare
519 3693 727 3748 Domini
773 3687 1120 3761 voluntatem,
1161 3703 1213 3748 et
1260 3708 1452 3748 causas
1498 3696 1724 3750 reddere

145 3797 243 3834 cur
291 3779 476 3834 .ludrea
519 3783 732 3836 redacta
763 3781 834 3835 sit
882 3781 935 3834 in
968 3781 1327 3848 solitudinem,
1383 3793 1436 3837 et
1474 3783 1725 3838 omnibus

146 3870 449 3924 interfectis
492 3870 672 3924 nullus
700 3870 1019 3924 remanserit
1064 3870 1155 3939 qui
1178 3886 1276 3940 per
1305 3886 1425 3925 eam
1461 3880 1718 3926 transeat.

144 3959 210 4012 Et
233 3959 443 4013 inducit
471 3959 755 4013 Dominum
801 3959 1214 4027 respondentem
1269 3974 1565 4028 causasque
1603 3960 1723 4014 reds

143 4051 383 4113 dentem,
408 4049 530 4118 quia
552 4049 937 4116 dereliquerint
962 4049 1134 4119 legem
1162 4049 1277 4117 ejus
1306 4065 1469 4119 quam
1499 4049 1721 4105 dederat

143 4137 242 4199 eis,
308 4152 408 4191 nec
449 4136 718 4191 audierint
745 4151 929 4192 vocem
980 4137 1141 4202 illius,
1193 4154 1294 4192 nec
1333 4139 1562 4194 fecerint
1600 4155 1726 4210 quae

144 4234 416 4296 praecepta
447 4226 574 4290 sint,
629 4225 723 4280 sed
751 4226 980 4280 abierint
1023 4237 1146 4296 post
1173 4229 1495 4295 pravitatem
1545 4230 1723 4285 cordis

145 4319 252 4371 sui.
309 4317 451 4388 Ergo
497 4332 603 4370 non
635 4316 688 4370 in
717 4324 901 4370 nostra
932 4316 1224 4381 voluntate,
1273 4319 1367 4372 sed
1412 4318 1466 4372 in
1495 4318 1723 4374 Domino

1818 3155 2167 3208 mentatrices
2198 3153 2382 3207 vocari
2419 3152 2595 3222 jubet,
2640 3167 2760 3222 qua:
2787 3152 2956 3207 solent
2989 3153 3043 3206 in
3073 3152 3218 3207 luctu
3270 3168 3403 3207 voce

1817 3244 2003 3310 ﬂebili,
2025 3253 2084 3300 et
2107 3244 2338 3299 lacertos
2367 3243 2614 3298 manibus
2637 3245 3010 3307 verberantes,
3041 3243 3108 3297 ad
3138 3242 3406 3311 lacrymas

1818 3334 2073 3405 populum
2124 3347 2446 3404 provocare.
2507 3332 2648 3387 Hinc
2684 3333 2828 3386 enim
2880 3347 2997 3387 mos
3042 3347 3212 3401 usque
3246 3332 3406 3386 hodie

1817 3434 2107 3496 permanet
2157 3426 2212 3479 in
2256 3423 2462 3488 Iudaea,
2515 3434 2576 3478 ut
2617 3425 2872 3479 mulieres
2922 3423 3124 3493 sparsis
3167 3424 3408 3479 crinibus

1820 3515 2146 3583 nudatisque
2209 3515 2521 3584 pectoribus
2585 3529 2712 3569 voce
2768 3514 3041 3569 modulata
3099 3528 3286 3569 omnes
3333 3515 3402 3567 ad

1820 3603 2004 3658 ﬂetum
2034 3604 2348 3658 concitent:
2374 3619 2433 3658 se
2456 3611 2636 3656 autem
2653 3601 2831 3673 jungit
2859 3604 2997 3657 Deus
3016 3604 3404 3672 ‘eompatientis

1822 3691 2037 3756 aﬂ'ectu,
2095 3693 2211 3747 sive
2238 3694 2522 3762 propheta,
2573 3700 2636 3746 ut
2664 3693 2925 3762 quidquid
2971 3693 3199 3763 p0pulus
3232 3694 3401 3748 susti-

1822 3790 1938 3847 net,
1991 3782 2167 3851 ipsum
2189 3782 2457 3836 sustinere
2499 3790 2554 3836 et
2577 3790 2778 3836 sentire
2813 3797 2871 3836 se
2900 3781 3064 3836 dicat.
3124 3781 3276 3847 Quod
3305 3798 3402 3837 au-

1826 3877 1932 3936 tem
1985 3869 2167 3934 infert,
2210 3871 2338 3940 quia
2367 3885 2473 3924 vox
2526 3869 2925 3925 lamentationis
2971 3872 3152 3925 audita
3203 3878 3287 3927 est
3338 3874 3406 3927 dc

1825 3955 1958 4011 Sion
1990 3974 2005 4011 :
2039 3959 2222 4012 statim
2261 3958 2510 4026 sequitur
2556 3973 2675 4027 quae
2699 3958 2803 4012 ista
2830 3959 2902 4016 sit
2924 3973 3066 4014 vox-

1898 4062 1918 4096 ι
1964 4045 2242 4112 Quomodo
2259 4045 2454 4100 vastati
2482 4060 2687 4111 sumus,
2709 4055 2766 4100 et
2782 4032 3000 4100 cOnfusi
3023 4046 3408 4102 vehementer?

1830 4153 1848 4186 ι
1898 4135 2035 4203 Quia
2065 4135 2453 4204 dereliquimus
2476 4142 2702 4200 terram,
2740 4135 2996 4204 quoniam
3030 4134 3235 4205 dejecta
3281 4148 3408 4190 sunt

1832 4241 1851 4274 ι
1898 4223 2036 4294 (sive
2064 4223 2381 4294 abjecimus)
2413 4223 2760 4278 tabernacula
2790 4233 3026 4277 nostra.»
3049 4224 3162 4278 Vox
3193 4225 3294 4278 ista
3324 4235 3405 4280 est

1824 4313 2232 4368 lamentantium
2255 4311 2408 4378 Sion,
2430 4331 2449 4362 ι
2469 4313 2736 4382 quomodo
2753 4313 2946 4367 vastati
2975 4328 3180 4376 sumus,
3196 4322 3250 4368 et
3268 4329 3401 4368 con-

145 4407 526 4462 conlidendum
583 4414 684 4461 est.
763 4407 993 4460 Pravum
1047 4408 1189 4462 enim
1239 4423 1334 4463 cor
1376 4408 1430 4462 in
1473 4408 1722 4463 omnibus
1748 4409 1801 4469 D
1826 4403 1930 4458 fusi
1957 4403 2342 4458 vehementer?
2379 4423 2397 4454 ι
2434 4403 2736 4472 Statimque
2781 4404 2883 4458 sibi
2916 4404 3015 4474 ipsi
3053 4407 3400 4474 respondent,

145 4497 280 4567 (let.
314 4497 472 4566 xvtt).
522 4496 590 4549 Et
619 4513 631 4549 :
671 4516 688 4547 ι
734 4494 808 4548 De
846 4496 1008 4550 corde
1031 4506 1214 4552 nostro
1249 4506 1449 4552 exeunt
1475 4498 1719 4567 pessima

145 4589 502 4659 cogitationes
531 4586 751 4658 (Matth.
801 4587 913 4657 xv).
951 4604 969 4637 ›
1027 4605 1046 4637 ι
1101 4585 1230 4641 Post
1275 4588 1499 4653 Baalim,
1527 4588 1719 4658 inquit,

145 4681 422 4743 abierunt,
467 4678 609 4747 quod
653 4677 953 4732 didicerunt
984 4693 1014 4730 a
1050 4677 1292 4745 patribus
1337 4679 1472 4742 suis,
1520 4698 1540 4730 ι
1594 4678 1721 4732 Baal

146 4771 353 4824 idolum
384 4768 746 4834 Sidoniorum,
799 4777 855 4824 et
889 4776 972 4823 est
1001 4768 1206 4824 numeri
1228 4768 1547 4839 singularis:
1590 4769 1722 4822 Baa-

149 4861 240 4914 lim
267 4875 401 4914 vero
438 4859 661 4930 pluralis
698 4859 927 4914 numeri.
980 4860 1120 4930 Ergo
1145 4874 1245 4913 nec
1273 4869 1554 4928 parentum
1621 4873 1721 4913 nec

147 4950 416 5019 majorum
447 4963 604 5003 error
639 4950 944 5017 sequendus
972 4957 1074 5014 est,
1128 4949 1224 5003 sed
1253 4948 1544 5004 auctoritas
1572 4948 1720 5003 Scri-

148 5049 434 5108 pturarnm
465 5044 523 5091 et
554 5038 648 5090 Dei
676 5038 917 5092 docentis
945 5037 1250 5107 imperium.

223 5149 243 5180 σ
289 5129 500 5184 idcirco
549 5129 664 5183 haec
712 5128 843 5196 dicit
887 5130 1144 5184 Dominus
1175 5129 1531 5183 exercituum
1582 5128 1722 5182 Dens

156 5240 170 5268 ε
217 5217 388 5274 Israel
419 5237 431 5271 :
477 5217 614 5273 Ecce
638 5233 739 5288 ego
763 5218 953 5272 cibabo
976 5220 1229 5290 populum
1259 5220 1420 5274 istum
1449 5220 1723 5276 absinthio

156 5329 172 5359 ι
222 5311 364 5378 (sive
405 5311 685 5382 angustiis)
737 5319 793 5365 et
829 5319 1011 5379 potum
1045 5312 1184 5367 dabo
1213 5312 1291 5368 eis
1329 5327 1522 5381 aquam
1563 5312 1718 5377 fellis,

158 5417 174 5448 ι
218 5409 277 5453 et
305 5400 606 5472 dispergam
635 5416 729 5456 eos
751 5403 804 5456 in
834 5402 1102 5470 gentibus,
1164 5417 1296 5472 quas
1328 5418 1432 5456 non
1461 5412 1724 5458 noverunt

160 5504 179 5537 ι
224 5488 327 5558 ipsi
356 5498 411 5541 et
431 5499 614 5559 patres
640 5506 824 5545 mrum
856 5508 869 5543 :
900 5498 955 5544 et
980 5490 1188 5544 mittam
1209 5499 1330 5560 post
1355 5505 1447 5545 eos
1468 5489 1722 5561 gladium,

163 5598 182 5633 ι
227 5583 398 5636 donec
429 5592 832 5638 consumantur.
877 5601 894 5632 ι
955 5581 1139 5637 Potest
1189 5593 1245 5637 et
1272 5585 1339 5638 de
1365 5583 1541 5637 vicino
1591 5590 1725 5636 tem-

158 5684 288 5741 pore
317 5673 651 5742 prophetari,
711 5673 924 5743 quando
958 5672 1098 5742 capti
1125 5681 1246 5727 sunt
1279 5687 1307 5726 a
1337 5671 1621 5736 Chaldaeis,
1668 5679 1725 5724 et

559 5769 830 5828 Pnaoc.
877 5767 1041 5828 CXI.

1825 4503 1879 4549 et
1900 4509 2093 4549 causas
2123 4507 2236 4547 suae
2259 4493 2579 4547 vastationis
2603 4502 2877 4563 exponunt
2899 4495 3138 4561 dicentes
3168 4513 3178 4546 ε
3213 4512 3230 4544 ι
3266 4494 3400 4561 Quia

1822 4582 2206 4651 dereliquimus
2231 4590 2428 4636 terram
2454 4600 2472 4630 ι
2499 4589 2695 4636 nostro
2720 4583 2850 4637 vitio
2889 4592 3049 4650 atque
3078 4591 3320 4650 peccato,
3346 4593 3403 4639 et

1823 4673 2031 4742 dejecta
2061 4679 2186 4727 sunt
2208 4671 2552 4726 tabernacula
2582 4677 2787 4734 nostra,
2831 4686 2951 4740 qua:
2987 4660 3395 4742 quasipraeter-

1821 4773 2011 4818 euntes
2038 4761 2309 4831 quondam
2353 4761 2719 4831 possidebant.
2774 4760 2965 4815 Dicant
2994 4762 3095 4814 hoc
3117 4770 3173 4816 et
3197 4764 3249 4815 in
3278 4777 3399 4832 per-

1822 4854 2098 4910 secutione
2123 4852 2389 4921 quondam
2424 4850 2753 4905 credentium
2784 4851 2973 4914 turbae,
3023 4851 3275 4919 quaniam
3315 4851 3396 4904 id-
3486 4910 3489 4912 ἓ

1822 4946 1970 5000 circo
1996 4951 2219 4998 vastatze
2258 4943 2366 4997 sint
2406 4951 2569 5010 atque
2615 4939 2896 4995 confusaa‘:
2939 4941 3063 5010 quia
3102 4942 3398 5012 derelique-

1824 5049 1948 5093 ruut
1983 5045 2182 5091 terram
2213 5034 2423 5106 Domini
2454 5044 2508 5088 et
2548 5033 2886 5088 deseruerint
2915 5035 3254 5088 tabernacula
3277 5050 3392 5088 sua.

1899 5149 1917 5181 ι
1961 5128 2156 5183 Audite
2194 5141 2347 5197 ergo,
2397 5125 2670 5190 mulieres,
2710 5125 2933 5179 verbum
2963 5117 3195 5189 DOmini,
3233 5135 3288 5179 et
3311 5141 3397 5181 as-

1828 5238 1846 5271 ι
1892 5224 2108 5274 sumant
2157 5231 2316 5270 aures
2365 5223 2558 5269 vestra:
2612 5228 2915 5271 sermonem
2966 5215 3076 5270 oris
3141 5215 3278 5282 ejus,
3343 5227 3399 5269 et

1826 5327 1846 5360 ‹
1889 5309 2076 5364 docete
2102 5305 2238 5360 filias
2267 5311 2476 5358 vestras
2499 5303 2811 5368 lamentum,
2832 5312 2886 5358 et
2915 5319 3245 5372 unaqumqne
3273 5319 3396 5373 pro-

1829 5418 1847 5449 ι
1893 5397 2094 5452 ximam
2133 5407 2287 5449 suam
2315 5393 2608 5462 planctum,
2657 5394 2781 5462 quia
2813 5394 3058 5455 ascendit
3093 5409 3239 5447 mors
3296 5409 3396 5464 per

1829 5504 1848 5538 ι
1890 5485 2158 5544 fenestras
2214 5492 2430 5539 nostras
2472 5491 2528 5538 et
2550 5484 2791 5553 ingressa
2817 5491 2902 5537 est
2932 5483 3120 5538 domos
3159 5492 3393 5547 nostras,

1831 5596 1848 5626 ι
1889 5574 2199 5644 disperdere
2229 5571 2478 5644 parvulos
2509 5573 2726 5638 deforis,
2770 5574 2997 5643 juvenes
3025 5573 3092 5629 de
3112 5572 3322 5642 plateis.
3371 5591 3388 5622 ›

1827 5668 1883 5722 1η
1916 5667 2193 5736 superiore
2221 5664 2452 5732 capitulo
2478 5665 2690 5719 dixerat
2723 5682 2735 5717 :
2767 5685 2783 5715 ‹
2827 5663 3027 5718 Vocatc
3068 5663 3394 5717 lametttatri-

2889 5758 2966 5817 28
