3910 6344
497 407 602 461 8ἷὸ

1134 397 1194 451 Β.
1218 392 1491 451 ‘RABANI
1528 388 1748 446 MAURI
1785 385 2107 443 ARCHIEP.
2146 385 2454 444 MOGUNT.
2493 383 2779 442 OPERUM
2815 379 2996 438 PARS
3030 376 3120 433 111.

3658 373 3764 430 8ῗὸ

497 536 590 577 ces
612 529 668 575 et
695 516 932 580 veniant,
958 523 1015 568 et
1043 514 1108 568 ad
1138 526 1231 566 eas
1263 523 1383 579 qua:
1409 508 1683 577 sapientes
1705 512 1831 561 sunt
1855 502 2076 566 mittite,
2105 503 2157 564 Α
2181 503 2327 558 enim
2363 503 2416 557 in
2444 500 2623 557 medio
2652 514 2759 555 non
2788 496 2974 560 habet,
3023 509 3122 564 pro
3143 489 3557 561 consequentia,
3609 497 3662 543 et
3693 488 3766 543 le-

496 613 884 682 «properent,
920 624 941 657 ι
982 619 1127 659 nunc
1152 601 1308 671 quasi
1342 596 1700 670 prasentibus
1738 593 1978 665 loquitur
2020 593 2076 645 in

513 697 1004 759 tondemnationem
1026 694 1370 751 sacerdotum
1423 695 1587 759 atque
1605 688 1888 742 doctorum
1918 690 1975 737 et
1999 681 2080 735 vi-

499 806 686 848 rorum
707 787 970 852 omnium,
1009 796 1068 841 ut
1089 783 1196 838 illis
1216 780 1557 837 cessantibus
1602 793 1632 831 a
1666 775 1930 838 doctrina,
1961 771 2080 827 istic

499 880 724 936 audiant
748 875 976 932 verbum
1001 871 1237 936 Domini,
1271 878 1327 926 et
1351 874 1633 923 assumant
1661 877 1937 920 sermones
1967 860 2082 915 oris

498 967 636 1037 ejus,
681 968 1016 1034 doceantque
1051 961 1194 1016 ﬁlias
1247 967 1302 1014 et
1321 957 1597 1029 proximas
1623 968 1750 1009 suas
1782 952 2082 1023 planctum,

500 1070 802 1127 causasque
859 1054 1259 1123 lacrymarum:
1296 1065 1316 1098 ι
1375 1045 1512 1113 Quia
1568 1043 1834 1107 ascendit,
1884 1039 2083 1110 inquit,

500 1159 671 1212 mors,
733 1157 832 1214 per
869 1140 1137 1197 fenestras
1180 1144 1418 1199 nostras,
1463 1133 1708 1203 ingressa
1754 1138 1841 1186 est
1894 1130 2084 1186 domos

501 1245 741 1292 nostras.
796 1255 816 1288 ι
870 1232 1025 1301 Quod
1068 1240 1381 1300 quanquam
1427 1232 1484 1302 et
1511 1222 1867 1293 spiritualiter
1907 1217 2086 1289 possit

497 1320 753 1392 intelligi,
805 1334 873 1375 eo
912 1318 1055 1387 quod
1090 1330 1188 1386 per
1219 1326 1411 1370 omnes
1441 1326 1634 1367 sensus
1672 1311 1741 1365 ad
1766 1310 1960 1364 animae
2001 1307 2086 1360 in-

502 1415 723 1471 teritum
757 1426 904 1467 mors
926 1410 1158 1464 introeat
1183 1413 1553 1478 peccatorum,
1595 1411 1775 1457 tamen
1817 1407 1874 1455 et
1896 1399 1963 1454 de
1983 1397 2088 1450 Ba-

501 1505 841 1576 bylonion
887 1503 1090 1571 impetu
1136 1496 1604 1566 intelligi'potest,
1636 1489 1780 1560 quod
1823 1495 1969 1542 tanta
2016 1484 2090 1539 sit

502 1594 764 1672 fortitudo
810 1601 866 1649 et
891 1588 1148 1646 velocitas
1191 1583 1494 1656 praeliandi,
1536 1588 1731 1664 utnon
1773 1582 2088 1644 exspectent

505 1668 753 1742 reserare
791 1681 955 1744 fores,
996 1678 1092 1734 sed
1115 1654 1212 1747 per
1245 1674 1514 1730 fenestras
1547 1679 1603 1726 et
1638 1654 1782 1723 tecta
1824 1678 2089 1720 conscen-

503 1777 655 1840 dant,
694 1781 756 1827 ut
785 1772 974 1827 domos
1001 1774 1214 1823 vastent
1240 1761 1598 1820 Hierusalem.
1638 1756 1878 1812 Pereunt
1903 1762 2088 1809 autem

2177 591 2353 662 gentis
2380 589 2623 654 arbitrio,
2644 588 2690 642 si
2720 587 2931 658 legatur
2950 597 3122 638 mnu
3146 595 3437 634 sermonem
3461 575 3767 648 signiﬁcat;

2179 684 2224 738 si
2258 698 2448 747 usus,
2477 689 2729 743 mortem;
2756 677 2802 733 si
2829 689 3056 738 usuusu,
3090 670 3319 741 loquere.
3355 668 3511 725 Unde
3535 664 3686 722 LXX
3717 672 3772 719 et

2180 775 2715 847 Theodotiojunxere
2729 771 2856 826 illud
2867 765 3142 841 praeterito
3153 763 3410 835 capitulo,
3421 768 3485 817 ut
3498 761 3770 823 dicerent.

2187 890 2207 922 ι
2245 868 2495 939 disperde
2563 862 2816 936 parvulos
2888 858 3112 922 deforis,
3165 856 3394 925 juvenes
3445 852 3513 907 de
3573 847 3770 920 plateis

2181 938 2378 1014 morte.
2428 975 2448 1008 ι
2498 952 2692 1024 Aquila
2723 963 2856 1006 vero
2883 957 2939 1003 et
2990 941 3348 1015 Symmachus
3373 938 3773 996 transtulerunt

2181 1050 2417 1111 λάλησω,
2463 1044 2709 1113 loquere,
2766 1049 2828 1094 ut
2853 1039 3082 1107 imperet
3121 1035 3264 1087 Deus
3311 1029 3590 1102 propheta:
3623 1024 3771 1095 loqui

2183 1153 2304 1208 qua:
2329 1142 2666 1206 sequuntur:
2696 1149 2716 1182 ι
2749 1130 2879 1184 Haec
2911 1125 3042 1181 dicit
3067 1123 3352 1186 Dominus,
3388 1139 3409 1172 ›
3437 1127 3548 1174 etc.
3594 1117 3663 1171 Et
3689 1122 3776 1170 est

2185 1244 2398 1293 sensus,
2434 1226 2570 1283 Cum
2611 1220 2914 1278 aswnderit
2940 1231 3087 1271 mors
3111 1229 3210 1292 per
3238 1212 3507 1267 fenestras
3531 1217 3772 1266 nostras,

2185 1328 2242 1375 et
2292 1319 2532 1389 ingressa
2574 1313 2738 1369 fuerit
2780 1311 2969 1366 domos
3022 1304 3380 1367 Hierusalem,
3446 1310 3506 1356 et
3561 1296 3778 1369 parvuli

2180 1408 2512 1478 juvenesque
2559 1406 2625 1461 de
2665 1402 2798 1457 foris
2851 1398 3113 1471 perierint
3152 1396 3204 1450 in
3238 1394 3455 1465 plateis,
3500 1400 3634 1445 tunc
3673 1388 3779 1441 erit

2188 1497 2533 1554 morticinum
2560 1507 2771 1556 eorum,
2797 1489 2912 1545 sive
2936 1488 3201 1542 cadavera
3229 1491 3596 1544 mortuorum,
3621 1477 3778 1546 quasi

2190 1590 2243 1644 in
2265 1585 2664 1656 sterquilinium
2693 1595 2858 1651 super
2879 1579 3073 1633 faciem
3098 1584 3274 1640 terra,
3299 1581 3354 1628 et
3379 1571 3531 1642 quasi
3554 1566 3780 1638 stipula,

2190 1693 2310 1750 qua:
2333 1683 2457 1748 post
2483 1685 2695 1744 tergum
2732 1667 3053 1726 metentium
3091 1664 3404 1726 dimittitur,
3452 1671 3510 1715 ct
3555 1666 3621 1712 ut
3665 1657 3783 1742 inu-

2192 1769 2300 1825 tilis
2329 1783 2437 1824 non
2484 1764 2776 1836 colligitur,
2813 1774 2913 1831 per
2949 1773 3073 1828 quae
3099 1757 3385 1813 ostendere
3429 1751 3545 1806 vult
3575 1759 3783 1803 tantam

504 1863 715 1936 parvuli
747 1862 839 1932 qui
861 1858 1008 1914 'foris
1029 1864 1176 1920 sunt,
1215 1861 1270 1909 et
1289 1850 1639 1932 egrediuntur
1669 1842 2089 1936 dellierusalem
2116 1845 2164 1905 B
2196 1858 2251 1913 in
2284 1855 2642 1919 Hierusalem,
2691 1860 2748 1906 ει
2767 1850 2916 1906 circa
2939 1847 3131 1903 urbem
3178 1845 3381 1901 mem
3406 1841 3674 1901 fumum,
3724 1844 3784 1890 ω

505 1927 563 2011 et
581 1927 828 2024 juvenes,
879 1949 947 2004 ad
976 1962 1113 2018 quos
1142 1943 1332 2001 scribit
1367 1948 1423 1995 et
1443 1927 1682 1994 Joannes
1723 1933 1776 2005 (1
1804 1933 1965 1986 Joan.
1989 1929 2090 2000 ii);

505 2048 599 2119 qui
620 2061 727 2103 non
745 2043 1116 2114 ingrediuntur
1125 2051 1223 2108 per
1233 2042 1437 2090 arctam
1451 2041 1505 2086 et
1519 2034 1801 2100 angustam
1818 2025 1958 2080 viam
1975 2036 2095 2092 qua:

506 2113 654 2197 ducit
685 2139 754 2194 ad
772 2113 957 2199 vitam,
985 2132 1080 2189 sed
1105 2128 1379 2185 ambulant
1407 2139 1506 2196 per
1535 2121 1759 2192 plateas,
1801 2117 1869 2173 de
1900 2113 2096 2186 quibus

505 2233 768 2300 scriptum
807 2234 912 2290 est,
965 2243 985 2277 ι
1034 2221 1206 2289 Quam
1230 2219 1337 2273 lata
1358 2225 1414 2272 et
1435 2215 1670 2286 spatiosa
1690 2211 1779 2264 via
1807 2223 1928 2278 quae
1949 2205 2100 2260 ducit

506 2321 575 2376 ad
600 2294 832 2374 mortem
855 2314 1073 2388 (Matth.
1108 2310 1231 2381 νη).
1263 2327 1282 2359 ι
1329 2304 1534 2379 (στος.)
1564 2302 1699 2358 Cum
1720 2300 1792 2355 sit
1814 2294 2101 2353 invisibilis

507 2410 712 2473 anima,
740 2385 1080 2475 nequaquam
1101 2411 1489 2469 corporearum
1521 2405 1702 2460 rerum
1740 2385 2100 2444 delectatione

509 2499 770 2569 tangitur,
803 2473 909 2549 nisi
935 2473 1092 2562 quod
1136 2490 1406 2544 iubarens
1431 2481 1646 2552 corpori
1670 2477 1825 2549 quasi
1852 2473 2101 2546 quaedam

507 2563 822 2660 egrediendi
867 2579 1133 2637 foramina
1162 2575 1401 2645 ejusdem
1422 2568 1671 2639 corporis
1695 2579 1890 2621 sensus
1914 2563 2101 2626 habet,

508 2657 660 2732 visus
718 2673 938 2744 quippe,
985 2666 1220 2730 auditus,
1263 2669 1476 2735 gustus,
1525 2661 1785 2712 odoratus
1831 2661 1889 2708 et
1910 2657 2105 2724 tactus,

509 2764 667 2838 quasi
711 2739 955 2832 quaedam
980 2757 1084 2812 viai
1109 2752 1307 2808 mentis
1351 2755 1481 2804 sunt
1503 2745 1701 2815 quibus
1727 2741 1875 2797 foras
1902 2739 2106 2800 veniat,

509 2829 568 2912 et
585 2870 652 2912 ea
680 2829 800 2923 quae
843 2856 1002 2904 extra
1026 2843 1143 2914 ejus
1184 2849 1311 2897 sunt
1342 2834 1698 2894 substantiam
1736 2829 2103 2898 concupiscat.

2193 1946 2374 2002 nullus
2403 1944 2475 1998 sit
2493 1943 2583 2013 qui
2613 1939 2841 2012 sepeliat
2879 1941 3216 1993 carmentes.

2271 2054 2290 2088 ι
2331 2035 2458 2090 llaec
2483 2033 2617 2092 dicit
2647 2030 2910 2087 Dominus
2941 2045 2954 2080 :
2990 2026 3105 2081 Non
3153 2022 3413 2094 glorietur
3446 2017 3669 2087 sapiens
3707 2029 3788 2068 sa-

2201 2147 2220 2180 ι
2265 2127 2467 2198 pientia
2513 2121 2634 2189 sua,
2669 2130 2726 2178 et
2764 2135 2872 2175 non
2899 2116 3156 2189 glorietur
3179 2111 3334 2166 fortis
3362 2109 3418 2163 in
3467 2103 3788 2161 fortitudine

2204 2236 2224 2270 ‹
2265 2191 2390 2281 sua,
2424 2222 2481 2270 et
2508 2228 2613 2268 non
2633 2211 2896 2282 glorietur
2921 2207 3081 2262 dives
3109 2204 3165 2257 in
3190 2199 3396 2257 divitiis
3414 2197 3548 2260 suis,
3587 2192 3687 2248 sed
3731 2191 3788 2243 in

2207 2330 2224 2361 ι
2271 2279 2384 2364 ιιοο⁷
2415 2279 2697 2377 glorietur,
2734 2298 2828 2369 qui
2881 2295 3168 2367 gloriatur,
3211 2290 3351 2346 scire
3402 2287 3538 2357 (sive
3571 2279 3787 2336 intelli-

2207 2417 2227 2452 ι
2272 2395 2444 2469 gere),
2492 2401 2549 2448 et
2574 2404 2734 2446 nosse
2759 2401 2864 2449 me,
2895 2366 3040 2454 quia
3085 2395 3184 2451 ego
3215 2392 3334 2433 sum
3372 2373 3656 2431 Dominus,
3697 2366 3786 2435 qui

2210 2508 2228 2542 ι
2272 2457 2881 2543 facio—misericordiam
2933 2483 2990 2530 et
3015 2472 3284 2544 justitiam
3333 2476 3389 2522 et
3424 2461 3690 2534 judicium
3736 2457 3788 2510 in

2211 2597 2231 2631 ι
2276 2584 2441 2632 terra.
2482 2572 2606 2626 Haec
2630 2568 2776 2626 enim
2823 2565 3036 2635 placent
3065 2559 3196 2615 mihi
3237 2558 3374 2628 (sive
3422 2552 3548 2623 quia
3582 2550 3641 2602 in
3673 2546 3790 2600 istis

2213 2688 2232 2723 ι
2276 2664 2634 2724 estvoluntas
2651 2657 2820 2728 mea),
2849 2656 2926 2710 ait
2961 2651 3241 2708 Dominus.
3295 2666 3315 2725 ρ
3371 2643 3560 2701 Omnis
3603 2636 3790 2728 homi-

2207 2771 2335 2813 num
2368 2752 2612 2807 aufertur
2650 2721 2926 2816 superbia,
2992 2740 3119 2796 dum
3143 2745 3198 2791 et
3232 2721 3496 2804 sapientia
3538 2736 3593 2782 et
3638 2723 3792 2779 forti-

2209 2847 2338 2903 tudo
2374 2851 2431 2899 et
2457 2855 2589 2911 opes
2627 2815 2816 2893 eorum
2857 2835 3180 2900 reputantur
3208 2826 3261 2880 in
3289 2821 3532 2876 nihilum.
3579 2815 3652 2868 Et
3689 2815 3790 2868 ista

511 2947 620 3004 Per
652 2945 754 3000 ho“
779 2937 982 2997 “cnim
1011 2930 1257 3004 m'po'is
1285 2941 1478 2984 ⁸⁸⁸³³³³
1524 2922 1680 2994 qua“
1707 2935 1807 2990 per
1841 2918 2109 2973 Ῑθθθδιηδ
2210 2945 2294 2994 est
2336 2934 2451 2990 sola
2494 2905 2775 3001 gloriatio,
2825 2930 2886 2978 ut
2916 2921 3055 2976 sciat
3098 2925 3153 2971 et
3198 2912 3461 2982 intelligat
3486 2906 3630 2978 quod
3676 2905 3791 2973 ipse

512 3036 776 3109 quasdam
796 3029 1069 3087 exteriora
1095 3035 1324 3094 quaeque
1346 3018 1524 3109 anima
1552 3013 1795 3109 respicit,
1814 3009 2109 3109 respiciens
2212 3027 2283 3082 si;
2303 2995 2580 3084 Dominus,
2632 3017 2724 3087 qui
2753 3012 2884 3068 facit
2906 3003 3334 3065 misericordiam
3365 3007 3420 3054 et
3441 2995 3712 3067 judicium
3737 2999 3789 3046 el

2085 3103 2096 3109 -
2669 3105 2676 3109 _
3059 3096 3072 3109 ι
3117 3106 3126 3109 _
3232 3092 3270 3109 -_
3304 3087 3396 3109 “-1
3428 3080 3765 3109 -..Α-,ζιιΛ-ιιέ.

516 3080 878 3196 doncupiscit.
930 3117 1086 3174 Unde
1113 3080 1285 3169 etiam
1319 3107 1584 3165 Jeremias
1619 3080 1697 3158 ait
1723 3121 1737 3156 :
1767 3119 1812 3196 ί-
1845 3096 2105 3155 Ascendit
2128 3173 2171 3196 Α
2203 3080 2472 3185 insuum,
2493 3080 2904 3176 mimi-lenam,
2929 3096 3075 3167 quod
3101 3092 3280 3149 omnia
3304 3087 3398 3142 De,
3428 3080 3788 3154 prouidentia,

517 3231 668 3272 mors
688 3173 787 3285 per
814 3210 1103 3285 fenestras.
1131 3209 1365 3264 nostras,
1398 3197 1643 3267 ingressa
1671 3199 1756 3247 est
1779 3191 1970 3246 domos
1997 3201 2096 3241 no-

2209 3173 2261 3261 et
2299 3201 2510 3272 justitia
2543 3173 2942 3268 gubernentur,
2963 3196 3018 3243 et
3046 3198 3167 3256 Quae
3206 3181 3362 3237 nobis
3389 3178 3644 3232 videntur
3684 3188 3786 3226 non

519 3261 778 3285 -σν--τη
1097 3279 1103 3285 ,
1349 3261 1360 3264 -
1458 3261 1487 3267 -

518 3315 683 3363 sua"
738 3322 759 3354 ’
816 3300 962 3370 κοτε
989 3295 1186 3366 quippe
1218 3306 1316 3361 per
1344 3287 1612 3342 knew.“
1637 3279 1880 3338 “and”
1920 3285 1977 3333 e"
2000 3279 2098 3370 dof'
2199 3261 2404 3355 habere
2437 3261 2726 3352 rationem,
2752 3281 2975 3354 justitia:
3002 3277 3160 3349 plena
3189 3273 3301 3328 sint
3329 3276 3492 3336 atque
3517 3261 3748 3318 rationis
3777 3273 3791 3309 :

518 3414 639 3456 mos
672 3391 992 3466 ingreditur,
1043 3400 1166 3442 cum
1207 3397 1306 3453 per
1335 3392 1534 3435 sensus
1554 3373 1799 3444 corporis
1850 3366 2104 3436 concupi-

523 3457 762 3545 scentia'
797 3480 1023 3537 veniens
1060 3469 1430 3533 habitaculum
1474 3464 1674 3521 mentis
1725 3461 1910 3515 intrat.
1985 3457 2105 3525 Quo

521 3584 716 3633 contra
766 3572 871 3626 hoc
895 3565 1038 3637 quod
1091 3575 1234 3631 saepe
1276 3557 1389 3626 jam
1422 3554 1661 3611 diximus
1703 3551 1771 3606 de
1813 3547 1975 3619 justis
2007 3559 2105 3615 per

519 3666 716 3723 Isaiam
749 3635 990 3716 dicitur:
1037 3671 1055 3706 ι
1115 3650 1217 3717 Qui
1245 3654 1371 3704 sunt
1399 3644 1458 3700 1ιὶ
1497 3642 1588 3713 qui
1612 3648 1670 3694 ut
1699 3639 1871 3693 nubes
1898 3635 2104 3698 volant,

520 3767 580 3814 et
621 3752 780 3826 quasi
823 3746 1087 3806 columba:
1134 3742 1204 3797 ad
1241 3739 1506 3794 fenestras
1552 3731 1716 3787 suas?
1743 3749 1763 3783 ι
1807 3727 1943 3800 (lca.
1990 3724 2105 3793 ιι.)

522 3815 662 3901 Iusti
700 3853 936 3908 namque
970 3834 1156 3890 volare
1207 3837 1268 3883 ut
1304 3825 1473 3881 nubes
1517 3820 1648 3876 dicti
1677 3825 1821 3881 sunt,
1874 3815 1967 3885 qui
2010 3828 2107 3883 per

524 3945 720 3993 sensus
760 3905 1030 3996 corporis,
1079 3918 1349 3976 exteriora
1396 3926 1624 3983 qumque
1667 3905 1966 3996 intentione
2000 3917 2108 3958 non

527 4022 828 4094 respiciunt
854 3977 1182 4084 rapacitatis
1202 3977 1580 4076 eosque-foras
1601 3977 1710 4054 nod
1732 3996 1874 4067 rapit
1912 4008 2110 4050 concu-

528 4083 793 4185 piscentia
839 4083 1094 4160 carnalis.
1155 4095 1410 4164 Quisquis
1437 4105 1568 4146 vero
1603 4103 1699 4160 per
1728 4088 1828 4142 bas
1868 4083 2112 4154 corporis

529 4173 801 4260 lenestras
852 4197 1069 4251 incaute
1115 4187 1353 4244 exterius
1405 4181 1648 4251 respicit,
1694 4179 2012 4248 plerumque
2058 4173 2112 4224 in

532 4287 894 4350 delectatione
926 4279 1136 4353 peccati
1177 4276 1342 4331 etiam
1369 4272 1558 4327 nolens
1584 4268 1750 4331 cadit,
1791 4274 1953 4334 atque
1977 4261 2115 4317 obli-

534 4390 692 4454 gatus
719 4373 999 4433 desideriis
1024 4368 1213 4437 incipit
1250 4363 1386 4419 velle
1410 4360 1553 4430 quod
1592 4357 1764 4412 noluit
1798 4373 1812 4408 :
1878 4366 2116 4424 praeceps

2199 3390 2316 3445 biec
2346 3385 2493 3441 enim
2521 3380 2633 3438 sola
2657 3350 2874 3448 placent
2917 3371 3051 3433 Deo,
3104 3358 3234 3420 etin
3264 3361 3350 3415 bis
3393 3355 3647 3412 voluntas
3674 3350 3790 3420 ejus

2468 3469 2595 3528 sunt
2615 3438 2746 3537 ergo
2768 3464 2861 3533 qui
2883 3462 3088 3520 dicunt,
3127 3451 3346 3523 proprio
3371 3445 3649 3502 hominem

2203 3527 2447 3626 arbitrio,
2473 3527 2528 3614 et
2547 3557 2627 3614 sic
2646 3527 2828 3611 datam
2849 3549 3001 3604 liberi
3023 3541 3231 3600 arbitrii
3246 3544 3589 3609 potestatem,
3615 3539 3678 3582 ut
3698 3527 3795 3581 Dei

2204 3622 2573 3714 misericordia
2602 3647 2882 3704 tolleretur
2930 3649 3093 3708 atque
3118 3632 3358 3704 justitia?
3385 3628 3538 3684 Unde
3577 3634 3632 3678 et
3657 3622 3796 3690 Apo-

2206 3750 2377 3807 stolus
2424 3756 2705 3801 assumens
2730 3741 2836 3794 hoc
2858 3730 3225 3790 testimonium
3257 3725 3406 3796 ponit
3443 3719 3747 3789 exemplum
3779 3733 3792 3766 :

2213 3861 2233 3895 ι
2277 3841 2378 3910 Qui
2405 3838 2686 3909 gloriatur,
2709 3834 2763 3887 in
2795 3829 3025 3886 Domino
3051 3825 3312 3896 glorietur
3357 3819 3410 3890 (1
3458 3816 3582 3872 Cor.
3615 3816 3699 3884 x).
3733 3833 3754 3865 ι

2285 3901 2323 3981 ἷ
2347 3901 2486 3983 nece
2530 3924 2648 3980 dies
2696 3919 2933 3982 venient,
2963 3915 3093 3971 dicit
3113 3911 3418 3968 Dominus:
3452 3907 3520 3961 Et
3563 3901 3796 3958 visitabo

2217 4039 2237 4072 ι
2281 4022 2444 4086 super
2510 4026 2725 4068 omnem
2781 4008 2875 4076 qui
2933 4002 3313 4060 circumcisum
3369 3997 3534 4052 habet
3583 4007 3796 4064 prmpuo

2218 4126 2236 4158 ι
2277 4108 2434 4168 tium,
2484 4115 2644 4170 super
2671 4097 2991 4168 .‘Egyptum,
3018 4102 3073 4148 et
3097 4107 3260 4160 super
3296 4088 3511 4150 Judam,
3556 4094 3612 4138 et
3635 4097 3798 4152 super

2219 4217 2238 4251 ι
2283 4197 2472 4279 Edom,
2518 4199 2574 4246 et
2600 4204 2762 4260 super
2791 4187 2928 4240 filios
2954 4185 3207 4245 Ammon,
3251 4189 3306 4234 et
3327 4193 3490 4248 super
3509 4174 3688 4237 Moab,
3743 4182 3795 4226 et

2220 4306 2238 4338 ι
2284 4263 2445 4354 super
2470 4293 2678 4342 omnes,
2706 4276 2799 4345 qui
2821 4273 3020 4328 attonsi
3044 4279 3171 4326 sunt
3195 4270 3247 4322 in
3272 4279 3504 4326 comam,
3548 4260 3797 4315 habitan-

2221 4397 2239 4429 ι
2284 4385 2366 4431 tes
2399 4375 2455 4428 in
2475 4375 2711 4433 deserto,
2739 4368 2868 4437 quia
2893 4380 3084 4419 omnes
3120 4370 3306 4430 gentes
3330 4359 3536 4428 habent
3586 4367 3794 4423 praepu-

535 4440 736 4545 quippe
784 4467 965 4524 anima
995 4465 1121 4518 dum
1165 4465 1290 4513 ante
1321 4469 1428 4510 non
1476 4450 1753 4521 praevidet,
1786 4461 1854 4501 ne
1901 4445 2104 4498 incaute

903 4555 915 4559 -
1171 4548 1181 4559 -
1285 4552 1296 4559 -
1575 4537 1757 4559 ε--ε-ε.
1811 4533 2104 4559 sum-..“

2224 4484 2244 4516 α
2291 4465 2445 4525 tium,
2467 4460 2642 4515 omnis
2668 4465 2848 4511 autem
2879 4454 3071 4508 domus
3096 4448 3257 4503 Israel
3279 4440 3640 4500 incircumcisi
3674 4448 3799 4494 sunt

2418 4551 2432 4559 ·
2610 4546 2656 4559 ··
2698 4545 2733 4559 ἰ
2879 4558 2882 4559 ν
3046 4548 3196 4559 ----ρ
3261 4534 3486 4559 manu-..
3537 4529 3776 4559 ωηιξη...

537 4563 722 4617 videat
775 4555 921 4626 quod
957 4548 1325 4616 concupiscat,
1375 4556 1516 4595 cicca
1575 4537 1763 4606 incipit
1807 4533 2115 4626 desiderare
2147 4529 2196 4556 υ
2226 4571 2245 4605 ε
2306 4551 2485 4608 corde.
2545 4569 2565 4600 ,
2610 4545 2898 4600 Mumer
2937 4556 3002 4596 ex
3046 4548 3200 4608 mne
3256 4534 3488 4606 quadam
3537 4529 3796 4600 semina

540 4650 687 4723 quod
720 4622 872 4701 vidit.
938 4639 1092 4697 Unde
1142 4635 1419 4706 prophetae
1472 4641 1627 4683 mens
1671 4640 1792 4694 qua:
1837 4622 2114 4677 sublevata

541 4714 684 4812 saepe
705 4734 979 4809 mysteriis
1023 4726 1251 4786 internis
1276 4725 1556 4785 intererat,
1580 4716 1708 4787 quia
1736 4714 1965 4768 alienam
1990 4726 2120 4766 con-

541 4800 721 4904 iugem
751 4800 966 4882 incaute
987 4820 1141 4884 vidit,
1161 4812 1511 4871 obtenebrata
1536 4803 1877 4877 postmodum
1905 4800 2120 4854 sibimet

545 4889 808 4979 etvillicite
841 4910 1135 4980 conjunxit.
1179 4905 1412 4960 Sanctus
1471 4907 1650 4951 autem
1684 4894 1793 4956 vir,
1839 4889 1930 4959 qui
1968 4902 2121 4941 acce-

547 4975 658 5084 ptis
684 4975 1216 5077 corporis'sensibus
1240 4993 1386 5048 velut
1412 4987 1666 5058 subjectis
1706 4977 1969 5037 ministris
2004 4975 2124 5045 qui-

549 5068 676 5157 dam
705 5068 1043 5165 aequissimus
1058 5087 1226 5156 .judex
1251 5088 1465 5151 praeest,
1493 5075 1678 5144 culpas
1694 5068 1958 5138 conspicit
1974 5075 2124 5119 ante-

552 5206 716 5264 quam
755 5161 992 5247 veniant,
1046 5187 1104 5234 et
1144 5175 1290 5241 velut
1338 5168 1610 5224 insidianti
1658 5163 1818 5218 morti
1857 5161 2124 5214 fenestras

554 5251 800 5355 corporis
829 5274 1047 5333 claudit.
1106 5289 1124 5320 ι
1171 5267 1454 5334 Loquere:
1490 5258 1615 5312 Haec
1641 5254 1772 5310 dicit
1820 5251 2120 5307 Dominus;

563 5340 610 5431 iv
630 5340 699 5432 έι
739 5370 892 5429 cadet
919 5361 1264 5422 morticinum
1297 5347 1532 5407 hominis
1557 5345 1697 5416 (sive
1737 5341 1998 5397 cadavera
2027 5340 2123 5393 bo—

563 5429 582 5521 i
624 5429 852 5532 minum)
887 5455 1042 5528 quasi
1065 5459 1277 5507 stercus
1299 5455 1460 5511 super
1490 5437 1680 5491 faciem
1723 5431 1958 5502 regionis
1982 5429 2126 5500 (sive
2173 5462 2177 5465 .

565 5577 586 5610 ‹
626 5521 853 5621 campi),
955 5542 1106 5614 quasi
1167 5539 1349 5592 fenum
1381 5536 1503 5600 post
1527 5536 1737 5595 tergum
1759 5521 2033 5582 metentis,
2072 5524 2129 5571 ct

568 5608 589 5698 i
633 5608 865 5702 non-est
907 5608 998 5706 qui
1049 5631 1282 5700 colligat.
1333 5643 1350 5675 ›
1409 5616 1678 5692 (nierum)
1728 5614 1961 5668 Verbum
2024 5608 2130 5663 He-

564 5698 805 5793 braicum
851 5698 993 5795 quod
1023 5698 1196 5776 tribus
1226 5713 1422 5769 litteris
1447 5706 1700 5764 scribitur
1735 5711 1891 5764 n31,
1920 5698 2132 5758 vocales

2221 4651 2276 4697 et
2303 4639 2536 4695 maxime
2563 4651 2683 4706 qua:
2709 4634 2907 4689 Iudaea:
2944 4628 3350 4694 Palaestinasque
3389 4619 3629 4676 conﬁnes
3673 4626 3796 4671 sunt

2221 4745 2392 4801 usque
2446 4727 2606 4783 hodie
2649 4723 2832 4795 populi
2887 4716 3367 4775 circumciduntur,
3412 4714 3482 4763 et'
3530 4708 3797 4777 praecipue

2223 4793 2486 4888 Egyptii,
2515 4793 2758 4874 ldummi‘,
2786 4806 3128 4867 Ammonitae,
3161 4810 3215 4855 et
3243 4797 3508 4854 Moabitae.
3547 4803 3604 4848 et
3623 4793 3798 4847 omnis

2225 4884 2381 4980 regio
2411 4906 2826 4962 Saracenorum,
2876 4911 2997 4968 qua:
3048 4893 3258 4950 habitat
3287 4891 3341 4943 in
3384 4884 3695 4945 solitudine,
3749 4891 3802 4939 et

2228 4973 2517 5068 de'quibus
2542 4993 2740 5049 dicitur
2773 5007 2788 5044 :
2839 5003 3001 5058 super
3029 4997 3216 5039 omnes
3252 4980 3342 5050 qui
3371 4974 3570 5032 attonsi
3596 4981 3724 5027 sunt
3749 4973 3800 5024 in

2228 5061 2458 5149 comam,
2490 5083 2796 5140 habitantes
2833 5078 2886 5131 in
2903 5076 3134 5130 deserto.
3167 5070 3281 5126 Non
3325 5067 3488 5138 igitur
3515 5063 3675 5118 debet
3695 5061 3802 5132 glo-

2230 5177 2358 5232 riari
2385 5173 2520 5229 Juda
2540 5173 2632 5244 qui
2663 5171 2861 5226 mixtus
2897 5175 2980 5220 est
3018 5180 3142 5218 cum
3172 5160 3423 5233 gentibus
3467 5168 3632 5223 supra
3656 5153 3800 5207 scri—

2229 5268 2356 5338 ptis,
2400 5263 2540 5334 quod
2558 5241 2764 5318 eorum
2802 5256 3125 5327 praeputium
3168 5266 3272 5305 non
3313 5247 3556 5301 habeat:
3587 5241 3683 5296 sed
3735 5255 3804 5294 ex

2229 5358 2345 5426 lege
2374 5354 2469 5409 Dei
2525 5349 2878 5408 circumcisus
2911 5346 3004 5406 sit,
3048 5359 3172 5398 cuni
3200 5348 3254 5394 et
3287 5337 3378 5392 alii
3411 5335 3532 5389 luce
3578 5331 3806 5390 faciant,

2227 5420 2346 5515 qua:
2392 5444 2525 5513 legis
2557 5441 2808 5494 mandata
2839 5451 2945 5490 non
2970 5439 3210 5494 servant,
3256 5436 3311 5482 et
3337 5428 3596 5495 ignorant
3635 5420 3804 5474 Deum

2228 5510 2411 5590 Israel.
2449 5510 2582 5586 ‘Nec
2605 5528 2823 5601 prodest
2847 5522 3183 5580 circumcisio
3209 5532 3329 5588 quin
3360 5516 3413 5568 in
3443 5514 3658 5585 signum
3682 5510 3804 5563 data

2231 5633 2340 5689 est,
2401 5623 2502 5676 nisi
2545 5625 2811 5690 praecepta
2859 5613 3074 5670 Domini
3118 5607 3508 5678 compleantur,
3563 5602 3707 5656 sicut
3756 5605 3808 5650 et

2234 5727 2399 5768 comae
2429 5725 2548 5770 quae
2592 5715 2804 5770 gentem
2851 5701 3177 5765 signiﬁcant.
3223 5712 3325 5752 non
3377 5692 3576 5748 robora
3619 5699 3805 5754 θοι-ι»
