3910 6338
211 396 320 456 877

1129 382 1491 442 EXPOSITIO
1531 377 1758 440 SUPER
1794 378 2166 440 JEREMIAM.
2203 409 2272 421 ——
2305 377 2434 436 LIB.
2480 379 2542 434 V.

3353 375 3460 433 878

209 526 334 569 rum
361 518 417 566 et
445 503 810 564 fortitudinem
838 501 1214 573 pugnatorum.
1246 497 1508 566 Quodque
1530 494 1787 564 sequitur,
1819 502 1865 561 Α
1896 491 2128 561 ingentia
2163 488 2500 561 pollicentur,
2538 496 2594 543 et
2619 487 2965 543 simulacrum
3009 488 3132 542 vani
3182 487 3356 542 cultus
3395 490 3464 543 de

214 619 236 654 ι
273 613 465 655 omnes
516 603 704 666 gentes
747 592 949 647 habent
1003 589 1343 660 prteputium,
1385 586 1562 642 omnis
1607 592 1790 641 autem

209 689 406 744 domus
420 683 609 740 .lsrael
639 680 1002 738 incircumcisi
1040 686 1168 734 sunt
1202 676 1384 740 corde,
1440 695 1458 727 ι
1518 675 1662 731 hunc
1686 674 1790 729 ha-

209 775 304 832 bet
329 787 548 830 sensum
576 788 590 825 :
621 785 744 826 cum
773 776 969 840 praeter
995 764 1302 836 Egyptios,
1331 761 1614 828 Idumaeos,
1653 762 1788 817 Amo

211 863 470 925 mouitas,
511 867 567 916 et
595 857 877 920 lloabitas,
910 853 1207 908 Ismaelitas
1237 853 1292 908 in
1332 849 1618 906 solitudine
1642 864 1792 906 com-

210 959 508 1015 morantes,
553 962 786 1020 quorum
822 945 1140 1017 plerumque
1168 958 1296 1013 pars
1324 939 1643 997 circumcisa
1683 945 1790 1004 est,

209 1057 404 1098 omnes
426 1040 545 1095 aliae
582 1038 829 1093 nationes
879 1035 934 1090 in
962 1042 1076 1089 toto
1103 1034 1236 1088 orbe
1272 1029 1661 1086 incircumciste
1684 1027 1794 1083 sint

210 1146 401 1196 carne,
447 1128 624 1185 omnis
670 1125 860 1182 domus
893 1122 1056 1178 Israel
1091 1118 1468 1177 incircumcisa
1507 1124 1596 1172 est
1628 1114 1792 1170 corde

211 1237 323 1276 non
350 1235 537 1285 carne,
585 1233 706 1288 quae
735 1214 1136 1272 incircumcisio
1164 1213 1313 1270 ducit
1341 1211 1411 1268 ad
1431 1217 1680 1275 mortem,
1703 1207 1792 1264 illa

210 1311 360 1366 enim
389 1309 588 1374 carnis,
621 1309 736 1364 haec
761 1306 982 1376 spiritus
1009 1311 1114 1361 est.

837 1415 1066 1473 CAPUT
1105 1414 1175 1470 Χ.

211 1507 480 1589 "citetur.
501 1507 725 1589 populus.
755 1506 1025 1589 instituerit
1065 1501 1676 1589 eali‘censfellatipuem,
1712 1499 1795 1558 in.-

283 1570 514 1699 εἴεραιὶὀ
564 1570 903 1642 idololatria',
957 1582 1005 1628 et
1031 1575 1272 1644 planctus
1308 1570 1605 1626 Jerusalem
1640 1583 1792 1639 super

281 1664 318 1716 ρ
339 1663 440 1715 agn
489 1662 607 1698 sua.

290 1771 310 1806 ι
357 1752 553 1808 Audite
577 1751 802 1806 verbum
827 1748 972 1821 quod
995 1748 1209 1805 locutus
1229 1757 1316 1804 est
1341 1747 1600 1803 Dominus
1630 1759 1793 1816 super

1893 596 1991 636 suo
2021 580 2185 636 corde
2218 578 2553 661 conﬁngunt.
2581 577 2797 632 lactant
2823 576 3074 649 grandia,
3106 585 3162 631 ct
3202 576 3268 631 ad
3316 576 3462 632 deci-

1887 670 2110 740 piendos
2144 667 2417 739 simplices
2453 681 2694 736 quosque
2732 667 2888 736 quasi
2915 667 3092 722 aureis
3122 667 3372 722 sensibus
3408 674 3465 723 et

1889 759 2121 830 eloquiis
2152 757 2364 829 argenti
2393 755 2676 826 splendore
2710 757 3056 828 fulgentibus,
3091 757 3463 826 imperitorum

1889 851 2232 925 obstringunt
2256 850 2444 915 aciem,
2477 859 2534 905 et
2555 865 2587 904 a
2607 851 2722 906 suis
2752 849 3124 906 inventoribus
3170 850 3464 904 subliman-

1893 953 1998 1009 tur,
2045 945 2102 999 in
2123 945 2321 1016 quibus
2349 943 2494 998 nulla
2527 952 2612 998 est
2646 942 2869 1008 utilitas,
2900 949 2954 997 et
2987 956 3219 1011 quorum
3254 939 3464 994 cultura

1888 1034 2105 1104 proprie
2130 1033 2372 1106 gentium
2399 1043 2505 1098 est,
2535 1039 2590 1088 et
2609 1047 2795 1087 eorum
2816 1031 2909 1101 qui
2931 1031 3182 1101 ignorant
3202 1031 3391 1083 Deum.

1967 1143 1986 1177 ι
2030 1125 2145 1181 Non
2171 1135 2257 1182 est
2284 1125 2475 1182 similis
2513 1126 2612 1188 tui,
2657 1125 2930 1188 Domine,’
2954 1137 3180 1192 magnus
3214 1138 3274 1176 es
3319 1129 3370 1174 tu
3413 1129 3468 1173 et

1896 1233 1914 1266 ι
1962 1231 2212 1286 magnum
2257 1231 2451 1272 nomen
2504 1224 2654 1270 tuum
2707 1216 2760 1269 in
2806 1213 3139 1269 fortitudine.
3195 1212 3324 1278 Quis
3359 1225 3464 1263 non

1898 1324 1917 1357 ι
1964 1305 2170 1362 timebit
2209 1315 2279 1373 te,
2302 1321 2338 1361 ο
2363 1322 2458 1362 rex
2483 1306 2757 1378 gentium?
2787 1314 2939 1362 tuum
2967 1313 3052 1360 est
3073 1304 3214 1359 enin:
3259 1305 3419 1357 decus
3447 1317 3461 1354 :

1899 1414 1917 1444 ι
1955 1395 2100 1451 Inter
2119 1390 2348 1452 cunctus
2382 1397 2650 1465 sapientes
2695 1385 2959 1468 gentium,
3017 1403 3074 1449 et
3112 1395 3164 1448 in
3203 1391 3467 1446 universis

1897 1504 1915 1535 ι
1963 1486 2142 1556 regnis
2169 1499 2377 1552 eorum,
2429 1483 2606 1540 nullus
2637 1494 2721 1540 est
2746 1486 2941 1541 similis
2969 1484 3068 1539 tui.
3126 1483 3337 1538 Pariter
3380 1482 3462 1535 in-

1897 1593 1914 1626 ι
1961 1575 2222 1645 sipientes
2242 1583 2298 1631 et
2320 1573 2452 1630 fatui
2478 1575 2871 1645 probabuntur.
2922 1574 3180 1630 Doctrina
3209 1571 3466 1626 vanitatis

1897 1682 1916 1715 ι
1961 1678 2148 1721 eorum
2171 1665 2371 1736 lignum
2392 1673 2498 1730 est,
2542 1671 2826 1733 argentum
2847 1663 3165 1728 involutum,
3214 1661 3327 1715 sive
3349 1675 3469 1729 pro-

1897 1773 1915 1805 ι
1961 1753 2203 1820 ductum,
2224 1762 2275 1810 et
2299 1754 2364 1810 de
2389 1752 2612 1808 Tharsis
2631 1751 2876 1817 affertur,
2902 1760 2956 1806 et
2979 1765 3168 1804 aurum
3191 1750 3256 1804 de
3278 1748 3467 1818 Ophir,

215 1861 237 1897 ι
282 1859 400 1908 vos,
457 1845 648 1899 domus
692 1840 876 1897 Israel.
909 1839 1035 1894 Hac
1090 1839 1224 1894 dicit
1267 1839 1524 1894 Dominus
1573 1855 1586 1891 ε
1628 1835 1789 1891 Juxta
1821 1851 1865 1910 Β
1897 1862 1916 1895 ι
1961 1858 2096 1912 opus
2137 1843 2384 1908 artiﬁcis,
2442 1849 2500 1898 et
2557 1840 2940 1898 manusterarii
2993 1856 3008 1894 :
3051 1839 3372 1909 hyacinthus
3413 1843 3470 1890 et

214 1951 238 1988 ι
286 1935 400 1988 vias
423 1933 662 2004 gentium
692 1930 856 1986 nolite
879 1929 1109 1996 discere,
1149 1935 1206 1983 et
1224 1942 1257 1982 a
1281 1927 1451 1999 signis
1477 1927 1601 1983 οωιί
1627 1925 1792 1981 nolite

216 2041 241 2078 ι
287 2032 547 2086 metuere,
595 2036 717 2090 qua:
754 2020 946 2074 timent
969 2029 1180 2087 gentes,
1232 2019 1358 2087 quia
1401 2017 1542 2088 leges
1571 2015 1795 2086 populo-

217 2110 263 2167 ι’
288 2128 412 2168 rum
453 2127 605 2166 vana:
639 2119 787 2166 sunt.
844 2128 862 2162 ι
919 2106 1189 2181 (meram)
1236 2105 1460 2178 Proprie
1508 2107 1794 2160 adversum

211 2219 311 2261 eos
342 2204 576 2273 loquitur
598 2202 692 2272 qui
734 2209 1060 2257 venerantur
1084 2199 1351 2265 cmlestia,
1402 2213 1522 2269 qua:
1564 2199 1617 2252 in
1644 2197 1795 2267 signa

213 2303 345 2352 sunt
367 2295 541 2365 posita
574 2307 862 2357 annorum,
900 2302 1225 2362 temporum,
1264 2289 1552 2353 mensium,
1593 2297 1649 2343 et
1685 2287 1796 2341 die-

219 2399 342 2439 rum
368 2402 380 2436 :
407 2383 475 2436 ab
497 2382 600 2436 'his
647 2380 919 2436 aestimant
942 2378 1056 2449 regi
1093 2379 1388 2433 humanum
1413 2391 1602 2446 genus,
1644 2383 1701 2430 et
1726 2388 1793 2428 ex

213 2475 398 2532 causis
447 2471 747 2527 caelestium
794 2479 1008 2524 terrena
1058 2469 1346 2524 moderari.
1395 2467 1654 2535 Quodque
1697 2465 1792 2526 ait,

218 2584 242 2618 ι
267 2567 413 2638 leges
432 2566 567 2636 (sive
596 2565 855 2635 legitima)
871 2563 1188 2634 populorum
1206 2577 1338 2617 vana
1359 2570 1485 2616 sunt
1504 2580 1522 2612 ι
1547 2578 1560 2613 :
1580 2572 1794 2615 omnem

212 2659 512 2714 humanam
556 2655 877 2725 sapientiam
921 2653 1129 2708 futilem
1162 2666 1283 2707 esse
1331 2652 1686 2714 demonstrat,
1741 2653 1797 2702 et

210 2749 417 2806 nullam
443 2763 503 2802 sc
539 2748 740 2802 habere
762 2744 1066 2798 utilitatem.

293 2857 314 2892 ι
360 2839 496 2906 Quia
544 2837 747 2908 lignum
774 2835 841 2890 de
875 2833 1015 2889 saltu
1065 2832 1307 2902 praicidit
1352 2845 1488 2901 opus
1537 2843 1794 2884 manuum

217 2949 241 2984 ι
282 2929 508 2985 artificis
533 2929 588 2982 in
616 2926 782 2981 ascia.
816 2925 1054 2994 Argento
1080 2929 1136 2976 et
1155 2936 1287 2976 auro
1316 2921 1593 2975 decoravit
1620 2918 1776 2982 illud,

221 3039 246 3074 ι
291 3021 460 3076 clavis
513 3028 570 3075 et
610 3016 817 3072 malleis
861 3014 1153 3085 compegit,
1205 3021 1264 3066 ut
1313 3027 1422 3068 non
1461 3010 1792 3065 dissolvatur

217 3132 243 3168 ε
285 3115 422 3186 (sive
449 3127 553 3166 non
574 3107 894 3176 moveatur),
927 3105 982 3160 in
1024 3102 1428 3159 similitudinem
1469 3101 1660 3171 palmae
1715 3101 1795 3154 fa-

1895 1954 1914 1987 ι
1959 1949 2196 2004 purpura
2255 1933 2634 1989 indumentum
2687 1946 2878 1989 eorum
2935 1940 2983 1985 τί
3003 1944 3142 2002 opus
3195 1928 3468 1984 artificum

1900 2043 1920 2078 ι
1967 2026 2104 2096 (sive
2131 2025 2480 2096 sapientium)
2522 2024 2772 2080 universa
2815 2014 2951 2080 hac.
2997 2023 3254 2079 Dominus
3288 2027 3472 2074 autent

1901 2134 1922 2168 ι
1971 2119 2114 2170 Deus
2159 2131 2317 2171 verus
2356 2124 2458 2180 est,
2502 2119 2614 2185 ipse
2647 2114 2789 2170 Deus
2830 2115 3018 2169 vivens
3066 2113 3247 2168 ct'rex
3268 2111 3468 2180 sempi-

1901 2224 1920 2258 ι
1965 2217 2166 2261 ternus.
2207 2206 2292 2260 Ab
2326 2204 2693 2276 indignatione
2715 2203 2832 2272 ejus
2850 2202 3271 2260 commovebitur
3300 2208 3470 2265 terra,

1901 2313 1918 2346 ι
1961 2303 2015 2350 et
2049 2310 2156 2350 non
2194 2295 2535 2349 sustinebunt
2571 2303 2758 2364 gentes
2782 2291 3252 2348 comminationem
3277 2287 3413 2356 ejus.
3448 2307 3466 2336 ι

1897 2387 2022 2441 llaec
2070 2387 2123 2440 in
2153 2384 2504 2456 Septuaginta
2525 2399 2632 2439 non
2665 2384 2951 2449 habentur,
2998 2381 3094 2436 sed
3118 2382 3189 2436 de
3218 2378 3466 2434 Theodo-

1897 2477 2057 2530 tionis
2083 2475 2316 2531 editione
2341 2474 2397 2528 in
2420 2473 2690 2544 plerisque
2713 2472 2894 2530 addita
2918 2480 3061 2527 sunt.
3087 2470 3297 2524 Etcum
3315 2466 3471 2535 juxta

1895 2565 2132 2620 litteram
2172 2564 2456 2618 videantur
2493 2562 2800 2632 perspicua,
2855 2560 3012 2631 juxta
3045 2570 3321 2628 anagogen
3362 2572 3448 2609 nia

1896 2671 2058 2728 gnam
2091 2657 2292 2712 habent
2311 2653 2699 2709 difﬁcultatem.
2721 2651 2907 2707 Nullus
2928 2659 3013 2706 est
3030 2649 3222 2704 similis
3251 2657 3337 2701 est
3364 2645 3471 2700 Dco

1895 2761 2064 2812 vero,
2133 2760 2321 2800 eorum
2365 2745 2586 2799 deorum
2655 2741 2746 2811 qui
2794 2740 3047 2795 hmretica
3096 2747 3212 2792 arte
3271 2735 3469 2806 ﬁngun-

1896 2843 2003 2889 tur.
2033 2834 2233 2890 Omnes
2255 2833 2520 2888 timehunt
2543 2847 2665 2887 eum
2690 2831 2781 2899 qui
2807 2845 2898 2884 rex
2925 2828 3163 2900 gentium
3192 2832 3291 2880 est.
3318 2823 3447 2876 Prin

1894 2925 2092 2994 cipium
2114 2924 2258 2979 enim
2280 2921 2556 2993 sapientia:
2577 2921 2739 2975 timor
2762 2918 2972 2974 Domini
2995 2914 3177 2988 (Prov.
3205 2914 3308 2985 ιχ),
3329 2922 3384 2968 et
3404 2912 3472 2968 de

1897 3027 1962 3067 eo
1982 3012 2292 3081 proﬁcimus
2321 3011 2389 3065 ad
2414 3009 2736 3070 charitatem
2765 3021 2972 3061 veram.
3007 3025 3025 3056 ι
3061 3003 3235 3057 'I‘uum
3259 3011 3364 3067 est,
3393 3003 3471 3054 in-

1899 3114 2034 3175 quit,
2063 3105 2229 3160 decus
2259 3123 2271 3158 :
2311 3121 2330 3154 ι
2369 3102 2424 3157 in
2452 3102 2678 3157 veritate
2707 3099 2889 3163 decor,
2915 3097 2971 3151 in
2994 3095 3276 3150 mendacio
3306 3093 3475 3162 turpi-

218 3222 245 3258 ι
285 3184 492 3258 bricata
528 3209 653 3255 sunt
705 3207 760 3252 et
791 3211 898 3250 non
927 3194 1235 3263 loquentur,
1279 3201 1490 3264 portata
1519 3191 1792 3257 tollentur,
1821 3189 1867 3251 C
1899 3196 2045 3249 tudo.
2069 3194 2324 3260 Quamvis
2353 3189 2591 3247 haeretici
2609 3187 2765 3256 juxta
2791 3185 3108 3257 sapientiam
3135 3184 3320 3238 mundi
3353 3198 3472 3250 qua:

217 3308 243 3344 ι
286 3291 412 3361 quia
437 3287 684 3342 incedere
736 3301 842 3340 non
864 3281 1044 3337 valent
1076 3300 1090 3336 :
1123 3282 1288 3338 nolite
1313 3296 1441 3352 ergo
1479 3280 1672 3336 timere
1705 3295 1792 3345 ea,

218 3397 242 3431 ι
287 3377 413 3446 quia
455 3389 556 3429 nec
600 3373 739 3428 male
786 3380 1012 3442 possunt
1064 3368 1242 3426 facere
1293 3385 1392 3426 nec
1418 3371 1574 3426 bene.
1638 3388 1657 3422 ι
1699 3369 1798 3424 De-

209 3467 440 3538 scriptio
461 3465 720 3521 idolorum
735 3476 860 3533 quae
877 3471 1206 3517 venerantur
1226 3471 1412 3533 gentes
1439 3479 1452 3515 :
1493 3479 1509 3512 ι
1540 3460 1791 3530 Lignutn,

215 3559 414 3630 inquit,
444 3558 508 3611 de
547 3555 684 3610 saltu
721 3552 964 3623 prtccidit
997 3571 1010 3605 :
1051 3571 1069 3603 ι
1108 3551 1334 3605 materia
1363 3565 1492 3621 ergo
1530 3548 1792 3605 idolorum

209 3647 338 3706 vn'nis
361 3658 415 3704 et
438 3646 816 3717 corruptibilis.
848 3664 865 3695 ι
893 3645 1040 3713 Opus
1057 3658 1312 3696 manuum
1335 3641 1577 3696 artiﬁcis.
1609 3659 1628 3691 ι
1657 3639 1792 3694 Cum

214 3743 416 3799 ar’tifex
446 3738 691 3795 mortalis
720 3737 811 3800 sit,
867 3734 1117 3790 mortalia
1138 3748 1266 3804 ergo
1285 3740 1340 3787 et
1361 3732 1456 3787 illa
1485 3747 1604 3802 qua:
1625 3730 1789 3785 fabri-

210 3845 390 3891 catur.
424 3850 442 3884 ι
471 3832 706 3902 Argento
727 3837 784 3884 et
815 3843 948 3882 auro
970 3827 1242 3882 decoravit
1261 3825 1426 3880 illud:
1458 3843 1476 3875 ι
1507 3833 1564 3878 ιιι
1587 3823 1794 3891 fulgore

210 3928 496 3994 utriusque
539 3922 780 3978 materia:
811 3919 1045 3989 decipiat
1071 3918 1362 3987 simplices.
1430 3915 1531 3983 Qui
1577 3918 1792 3986 quidem

213 4020 376 4074 errbr
401 4015 467 4068 ad
511 4027 610 4069 nos
639 4025 809 4080 usque
846 4008 1113 4072 transivit,
1146 4016 1205 4062 ut
1231 4005 1541 4075 religionem
1569 4007 1624 4060 in
1653 4006 1790 4060 divi-

210 4109 308 4164 tiis
326 4107 671 4161 arbitremur.
710 4123 728 4155 ‹
762 4102 940 4158 Clavis
958 4111 1014 4157 et
1038 4099 1246 4154 malleis
1276 4099 1562 4168 compegit,
1599 4106 1657 4153 ut
1684 4113 1790 4153 non

209 4197 542 4256 dissolvatur
561 4197 696 4266 (sive
716 4203 776 4248 ut
793 4208 897 4247 non
918 4189 1241 4260 moveatur.)
1269 4209 1284 4239 ι
1307 4188 1515 4255 Quanta
1532 4189 1792 4245 idolorum

209 4287 479 4359 potentia,
507 4299 625 4354 qua:
666 4294 812 4338 stare
846 4295 944 4351 per
975 4295 1035 4336 se
1066 4286 1360 4349 nequeunt,
1399 4278 1502 4332 nisi
1527 4278 1692 4334 clavis
1735 4287 1788 4333 et

209 4374 424 4431 malleis
445 4371 898 4442 compingantur?
930 4387 948 4420 ι
977 4368 1036 4422 ιιι
1066 4367 1470 4424 similitudinem
1494 4367 1686 4436 palma:
1714 4367 1790 4420 fa-

208 4465 422 4521 bricata
453 4479 467 4516 :
509 4482 528 4514 ›
563 4463 765 4517 habent
789 4459 1241 4530 pulchritudinem
1273 4458 1608 4512 metallorum
1630 4467 1685 4512 et
1710 4459 1788 4528 pi-

208 4562 384 4610 ctum
412 4561 530 4605 arte
557 4549 809 4604 dewrata
833 4556 980 4612 sunt,
1029 4548 1124 4601 sed
1169 4547 1454 4600 utilitatem
1486 4563 1589 4602 non
1613 4548 1784 4616 possi-

209 4644 362 4706 dent,
380 4655 540 4710 quam
563 4640 833 4710 praebeant
853 4637 1060 4706 aliquos
1082 4635 1288 4690 fructus
1317 4635 1532 4701 artiﬁci,
1564 4656 1581 4687 ι
1605 4645 1659 4692 et
1682 4652 1784 4692 non

210 4733 525 4804 loquentur,
554 4749 572 4780 ι
609 4727 742 4782 nihil
776 4726 922 4781 enim
946 4726 1000 4780 in
1036 4740 1095 4780 se
1121 4723 1282 4780 vitale
1311 4725 1529 4780 habent.
1561 4727 1636 4781 De
1662 4728 1783 4796 qui-

210 4821 593 4889 busscriptum
619 4826 742 4873 est:
791 4834 809 4868 ι
859 4815 933 4872 Os
980 4816 1181 4871 habent
1222 4823 1276 4869 et
1324 4830 1430 4870 non
1476 4816 1782 4886 loquentur,

210 4925 378 4967 aures
415 4909 612 4963 habent
648 4916 703 4963 et
730 4922 834 4962 non
863 4906 1084 4961 audient
1110 4903 1287 4975 (Psal.
1331 4904 1507 4975 cxm).
1554 4925 1572 4957 ι
1607 4923 1625 4955 ι
1655 4903 1784 4959 Por-

213 5007 329 5055 tata
354 4997 606 5052 tollentur
634 5015 646 5050 :
683 5014 700 5046 ι
726 4995 918 5050 fortior
948 5003 1031 5049 est
1056 4993 1146 5048 ille
1168 4993 1259 5063 qui
1292 5001 1488 5062 portat,
1513 5009 1671 5062 quam
1695 4993 1782 5049 illa

211 5103 338 5161 quae
369 5093 664 5156 portantur.
697 5084 810 5138 lmo
832 5085 884 5138 in
917 5084 1006 5138 illo
1030 5099 1235 5145 sensus,
1266 5083 1318 5136 in
1346 5085 1446 5139 hoc
1477 5083 1646 5154 ﬁgura
1670 5084 1787 5139 sine

213 5193 400 5235 sensu.
430 5194 448 5226 ι
482 5175 656 5230 Nolite
678 5162 807 5246 ergo
828 5175 1019 5229 timere
1036 5188 1102 5229 ea
1129 5188 1244 5243 quae
1270 5189 1368 5230 nec
1399 5175 1539 5230 bene
1560 5185 1788 5245 possunt

214 5269 419 5331 facere,
451 5281 552 5321 nec
579 5265 734 5320 male.
769 5282 788 5316 ι
831 5261 1016 5318 Solent
1051 5265 1194 5320 enim
1225 5264 1465 5334 plerique
1506 5267 1782 5336 gentilium

215 5359 490 5416 dmones
546 5355 721 5411 colere
753 5369 821 5409 ne
861 5364 1110 5419 noceant,
1167 5363 1222 5410 et
1261 5355 1394 5410 alios
1444 5370 1670 5410 exorare
1727 5367 1786 5411 ut

213 5453 475 5519 praestent
509 5444 787 5501 beneﬁcia.
841 5443 989 5500 Unde
1017 5452 1072 5498 et
1111 5444 1238 5500 illud
1275 5444 1624 5516 Virgilianum
1653 5457 1734 5501 est
1767 5462 1780 5501 :

343 5535 541 5599 Nigram
562 5537 725 5598 hyemi
743 5534 998 5597 pecudem,
1029 5534 1254 5597 sepbyris
1273 5533 1496 5585 felicibus
1519 5535 1692 5584 albam.

217 5634 490 5706 Quidquid
526 5636 592 5692 de
617 5637 771 5692 idolis
806 5636 1058 5700 diximus,
1090 5637 1158 5690 ad
1181 5638 1360 5693 omnia
1396 5638 1642 5708 dogmata
1669 5653 1788 5708 quae

220 5735 352 5785 sunt
374 5726 644 5788 contraria
668 5729 882 5785 veritati
937 5727 1124 5784 referri
1160 5737 1356 5797 potest.
1404 5727 1464 5783 Et
1496 5729 1596 5798 ipsi
1644 5730 1786 5785 enim

1895 3287 2210 3351 destruitur,
2223 3284 2326 3340 sibi
2341 3284 2610 3354 sapientes
2623 3296 2744 3338 esse
2758 3282 3059 3346 videantur,
3083 3287 3264 3333 tamm
3285 3277 3338 3330 iu
3353 3291 3470 3329 oni-

1895 3376 2054 3430 nibus
2077 3376 2278 3446 regnis,
2301 3374 2495 3444 quibus
2514 3371 2753 3428 lacerant
2781 3370 3107 3435 Ecclesiam,
3140 3387 3159 3420 ι
3195 3366 3370 3422 nullus
3389 3376 3473 3418 cst

1894 3466 2088 3520 similis
2118 3466 2212 3529 tui,
2254 3485 2272 3517 ι
2305 3465 2519 3519 dicente
2552 3476 2800 3519 sermone
2837 3461 3038 3516 divino.
3075 3478 3093 3510 ι
3124 3459 3352 3513 Perdant
3391 3473 3458 3510 sa-

1893 3556 2151 3624 pientiam
2179 3554 2522 3623 sapientium,
2552 3561 2606 3607 et
2629 3553 2970 3622 prudentiam
3007 3549 3346 3624 prudentium
3385 3562 3458 3600 re.

1893 3645 2132 3713 probabo
2170 3643 2219 3712 (Ι
2249 3642 2372 3698 Cor.
2400 3643 2461 3711 ι).
2505 3661 2524 3693 ι
2581 3641 2753 3696 Simul
2786 3642 3054 3710 sapientes
3077 3623 3138 3693 'et
3161 3638 3291 3709 fatui
3325 3648 3450 3691 sunt

1893 3735 2137 3789 doctrina
2167 3747 2354 3789 eorum
2376 3747 2474 3803 pro
2503 3732 2762 3801 qualitate
2789 3729 2987 3800 ingenii
3011 3729 3094 3782 vel
3127 3727 3243 3781 \ilis
3269 3737 3368 3788 est,
3417 3736 3479 3779 et

1895 3824 2039 3894 ligno
2085 3821 2450 3892 comparatur,
2500 3821 2583 3875 vel
2607 3820 2796 3875 similis
2825 3827 3066 3888 argento,
3114 3827 3334 3886 propter
3364 3816 3466 3868 clo-

1894 3916 2006 3984 quii
2035 3921 2370 3970 venustatem
2406 3931 2424 3964 ι
2459 3911 2696 3966 Affertur
2721 3910 2788 3965 de
2813 3909 3052 3963 Tharsis.
3087 3926 3105 3958 ι
3137 3905 3360 3961 'l‘harsis
3392 3904 3471 3957 Vel

1891 4007 2052 4061 ludia:
2085 4005 2233 4075 regio
2275 4014 2378 4069 est,
2417 4011 2480 4059 ut
2510 4003 2622 4058 vult
2651 3999 2938 4070 Josephus,
2997 3998 3080 4054 vel
3121 4007 3268 4052 certe
3315 4012 3471 4069 omne

1891 4099 2112 4169 pelagus
2138 4097 2364 4153 Tharsis
2388 4095 2705 4168 appellatur,
2756 4101 2813 4148 et
2839 4091 2964 4147 caeli
2993 4091 3158 4146 habet
3175 4087 3470 4145 similitudio

1893 4206 2039 4255 nem,
2085 4199 2139 4245 et
2194 4199 2372 4245 tamen
2419 4187 2659 4244 involuta
2687 4195 2772 4242 est
2803 4185 3094 4241 verborum
3135 4173 3381 4236 artiﬁcio.
3413 4179 3472 4234 Si

1889 4281 2032 4335 enim
2064 4280 2291 4336 voluerit
2317 4279 2564 4350 decipere
2609 4293 2716 4333 non
2754 4275 2970 4346 poterit.
3008 4292 3027 4325 ι
3069 4273 3138 4328 Et
3177 4287 3368 4327 aurum
3405 4271 3471 4327 de

1889 4371 2057 4440 Ophir
2083 4391 2094 4424 :
2128 4391 2145 4422 ι
2180 4379 2386 4439 septem
2405 4369 2713 4424 nominibus
2734 4367 2875 4438 apud
2896 4365 3150 4423 Hebraeos
3174 4363 3470 4434 appellatur

1893 4480 2104 4529 aurum,
2139 4479 2370 4532 quorum
2397 4478 2560 4516 unum
2587 4471 2715 4523 τεῇ»
2747 4460 2962 4523 dicitur,
2994 4457 3136 4529 quod
3158 4471 3255 4511 nos
3289 4455 3472 4510 dicere

1897 4568 2183 4622 possumus
2211 4552 2476 4616 obrizum,
2523 4561 2583 4606 ut
2608 4550 2886 4620 splendeat
2911 4549 2966 4603 in
2989 4545 3276 4616 superﬁcie
3299 4542 3468 4598 idolo-

1895 4657 2036 4709 rum,
2081 4644 2222 4714 quod
2243 4644 2568 4698 intrinsecus
2597 4642 2796 4714 lignum
2821 4649 2905 4696 est
2936 4639 3165 4709 vilisque
3200 4637 3466 4702 materiae,

1883 4733 2182 4804 hyacintho
2218 4733 2533 4802 operiuntur
2584 4740 2640 4788 et
2659 4745 2898 4802 purpura
2963 4739 3026 4784 ut
3058 4727 3342 4799 superﬁcie
3381 4730 3464 4782 sui

1891 4820 2075 4877 oculos
2110 4821 2396 4891 decipiant,
2437 4816 2562 4876 dum
2591 4820 2851 4875 caelorum
2879 4819 2980 4877 sibi
3009 4818 3242 4874 colorem
3295 4825 3352 4870 et
3381 4831 3468 4870 re.

1890 4925 1994 4982 o-na
2020 4910 2258 4966 cmlestia
2286 4910 2620 4980 pollicentur,
2658 4919 2712 4964 et
2748 4918 2924 4964 tamen
2950 4922 3113 4978 opera
3138 4905 3465 4977 sapientium

1895 5009 2021 5056 sunt
2062 5001 2310 5054 universa
2343 5001 2475 5063 lucc,
2510 4999 2601 5068 qui
2645 4997 2839 5052 saeculo
2863 4997 3134 5066 sapientes
3181 5003 3460 5066 putantur,

1894 5101 2146 5145 caeterum
2177 5089 2316 5159 apud
2346 5088 2511 5143 Deum
2545 5088 2696 5143 stulti
2735 5097 2880 5142 sunt.
2919 5106 2937 5139 ι
2983 5087 3240 5143 Dominus
3283 5094 3463 5140 autem

1893 5181 2034 5236 Deus
2070 5189 2271 5245 noster,
2313 5180 2454 5235 Deus
2487 5194 2650 5234 verus
2690 5188 2774 5232 est
2819 5196 2832 5231 :
2873 5197 2891 5229 ι
2926 5177 3013 5231 illa
3041 5191 3172 5247 ergo
3202 5177 3463 5232 universa

1892 5270 2192 5335 mendacia,
2221 5290 2241 5322 ι
2275 5280 2330 5328 et
2357 5273 2468 5341 ipse
2489 5270 2634 5325 Deus
2661 5270 2862 5324 vivens.
2894 5289 2910 5318 ι
2941 5270 3110 5340 lgitur
3133 5269 3218 5323 illa
3250 5278 3459 5324 mortua

1891 5377 2010 5431 quae
2039 5364 2333 5433 finguntur,
2354 5370 2408 5418 et
2435 5382 2452 5414 ι
2481 5377 2576 5417 rex
2600 5362 2958 5432 sempiternus
2987 5379 3001 5414 :
3031 5381 3048 5413 ι
3083 5361 3458 5415 haereticorum

1890 5456 2093 5510 umbra:
2115 5453 2182 5507 ad
2220 5461 2428 5520 tempus
2448 5449 2758 5520 praevalent,
2782 5449 2875 5503 sed
2899 5449 3057 5517 longo
3085 5462 3322 5516 tempore
3337 5465 3460 5503 cor-

1891 5550 2230 5612 rumpuntur.
2275 5560 2292 5590 ι
2345 5541 2426 5595 Ab
2470 5539 2833 5609 indignatione
2877 5536 2992 5605 ejus
3032 5541 3460 5592 commovebitur

1891 5648 2055 5702 terra,
2091 5657 2108 5688 ι
2141 5637 2196 5691 hi
2230 5636 2321 5707 qui
2353 5645 2564 5690 terrena
2599 5634 2797 5688 habent
2829 5647 3013 5701 opera,
3046 5640 3102 5687 et
3131 5640 3343 5686 terrena
3378 5635 3456 5686 si-

1893 5727 2127 5784 mulacra
2151 5749 2168 5782 ι
2190 5726 2518 5796 conﬁngunt,
2533 5731 2587 5779 et
2609 5738 2715 5780 non
2737 5724 3078 5778 sustinebunt
3099 5730 3282 5791 gentes
3308 5734 3457 5782 com-
