3910 6372
453 413 558 467 879

1099 415 1157 469 Β.
1205 404 1454 470 ΚΑΒΛΝΙ
1497 416 1712 472 MAURI
1753 417 2073 476 ARCHIEP.
2118 421 2428 479 MOGUNT.
2471 426 2756 484 OPEBUM
2794 426 2975 486 PARS
3015 430 3108 486 lll.‘

3626 436 3726 494 880

451 522 803 577 minationem
835 521 972 590 ejus,
1007 540 1027 574 ι
1063 539 1402 594 nequaquam
1427 526 1657 597 populus
1685 526 1916 594 Domini,
1953 532 2050 585 sed
2076 538 2124 596 Α
2157 537 2318 590 ritum
2358 543 2629 594 sanetum.
2672 540 2869 596 Verum
2902 544 3016 598 hzec
3047 543 3360 601 dit'fercntcr
3396 557 3452 622 et
3493 551 3642 605 varie
3671 551 3724 607 in

450 615 690 687 gentium
740 615 1055 683 multitudo,
1103 631 1222 687 quae
1267 618 1362 674 Dei
1391 615 1865 677 comminationem
1901 622 2047 681 ferre

449 722 556 761 nou
585 706 900 775 praevalent.

523 818 543 848 ι
574 796 665 853 Sic
692 812 821 868 ergo
842 798 1032 854 dicetis
1051 798 1163 854 eis:
1185 799 1289 866 Dii,
1317 800 1409 871 qui
1437 802 1606 859 caelos
1630 816 1687 861 et
1709 814 1908 861 terram
1935 823 2044 864 non

453 907 472 940 ι
509 889 801 956 fecerunt,
849 902 1073 962 pereant
1117 893 1183 948 de
1228 903 1400 961 terra,
1432 909 1488 952 et
1525 900 1592 959 de
1638 901 1724 956 his
1773 917 1892 970 quae
1941 905 2044 960 sub

453 997 472 1030 ι
508 979 665 1035 caelis
692 989 836 1036 sunt.
870 1002 889 1034 ι
923 981 1094 1038 Falsis
1134 984 1256 1048 diis,
1293 993 1350 1041 et
1387 989 1477 1056 qui
1505 990 1798 1047 artiﬁciose
1824 1008 2042 1064 compo-

447 1072 536 1126 siti
585 1082 730 1138 sunt,
773 1074 874 1129 ista
911 1076 1136 1140 dicenda
1157 1086 1284 1132 sunt
1311 1093 1327 1132 :
1356 1079 1433 1134 illi
1468 1082 1613 1135 enim
1636 1098 1735 1138 nec
1765 1085 1936 1140 caelos
1965 1085 2042 1142 fe-

447 1173 572 1214 cere
598 1175 699 1218 nec
745 1171 976 1230 terram;
1011 1167 1108 1236 qui
1147 1178 1270 1222 sunt
1307 1177 1687 1239 cooperatores
1719 1173 1921 1231 Christi
1965 1179 2038 1233 dii

447 1261 730 1320 vocantur,
779 1262 837 1310 et
877 1256 1088 1312 Domini
1139 1275 1237 1328 per
1271 1260 1574 1317 doctrinam
1614 1264 2037 1323 ecclesiasticam

446 1357 640 1414 magna
659 1360 726 1400 ex
756 1354 911 1415 parte
938 1347 1206 1402 fabricant
1225 1348 1470 1404 domum.

519 1451 540 1484 ι
575 1433 836 1490 Dominus
846 1436 936 1506 qui
960 1435 1089 1492 facit
1113 1438 1250 1508 (sive
1262 1439 1412 1510 fecit)
1438 1447 1638 1497 terram
1653 1443 1707 1499 in
1721 1445 2036 1501 fortitudine

451 1541 470 1574 ι
500 1538 619 1590 sua,
642 1535 910 1596 praeparat
944 1529 1130 1583 orbem
1153 1529 1207 1582 in
1229 1529 1493 1600 sapientia
1507 1547 1630 1598 sua,
1675 1543 1725 1588 et
1753 1535 2034 1604 prudentia

450 1631 470 1664 ι
500 1630 598 1671 sua
639 1618 885 1673 extendit
909 1619 1096 1675 caelos.
1122 1618 1206 1676 Ad
1232 1635 1418 1676 vocem
1444 1637 1601 1677 suam
1627 1624 1720 1678 dat
1740 1624 2035 1680 multitudi-

448 1725 467 1757 ι
502 1692 624 1763 nem
671 1723 938 1779 aquarum
973 1711 1026 1765 in
1069 1711 1210 1767 caelo
1234 1751 1250 1777 ,
1289 1719 1346 1767 et
1369 1712 1544 1768 elevat
1567 1715 1698 1770 'sive
1723 1715 1906 1771 educit
1933 1733 2031 1772 ne-

447 1815 465 1848 c
499 1798 654 1852 bulas
709 1801 779 1855 ab
834 1802 1269 1858 extremitatibus
1305 1811 1483 1858 teme.
1535 1803 1772 1877 Fulgura
1811 1807 1866 1862 in
1919 1809 2034 1880 plu-

2151 626 2446 699 Scripturis
2473 631 2750 698 dicuntur,
2786 633 2840 686 in
2863 633 3043 687 anima
3065 634 3300 691 hominis
3318 637 3536 692 Patrem
3561 650 3617 693 et
3641 640 3725 694 Fi-

2148 718 2276 774 lium
2301 729 2356 775 et
2381 721 2641 792 Spiritum
2665 731 2913 778 sanctum
2939 727 3284 780 commorari.
3317 727 3454 782 Nam
3476 737 3533 785 et
3559 729 3724 784 David

2147 809 2201 863 in
2224 810 2436 867 Psalmo
2460 811 2847 878 confessionis,
2864 821 2974 868 tres
3000 815 3222 885 spiritus
3245 819 3482 886 postulat
3499 819 3687 874 dicens
3708 838 3721 868 τ

2150 918 2169 950 ι
2199 899 2401 971 Spiritu
2439 903 2722 980 principali
2775 904 3034 958 confirma
3079 921 3188 971 me,
3231 907 3478 977 spiritum
3521 919 3722 965 rectum

2144 992 2340 1046 innova
2365 993 2419 1047 in
2444 993 2743 1050 visceribus
2779 996 2937 1060 meis,
2964 997 3214 1066 spiritum
3257 1009 3504 1056 sanctum
3532 1018 3601 1057 ne
3625 1019 3721 1056 au-

2143 1081 2288 1136 feras
2321 1097 2352 1135 a
2394 1098 2481 1138 me
2509 1083 2680 1155 (Paul.
2711 1086 2785 1157 ι).
2817 1104 2836 1136 ι
2863 1085 2966 1152 Qui
3007 1095 3132 1141 sunt
3175 1088 3261 1142 isti
3303 1098 3414 1144 tres
3460 1092 3722 1159 spiritus?

2141 1169 2466 1240 Principalis
2478 1173 2701 1242 spiritus
2715 1174 2875 1230 Pater
2888 1182 3004 1240 est;
3021 1183 3198 1230 rectus
3213 1178 3458 1246 spiritus,
3476 1181 3724 1235 Christus

2141 1272 2256 1328 est;
2281 1265 2502 1333 spiritus
2518 1275 2756 1331 sanctus,
2780 1265 3014 1337 Spiritus
3026 1278 3113 1322 est
3136 1281 3374 1326 sanctus.
3396 1272 3522 1328 Hace
3547 1275 3600 1328 in
3629 1289 3722 1344 ap-

2140 1352 2521 1422 probationem
2538 1356 2656 1426 ejus
2687 1355 2767 1410 rei
2798 1357 3054 1422 diximus,
3082 1357 3225 1427 quod
3249 1361 3510 1427 habitata,
3541 1365 3595 1419 id
3615 1373 3720 1425 est,

2139 1441 2288 1496 orbis
2322 1450 2587 1497 terrarum
2620 1445 2672 1498 in
2703 1445 2967 1514 sapientia
3004 1447 3097 1500 Dei
3127 1447 3390 1502 fabricata
3434 1450 3523 1504 sit.
3562 1469 3580 1500 ς
3615 1450 3716 1505 Sa-

2137 1531 2337 1599 pientia
2367 1532 2563 1602 quippe
2609 1534 2956 1589 auxiliabitur
2985 1534 3157 1602 justo,
3200 1552 3362 1607 super
3389 1539 3573 1593 decem
3625 1554 3721 1608 po-

2140 1629 2389 1676 testatem
2441 1623 2700 1679 habentes
2728 1625 2782 1678 in
2821 1626 3062 1680 civitate.
3091 1625 3422 1696 Sapientiam
3461 1616 3643 1685 autem
3665 1641 3719 1685 et

2135 1708 2472 1787 disciplinam
2510 1715 2599 1782 qui
2627 1712 2810 1782 abjieit
2836 1712 3019 1771 infelix
3036 1725 3142 1782 est,
3173 1727 3230 1772 et
3267 1733 3406 1772 vana
3433 1733 3555 1788 spes
3576 1718 3720 1787 ejus,

2136 1809 2191 1854 et
2212 1799 2424 1857 labores
2449 1803 2569 1873 ejus
2594 1803 2876 1869 insensati,
2905 1815 2960 1860 et
2993 1806 3201 1860 inutilia
3233 1823 3394 1876 opera
3426 1809 3558 1878 ejus,
3594 1827 3614 1858 ι
3645 1809 3724 1862 ait

447 1905 466 1936 ‹
505 1887 644 1941 viam
682 1887 829 1955 fecit,
846 1898 911 1945 et
934 1890 1117 1945 educit
1143 1898 1361 1945 ventum
1392 1892 1528 1963 (sive
1567 1895 1782 1967 ventos)
1821 1897 1887 1953 de
1916 1879 2032 1953 the-
2065 1879 2107 1937 Β
2137 1889 2398 1959 sapientia
2435 1907 2556 1961 quae
2587 1894 2740 1946 titulo
2783 1895 3099 1949 inscribitur
3140 1896 3462 1951 Salomonis.
3508 1897 3721 1952 Idcirco

444 1996 462 2028 ι
504 1991 618 2032 sam
636 1979 679 2034 is
703 1980 833 2035 suis.
859 1980 1068 2036 Stultus
1095 1981 1274 2038 factus
1293 1991 1377 2038 est
1403 1985 1582 2040 omnis
1616 1986 1780 2043 homo
1801 2004 1830 2044 a
1859 1991 2032 2046 scien-

446 2088 464 2119 σ
511 2069 581 2122 tia
620 2085 740 2135 sua,
789 2070 1046 2128 confusus
1075 2081 1158 2128 cst
1200 2073 1380 2128 omnis
1444 2074 1640 2131 artifex
1684 2078 1737 2132 in
1775 2080 2029 2151 sculptili,

445 2179 463 2212 ι
495 2163 750 2232 quoniam
781 2163 976 2219 falsum
1006 2175 1089 2220 est
1111 2166 1255 2235 quod
1287 2165 1568 2244 conﬂavit,
1594 2179 1650 2224 et
1678 2186 1784 2225 non
1807 2181 1892 2227 est
1920 2176 2032 2244 spi-

441 2271 458 2302 ι
509 2251 644 2307 ritus
696 2253 749 2307 in
793 2254 893 2309 eis.
949 2255 1099 2310 Vana
1130 2263 1257 2310 sunt
1307 2263 1361 2312 et
1388 2270 1552 2327 opera
1589 2259 1702 2315 risu
1729 2260 1910 2332 digna.
1972 2263 2029 2318 lu

440 2359 460 2392 ι
500 2350 741 2412 tempore
772 2344 1100 2399 visitationis
1137 2359 1249 2400 sua:
1292 2345 1566 2414 peribunt.
1609 2347 1728 2405 Non
1775 2363 1859 2406 est
1883 2353 2030 2407 simi-

441 2449 460 2480 σ
497 2433 561 2486 lis
589 2433 674 2487 his
699 2448 828 2503 pars
865 2431 1051 2490 Iacob.
1080 2434 1183 2502 Qui
1213 2435 1359 2490 enim
1389 2434 1645 2495 formavit
1682 2443 1886 2508 omnia,
1916 2445 2030 2513 ipse

436 2540 455 2573 ι
490 2531 592 2587 est,
615 2530 671 2576 et
694 2523 860 2580 Israel
897 2520 1048 2596 virga
1073 2526 1408 2581 haereditatis
1432 2529 1568 2598 ejus,
1597 2532 1854 2589 Dominus
1873 2534 2031 2590 e'xcr—

435 2631 455 2664 c
489 2614 690 2669 cituutn
717 2630 913 2671 nomen
938 2626 1021 2672 est
1048 2617 1145 2676 illi.
1191 2639 1210 2671 ι
1247 2619 1348 2688 Qui
1391 2620 1524 2676 facit
1561 2633 1765 2680 terram
1787 2627 1840 2681 in
1868 2626 2027 2682 forti-

432 2707 616 2761 tudine
648 2723 775 2773 sua,
817 2703 957 2764 Dehs
987 2707 1153 2766 Pater
1187 2722 1290 2779 est,
1331 2715 1462 2772 facit
1489 2725 1668 2772 autem
1730 2719 1785 2774 in
1815 2717 2029 2776 fortitu-

428 2797 555 2852 dine
608 2813 703 2852 sua
737 2839 753 2864 ,
813 2799 1041 2856 Domino
1098 2800 1396 2861 Salvatore.
1448 2806 1696 2863 Christus
1743 2810 1889 2864 enim
1923 2811 2030 2865 vir-

429 2897 515 2942 tus
543 2897 628 2943 est
677 2900 732 2944 et
775 2889 867 2943 Dei
916 2893 1177 2960 sapientia
1206 2893 1258 2966 (1
1287 2894 1410 2950 Cor.
1461 2897 1520 2968 ι).
1553 2898 1654 2965 Qui
1702 2890 1817 2969 ipse
1857 2909 1937 2956 est
1972 2911 2026 2957 et

425 2978 712 3046 prudentia
740 3019 754 3043 ,
813 2979 867 3033 in
923 2995 1032 3049 quo
1083 2984 1328 3037 extendit
1379 2988 1595 3039 (mlum.
1651 3006 1670 3037 ι
1723 2987 1839 3057 ipse
1880 2991 2022 3044 enim

424 3067 610 3141 dixit,
640 3077 695 3122 et
741 3068 881 3124 facta
914 3082 1084 3137 sunt,
1145 3073 1257 3142 ipse
1291 3075 1564 3130 mandavit
1589 3086 1646 3131 et
1669 3088 1851 3132 creata
1899 3088 2026 3134 sunt

425 3157 594 3228 (I’sal.
669 3159 841 3230 lxxxii)
886 3178 898 3213 :
961 3180 980 3212 ι
1031 3162 1255 3232 loquens
1313 3153 1396 3220 ω’
1442 3165 1636 3221 Filium
1691 3186 1704 3223 :
1753 3187 1772 3218 ‹
1837 3169 2023 3225 Facia—

425 3265 549 3302 mus
611 3249 887 3305 hominem
929 3252 997 3306 ad
1067 3253 1355 3324 imaginem
1396 3264 1451 3310 et
1486 3257 1890 3313 similitudinem
1923 3275 2020 3315 no-

421 3346 592 3399 stram
627 3339 860 3416 (Genu).
899 3361 919 3396 ι
949 3341 1149 3416 (Oi-ig.)
1197 3347 1333 3402 Tres
1365 3349 1761 3418 quodammodo
1791 3352 2020 3409 virtutes

425 3428 525 3484 Dei
565 3445 852 3488 assumens
899 3433 1189 3506 Propheta,
1223 3437 1616 3507 fortitudinem,
1670 3444 2014 3511 sapientiam,

421 3527 584 3587 atque
622 3522 986 3589 prudentiam,
1027 3525 1318 3594 unicuique
1359 3544 1548 3582 earum
1586 3531 1802 3599 propria
1849 3547 2012 3600 opera

421 3607 719 3674 distribuit,
773 3609 1076 3668 fortitudini
1100 3621 1321 3682 terram,
1348 3618 1626 3686 sapientia:
1673 3621 1859 3674 orbem
1908 3630 2016 3676 ter-

421 3711 626 3763 rarum,
673 3701 972 3769 prudentia:
1022 3705 1262 3760 malum:
1307 3709 1432 3763 audi
1486 3711 1683 3780 quippe
1731 3712 2014 3782 scriptura:

420 3788 667 3844 ordinem
694 3804 708 3843 :
741 3808 759 3842 ι
790 3790 1052 3848 Dominus
1080 3794 1172 3863 qui
1201 3794 1330 3852 fecit
1374 3806 1573 3852 terram
1615 3799 1668 3852 in
1697 3799 2012 3860 fortitudine

419 3893 518 3932 sua
562 3887 617 3932 et
649 3881 824 3935 erexit
854 3883 1042 3936 orbem
1073 3884 1127 3937 in
1149 3886 1415 3954 sapientia
1444 3903 1561 3952 sua,
1599 3898 1653 3942 et
1678 3890 1732 3943 in
1761 3906 1857 3944 sua
1887 3907 2010 3960 pru-

420 3969 603 4024 dentia
626 3971 868 4025 extendit
888 3972 1106 4026 caelum.
1142 3993 1162 4024 ι
1186 3975 1252 4029 Et
1273 3990 1370 4030 nos
1398 3977 1560 4047 igitur
1580 3979 1632 4031 in
1658 3987 1802 4033 terra
1828 3988 2012 4036 nostra

421 4059 647 4131 (dictum
692 4071 776 4116 est
819 4063 1017 4133 quippe
1061 4064 1128 4126 ad
1169 4065 1364 4132 Adam,
1395 4085 1413 4117 ι
1446 4066 1613 4122 Terra
1655 4083 1714 4124 es
1746 4069 1792 4142 ι)
1825 4086 2009 4126 neces-

419 4151 622 4204 sariam
668 4151 928 4206 habemus
967 4152 1336 4210 fortitudinem
1370 4157 1481 4221 Dei,
1523 4159 1649 4227 quia
1692 4161 1897 4228 absque
1942 4176 2007 4215 ea

421 4238 758 4308 impossibile
777 4241 932 4295 nobis
953 4251 1036 4296 est
1051 4242 1104 4297 id
1126 4245 1371 4313 exsequi,
1388 4246 1532 4315 quod
1552 4249 1702 4302 carni
1721 4260 2004 4320 repugnat.

418 4328 554 4382 Cum
578 4344 644 4383 au
653 4337 759 4384 tem
775 4330 1097 4387 mortificata
1117 4331 1317 4388 fuerint
1338 4336 1580 4390 membra
1595 4352 1757 4406 super
1782 4346 2003 4403 terram,

419 4428 548 4473 tunc
569 4428 763 4488 parent
810 4420 1032 4490 spiritus
1061 4421 1341 4478 voluntati.
1386 4424 1664 4494 Siquidem
1680 4426 1832 4494 juxta
1856 4427 2001 4497 Apo-

418 4510 618 4563 stolum
669 4529 689 4561 ‹
749 4512 940 4580 spiritu
982 4514 1348 4582 gestacarnis
1387 4515 1783 4571 mortificamur
1822 4517 1997 4588 (Rom.

2135 1990 2397 2050 quantum
2423 1998 2712 2051 possumus
2740 1983 2925 2039 labore
2976 1985 3241 2051 nitamur,
3267 1996 3324 2040 ut
3349 1987 3590 2040 habitata
3619 2001 3720 2042 no-

2135 2080 2244 2126 stra
2270 2075 2571 2143 asapientia
2589 2075 2683 2130 Dei
2705 2076 2943 2146 erigatur
2960 2077 3389 2147 :ceciditquippe
3408 2079 3540 2132 etde
3555 2078 3723 2132 subli-

2135 2160 2207 2213 mi
2223 2163 2460 2226 corruit;
2483 2163 2826 2218 venientibus
2841 2165 3070 2219 nobisin
3090 2165 3266 2220 locum
3285 2168 3446 2221 istum
3470 2169 3721 2222 miseria-

2134 2268 2288 2318 rum;
2318 2253 2514 2308 cecidit
2536 2254 2776 2308 habitata
2809 2263 3017 2320 nostra,
3043 2263 3327 2325 postquam
3349 2255 3717 2325 peccavimus,

2134 2343 2316 2412 inique
2358 2341 2611 2408 fecimus,
2644 2343 2841 2413 injuste
2867 2345 3099 2416 egimus,
3128 2346 3291 2414 impie
3326 2348 3614 2416 gessimus,
3660 2355 3719 2402 et

2130 2441 2252 2504 post
2295 2434 2507 2488 ruinam
2549 2434 2748 2504 indiget
2798 2436 3089 2494 erectione.
3150 2434 3206 2490 Si
3262 2445 3443 2490 autem
3482 2453 3585 2491 non
3633 2439 3719 2493 vis

2132 2522 2234 2577 ista
2269 2524 2538 2578 sententia
2586 2523 2803 2588 adduci,
2836 2538 3178 2578 communem
3205 2526 3368 2579 totius
3390 2526 3540 2580 orbis
3568 2542 3718 2595 qua»

2132 2626 2316 2665 ramus
2339 2611 2574 2676 ruinam,
2607 2619 2667 2665 ut
2685 2619 2807 2682 post
2834 2625 3019 2665 casum
3039 2612 3119 2666 eis
3151 2623 3547 2682 consequenter
3571 2614 3717 2669 Deus

2130 2700 2346 2770 erigens
2377 2701 2717 2769 prtedicetur.
2752 2699 3067 2769 Quicunque
3101 2709 3186 2755 est
3219 2702 3270 2755 in
3299 2703 3432 2756 orbe
3461 2702 3563 2757 isto
3584 2714 3717 2758 ante

2129 2790 2454 2843 erectionem
2503 2790 2721 2853 cecidit,
2759 2790 2803 2843 si
2833 2800 3013 2844 autem
3060 2791 3274 2854 cecidit,
3316 2803 3717 2861 consequenter

2127 2879 2416 2948 erigendus
2459 2879 2578 2933 fuit.
2627 2879 2793 2934 Nemo
2828 2874 3025 2949 quippe
3062 2885 3178 2934 sine
3203 2897 3329 2936 casu
3354 2884 3712 2938 sublevatur:

2127 2970 2172 3024 si
2199 2978 2378 3024 autem
2409 2981 2624 3025 erectus
2647 2980 2750 3035 est,
2781 2963 3061 3026 videamus
3099 2988 3217 3041 qua:
3269 2975 3424 3027 ruina
3473 2990 3712 3043 praees-

2127 3059 2280 3114 serit.
2334 3057 2536 3116 Omnes
2573 3061 2880 3115 corruimus
2933 3077 3031 3130 per
3079 3072 3358 3131 peccatum
3418 3064 3471 3117 in
3522 3063 3711 3118 orbem

2129 3159 2416 3216 terrarum,
2444 3161 2500 3206 et
2527 3153 2783 3208 Duminus
2803 3153 2895 3222 qui
2922 3154 3082 3224 erigit
3117 3154 3280 3208 elisos
3301 3153 3474 3225 (Psal.
3502 3157 3709 3224 cxuv),

2051 3227 2095 3288 Ο
2127 3242 2358 3298 elevavit
2405 3259 2504 3298 nos
2549 3244 2814 3314 jacentes.
2865 3244 2922 3297 lu
2968 3245 3141 3299 Adam
3186 3260 3377 3300 omnes
3419 3251 3707 3308 morimur.

2123 3342 2284 3403 atque
2311 3335 2384 3389 ita
2414 3337 2619 3390 corruit
2642 3335 2791 3390 orbis
2837 3344 3124 3400 terrarum,
3165 3346 3218 3391 et
3248 3338 3454 3407 indiget
3477 3340 3710 3395 erectio-

2123 3425 2228 3490 nis,
2258 3435 2318 3480 ut
2351 3426 2404 3480 in
2456 3426 2672 3482 Christo
2703 3443 2892 3482 omnes
2925 3428 3280 3482 viviﬂcemur.
3325 3427 3492 3498 igitur
3531 3431 3709 3500 dupli-

2118 3531 2236 3569 cem
2287 3515 2620 3570 intellectum
2665 3517 2731 3570 de
2780 3518 2911 3572 orbe
2951 3518 3317 3572 tradidimus:
3350 3535 3515 3572 unum
3571 3535 3706 3588 quc-

2116 3606 2277 3659 modo
2318 3607 2540 3676 singula:
2579 3608 2776 3661 animm
2817 3616 2908 3661 aut
2932 3607 3185 3662 habitata:
3209 3608 3316 3662 sint
3335 3617 3429 3661 aut
3449 3607 3700 3673 descrL'e,

2115 3696 2344 3750 alterum
2379 3698 2648 3765 quomodo
2685 3698 2968 3752 universus
3005 3695 3154 3752 orbis
3178 3683 3397 3765 pariter.
3419 3699 3698 3753 ceciderit.

2119 3807 2137 3838 ι
2168 3788 2234 3841 Et
2259 3789 2310 3841 in
2333 3803 2429 3842 sua
2449 3787 2729 3856 prudentia
2751 3788 2993 3842 extendit
3015 3789 3212 3842 coelum
3241 3806 3254 3840 :
3289 3808 3307 3840 ι
3342 3804 3449 3842 non
3478 3790 3702 3843 fortuito

2112 3877 2374 3945 sapientia
2406 3877 2458 3930 in
2486 3876 2610 3931 coeli
2650 3878 2964 3931 extensione
2985 3885 3259 3946 assumpta
3295 3888 3380 3930 est
3408 3894 3426 3940 ;
3456 3878 3698 3932 invenies

2111 3976 2166 4020 et
2215 3968 2269 4020 in
2316 3967 2645 4032 ProVerbiis,
2683 3967 2886 4022 dictum
2929 3984 2943 4020 :
3001 3986 3019 4017 ι
3073 3968 3216 4021 Deus
3261 3968 3527 4037 sapientia
3578 3969 3695 4022 fun-

2111 4057 2256 4112 davit
2304 4067 2526 4121 terram,
2580 4057 2904 4130 praeparavit
2955 4066 3138 4112 autem
3182 4058 3350 4112 cmlos
3406 4060 3694 4128 prudentia

2110 4131 2293 4216 (Prov.
2337 4145 2441 4215 tu).
2485 4165 2504 4197 ι
2565 4146 2660 4200 Est
2690 4162 2819 4216 ergo
2843 4147 3018 4215 aliqua
3058 4147 3342 4216 prudentia
3378 4147 3492 4211 Dei,
3529 4165 3692 4217 quam

2108 4235 2232 4289 nolo
2260 4242 2318 4288 ut
2337 4243 2490 4288 extra
2519 4234 2790 4289 Christum
2822 4236 3084 4303 requiras.
3128 4235 3320 4290 Omnia
3351 4237 3549 4306 quippe
3573 4253 3696 4306 qua:

2106 4326 2200 4380 Dei
2231 4333 2375 4389 sunt,
2409 4324 2657 4380 Christus
2679 4335 2781 4381 est.
2821 4327 2938 4396 Ipse
2966 4327 3227 4395 sapientia
3267 4327 3406 4394 ejus,
3438 4330 3554 4398 ipse.
3584 4330 3694 4384 for-

2107 4416 2294 4480 titudo,
2327 4416 2438 4486 ipse
2461 4415 2694 4484 justitia,
2727 4418 2840 4488 ipse
2863 4419 3118 4473 sanctitas
3142 4427 3193 4472 et
3224 4419 3542 4488 redemptio,
3577 4421 3695 4489 ipse.

2106 4517 2167 4561 ut
2214 4509 2280 4562 ad
2308 4522 2546 4577 praesens
2590 4509 2823 4572 veniam,
2873 4510 3035 4563 etiam
3066 4510 3367 4579 prudentia.
3417 4510 3522 4564 Sed
3563 4526 3690 4565 cum

419 4599 563 4669 vm).
590 4619 607 4650 ι
644 4619 662 4650 ‹
695 4569 955 4655 Doininus
973 4569 1104 4671 ergo
1125 4603 1218 4671 qui
1243 4602 1370 4658 fecit
1392 4611 1589 4659 terram
1605 4607 1658 4659 in
1683 4569 1998 4665 fortitudine
2029 4569 2078 4628 Ι)
2104 4613 2267 4650 “num
2297 4598 2366 4652 είι
2389 4598 2440 4651 in
2468 4596 2783 4665 δυιιὶθοθηιίυ
2806 4613 2903 4666 PFO
2927 4600 3186 4654 νυίθιῖιίε
3216 4616 3470 4654 δειιδυυιῐι
3498 4602 3690 4655 dive"

418 4705 536 4744 sua.
570 4709 589 4740 ι
620 4689 676 4744 Si
712 4699 893 4745 autem
932 4699 987 4746 et
1010 4693 1079 4747 ad
1107 4692 1246 4746 hanc
1277 4702 1478 4748 terram
1512 4697 1720 4762 venias,
1744 4706 1798 4751 et
1821 4701 1999 4754 consi-

416 4783 574 4836 deres
601 4783 654 4837 id
695 4785 837 4853 quod
861 4784 916 4839 in
944 4784 1046 4840 Job
1068 4786 1328 4857 scriptum
1358 4795 1444 4843 est
1476 4788 1618 4860 (Job.
1645 4795 1816 4860 xxvi),
1838 4790 2009 4860 juxta

414 4873 856 4930 emendatissima
894 4885 1075 4951 tamen
1118 4878 1468 4949 exemplaria,
1500 4881 1770 4950 quomodo
1793 4890 1997 4938 statue-

413 4962 488 5015 rit
516 4977 635 5017 eam
667 4979 831 5034 super
873 4960 1125 5032 nihilum,
1151 4967 1395 5024 invenies
1421 4969 1790 5025 fortitudinem
1821 4972 1917 5026 Dei
1941 4973 1994 5026 in

414 5048 704 5107 medietate
748 5055 931 5108 mundi
986 5065 1146 5134 terra;
1195 5057 1390 5112 libram
1422 5058 1715 5114 sustinere.
1769 5060 1992 5114 Veniam

413 5153 546 5194 vero
565 5149 622 5195 et
642 5142 710 5197 ad
735 5144 922 5198 orbem
947 5155 1213 5202 terrarum
1235 5149 1327 5218 qui
1365 5165 1539 5218 graece
1564 5155 1826 5224 οἰκουμένη
1854 5168 1993 5206 nun-

414 5237 666 5298 cupatur,
694 5232 746 5286 id
765 5242 866 5299 est,
893 5232 1210 5290 lnhahitata.
1238 5235 1362 5291 Scio
1383 5239 1618 5293 animam
1643 5255 1818 5294 meam
1842 5241 1995 5295 inha-

412 5319 808 5385 bitatam,'scio
841 5325 1074 5380 animam
1097 5326 1387 5383 desertam.
1429 5322 1487 5383 Si
1519 5331 1662 5386 enim
1687 5348 1792 5387 non
1834 5334 1995 5388 habet

414 5413 585 5467 Deum
623 5414 861 5481 Patrem,
886 5417 931 5470 si
963 5432 1070 5471 non
1092 5419 1254 5473 habet
1279 5420 1474 5476 Filium
1496 5421 1762 5478 dicentem
1789 5438 1803 5478 :
1831 5442 1849 5474 ι
1880 5425 1992 5495 Ego

413 5509 469 5556 et
488 5501 647 5556 Pater
670 5520 823 5561 meus
846 5507 1121 5562 veniemus
1149 5509 1216 5563 ad
1238 5524 1382 5574 eum,
1414 5520 1469 5564 et
1491 5512 1826 5567 mansionem
1853 5515 1992 5582 apud

412 5608 540 5648 eum
591 5587 847 5653 faciemus
881 5598 1063 5670 (Joan.
1093 5599 1164 5668 iv)
1193 5614 1206 5665 ;
1244 5619 1262 5650 ι
1295 5602 1340 5655 si
1370 5616 1476 5655 non
1524 5587 1686 5657 habet
1729 5601 1989 5672 Spiritum

412 5696 682 5748 sanctum,
729 5691 906 5744 anima
964 5691 1176 5746 deserta
1211 5700 1294 5750 est
1344 5692 1634 5748 :‘babitata
1689 5702 1868 5749 autem
1908 5703 1992 5749 est

413 5779 624 5848 quando
646 5779 798 5848 plena
813 5788 897 5836 est
918 5780 1049 5847 Deo,
1076 5784 1290 5852 quando
1312 5783 1474 5839 habet
1495 5782 1769 5842 Christum
1791 5794 1846 5840 et
1869 5782 1990 5854 Spi-

2103 4688 2177 4742 sis
2203 4689 2479 4743 vocabulis
2503 4699 2860 4759 nuncupatur.
2902 4690 3059 4744 Aliud
3089 4691 3224 4760 signi
3252 4696 3357 4744 icat
3392 4692 3685 4760 sapientia,

2101 4775 2245 4829 aliud
2265 4775 2472 4844 justitia
2502 4793 2514 4828 :
2548 4778 2761 4844 quando
2788 4775 2932 4830 enim
2970 4777 3232 4845 sapientia
3257 4777 3475 4841 dicitur,
3516 4780 3689 4834 disci-

2099 4866 2259 4935 plinis
2287 4876 2337 4920 te
2365 4867 2669 4920 divinarum
2703 4867 3166 4936 humanarumque
3190 4883 3368 4922 rerum
3399 4857 3644 4924 instituit
3674 4890 3686 4924 :

2101 4957 2313 5024 quando
2326 4955 2552 5024 justitia,
2573 4957 2889 5012 distributor
2913 4965 2966 5011 et
2987 4958 3152 5028 judex
3179 4960 3486 5012 meritorum
3517 4961 3692 5031 signi-

2104 5047 2324 5112 ficatur;
2353 5050 2568 5116 quando
2586 5049 2865 5113 sanctitas,
2889 5049 2975 5102 illa
3003 5049 3173 5103 virtus
3193 5049 3536 5112 describitur,
3561 5068 3690 5125 qua:

2101 5139 2384 5192 credentes
2419 5140 2524 5192 Deo
2566 5138 2726 5193 edicit
2759 5148 2993 5194 sanctos.
3057 5140 3136 5194 Ita
3166 5155 3293 5209 ergo
3323 5140 3408 5194 hic
3439 5141 3691 5208 pruden-

2103 5228 2232 5279 tiam
2261 5225 2377 5294 ejus
2410 5228 2647 5298 intellige
2677 5243 2797 5282 cum
2827 5229 3070 5282 doctrina
3101 5237 3184 5283 est
3207 5239 3262 5282 et
3285 5230 3689 5304 demonstratio

2100 5318 2361 5370 bonarum
2385 5329 2478 5372 aut
2497 5319 2761 5372 malarum
2790 5331 2987 5379 rerum,
3013 5318 3125 5373 sive
3156 5327 3482 5380 neutrarum,
3506 5331 3689 5391 atque

2101 5407 2153 5460 in
2201 5407 2341 5461 hunc
2377 5410 2591 5461 modum
2620 5406 2925 5461 extendisse
2953 5422 3095 5463 nunc
3136 5407 3333 5461 dicitur
3368 5405 3569 5460 ctelum
3629 5411 3682 5463 in

2093 5495 2375 5564 prudentia
2412 5511 2525 5549 sua.
2578 5493 2855 5560 Quomodo
2889 5504 3068 5550 autem
3111 5495 3433 5550 extendatur
3473 5497 3687 5552 emtum

2092 5586 2412 5641 extendente
2439 5601 2560 5640 eum
2589 5585 2895 5654 prudentia,
2920 5586 3063 5640 audi.
3100 5605 3118 5636 ι
3157 5585 3420 5651 Quoniam
3448 5589 3682 5642 extendi

2092 5677 2254 5730 verba
2279 5685 2332 5729 et
2358 5691 2461 5730 non
2485 5675 2780 5731 attendisti.
2810 5697 2829 5729 ι
2849 5677 3058 5732 Asserit
3085 5676 3282 5746 quippe
3294 5674 3680 5730 extensionem

2092 5764 2378 5835 quamdam
2419 5780 2539 5822 esse
2577 5767 2885 5834 verborum,
2916 5765 3164 5823 similiter
3209 5773 3270 5820 ut
3297 5780 3440 5821 nunc
3467 5764 3679 5821 dicitur
