3910 6320
169 363 300 419 881·

1101 359 1460 418 ιςχροδιτιο
1499 358 1722 416 SUPER
1760 335 2124 413 mustum.
2162 389 2230 400 -
2269 360 2394 415 LIB.
2440 359 2503 414 v.

3315 356 3421 414 83?;

169 475 312 542 clx-li,
336 429 490 546 juxta
522 466 650 527 illud
691 486 904 542 quoque
931 456 1074 542 quod
1103 472 1158 526 in
1188 471 1293 527 alio
1339 472 1456 526 loco
1481 472 1740 540 scriptum
1770 473 1818 532 Α
1846 471 1994 526 ribus
2060 468 2298 540 percipe,
2355 478 2519 536 terra,
2581 470 2707 542 quia
2769 469 3034 526 Dominus
3073 468 3305 525 locutus
3343 477 3427 526 est

168 575 252 622 est
275 584 294 620 :
326 584 346 617 ι
380 564 480 631 Qui
516 562 757 618 extendit
784 562 981 617 caelum
1021 570 1079 616 ut
1115 562 1309 631 pellem
1336 560 1506 635 (Psal.
1539 561 1680 632 cui).
1721 579 1740 613 ι

169 654 492 710 Extenditur
518 659 698 706 autem
737 660 792 706 et
816 652 996 708 anima
1029 659 1212 705 nostra
1243 665 1362 720 qua:
1389 652 1540 720 prius
1571 651 1748 705 fuerat

169 750 473 806 contracta,
497 749 557 795 ut
575 741 745 810 possit
763 756 934 811 capax
961 754 1088 794 esse
1112 740 1384 808 sapientia:
1403 739 1516 796 Dei.
1549 742 1747 797 Verum

173 842 232 888 ιιι
260 833 328 887 ad
365 833 699 903 propositum
732 840 1090 895 revertamus,
1124 830 1356 885 diximus
1401 832 1468 899 de
1509 847 1574 887 eo
1606 833 1749 902 quod

172 921 454 991 prudentia
482 922 600 993 ejus
631 919 826 976 caelum
868 919 1067 976 factum
1111 919 1202 986 sit,
1232 929 1289 974 et
1326 936 1468 975 nunc
1512 921 1748 975 alllrma-

173 1028 294 1066 mus
321 1026 415 1067 eos
441 1012 531 1081 qui
563 1010 838 1065 caelestem
870 1010 1141 1065 hominem
1169 1018 1389 1079 portant
1416 1025 1535 1065 esse
1562 1011 1746 1067 caelos.

173 1102 231 1156 Si
253 1103 396 1156 enim
452 1101 520 1156 ad
570 1109 883 1171 peccatores
927 1100 1159 1155 dicitur:
1196 1118 1213 1150 ι
1249 1099 1419 1154 Terra
1473 1114 1532 1155 es
1586 1108 1642 1154 et
1696 1100 1751 1155 in

174 1198 373 1243 terram
394 1189 496 1244 ibis
517 1187 670 1260 (Gen.
704 1188 811 1258 In),
843 1208 864 1238 ι
891 1202 1069 1256 quare
1086 1202 1199 1241 non-
1221 1187 1507 1242 dicaturad
1525 1188 1750 1258 justum,

171 1278 331 1348 cujus
367 1285 448 1332 est
497 1291 720 1347 regnum
763 1276 1024 1332 caelorum
1063 1294 1078 1329 :
1120 1276 1324 1332 Caelum
1353 1290 1416 1330 es
1450 1283 1504 1330 et
1543 1276 1596 1329 in
1642 1288 1752 1330 ca:-

174 1367 285 1422 lum
315 1368 458 1422 ibis?
480 1367 587 1421 Aut
611 1368 658 1422 si
685 1375 907 1437 propter
926 1365 1175 1420 choicum
1207 1365 1408 1420 dicitur
1437 1366 1487 1420 ei
1515 1365 1607 1436 qui
1634 1379 1756 1434 por-

175 1468 253 1512 tat
275 1459 562 1530 imaginum
595 1458 792 1522 choici,
819 1476 839 1507 ι
868 1457 1038 1511 Terra
1059 1455 1123 1512 es
1147 1465 1202 1511 et
1233 1455 1286 1509 in
1321 1464 1519 1510 terram
1548 1455 1651 1510 ibis
1679 1473 1690 1506 :
1715 1475 1748 1520 _)

171 1563 274 1604 cur
297 1558 515 1619 propter
539 1548 815 1603 calestem
850 1547 898 1601 ei
939 1546 1031 1615 qui
1063 1545 1348 1615 imaginem
1370 1543 1606 1599 caelestis
1628 1559 1753 1613 por-

175 1647 276 1703 tat,
295 1654 398 1693 non
415 1638 700 1692 conveniat
724 1637 827 1692 dici
848 1655 860 1689 :
885 1635 1095 1691 leum
1124 1642 1282 1700 es,'et
1313 1634 1367 1688 in
1388 1633 1585 1688 caelum
1611 1632 1756 1687 ibis?

177 1729 558 1800 Unusquisque
595 1737 774 1785 autem
807 1736 1050 1783 nostrum
1076 1735 1170 1781 aut
1206 1725 1448 1782 caelestia
1482 1724 1623 1780 facta
1653 1725 1750 1779 ha-

1853 561 1988 633 (ha.
2035 561 2098 633 ι).
2141 582 2160 613 ι
2203 559 2272 614 Et
2306 561 2431 630 quia
2475 562 2588 630 ipse
2614 560 2784 614 nubes
2811 567 2949 625 erat,
2979 566 3035 614 et
3065 558 3271 613 sciebat
3296 558 3429 613 alias

1854 652 2026 706 nubes
2048 651 2539 721 conprophetantes
2574 651 2696 716 sibi,
2723 649 2844 705 ideo
2867 649 3168 705 vaticinans
3205 647 3384 703 aiebat
3411 661 3427 700 :

1861 762 1879 792 ι
1917 740 2180 796 Mandabo
2193 740 2425 795 nubibus
2445 755 2512 794 ne
2523 741 2706 811 pluant
2729 754 2892 809 super
2909 747 3104 794 terram
3119 738 3373 794 imbrem.
3405 755 3427 790 ι

1858 829 1913 885 Si
1961 838 2140 886 autem
2190 827 2304 897 jam
2339 828 2565 884 dicimus
2614 829 2702 897 qui
2746 829 2854 883 sint
2900 827 3069 882 nubes
3095 866 3111 892 ,
3153 827 3432 882 videamus

1857 917 2124 992 quomodo
2150 922 2293 976 Deus
2317 919 2508 975 educat
2535 920 2705 974 nubes
2738 921 2805 974 ab
2835 928 3080 976 extremo
3107 926 3284 974 terrae.
3343 918 3436 973 Ait

1860 1012 2140 1071 Salvator:
2175 1029 2195 1062 ι
2232 1010 2334 1077 Qui
2383 1010 2496 1064 vult
2524 1009 2578 1064 in
2609 1009 2760 1064 vobis
2792 1024 2911 1065 esse
2940 1009 3167 1078 primus,
3217 1008 3289 1064 sit
3314 1023 3433 1062 om-

1859 1103 2008 1157 nium
2035 1102 2356 1157 novissimus
2382 1100 2578 1173 (Marc.
2602 1099 2716 1171 ix).
2753 1119 2774 1151 ι
2809 1098 3058 1154 Servavit
3086 1100 3189 1154 hoc
3209 1098 3435 1152 manda-

1865 1202 1974 1246 tum
2005 1190 2220 1255 Paulus,
2237 1189 2404 1245 etfuit
2423 1189 2745 1251 novissimus
2768 1187 2822 1242 ia
2844 1188 2949 1242 hoc
2968 1186 3186 1252 mundo,
3213 1186 3435 1241 dicens:

1867 1302 1885 1332 ι
1919 1280 2055 1336 Ριιιο
2073 1281 2216 1335 enim
2247 1295 2344 1334 nos
2368 1281 2508 1336 Deus
2528 1278 2799 1348 apostolos
2825 1275 3150 1332 novissimos
3175 1275 3440 1338 ostendit,

1862 1370 2016 1439 quasi
2047 1367 2430 1424 mortiﬁcatos:
2457 1369 2582 1437 quia
2603 1363 2968 1436 spectaculum
2994 1363 3189 1420 sumus
3207 1365 3260 1418 in
3283 1378 3440 1418 mun-

1864 1462 1932 1517 do
1968 1471 2028 1516 et
2064 1460 2268 1532 angelis
2303 1467 2358 1514 et
2402 1458 2707 1513 hominibus
2734 1451 2786 1529 (Ἰ
2838 1456 2961 1514 Cor.
3011 1456 3107 1529 ιν).
3135 1475 3153 1508 ι
3210 1454 3268 1510 Si
3319 1454 3441 1523 quis

1863 1567 1992 1622 ergo
2005 1558 2226 1605 sanctus
2249 1548 2562 1603 custodiens
2583 1557 2907 1618 praeceptum
2930 1544 3252 1612 Salvatoris,
3269 1544 3443 1600 factus

1864 1642 2028 1697 fuerit
2055 1642 2109 1695 in
2147 1641 2248 1696 hac
2278 1639 2386 1693 vita
2427 1638 2775 1701 novissimus,
2808 1638 2908 1692 iste
2927 1637 2999 1692 sit
3020 1635 3212 1700 nubes,
3235 1643 3290 1690 et
3307 1634 3440 1688 edu-

1867 1733 1940 1786 cit
1967 1731 2105 1805 Deus
2135 1730 2304 1786 nubes
2328 1744 2434 1784 non
2462 1743 2492 1782 a
2521 1727 2710 1805 primis
2730 1736 2908 1793 terrae,
2935 1740 3087 1781 nona
3113 1725 3442 1788 consulibus,

176 1819 305 1874 beat
345 1795 436 1873 aut
470 1795 707 1874 terrena.
751 1817 808 1874 Si
861 1825 1074 1873 terrena
1104 1815 1244 1872 facta
1273 1825 1418 1882 sunt.
1447 1816 1514 1871 ad
1564 1830 1762 1888 cogna-
1789 1795 1837 1854 Β
1865 1838 1971 1878 non
2001 1803 2300 1888 aducibus,
2331 1836 2438 1876 non
2463 1835 2493 1874 a
2521 1795 2778 1876 divitibus
2803 1835 2820 1874 :
2850 1839 2868 1871 ι
2892 1818 3054 1874 Beati
3083 1818 3225 1873 enim
3249 1833 3444 1888 paupe-

178 1918 290 1964 tam
325 1910 424 1964 sibi
473 1918 673 1965 terram
711 1908 983 1963 deducunt
1008 1920 1151 1973 eum,
1190 1905 1280 1977 qui
1314 1907 1646 1964 thesaurizat
1696 1921 1761 1961 ea

175 2002 232 2057 in
260 2010 403 2057 terra
435 2013 491 2056 et
521 2015 626 2056 non
655 2001 708 2055 in
738 2001 894 2056 coelo.
927 2001 1272 2069 Rursumque
1309 2001 1425 2056 ιιωο
1465 2015 1586 2069 quae
1607 1998 1764 2068 juxta

174 2096 432 2150 virtutem
464 2108 616 2168 gesta
644 2102 790 2159 sunt,
821 2095 1304 2150 thesaurizatorem
1348 2108 1503 2149 suum
1538 2095 1606 2148 ad
1642 2107 1790 2163 ιιι-ου’

176 2185 408 2254 pinquas
435 2184 538 2238 sibi
565 2183 824 2251 caelorum
854 2185 1100 2255 regiones
1140 2185 1458 2240 subvehunt.
1496 2183 1764 2256 (Ηίενοη.)

181 2295 201 2327 ι
261 2276 346 2330 Ad
389 2290 577 2329 vocem
627 2289 782 2329 suam
832 2275 923 2329 dat
967 2274 1361 2331 multitudinem
1405 2289 1665 2344 aquarum
1707 2273 1765 2328 in

176 2363 343 2418 cmlo.
380 2382 399 2415 ι
431 2362 620 2418 Omnis
655 2363 800 2418 enim
829 2361 1075 2417 doctrina
1112 2364 1325 2418 Domini
1351 2363 1416 2417 de
1454 2363 1765 2418 coelestibus

177 2455 317 2519 ﬂuit,
347 2455 555 2509 dicente
578 2453 746 2508 David
772 2472 785 2507 :
820 2471 838 2504 ι
869 2453 1111 2508 Pluviam
1141 2452 1495 2508 voluntariam
1518 2467 1768 2522 segrega-

178 2545 284 2610 bis,
311 2545 470 2609 Deus,
485 2543 784 2598 hzereditati
813 2552 917 2599 tua:
935 2552 990 2599 et
1016 2543 1283 2598 inﬁrmata
1307 2551 1409 2608 est,
1427 2551 1482 2597 tu
1499 2559 1629 2598 vero
1651 2557 1772 2613 per-

179 2633 358 2690 fecisti
393 2649 512 2688 eam
539 2651 552 2686 ε
587 2653 606 2684 ι
647 2634 714 2687 Et
739 2633 915 2689 elevat
938 2634 1075 2705 (sive
1095 2633 1295 2705 educit)
1325 2633 1548 2707 nebulas
1575 2634 1644 2688 ab
1670 2649 1767 2688 ex-

179 2729 376 2785 tremis
402 2736 560 2781 terra!
588 2724 761 2796 (Psal.
790 2728 980 2795 van).
1014 2747 1033 2778 ι
1068 2725 1284 2780 Nebula:
1309 2725 1424 2780 sive
1450 2726 1619 2780 nubes
1645 2725 1767 2794 qui-

180 2818 287 2874 bus
329 2816 600 2872 mandavit
641 2815 899 2870 Dominus
928 2831 995 2870 ne
1019 2815 1265 2884 pluerent
1295 2830 1458 2884 super
1487 2814 1650 2869 Israel
1673 2815 1769 2868 im-

181 2909 358 2970 brem,
398 2909 700 2962 educuntur
729 2907 798 2960 ab
837 2906 1269 2960 extremitatibus
1303 2915 1499 2970 terrae;
1540 2921 1768 2976 quarum

183 3012 294 3051 una
322 2994 514 3050 nebula
539 2993 860 3062 loquebatur
889 3012 902 3048 :
938 3012 956 3045 ι
999 2995 1136 3049 Ριιιο
1163 2995 1310 3050 enim
1341 3010 1437 3050 nos
1478 2995 1621 3049 Deus
1643 3011 1770 3064 apo-

1839 1983 1842 1986 η
1867 1930 1975 1981 res,
2008 1913 2262 1989 quoniam
2288 1922 2525 1968 vestrum
2553 1921 2636 1967 est
2670 1925 2896 1982 regnum
2937 1909 3196 1965 ccelorum
3226 1907 3443 1978 (Matth.

1867 2007 1944 2078 v).
1981 2027 1998 2059 ι
2051 1990 2212 2061 Vides
2252 2007 2520 2075 quomodo
2556 2005 2626 2060 ab
2662 2003 2920 2059 extremis
2946 2003 3142 2073 educat
3177 1999 3342 2064 Deus,
3393 2007 3451 2052 et

1867 2105 2116 2172 co_rporet
2144 2094 2401 2150 nebulas?
2423 2095 2708 2164 Propterea
2740 2093 2786 2148 si
2808 2091 3054 2153 volumus
3089 2089 3259 2144 nubes
3303 2087 3444 2151 ﬁeri,

1867 2189 1936 2244 ad
1965 2202 2100 2257 quas
2123 2187 2404 2257 perveniat
2427 2186 2629 2240 veritas
2653 2184 2765 2249 Dei,
2789 2181 3066 2245 novissimi
3091 2180 3331 2235 omnium
3360 2177 3450 2232 lia-

1867 2293 2007 2340 mus,
2031 2285 2088 2331 et
2107 2285 2216 2330 tam
2241 2274 2430 2332 affectu
2457 2290 2616 2344 quam
2642 2274 2803 2330 etiam
2825 2287 2921 2328 ore
2950 2273 3226 2328 dicamus:
3261 2287 3282 2321 ι
3314 2268 3448 2322 Ριιιο

1867 2369 2008 2422 enim
2037 2381 2134 2422 nos
2157 2367 2298 2421 Deus
2323 2366 2595 2436 apostolos
2622 2365 2943 2420 novissimos
2966 2362 3219 2417 ostendit.
3250 2380 3269 2412 ι
3296 2359 3449 2428 Quod

1868 2457 1913 2511 si
1949 2471 2056 2511 non
2103 2455 2204 2510 sim
2240 2454 2531 2524 apostolus,
2576 2453 2703 2508 licet
2748 2462 2924 2508 tamen
2968 2451 3101 2506 mihi
3130 2449 3247 2505 fieri
3269 2457 3450 2504 extre-

1869 2562 2038 2611 mum,
2079 2555 2139 2600 ut
2153 2548 2391 2616 educens
2419 2547 2590 2616 nubes
2618 2544 2759 2598 Deus
2782 2543 2850 2598 ab
2871 2550 3116 2597 extremo
3137 2548 3298 2595 terrae
3318 2539 3450 2593 edu-

1872 2645 1959 2691 cat
1981 2652 2085 2691 me.
2108 2641 2128 2686 ι
2151 2636 2220 2689 Et
2253 2614 2464 2706 fulgura
2481 2635 2535 2689 in
2555 2634 2789 2704 pluviam
2813 2631 2957 2688 fecit.
2982 2651 3001 2683 ι
3027 2631 3161 2688 Cum
3178 2632 3323 2685 enim
3349 2631 3452 2684 im-

1870 2726 1969 2781 ber
1982 2727 2048 2781 de
2061 2726 2200 2780 ctelo
2226 2725 2437 2780 venerit
2450 2724 2835 2788 doctrinarum,
2865 2731 2921 2778 et
2943 2723 3153 2778 arentia
3172 2722 3450 2776 hominum

1871 2815 2034 2872 corda
2073 2816 2304 2879 satiarit,
2337 2824 2462 2870 tunc
2499 2812 3191 2891 coruscationesvinvenies,
3226 2820 3280 2867 et
3307 2812 3453 2867 clara

1871 2906 2079 2976 fulgura
2110 2905 2404 2975 sapientia.
2446 2905 2611 2958 Aiunt
2639 2902 2962 2958 naturalium
2988 2916 3274 2957 causarum
3298 2917 3455 2957 scru-

1871 3005 2095 3060 tatores,
2136 2997 2260 3065 quia
2287 2995 2497 3066 fulgura
2526 3012 2594 3051 ex
2627 2996 2848 3051 nubium
2887 2995 3164 3051 collisione
3193 3009 3453 3064 generen-

182 3085 357 3140 stolos
386 3084 620 3138 ostendit
635 3084 954 3140 novissimos
979 3094 1232 3154 tanquam
1266 3087 1426 3140 morti
1454 3087 1769 3151 destinatos,
1799 3125 1844 3186 C
1875 3097 1966 3142 tur
1984 3088 2040 3144 in
2071 3101 2278 3142 morem
2309 3086 2518 3142 silicum
2550 3086 2851 3152 duriorum,
2891 3102 3027 3156 quos
3064 3102 3184 3141 cum
3212 3086 3450 3156 complo-

184 3174 316 3242 quia
344 3171 708 3242 spectaculum
749 3171 876 3227 facti
914 3188 1098 3228 sumus
1133 3174 1261 3228 huic
1286 3175 1505 3238 mundo,
1529 3183 1584 3228 et
1613 3189 1774 3245 ange-

185 3263 254 3318 lis
295 3272 351 3317 et
378 3261 690 3316 hominibus
714 3261 767 3333 (Ι
794 3261 919 3317 Cor.
959 3263 1056 3334 IV).
1099 3284 1117 3315 ι
1149 3260 1371 3334 (Orig.)
1421 3262 1631 3318 Etenim
1674 3265 1776 3319 hoc

185 3350 335 3422 quod
356 3351 618 3419 scriptum
647 3359 766 3405 est:
803 3370 822 3402 ι
858 3352 1056 3405 veritas
1096 3360 1185 3405 tua
1216 3367 1386 3419 usque
1425 3354 1492 3407 ad
1545 3353 1786 3408 nubes...

185 3458 298 3497 non
329 3448 504 3511 potest
540 3440 730 3495 referri
786 3442 855 3496 ad
890 3441 1206 3496 inanimales
1234 3443 1425 3506 nubes,
1454 3444 1548 3496 sed
1574 3445 1777 3499 veritas

188 3533 287 3588 Dei
321 3546 490 3600 usque
510 3531 577 3586 ad
599 3532 718 3586 illas
745 3533 918 3588 nubes
941 3541 1045 3598 est,
1058 3539 1176 3602 quae
1200 3533 1423 3588 audiunt
1462 3532 1772 3588 mandatum

187 3619 430 3684 Domini,
462 3629 516 3674 et
544 3629 810 3674 noverunt
841 3636 947 3690 quo
980 3623 1189 3692 pluvias
1228 3623 1470 3677 deferant
1499 3633 1551 3678 et
1589 3639 1620 3678 a
1660 3626 1779 3694 qui-

186 3710 292 3765 bus
331 3724 426 3764 eas
465 3709 808 3777 suspendant.
864 3711 941 3765 De
983 3712 1066 3766 his
1115 3712 1347 3768 nubibus
1399 3712 1601 3767 dictum
1647 3720 1771 3767 est:

193 3817 215 3850 ι
249 3799 320 3852 Et
366 3796 630 3851 mandabo
679 3799 910 3854 nubibus
949 3802 1083 3855 meis
1107 3815 1176 3854 ne
1223 3801 1409 3870 pluant
1457 3818 1618 3870 super
1656 3818 1775 3858 eam

188 3889 424 3946 imbrem
477 3889 658 3961 (Isai.
709 3887 808 3958 v).
858 3907 880 3940 ι
935 3889 1012 3943 De
1049 3890 1135 3944 his
1187 3890 1331 3945 enim
1376 3905 1497 3958 quae
1531 3892 1776 3946 ex-den-

188 3991 312 4037 salo
349 3998 472 4037 aere
515 3989 762 4034 constare
803 3977 1080 4042 dicuntur,
1117 3979 1162 4033 si
1208 3995 1316 4033 non
1361 3978 1524 4032 fuerit
1574 3979 1772 4049 pluvia,

187 4089 299 4127 non
351 4071 603 4140 prmcepit
631 4069 773 4122 Deus
821 4083 889 4122 ne
932 4068 1117 4137 pluant
1162 4083 1324 4137 super
1389 4070 1633 4134 vineam,
1684 4078 1778 4124 aut

186 4175 580 4230 quamcunque
603 4159 875 4228 regionem
899 4157 1147 4223 imbrem,
1179 4159 1272 4212 sed
1294 4159 1514 4214 omnino
1540 4176 1646 4214 non
1677 4175 1773 4229 ap-

186 4260 404 4321 parent,
429 4259 486 4304 ut
515 4251 566 4303 in
596 4251 754 4303 tertio
778 4249 1089 4319 Regnorum
1111 4250 1250 4304 libro
1279 4250 1532 4320 legimus:
1562 4251 1776 4320 quando

186 4340 243 4394 in
273 4325 520 4409 tempore
570 4337 831 4393 siccitatis
860 4339 1028 4392 nubes
1064 4338 1207 4394 nulla
1238 4340 1502 4409 apparuit,
1545 4348 1601 4394 et
1627 4349 1775 4409 post-

1877 3177 2012 3232 seris
2033 3177 2156 3241 sibi,
2181 3176 2388 3253 medius
2414 3191 2481 3232 ex
2510 3176 2752 3247 hisignis
2777 3175 3030 3240 elabitur,
3054 3177 3303 3246 atqueita
3329 3192 3452 3231 cum

1876 3268 2080 3340 fulgore
2100 3267 2303 3337 pariter
2321 3275 2377 3324 et
2399 3263 2634 3343 tonitrua
2660 3268 2888 3338 mugire,
2915 3270 3116 3323 tonitru
3142 3269 3350 3325 scilicet
3367 3282 3456 3325 so-

1876 3362 2045 3414 nitum
2072 3358 2343 3413 indicante
2377 3373 2676 3414 concursus
2709 3367 2766 3427 et
2798 3346 3006 3429 fulgore
3039 3359 3250 3414 excussi
3289 3359 3452 3413 lumi-

1876 3449 1960 3502 nis
1989 3446 2314 3500 claritatem.
2373 3445 2428 3500 Si
2469 3445 2782 3500 intellexisti
2822 3446 3146 3513 exemplum,
3172 3446 3452 3502 considera

1876 3553 2018 3592 nunc
2046 3537 2215 3590 nubes
2231 3534 2542 3590 rationales.
2574 3534 2783 3606 Moyses
2805 3537 2975 3592 nubes
2997 3546 3137 3601 erat,
3165 3536 3290 3593 Jesu
3318 3554 3455 3593 nave

1876 3626 2046 3681 nubes
2072 3633 2210 3680 erat.
2245 3623 2336 3680 Isti
2365 3625 2411 3679 si
2437 3639 2619 3680 secum
2644 3625 3050 3694 colloquantur,
3092 3642 3156 3681 ex
3189 3630 3452 3683 sermoni—

1875 3715 1977 3770 bus
2000 3730 2186 3770 eorum
2217 3714 2426 3785 fulgura
2454 3716 2674 3771 micant.
2703 3715 2970 3772 Jeremias
3015 3726 3070 3771 et
3119 3719 3329 3774 Baruch
3358 3736 3443 3772 nu-

1877 3805 1973 3859 bes
2008 3812 2187 3867 erant,
2227 3790 2662 3859 sermocinemur
2705 3802 2956 3869 invicem,
2992 3814 3047 3860 et
3073 3807 3279 3862 videbis
3321 3811 3454 3863 ruti-

1877 3893 1988 3948 lare
2023 3894 2250 3963 fulgura.
2294 3894 2455 3950 Potes
2495 3903 2551 3950 et
2589 3905 2646 3950 tu
2676 3897 2790 3966 ipse
2824 3898 2889 3953 de
2916 3897 3214 3969 Scripturis
3250 3901 3452 3954 sanctis

1878 3981 1930 4036 in
1952 3983 2094 4038 hunc
2122 3981 2339 4037 modum
2363 3983 2586 4039 nubium
2611 3985 2852 4040 invenire
2881 4001 3195 4052 concursus,
3231 4002 3296 4042 ex
3336 3970 3429 4057 qui

1876 4073 1976 4127 bus
2002 4073 2150 4142 ignes
2170 4073 2506 4129 emittantur.
2529 4073 2614 4130 lUt
2644 4084 2825 4130 autem
2855 4085 2910 4131 et
2940 4077 3006 4131 ad
3036 4076 3240 4133 Novum
3267 4077 3454 4134 Testa-

1878 4171 2119 4217 mentum
2161 4163 2440 4220 veniamus
2468 4182 2480 4218 :
2507 4165 2704 4220 Paulus
2747 4174 2803 4221 et
2843 4166 3095 4223 Silvanus
3136 4170 3254 4224 duae
3282 4171 3452 4226 nubes

1879 4253 1932 4306 in
1981 4269 2143 4306 unum
2197 4264 2581 4309 convenerunt.
2631 4256 2769 4311 Ecce
2822 4265 2990 4312 totum
3034 4260 3292 4315 mundum
3332 4263 3451 4332 Epi-

1877 4341 2027 4396 stolze
2053 4355 2239 4396 eorum
2271 4339 2444 4411 fulgor
2496 4343 2780 4399 illuminat.
2819 4345 3079 4418 «Fulgura
3120 4349 3175 4403 lu
3218 4349 3453 4418 pluviam

184 4447 250 4486 ea
291 4431 450 4500 juxta
478 4431 812 4500 prophetiam
854 4431 981 4485 Eli-.e
1011 4430 1204 4486 futura:
1239 4431 1432 4500 pluvia:
1467 4433 1677 4501 signum
1720 4433 1772 4486 in
1798 4463 1850 4522 Β
1879 4430 2024 4496 fecit,
2087 4439 2142 4486 et
2190 4431 2378 4486 eduxit
2429 4445 2620 4489 ventos
2669 4435 2735 4490 de
2776 4438 3047 4493 thesauris
3105 4440 3216 4495 suis
3275 4440 3448 4511 (Psal.

184 4522 421 4589 vestigio
447 4521 678 4576 hominis
692 4530 968 4575 ostensum
999 4530 1105 4585 est,
1129 4532 1290 4591 atque
1315 4523 1389 4576 ita
1422 4531 1544 4591 post
1573 4523 1770 4578 nubem

181 4613 563 4682 conglobatam
579 4611 747 4664 imber
757 4603 1098 4665 deScenditin
1122 4619 1322 4667 terras:
1341 4613 1458 4668 istis
1481 4628 1606 4668 vero
1618 4612 1770 4681 quasi

183 4701 612 4758 subsistentibus
632 4697 863 4758 nebulis.
875 4697 1096 4767 iubetur
1113 4701 1345 4769 pluviam
1361 4703 1635 4758 continere
1648 4718 1768 4756 cum

186 4791 410 4859 indigna
436 4787 595 4842 fuerit
614 4788 791 4841 anima
815 4790 984 4844 imbre
1001 4791 1224 4853 cmlesti,
1253 4800 1306 4844 et
1329 4793 1552 4846 dicitur:
1582 4812 1599 4842 ι
1620 4808 1770 4846 man-

186 4880 336 4934 dabo
364 4876 594 4930 nubibus
629 4891 693 4928 ne
714 4876 899 4944 pluant
924 4892 1085 4946 super
1104 4893 1222 4932 eam
1257 4879 1502 4933 imbrem.
1538 4899 1555 4930 ι
1585 4879 1770 4949 Itaque

188 4965 568 5033 unusquisque
582 4972 890 5018 sanctorum
906 4967 1074 5020 nubes
1097 4976 1199 5020 est.
1231 4966 1438 5036 Moyses
1465 4967 1634 5022 nubes
1656 4978 1774 5023 erat

187 5067 242 5113 et
269 5055 430 5124 quasi
461 5055 632 5108 nubes
657 5054 972 5122 loquebatur
1006 5073 1018 5108 :
1056 5074 1074 5106 ι
1103 5055 1350 5121 Attende,
1379 5058 1598 5124 caelum:
1623 5067 1678 5112 et
1699 5059 1775 5113 Io-

188 5163 355 5216 quar,
372 5152 425 5199 et
453 5144 635 5198 audiat
663 5153 801 5199 terra
832 5161 1185 5203 sermonesex
1212 5163 1304 5202 ore
1333 5164 1474 5215 meo,
1501 5159 1775 5219 exspectet

189 5245 252 5290 ut
275 5234 514 5304 pluviam
539 5234 698 5287 verba
737 5249 853 5288 mea
887 5234 1062 5304 (Deut.
1087 5235 1277 5308 xxxn).
1309 5255 1327 5288 ι
1369 5235 1426 5290 Si
1457 5254 1561 5292 non
1588 5239 1777 5293 fuisset

189 5323 368 5377 nubes
384 5335 655 5389 nunquam
670 5320 912 5384 dixisset,
935 5341 954 5372 ι
979 5333 1252 5393 exspectet
1275 5332 1333 5380 ut
1351 5325 1583 5393 pluviam
1607 5330 1770 5382 verba

188 5428 338 5476 mea,
359 5421 414 5466 et
433 5411 759 5466 descendant
779 5421 837 5466 ut
859 5427 948 5466 ros
965 5412 1176 5482 eloquia
1201 5430 1340 5470 mea.
1374 5435 1390 5465 ι
1417 5415 1580 5481 Quasi
1602 5417 1775 5472 nubes

190 5501 413 5556 dicebat
443 5519 456 5554 :
496 5519 516 5550 ι
554 5508 612 5553 ιιι
644 5501 814 5556 imber
840 5517 1001 5571 super
1031 5519 1272 5573 gramen,
1307 5513 1366 5558 ut
1389 5505 1575 5574 pruina
1608 5521 1769 5576 super

191 5588 402 5652 fenmn,
433 5590 560 5658 quia
591 5605 781 5646 nomen
807 5591 1015 5646 Domini
1056 5593 1318 5648 invocavi.
1362 5614 1382 5645 ι
1418 5593 1676 5650 Similiter
1712 5603 1768 5649 et

191 5677 364 5733 Isaias
400 5686 459 5733 ut
490 5679 660 5734 nubes
696 5679 1049 5750 loquebatur:
1085 5703 1104 5735 ς
1132 5682 1289 5749 Audi,
1323 5683 1535 5749 coelum,
1582 5691 1636 5740 et
1666 5699 1762 5739 au-

1875 4521 2116 4592 cxxxtv).
2143 4541 2161 4573 ι
2189 4522 2330 4593 Ergo
2355 4538 2423 4578 ne
2446 4524 2500 4579 hi
2523 4526 2685 4588 venti,
2711 4527 2802 4595 qui
2825 4543 2987 4598 super
3007 4538 3182 4585 terras
3198 4530 3448 4601 perﬂant,

1876 4614 1930 4666 in
1957 4611 2224 4666 thesauris
2245 4612 2338 4666 Dei
2360 4622 2502 4679 sunt,
2527 4622 2581 4669 et
2604 4631 2708 4670 non
2733 4617 2926 4672 horum
2949 4628 3140 4675 natura
3164 4606 3450 4680 manifesta

1874 4709 1979 4766 est,
2031 4701 2301 4769 quomodo
2335 4709 2390 4756 et
2432 4719 2536 4775 qua
2576 4705 2782 4760 ratione
2822 4709 3134 4765 subsistant.
3189 4713 3294 4783 Sed
3324 4727 3449 4769 sunt

1875 4792 2094 4861 quidam
2129 4799 2411 4846 ventorum
2443 4795 2961 4859 thesauri-,tbesauri
3001 4800 3310 4869 spirituum,
3341 4808 3448 4873 spi-

1877 4882 2012 4934 ritus
2032 4881 2310 4948 sapientize
2341 4889 2395 4934 et
2419 4881 2742 4948 intellectus,
2773 4886 2994 4952 spiritus
3023 4890 3227 4944 consilii
3253 4902 3308 4947 et
3338 4895 3440 4947 vir-

1877 4969 2025 5032 tutis,
2066 4969 2286 5036 spiritus
2334 4969 2611 5038 sapientize
2635 4978 2690 5025 et
2711 4972 2948 5041 pietatis,
2980 4977 3199 5046 spiritus
3237 4981 3445 5036 timoris

1875 5056 1991 5117 Dei,
2020 5056 2351 5112 fortitudinis
2379 5067 2433 5111 et
2461 5058 2761 5115 dilectionis
2785 5070 2837 5115 et
2861 5064 3161 5120 charitatis.
3205 5067 3363 5123 Potes
3391 5080 3446 5124 et

1876 5143 1987 5211 ipse
2010 5143 2075 5197 de
2097 5145 2380 5215 scripturis
2403 5146 2500 5200 hos
2525 5156 2717 5202 ventos
2739 5164 3090 5221 congregare,
3124 5164 3178 5209 et
3220 5157 3442 5212 istorum

1875 5233 2159 5300 spirituum
2189 5235 2428 5289 invenire
2451 5237 2753 5292 thesauros.
2784 5237 2884 5294 Ubi
2912 5251 3037 5295 sunt
3057 5243 3146 5297 isti
3172 5245 3445 5301 thesauri?

1876 5322 2060 5390 utique
2095 5323 2148 5376 in
2182 5337 2248 5377 eo
2280 5338 2387 5393 quo
2417 5333 2542 5381 sunt
2568 5327 2801 5381 thesauri
2825 5329 3100 5399 sapientiae
3124 5339 3178 5385 et
3201 5334 3440 5390 scientias

1874 5412 2198 5478 absconditi,
2239 5413 2294 5467 in
2319 5413 2534 5470 Christo
2571 5417 2752 5470 sedem
2777 5415 2995 5471 habent.
3041 5417 3168 5475 Inde
3194 5421 3443 5478 oriuntur

1875 5500 1930 5554 hi
1962 5502 2204 5572 spiritus,
2255 5511 2316 5557 ut
2337 5503 2474 5560 alius
2525 5506 2740 5574 sapiens
2768 5506 2857 5572 sit,
2887 5507 3023 5563 alius
3065 5508 3256 5574 ﬁdelis,
3306 5511 3443 5566 alius

1872 5593 2137 5660 eruditus,
2181 5602 2236 5649 et
2286 5595 2424 5649 alius
2455 5599 2814 5668 quodcunque
2842 5599 3107 5655 donorum
3153 5600 3245 5656 Dei
3276 5601 3441 5672 possi-

1874 5684 2015 5739 deat.
2041 5702 2060 5762 ι
2087 5685 2191 5743 Alii
2208 5685 2351 5743 enim
2374 5703 2474 5759 per
2487 5687 2738 5758 spiritum
2759 5689 2920 5746 datur
2940 5705 3118 5748 sermo
3142 5693 3436 5762 sapientia,
