3910 6352
418 349 522 409 883

1051 346 1115 402 Β.
1154 343 1406 404 RABANI
1443 342 1661 402 MAUBI
1697 341 2018 408 ARCHIEP.
2059 339 2368 401 MOGUNT.
2407 343 2701 404 OPERUM
2739 347 2921 404 PARS
2958 345 3046 403 Ill.

3569 345 3683 402 εει

417 461 509 516 alii
537 474 718 518 sermo
739 458 978 516 scientiae
997 456 1150 526 juxta
1172 454 1419 511 eumdem
1448 453 1718 525 spiritum,
1745 453 1836 518 alii
1875 453 2008 511 ﬁdes
2033 453 2085 515 A
2110 454 2385 511 descendit
2437 455 2506 510 ad
2555 455 2802 512 homines
2845 453 3051 511 fatuum
3094 455 3195 511 Dei
3215 465 3304 512 est
3335 473 3350 510 :
3386 469 3576 511 verum
3631 455 3688 510 id

419 552 473 607 in
500 552 690 608 eodem
717 550 908 620 spiritu
940 547 992 619 (1
1031 545 1155 601 Cor.
1187 544 1310 615 xu).
1348 562 1366 596 ι
1409 563 1427 594 ι
1459 542 1658 607 Eduxit
1680 558 1809 619 ergo
1837 545 2008 601 nubes

417 639 487 695 ab
511 647 757 696 extremo
797 647 977 704 term,
1031 645 1087 692 et
1124 634 1291 706 fulgur
1326 654 1330 660 ·
1385 631 1442 687 in
1478 632 1716 703 pluviam
1757 633 1907 700 fecit,
1952 642 2008 690 et

416 729 606 785 eduxit
622 737 814 784 ventos
833 727 899 784 de
921 727 1189 783 thesauris
1216 741 1278 782 su
1337 767 1350 792 ,
1379 743 1398 776 ›
1422 736 1478 784 et
1497 711 1597 782 nos
1611 723 1769 804 juxta
1787 722 2005 780 miseri-.-

416 809 654 878 ccrdiam
671 822 766 879 Dei
786 820 854 880 ad
875 821 974 877 hos
989 822 1272 876 thesauros
1340 837 1385 877 ιε
1397 836 1542 880 occu;
1574 832 1718 875 suros
1731 823 2002 895 putamus.

413 911 484 967 Et
507 912 634 982 quia
659 911 842 982 plures
881 918 1008 966 sunt
1031 910 1292 976 thesauri,
1344 918 1460 966 orte
1476 910 1534 981 ju
1571 917 1631 963 ta
1655 906 1900 963 ordinem
1921 918 2007 959 re-

415 1002 756 1072 surgentium
801 1001 908 1058 erit
941 1007 996 1055 et
1031 1001 1249 1071 requies
1276 1001 1306 1056 i'
1379 1002 1525 1057 thes:
1555 999 1653 1055 tris
1691 997 1806 1053 Dei.
1850 994 2004 1063 Quod

415 1103 599 1150 autem
647 1095 791 1161 dico,
823 1094 1126 1155 istiusmodi
1153 1102 1297 1160 est,:
1352 1094 1618 1151 surreetio
1665 1099 2004 1147 mortuorum

415 1185 473 1239 in
507 1185 829 1254 quibusdam
852 1184 1132 1241 ordinibus
1155 1184 1336 1240 future
1366 1193 1470 1240 est.
1521 1182 1614 1238 Ait
1637 1182 1836 1253 quippe
1857 1179 2001 1250 Apo-

414 1275 625 1331 stolus:
657 1293 676 1326 ‹
708 1273 1092 1344 Unusquisque
1131 1283 1312 1329 autem
1351 1281 1596 1344 resurget
1637 1272 1693 1327 in
1733 1285 1832 1326 suc
1858 1269 2004 1342 ordi-

413 1365 562 1436 ne'(I
595 1363 720 1420 Cor.
747 1364 861 1435 xv),
899 1384 917 1415 ι
954 1372 1009 1428 et
1046 1378 1150 1420 non
1197 1371 1258 1422 ut
1289 1363 1420 1419 libet
1451 1363 1746 1422 miscentur
1787 1359 2004 1416 ordines

413 1458 832 1528 resurgentium.
854 1455 1008 1511 Alius
1025 1455 1157 1511 ordo
1172 1454 1279 1510 erit
1300 1454 1355 1509 in
1376 1453 1468 1509 illo
1489 1461 1543 1507 et
1563 1453 1617 1507 in
1635 1451 1726 1506 illo
1747 1451 2001 1505 thesauro

413 1549 534 1616 Dei,
558 1555 614 1605 et
635 1549 773 1604 alius
796 1549 931 1604 ordo
960 1548 1016 1603 in
1039 1547 1146 1602 alio
1166 1555 1224 1602 et
1247 1546 1301 1601 in
1326 1545 1435 1600 alio
1454 1544 1706 1599 thesauro
1734 1540 1830 1596 Dei
1863 1558 1876 1594 :
1909 1539 2001 1595 isti

413 1645 596 1692 autem
622 1652 812 1694 omnes
842 1636 1082 1693 thesauri
1105 1650 1272 1691 unum
1294 1634 1494 1689 habent
1523 1631 1860 1695 thesaurum,
1889 1647 1908 1680 ‹
1943 1627 1999 1684 in

2107 545 2284 616 ipsum
2315 542 2521 598 fatuum
2568 545 2666 600 Dei
2700 543 3001 616 sapientius
3044 553 3130 602 est
3166 544 3496 600 hominibus.
3551 542 3686 610 Qui-

2105 635 2209 692 bus
2251 633 2594 691 hominibus?
2616 635 2735 692 Non
2771 635 2958 704 utique
2991 633 3165 690 stultis
3195 635 3289 690 sed
3313 633 3687 704 sapientibus,

2106 725 2254 781 dicas
2273 723 2401 780 licet
2430 724 2704 796 sapientes
2727 723 2922 795 saeculi:
2932 722 3090 779 istius
3123 722 3236 778 sive
3255 723 3549 792 principes,
3573 721 3692 776 sive

2105 823 2273 882 vates,
2301 815 2422 873 istis
2436 815 2768 886 sapientibus
2788 814 2991 881 muli,
3012 814 3116 870 hoc
3139 814 3282 884 quod
3304 813 3656 884 exposuimus
3671 853 3686 869 .

2110 928 2130 961 ι
2161 910 2369 964 fatuum
2417 908 2515 964 Dei
2561 908 2859 979 sapientius
2897 915 2983 963 est
3025 905 3354 962 hominibus.
3391 925 3412 958 ι
3444 904 3692 961 Mirabile

2103 997 2357 1070 quiddam
2379 997 2628 1053 volumus
2645 998 2903 1064 inserere,
2924 996 3175 1067 quoniam
3197 1014 3216 1047 ι
3238 994 3502 1064 sapientia
3524 1010 3688 1048 mun-

2103 1090 2155 1145 di
2182 1088 2408 1146 stultitia
2422 1095 2507 1144 est
2524 1088 2664 1158 apud
2683 1087 2873 1152 Deum,
2898 1106 2918 1139 ι
2944 1094 2999 1143 et
3011 1085 3296 1141 infatuavit
3313 1084 3458 1140 Deus
3474 1083 3693 1154 sapien-

2103 1181 2235 1236 tiam
2265 1179 2470 1235 mundi.
2500 1177 2637 1233 Nam
2666 1177 2720 1232 in
2747 1176 3011 1246 sapientia
3037 1190 3133 1230 sua
3161 1173 3448 1229 infatuavit
3475 1168 3691 1242 sapien-

2102 1272 2232 1327 tiam
2254 1270 2460 1336 mundi,
2484 1285 2586 1326 nec
2607 1275 2784 1339 potest
2812 1280 3005 1337 capere
3023 1267 3343 1335 sapientiam
3362 1264 3460 1320 Dei
3479 1261 3694 1334 sapienv

2103 1363 2175 1417 tia
2222 1361 2430 1426 mundi,
2469 1367 2529 1416 ut
2569 1375 2688 1416 esse
2716 1358 2943 1415 stultitia
2997 1364 3273 1428 arguatur.
3305 1354 3494 1424 Neque
3543 1350 3692 1407 enim

2102 1451 2354 1521 dignatus
2386 1449 2650 1520 sapientia
2683 1447 2777 1503 Dei
2802 1447 2871 1502 ad
2904 1445 3088 1500 mundi
3117 1443 3439 1513 sapiean
3465 1437 3696 1494 convin-

2101 1540 2332 1596 cendam
2366 1546 2476 1594 tcta
2499 1537 2848 1601 descendere,
2879 1533 2973 1590 sed
3007 1531 3185 1603 potius
3211 1529 3504 1592 modicum,
3545 1522 3695 1594 quod

2097 1627 2467 1685 necessarium
2505 1625 2650 1703 .fuit,
2691 1623 2836 1694 quod
2889 1621 3096 1700 fatuum
3146 1619 3242 1674 Dei
3281 1625 3418 1680 erat,
3468 1623 3530 1669 ut

413 1742 523 1799 quo
546 1737 676 1786 sunt
701 1729 938 1788 thesauri
966 1727 1243 1798 sapientiae
1274 1733 1329 1780 et
1353 1722 1593 1779 scientia:
1621 1719 1940 1777 absconditi.
1972 1737 1991 1770 ι
2026 1786 2073 1799 _
2101 1733 2269 1789 parvo
2294 1725 2352 1774 et
2379 1702 2527 1772 fatuo
2554 1715 2651 1771 Dei
2682 1713 3039 1770 infatuaretur
3062 1707 3241 1765 saeculi
3261 1705 3543 1799 sapientia.
3569 1702 3695 1758 Non

411 1786 482 1876 Fit
514 1822 784 1891 quomodo
834 1786 1081 1890 possideo
1117 1821 1288 1875 tmarii
1311 1813 1778 1890 pretiosissimam-
1791 1825 2000 1881 marga-
2026 1786 2076 1849 Β
2103 1786 2672 1870 enim'valebatszeculi
2687 1803 2973 1880 sapientia,
2995 1798 3417 1891 magnitudinem
3440 1796 3492 1851 in
3511 1809 3580 1891 se
3600 1807 3697 1848 ve-

411 1913 575 1968 ritam
604 1927 702 1988 per
721 1913 904 1981 plures
928 1911 1063 1967 alias
1089 1910 1412 1982 margaritas
1444 1927 1458 1963 :
1492 1909 1571 1964 sic
1601 1907 1758 1963 venio
1793 1907 1859 1961 ad
1891 1903 2000 1962 the.

411 2016 634 2056 saurum
659 2003 1065 2068 thesaurorum,
1091 2009 1147 2057 et
1194 2001 1486 2060 Dominum
1539 1999 1907 2065 dominorum,
1943 2007 2000 2055 et

411 2093 616 2163 Regem
651 2107 860 2162 regum,
903 2107 1027 2150 eum
1059 2092 1253 2163 dignus
1281 2091 1436 2146 fuero
1464 2090 1746 2160 spiritibus
1797 2090 1851 2145 in
1885 2090 1998 2166 Dei

412 2183 683 2242 thesauris
709 2182 1191 2247 commorantibus.
1236 2180 1508 2256 (Πίου-οη.)
1537 2187 1555 2233 ἀ
1588 2180 1800 2238 Stultus
1823 2181 1999 2238 factus

412 2281 499 2328 est
525 2273 703 2329 omnis
729 2275 892 2338 homo
927 2274 1212 2331 aseientia
1237 2290 1252 2326 :
1287 2292 1306 2324 ι
1337 2271 1464 2327 licet
1495 2271 1585 2326 ille
1625 2271 1843 2337 Paulus,
1873 2270 2002 2328 licet

410 2364 626 2428 Petrus,
665 2362 792 2422 licet
828 2361 1040 2432 Moyses
1072 2370 1128 2422 et
1151 2361 1425 2427 Abraham
1459 2358 1734 2430 sapientes
1761 2359 1896 2424 sint,
1929 2359 1999 2416 ad

410 2452 873 2523 comparaticnem,
885 2450 980 2505 Dei
993 2457 1186 2507 cuneta
1209 2463 1396 2507 eorum
1410 2447 1676 2517 sapientia
1699 2447 1756 2502 in
1769 2446 1998 2502 nihilum

411 2542 788 2610 deputabitur;
812 2540 953 2606 unde
971 2548 1028 2596 et
1049 2539 1254 2598 fatuum
1282 2540 1380 2596 Dei
1400 2538 1698 2614 sapientius
1719 2547 1806 2597 est
1824 2536 2000 2596 humi.

397 2631 594 2685 .nibus.
620 2629 919 2692 infatuatus
945 2636 1029 2684 est
1054 2629 1233 2685 omnis
1259 2629 1423 2684 homo
1449 2642 1482 2682 a
1520 2627 1768 2694 scientia.
1799 2625 1996 2698 (θήρ.)

411 2720 472 2779 Si
495 2719 675 2775 omnis
691 2719 853 2776 homo
881 2716 1178 2774 infatuatus
1202 2726 1286 2780 est
1319 2733 1350 2772 a
1377 2717 1603 2778 scientia
1629 2736 1644 2772 :
1682 2738 1701 2770 ι
1737 2717 1817 2773 Ex
1843 2725 1998 2787 parte

411 2809 811 2895 cognoscimus.
826 2817 883 2864 et
905 2826 972 2871 ex
997 2819 1152 2879 parte
1178 2810 1564 2886 prophetamus
1579 2809 1630 2881 (Ι
1645 2807 1769 2868 Cor.
1793 2808 1938 2879 xm).
1969 2827 1990 2862 ι

420 2921 439 2954 ι
471 2902 772 2957 lnfatuatus
798 2909 882 2963 est
906 2915 940 2955 a
980 2901 1208 2956 scientia
1234 2918 1249 2958 :
1292 2920 1313 2954 ι
1345 2901 1536 2957 videns
1571 2915 1670 2971 per
1694 2901 1994 2974 speculum,

410 2991 601 3046 videns
628 2990 680 3044 in
707 2989 1012 3060 aenigmate,
1041 2989 1439 3059 portiunculam
1469 2987 1759 3057 quamdam
1783 2987 1990 3052 videns,

411 3090 470 3136 et
481 3082 525 3141 si
539 3081 618 3136 sic
633 3079 850 3149 expedit
863 3079 1067 3143 dicere,
1085 3079 1253 3148 ipsius
1274 3092 1488 3148 quoque
1501 3075 1856 3148 portiunculae
1867 3091 1993 3147 par—

412 3125 618 3141 -..ηη
634 3125 1067 3149 --τ--.-νηνηι
1085 3125 1252 3148 τη--
1276 3125 1378 3148 1--
1424 3125 1487 3133 _-
1541 3125 1854 3133 ----__-__.
1906 3125 1958 3130 __

412 3181 524 3229 tem
547 3170 828 3226 minimam
854 3184 1264 3241 reccgnOScens.
1288 3125 1611 3234 Ecojntrairio
1629 3176 1810 3223 autem
1834 3125 1993 3224 iritel-
2021 3125 2066 3188 Ο

411 3261 572 3332 liges,
590 3261 718 3332 quid
732 3260 803 3326 sit
823 3280 842 3311 ι
863 3259 1162 3314 infatuatus
1177 3267 1261 3314 est
1280 3258 1459 3314 omnis
1476 3258 1639 3320 homo
1649 3273 1680 3313 a
1693 3256 1917 3314 scientia
1933 3274 1947 3313 :
1973 3275 1993 3309 ι

415 3355 821 3426 comparatione
855 3361 1199 3424 peccatorum
1236 3350 1603 3422 Hierusalem,
1637 3348 1999 3411 Sodomon

412 3443 914 3518 peccatumjustitia
935 3450 1040 3505 est,
1061 3460 1080 3492 ι
1107 3439 1407 3504 iustiﬁcata
1426 3447 1509 3496 est
1523 3439 1693 3502 enim,
1709 3437 1804 3504 ait,
1823 3435 1997 3492 Sodoo

413 3551 504 3590 ma
542 3549 610 3589 ex
656 3543 710 3588 te
751 3530 980 3603 (Matth.
1014 3528 1103 3601 χ).
1143 3549 1162 3581 ι
1199 3527 1478 3596 Quomodo
1504 3541 1635 3594 ergo
1661 3530 1775 3592 non,
1799 3526 2002 3580 habent

408 3624 676 3697 justitiam
701 3621 1058 3679 Sodomorum
1082 3629 1304 3690 peccata
1329 3634 1426 3689 per
1449 3633 1531 3683 se,
1555 3618 1650 3673 sed
1670 3618 1738 3673 ad
1761 3616 2002 3672 collatio-

413 3729 541 3770 nem
574 3711 838 3780 majorum
873 3710 1139 3766 scelerum
1162 3707 1557 3777 justiﬁcantur,
1587 3706 1666 3760 sic
1693 3705 2002 3760 econtrario

414 3803 643 3860 scientia
673 3801 826 3863 Pauli
854 3800 922 3855 ad
952 3799 1096 3855 illam
1120 3798 1398 3856 cmlestem
1428 3796 1730 3862 scientiam,
1754 3795 1823 3849 ad
1853 3795 2001 3858 illum

416 3898 854 3953 consummatum
893 3887 1120 3952 rationis
1145 3885 1480 3946 intellectum
1526 3883 1755 3948 stultitia
1785 3892 2001 3953 reputa-

417 3991 509 4038 tur
535 4000 548 4035 :
580 3980 781 4040 idcirco
807 3999 830 4029 ι
852 3979 1149 4039 infatuatus
1169 3985 1252 4037 est
1270 3978 1446 4038 omnis
1467 3978 1631 4035 homo
1650 3991 1680 4030 a
1701 3976 1946 4031 scientia.
1977 3995 1996 4028 ι

418 4074 550 4129 Tale
603 4072 858 4144 quiddam
901 4071 1257 4127 Ecclesiastes
1309 4080 1369 4126 ut
1413 4071 1650 4125 arbitror
1698 4069 2003 4138 deprehen-

419 4166 554 4220 dens
573 4161 766 4217 eﬂ'atus
787 4171 871 4216 est
895 4180 907 4214 :
940 4181 957 4213 ι
987 4161 1126 4226 Dixi,
1151 4160 1367 4230 sapiens
1389 4158 1620 4225 emciar,
1641 4166 1697 4213 et
1717 4159 1830 4228 ipsa
1853 4157 2001 4217 elon-

419 4254 566 4326 gavit
589 4268 647 4308 se
667 4268 698 4305 a
719 4264 804 4306 me
829 4251 1038 4321 longius
1061 4266 1219 4321 quam
1249 4257 1387 4316 erat,
1411 4257 1469 4306 et
1494 4249 1603 4315 alta
1639 4247 2002 4320 profunditas,

420 4347 543 4418 quis
565 4345 804 4404 inveniet
821 4343 978 4400 eam?
1008 4363 1026 4394 ι
1054 4342 1312 4398 Volumus
1330 4341 1586 4414 quiddam
1601 4340 1860 4405 audenter
1874 4339 2001 4403 licet

2099 1903 2300 1964 nientis
2330 1899 2609 1970 sapientiae
2631 1897 2921 1972 sustinete.
2950 1893 3153 1949 Verum
3174 1886 3478 1956 exemplum
3510 1884 3695 1939 inter-

2078 1979 2385 2074 ‘ponamur,
2411 2008 2475 2070 ut
2503 1990 2786 2070 perspicue
2827 1986 2999 2060 possit
3026 1979 3278 2051 intelligi,
3301 1976 3572 2074 quomodo
3611 1974 3699 2030 fa-

2099 2070 2250 2150 iuum
2275 2093 2370 2148 Dei
2407 2091 2625 2148 stultam
2651 2088 2842 2144 fecerit
2863 2076 3188 2156 sapientiam
3215 2072 3419 2128 mundi.
3453 2070 3696 2140 Finga

2076 2181 2370 2253 'paulisper
2386 2195 2496 2244 me,
2518 2178 2608 2248 qui
2634 2175 2837 2246 aliquid
2860 2182 3020 2244 putor
3045 2177 3229 2227 nosse.
3251 2175 3374 2216 cum
3398 2159 3701 2253 insipiente

2097 2249 2290 2343 aliquoi
2303 2279 2358 2327 et
2385 2268 2654 2325 inerudito
2674 2265 2923 2323 conferre
2959 2277 3286 2325 sermonem,
3317 2265 3406 2330 qui
3436 2249 3572 2312 nihil
3611 2250 3701 2304 iu-

2097 2361 2329 2432 telligat,
2342 2359 2475 2414 nihil
2495 2366 2668 2413 acutae
2682 2352 3062 2426 disputationis
3082 2352 3395 2420 interroget.
3413 2346 3700 2416 Nunquid-

2097 2467 2225 2516 nam
2266 2464 2402 2521 opus
2432 2447 2565 2506 mihi
2587 2453 2672 2502 est
2696 2444 2763 2500 ad
2804 2442 2949 2503 illius
2981 2440 3260 2503 stultitiam
3289 2434 3697 2510 coarguendam

2095 2542 2394 2601 dialectica
2413 2538 2546 2594 artis
2572 2536 2918 2592 milidltatem
2937 2541 2994 2588 et
3016 2528 3403 2602 promndorum
3424 2539 3697 2586 reasons

2096 2648 2323 2692 acumen
2344 2627 2632 2692 adhibere?
2650 2625 2839 2682 Nonne
2865 2625 2933 2679 ad
2958 2620 3118 2678 unius
3139 2616 3457 2675 sermunculi
3470 2614 3696 2683 iactum

2095 2723 2218 2782 vilis
2239 2729 2296 2786 et
2319 2718 2541 2786 modici,
2561 2714 2656 2786 qui
2684 2725 2860 2770 tamen
2878 2711 3024 2770 illius
3049 2707 3415 2778 intelligentia
3430 2705 3699 2760 videatur

2095 2811 2415 2874 acerrimus,
2445 2807 2653 2862 fatuum
2700 2819 2825 2859 eum
2850 2809 2907 2858 et
2947 2799 3291 2870 insipientem
3316 2810 3433 2851 esse
3457 2792 3697 2849 convin-

2094 2903 2254 2974 cam?
2292 2900 2384 2960 Sic
2405 2900 2566 2978 igitur
2593 2896 2660 2951 ad
2685 2891 2872 2959 mundi
2901 2887 3230 2978 sapientiam
3241 2882 3692 2950 stultilicandam,

2095 2973 2202 3048 non
2254 2996 2336 3046 est
2364 2973 2501 3058 opus
2538 2983 2857 3056 sapientiam
2877 2973 2978 3035 Del
3000 2973 3328 3033 descendere
3356 2982 3413 3028 et
3458 2986 3598 3058 cum;
3618 2984 3694 3031 ea

2097 3055 2418 3142 colluctari,—
2439 3092 2561 3147 qua:
2595 3055 2848 3128 deorsum
2884 3075 2970 3124 est
2995 3062 3257 3135 sapientia
3289 3079 3303 3116 :
3341 3060 3433 3116 sed
3482 3055 3694 3114 sulﬁcit

2098 3170 2306 3224 fatuum
2328 3165 2444 3229 Dei,
2468 3162 2724 3233 quoniam
2748 3179 2766 3210 ι
2801 3157 3011 3212 fatuum
3033 3153 3132 3209 Dei
3157 3151 3452 3222 sapientius
3470 3155 3550 3202 est
3579 3147 3692 3203 ho-

2097 3258 2332 3315 minibus
2367 3263 2420 3311 et
2445 3253 2718 3313 inﬁrmum
2751 3249 2850 3312 Dei
2874 3247 3069 3311 fortius
3094 3251 3180 3300 est
3205 3241 3532 3311 hominibus,
3565 3257 3590 3290 ι
3629 3246 3694 3306 ει

2097 3349 2280 3413 omnia
2309 3344 2581 3405 contraria
2608 3340 2862 3402 Salvator
2897 3349 3052 3395 meus
3085 3341 3141 3390 et
3186 3331 3446 3395 Dominus
3469 3343 3693 3384 assume

2097 3440 2314 3516 psithut
2341 3432 2629 3492 contrariis
2652 3430 2913 3502 dissolvat
2938 3424 3230 3489 contraria,
3267 3429 3322 3478 et
3344 3430 3441 3516 [ιρι
3481 3418 3692 3475 ωηιὶιις

2099 3509 2310 3585 memur
2343 3526 2412 3580 ab
2445 3521 2761 3578 inﬁrmitate
2778 3519 2918 3589 ejus,
2938 3524 2995 3572 et
3026 3513 3299 3583 sapientes
3322 3509 3629 3568 elilciamur
3655 3522 3692 3563 a

2099 3619 2248 3674 fatuo
2268 3618 2404 3686 ejus,
2437 3621 2495 3668 et
2537 3615 2592 3667 in
2619 3611 2737 3666 hmo
2772 3604 3060 3663 introducti
3100 3601 3368 3673 possimus
3390 3598 3695 3663 ascendere

2101 3710 2169 3764 ad
2213 3705 2533 3777 sapientiam
2578 3710 2636 3758 et
2683 3699 2938 3754 virtutem
2993 3694 3087 3750 Dei
3149 3691 3422 3748 Christum
3474 3688 3690 3746 Iesum.

2102 3795 2370 3870 (meram)
2397 3793 2665 3854 Confusus
2699 3799 2784 3844 est
2806 3785 2984 3844 omnis
3008 3783 3204 3842 artifex
3230 3783 3286 3837 in
3314 3779 3568 3850 sculptili,
3587 3778 3694 3848 qui

2101 3888 2168 3943 de
2206 3899 2306 3941 suo
2347 3883 2509 3941 corde
2553 3877 2844 3961 simulacra
2890 3873 3152 3936 conﬁnxit
3172 3913 3188 3938 ,
3246 3870 3548 3940 falsumque
3597 3875 3694 3924 est

2103 3977 2246 4048 quod
2275 3973 2545 4031 conﬂavit.
2593 3971 2652 4027 Si
2693 3977 2875 4025 autem
2918 3965 3115 4026 stultus
3150 3972 3236 4020 est
3262 3964 3439 4022 omnis
3463 3962 3629 4017 homo
3656 3975 3692 4016 ι

2102 4073 2349 4137 scientia,
2389 4069 2613 4125 stultum
2642 4072 2727 4120 est
2754 4076 2914 4119 omne
2934 4056 3409 4135 falsumque.un
3449 4054 3596 4119 fecit,
3631 4063 3696 4116 et

2102 4178 2211 4219 non
2231 4169 2314 4217 est
2340 4158 2561 4228 spiritus
2583 4155 2640 4212 in
2664 4153 2765 4211 eis.
2800 4149 3104 4207 Notandum
3122 4146 3269 4217 quod
3295 4153 3353 4205 et
3378 4145 3434 4199 in
3463 4145 3568 4199 isto
3593 4157 3692 4198 ca-

2102 4249 2270 4322 pitulo
2298 4254 2491 4303 ventus
2515 4252 2571 4298 et
2591 4242 2816 4312 spiritus
2839 4254 2947 4302 uno
2977 4237 3197 4294 nomine
3243 4235 3386 4322 apud
3407 4233 3695 4322 ﬁniebat:

2105 4336 2403 4418 appellatur
2423 4340 2548 4400 rm.
2598 4328 2860 4418 Spiritum
2890 4321 3546 4418 autemsanctiﬂcatiouis
3591 4336 3694 4378 vo-

419 4411 620 4500 dicere,
646 4435 899 4504 quoniam
921 4433 1025 4490 huc
1045 4433 1188 4501 quod
1211 4411 1489 4491 descendit
1517 4433 1572 4485 in
1601 4432 1856 4493 mundum
1877 4446 2001 4486 eva—

2105 4411 2214 4491 cat,
2244 4422 2338 4492 qui
2390 4421 2445 4478 in
2487 4415 2869 4477 haereticorum
2909 4412 3179 4517 mentibus
3199 4425 3307 4466 non
3540 4411 3696 4510 invo-

421 4524 604 4579 cuavit
650 4537 709 4578 se
753 4523 950 4593 ipsum,
977 4529 1039 4578 ut
1078 4520 1428 4576 evacuatione
1457 4517 1573 4586 ejus
1594 4519 1824 4573 mundus
1858 4533 2004 4573 com-

418 4613 679 4685 pleretur.
708 4610 765 4668 Si
795 4620 975 4672 autem
1025 4609 1129 4668 hoc
1153 4609 1296 4678 quod
1339 4607 1615 4667 descendit
1650 4607 1706 4661 in
1743 4607 2002 4661 mundum

422 4701 707 4762 evacuavit
749 4714 828 4767 se,
855 4698 1138 4757 evacuatio
1165 4699 1281 4766 ipsa
1311 4694 1574 4765 sapientia
1615 4703 1719 4761 est,
1747 4694 2000 4764 quoniam

422 4792 566 4862 quod
587 4813 604 4842 ι
627 4791 838 4850 l‘atuum
857 4790 954 4855 Dei
970 4788 1267 4858 sapientius
1285 4795 1371 4844 est
1393 4785 1722 4843 hominibus.
1747 4805 1766 4838 ι
1794 4784 1852 4840 Si
1873 4801 2002 4856 ergo

423 4881 681 4941 dixissem
729 4879 936 4943 fatuum
972 4877 1090 4942 Dei,
1116 4875 1386 4945 quomodo
1407 4888 1645 4947 aucupes
1691 4888 2001 4939 sermonum

423 4982 691 5034 meorum,
733 4977 789 5023 et
814 4981 1026 5040 semper
1054 4965 1218 5028 ὀαιίιί
1243 4965 1308 5020 ad
1331 4951 1750 5031 criminandum,
1773 4977 2003 5024 venena-

425 5067 510 5114 tas
536 5059 592 5110 in
623 5071 710 5111 me
729 5055 939 5126 linguas
959 5052 1275 5118 vibrarent?
1303 5050 1456 5117 Nunc
1481 5067 1610 5128 vero
1636 5052 1861 5119 Paulus,
1879 5067 2006 5122 qua-

424 5151 472 5204 si
513 5149 728 5217 sapiens
770 5154 827 5206 et
859 5153 1179 5215 potestatem
1209 5143 1416 5198 habens
1448 5143 1820 5211 apostolicam,
1844 5157 2007 5208 ausus

425 5249 510 5294 est
554 5239 734 5294 dicere
757 5251 974 5292 omnem
1000 5234 1318 5313 sapientiam
1354 5241 1622 5295 terrenam
1643 5273 1660 5299 ,_
1689 5249 1808 5302 quae
1840 5250 1896 5300 in
1924 5249 2005 5301 se,

423 5343 547 5397 qua:
595 5328 648 5381 in
687 5326 867 5390 Petro,
914 5339 1035 5398 quae
1062 5325 1118 5387 in
1155 5323 1368 5385 czeteris
1408 5321 1663 5392 apostolis
1707 5329 1842 5386 erat,
1877 5337 1998 5391 qua:

427 5420 483 5472 in
532 5417 692 5472 istum
741 5417 1000 5472 mundum
1030 5411 1382 5471 descenderat
1419 5412 1701 5468 stultitiam
1737 5426 1856 5467 esse
1881 5411 2000 5478 Dei,

426 5512 497 5568 ad
525 5511 981 5580 comparationem
1002 5511 1197 5580 quippe
1226 5509 1368 5573 illius
1392 5505 1670 5578 sapientiae
1698 5520 1859 5575 quam
1895 5513 2005 5560 ter-

426 5617 608 5662 renus
639 5617 746 5656 non
793 5602 937 5671 capit
980 5601 1172 5656 locus:
1215 5601 1283 5655 ad
1327 5598 1476 5653 illam
1513 5596 1835 5666 sapientiam
1887 5610 2007 5665 quae

429 5694 667 5754 cmlestis
693 5703 797 5760 est,
849 5709 968 5768 qua:
997 5693 1180 5754 mundi
1212 5691 1432 5756 limitem
1459 5688 1690 5754 excedit,
1731 5689 1832 5762 hoc
1866 5686 2009 5756 quod

2104 4514 2230 4571 niri.
2277 4530 2295 4564 ι
2329 4510 2481 4566 Vana
2511 4513 2639 4563 sunt
2658 4513 2716 4561 et
2739 4517 2875 4575 opus
2902 4501 3017 4557 risu
3053 4499 3293 4570 dignum,
3323 4516 3344 4550 ι
3377 4496 3512 4563 Quis
3541 4497 3693 4558 enim

2101 4620 2210 4661 non
2257 4600 2431 4657 rideat
2461 4612 2585 4653 cum
2631 4593 3008 4650 haereticorum
3052 4586 3344 4644 simulacra
3395 4599 3690 4655 perspexe-

2102 4692 2209 4748 rit?
2233 4690 2342 4744 Aut
2358 4687 2505 4743 enim
2525 4683 2729 4740 rustica
2752 4687 2897 4745 sunt,
2930 4691 3052 4749 qua
3071 4675 3347 4741 dicuntur,
3387 4682 3445 4729 et
3477 4673 3691 4747 lignum

2102 4795 2206 4851 est,
2225 4792 2320 4839 aut
2344 4779 2572 4861 pulchro
2593 4785 2842 4837 sermone
2860 4768 3182 4861 composita,
3229 4773 3286 4861 et
3307 4761 3580 4840 reperitur
3603 4779 3696 4820 ar.

2109 4856 2361 4950 gentum,
2412 4878 2506 4937 aut
2551 4876 2701 4939 certe
2742 4864 2809 4925 de
2847 4860 3066 4936 proprio
3108 4856 3358 4950 simulata
3397 4868 3583 4920 sensu,

2111 4943 2312 5021 frustra
2336 4943 2452 5017 auri
2478 4959 2768 5029 imaginem
2796 4951 3137 5024 pollicentur.
3175 4965 3195 4999 ι
3222 4946 3281 5011 in
3320 4953 3563 5015 tempore
3606 4943 3692 5000 vi-

2112 5054 2381 5114 sitationis
2402 5068 2513 5109 suae
2537 5050 2790 5121 peribunt
2814 5066 2827 5099 :
2859 5063 2878 5096 ι
2907 5042 2989 5098 Ad
3017 5047 3228 5110 tempus
3266 5035 3408 5092 valet
3457 5034 3694 5091 δίει-θεὴ

2112 5155 2175 5203 ut
2224 5144 2377 5211 electi
2428 5142 2627 5212 quique
2682 5131 2955 5192 manifesti
3013 5129 3147 5184 ﬁant
3194 5134 3249 5181 et
3306 5123 3515 5202 probati
3578 5123 3696 5184 sint

2115 5237 2166 5311 (ι
2181 5236 2303 5303 Cor.
2318 5233 2398 5305 xi)
2414 5218 2568 5302 tcum
2592 5236 2771 5291 autem
2789 5221 3026 5283 visitatio
3048 5218 3143 5274 Dei
3166 5214 3391 5280 venerit,
3416 5213 3694 5311 etoculns

2105 5299 2224 5397 ejus
2253 5299 2764 5389 stultarespexerit,
2783 5311 2967 5370 omnia
2986 5308 3369 5397 conticescunt.
3399 5319 3419 5352 ι
3455 5299 3576 5368 Non
3600 5309 3694 5397 εει

2108 5386 2196 5470 liis
2233 5410 2426 5467 similis
2445 5386 2570 5478 pars
2591 5404 2775 5484 Jacob,
2792 5400 2982 5456 eorum
3017 5397 3106 5468 qui
3144 5392 3556 5484 suppla-ntavere
3593 5386 3695 5445 ln-

2112 5504 2277 5568 daeos,
2307 5508 2363 5556 et
2392 5479 2939 5568 quotidie'destruunt
2964 5484 3266 5557 haereticos.
3316 5479 3452 5534 Pars
3501 5487 3693 5535 autem

2115 5600 2424 5650 sanctorum
2454 5587 2595 5641 Deus
2619 5591 2725 5649 est,
2767 5583 2834 5637 de
2869 5593 2978 5649 quo
3001 5573 3268 5644 Propheta
3297 5569 3428 5624 dicit
3453 5583 3469 5622 :
3499 5587 3519 5620 ι
3551 5568 3692 5623 Pars

2117 5697 2233 5747 mea
2288 5679 2544 5738 Dominus
2595 5669 2774 5740 (Psal.
2823 5665 3025 5737 Lxxn).
3082 5660 3183 5743 Qui
3230 5658 3373 5716 enim
3430 5655 3693 5726 formavit
