3910 6334
125 314 239 374 885

1047 305 1415 370 EXPOSITIO
1453 307 1683 368 SUPER
1714 304 2082 365 JEREMIAM.
2120 335 2192 348 —
2227 303 2354 361 LIB.
2393 303 2462 361 ν.

3291 300 3397 357 886

123 431 309 490 annia
339 429 455 500 ipse
480 435 586 495 est,
615 445 634 479 ι
667 425 760 498 qui
805 425 933 483 fecit
959 426 1143 482 omnia
1193 435 1359 496 atque
1394 424 1703 496 plasmavit.
1732 422 1782 484 Α
1814 443 1834 476 ‹
1856 437 2052 496 pecora
2080 435 2222 476 mea.
2246 438 2264 470 ι
2282 418 2433 484 Quod
2458 433 2490 472 a
2517 413 2660 470 LXX
2683 413 2944 480 additum,
2975 428 3080 469 non
3111 423 3218 468 stat
3241 414 3396 483 iuxta

125 527 241 575 tam
262 520 316 574 in
330 518 508 572 anima
529 531 693 588 quam
714 515 769 570 in
790 529 1037 586 corpore.
1059 533 1078 566 ι
1099 512 1168 569 Et
1184 512 1348 568 lsrael
1369 513 1519 584 virga
1542 512 1713 566 haere-

128 607 313 664 ditatis
339 605 456 676 eius
491 613 593 660 est.
623 623 642 656 ι
673 604 860 660 Omnis
881 603 975 673 qui
998 601 1237 658 directus
1261 600 1316 655 in
1350 599 1461 655 Deo
1489 607 1594 664 est,
1627 597 1713 652 vel

127 712 292 754 sensu
346 695 521 750 cernit
557 693 746 759 Deum,
784 701 1055 761 sceptrum
1085 700 1172 746 est
1215 691 1545 746 haereditatis
1575 689 1712 759 ejus,

129 784 283 854 cujus
295 800 487 841 nomen
518 784 774 840 Dominus
787 781 1132 850 omnipotens
1157 788 1262 846 est,
1293 781 1407 836 sive
1433 780 1712 836 virtutum.

129 872 246 928 Hoc
268 872 416 930 enim
443 879 602 927 sonat
627 870 887 925 Dominus
932 868 1268 924 exercituum
1285 908 1301 933 ,
1327 869 1469 937 quod
1515 869 1570 922 in
1617 866 1720 922 He-

129 963 315 1020 braico
345 964 605 1032 scriptum
632 969 718 1016 est
742 961 1002 1015 Dominus
1023 958 1285 1015 Sabaoth.

205 1069 225 1102 c
269 1052 548 1122 Congrega
581 1050 648 1106 de
683 1059 825 1104 terra
868 1048 1242 1105 confusionem
1269 1057 1439 1113 tuam,
1461 1063 1581 1118 quae
1622 1049 1721 1103 ha-

135 1157 156 1192 c
200 1140 344 1196 bitas
379 1141 432 1194 in
465 1139 767 1205 obsidione,
799 1139 925 1208 quia
951 1140 1069 1194 hare
1099 1139 1229 1194 dicit
1256 1137 1550 1193 Dominus:
1583 1138 1721 1194 Ecce

135 1245 158 1282 ι
200 1229 479 1300 egolonge
499 1228 781 1298 proiiciam
809 1228 1147 1283 habitatores
1168 1235 1329 1282 terra:
1352 1226 1407 1280 in
1433 1226 1536 1281 hac
1563 1227 1716 1282 vice:

134 1335 160 1372 ι
197 1328 256 1375 et
291 1319 562 1375 tribulabo
584 1333 677 1372 eos
705 1318 779 1372 ita
808 1326 868 1371 ut
898 1333 1007 1372 non
1039 1317 1402 1372 inveniantur.
1434 1336 1453 1369 ι
1496 1315 1722 1385 Septua-

130 1408 314 1480 ginta:
353 1426 374 1459 ‹
414 1407 774 1479 Congregavit
798 1405 1002 1460 deforis
1022 1405 1382 1461 substantiam
1412 1419 1585 1470 suam,
1604 1420 1723 1474 quae

135 1514 156 1549 ι
201 1497 410 1552 habitat
438 1496 493 1549 in
522 1494 867 1550 munitione:
909 1495 1036 1564 quia
1085 1495 1205 1549 haec
1250 1493 1379 1549 dicit
1419 1495 1719 1551 Dominus:

1781 554 1784 557 -
1815 514 2098 571 historiam
2127 529 2141 565 :
2172 510 2228 564 in
2257 508 2414 578 longa
2462 506 2605 561 enim
2648 503 2927 574 obsidione
2959 503 3230 572 quomodo
3265 518 3399 560 oves

1815 613 1871 660 et
1897 615 2092 674 pecora
2111 595 2314 652 auferri
2335 602 2584 666 poterant
2607 593 2674 648 de
2695 591 3050 654 Hierusalem,
3077 606 3199 661 quae
3225 590 3393 646 etiam

1818 694 1863 748 si
1878 692 2118 752 fuissent,
2138 684 2312 740 fames
2327 682 2771 754 consumpserat?
2791 699 2810 732 ι
2834 680 2903 735 Ει
2914 695 3040 746 non,
3060 679 3255 749 inquit,
3273 679 3406 735 sub-

1817 781 2037 843 sistunt,
2066 797 2085 830 ›
2121 776 2236 833 ‘sive
2252 794 2272 826 ‹
2299 788 2407 828 non
2427 781 2572 836 sunt,
2596 791 2615 825 ι
2641 785 2817 841 neque
2839 770 2986 824 enim
3009 769 3255 824 translati
3275 773 3404 822 sunt

1820 868 1876 923 in
1904 865 2234 930 Chaldazam,
2272 863 2366 918 sed
2394 875 2589 931 magna
2614 875 2742 929 pars
2770 871 2960 914 eorum
2985 856 3269 911 interfecta
3296 864 3402 911 est.

1826 980 1847 1013 ι
1887 960 2002 1015 Νοη
2048 965 2133 1014 est
2177 955 2269 1026 qui
2323 953 2582 1010 extendat
2605 952 2749 1006 ultra
2781 948 3072 1005 tentorium
3116 961 3298 1002 meum
3331 964 3344 1000 :
3382 965 3403 997 ι

1822 1066 1928 1106 non
1954 1059 2038 1106 est
2059 1048 2150 1118 qui
2176 1061 2262 1101 me
2289 1046 2553 1100 instauret
2579 1049 2636 1096 et
2652 1054 2932 1095 murorum
2961 1052 3206 1092 meorum
3238 1034 3408 1104 iaciat

1823 1140 2192 1203 fundamenta,
2221 1135 2311 1206 qui
2342 1135 2409 1189 ad
2435 1132 2606 1188 solum
2632 1144 2804 1201 usque
2828 1128 3081 1198 prostrati
3107 1135 3252 1183 sunt.

1901 1249 1919 1282 ι
1963 1229 2099 1295 Quia
2126 1227 2288 1282 stulte
2310 1231 2540 1296 egerunt
2565 1230 2810 1293 pastores
2835 1260 2850 1284 ,
2891 1227 2948 1273 et
2970 1217 3258 1273 Dominum
3303 1229 3412 1269 non

1831 1336 1851 1370 ι
1895 1317 2246 1387 quaesierunt,
2274 1321 2562 1384 propterea
2591 1325 2701 1366 non
2729 1307 3134 1369 intellexerunt,
3158 1312 3214 1359 et
3236 1301 3415 1358 omnis

1831 1425 1850 1458 ς
1894 1421 2026 1478 grex
2051 1418 2241 1460 eorum
2264 1403 2540 1471 dispersus
2561 1407 2665 1454 est.
2695 1417 2714 1451 ι
2745 1397 2850 1453 Per
2868 1394 3279 1451 translationem
3322 1405 3415 1460 pa.

1827 1505 2034 1552 storum
2058 1502 2220 1562 atque
2242 1491 2424 1546 ovium
2444 1529 2460 1556 ,
2489 1487 2795 1560 principum
2837 1485 3017 1554 culpa,
3054 1491 3109 1538 et
3147 1480 3415 1551 dispersio

135 1602 156 1636 ι
201 1584 343 1640 Ecce
379 1598 481 1654 ego
544 1581 902 1653 supplantabo
969 1581 1306 1638 habitatores
1339 1590 1498 1638 terras
1543 1582 1722 1652 hujus,
1827 1584 2009 1655 populi
2056 1580 2399 1638 describitur.
2433 1578 2571 1646 Quia
2619 1576 2764 1631 enim
2797 1574 3073 1644 principes
3101 1571 3266 1626 stulte
3293 1582 3418 1640 ege-

134 1691 156 1726 r
201 1682 258 1728 et
289 1670 558 1726 tribulabo
601 1684 697 1725 eos
735 1680 796 1725 ut
851 1685 960 1726 non
1008 1669 1372 1726 inveniantur.
1403 1688 1423 1722 ι
1457 1667 1725 1741 (Ηίενοη.)
1831 1686 1980 1743 mm,
2007 1690 2107 1731 nec
2147 1673 2476 1744 quaesierunt
2507 1669 2812 1733 Dominum,
2845 1681 3007 1736 quem
3058 1671 3174 1719 toto
3223 1661 3418 1717 debue-

129 1760 451 1832 Przcipitur
471 1758 829 1825 Hierusalem,
858 1768 919 1813 ut
946 1759 1208 1829 quidquid
1234 1757 1399 1814 habet
1433 1756 1567 1814 foris
1593 1759 1724 1813 sub-

1840 1774 1953 1821 rant
1978 1765 2139 1821 corde
2164 1760 2500 1833 perquirere,
2534 1758 2737 1813 idcirco
2757 1762 2813 1810 et
2842 1753 2982 1808 mala
3011 1752 3284 1806 venientia
3307 1765 3418 1804 non

128 1853 368 1918 stantis,
401 1853 456 1908 in
487 1851 675 1906 urbem
706 1849 1127 1905 munitissimam
1154 1855 1464 1919 congreget,
1488 1855 1542 1903 et
1569 1847 1728 1918 longe

1840 1857 2100 1918 viderunt,
2126 1853 2240 1908 sive
2269 1867 2375 1906 non
2424 1848 2804 1903 intellexerunt
2827 1843 3138 1908 Dominum,
3158 1850 3215 1896 et
3241 1838 3420 1898 omnis

128 1945 400 2002 obsidioni
425 1950 578 2013 paret
591 1941 848 1996 alimenta
863 1957 878 2004 ;
894 1955 954 1996 se
973 1940 1119 1995 enim
1141 1953 1482 2009 nequaquam
1499 1944 1559 1990 ut
1577 1937 1728 2007 prius
1827 1943 2115 2002 multitudo
2142 1940 2476 1997 Hierusalem
2498 1940 2604 1993 huc
2625 1938 2865 2006 illucque
2889 1934 3135 2004 dispersa
3169 1941 3274 1990 est.

130 2035 204 2092 de
225 2034 408 2088 futuro
435 2041 493 2088 et
519 2032 679 2102 longo
724 2026 1351 2100 tempore‘comminari,
1381 2025 1476 2082 sed
1515 2027 1632 2098 iam
1661 2025 1729 2082 de
1903 2052 1923 2086 ι
1971 2032 2087 2088 Vox
2116 2029 2409 2086 auditionis
2447 2041 2576 2084 ecce
2601 2026 2770 2091 venit,
2805 2034 2862 2081 et
2897 2024 3190 2080 commotio
3223 2037 3420 2096 magna

127 2124 314 2180 vicina
367 2123 681 2194 captivitate
709 2161 725 2188 ,
777 2136 897 2192 qua:
950 2118 1284 2191 iamiamque
1347 2126 1575 2172 ventura
1635 2118 1724 2173 sit.
1833 2145 1852 2178 ι
1897 2125 1965 2180 de
1995 2132 2141 2178 terra
2166 2119 2476 2191 Aquilonis,
2511 2126 2572 2172 ut
2593 2126 2754 2188 ponat
2780 2116 3032 2171 civitates
3055 2114 3192 2171 Juda
3217 2116 3272 2170 in
3292 2113 3423 2170 soli-

126 2214 437 2284 Congrega,
473 2213 667 2284 inquit,
695 2220 751 2267 et
776 2210 1002 2276 deforis,
1029 2217 1086 2264 et
1107 2209 1176 2263 de
1205 2217 1377 2272 terra.
1402 2207 1507 2262 hoc
1529 2214 1636 2272 est.
1659 2221 1727 2261 ex
1835 2235 1854 2268 ι
1899 2214 2140 2270 tudinem
2163 2252 2178 2278 ,
2233 2221 2288 2266 et
2315 2208 2683 2266 habitaculum
2729 2208 3024 2262 draconum
3061 2205 3192 2277 (sive
3245 2203 3424 2262 cubile

129 2302 282 2374 agris
323 2299 678 2357 substantiam
726 2306 874 2353 tuam
927 2298 982 2353 in
1031 2296 1422 2353 confusionem.
1459 2295 1731 2367 Quidquid

128 2392 282 2448 enim
311 2391 480 2446 habes
505 2388 822 2450 confusione
852 2387 1074 2458 dignum
1097 2394 1347 2456 estzqute
1368 2387 1495 2442 licet
1517 2401 1729 2455 prepa-

131 2494 228 2536 res
275 2480 411 2544 haec,
441 2492 605 2548 super
661 2476 746 2532 his
790 2474 1003 2531 Domini
1054 2474 1197 2530 dicta
1244 2489 1550 2545 cognosce:
1592 2474 1733 2529 Ecce

131 2580 242 2637 ego
278 2567 334 2620 in
365 2567 466 2620 hac
498 2565 639 2631 vice,
670 2566 724 2619 in
753 2564 857 2620 isto
884 2573 1148 2635 tempore,
1177 2565 1482 2634 proiiciam,
1505 2564 1620 2620 sive
1645 2565 1732 2618 in-

131 2666 257 2716 star
288 2657 466 2711 funda:
508 2653 710 2723 iaciam
760 2654 921 2726 longe
969 2654 1305 2709 habitatores
1347 2662 1506 2710 terra:
1548 2652 1730 2723 huius.

130 2744 246 2804 Pro
296 2759 404 2814 quo
435 2742 580 2798 LXX
629 2742 970 2812 interpretati
1016 2752 1142 2798 sunt
1182 2759 1197 2796 :
1230 2760 1249 2793 ς
1281 2742 1650 2813 Supplantabo
1679 2750 1735 2798 et

132 2833 337 2908 cadere
369 2829 584 2885 faciam.
627 2848 646 2882 ι
693 2829 799 2884 Pro
845 2844 954 2898 quo
978 2831 1148 2885 verbo
1199 2829 1505 2895 Hebraico,
1554 2830 1610 2885 id
1651 2837 1735 2886 est

132 2905 293 3010 π’πρ,
326 2905 520 2994 Aquila
543 2919 977 2992 “Symmachus
1006 2921 1348 2992 interpretati
1371 2929 1498 2976 sunt
1522 2921 1732 2996 σφονδο-

133 3017 293 3072 νήσω.
330 3012 396 3066 Et
423 3021 509 3067 est
535 3025 724 3066 sensus
750 3029 762 3064 :
798 3011 974 3066 lnstar
1000 3010 1181 3067 fundae
1205 3027 1328 3067 cum
1352 3013 1500 3068 omni
1530 3013 1734 3083 impetu

1835 2323 1855 2358 ι
1895 2303 2304 2371 struthionum).
2338 2320 2356 2351 ι
2385 2300 2473 2364 Ει,
2517 2307 2578 2353 ut
2621 2297 2982 2370 Symmachus
3029 2297 3423 2368 interpretatus

1830 2405 1936 2462 est,
1965 2397 2282 2460 sirenarum,
2316 2408 2416 2464 pro
2446 2406 2553 2462 quo
2583 2391 2637 2445 in
2691 2388 2958 2443 Hebraico
2992 2394 3131 2445 cum
3181 2384 3422 2455 positum

1831 2494 1936 2543 est.
1950 2484 2125 2539 Verba
2148 2484 2453 2553 prophetae:
2479 2499 2497 2530 ι
2525 2480 2684 2541 Ecce.
2711 2477 2908 2545 inquit,
2923 2475 3135 2530 sonitus
3153 2482 3209 2527 et
3229 2471 3423 2529 fremi-

1834 2585 1922 2632 tus
1947 2597 1966 2628 ι
1985 2572 2265 2643 Babylonii
2280 2570 2547 2627 venientis
2567 2568 2800 2631 auditur,
2816 2571 3120 2635 magnaque
3131 2561 3425 2619 commotio

1834 2668 1949 2722 sive
1971 2674 2132 2721 terra:
2160 2669 2339 2718 motus
2375 2661 2443 2716 de
2469 2669 2614 2715 terra
2639 2656 2928 2726 aquilonis,
2963 2663 3020 2708 ut
3049 2668 3241 2708 omnes
3263 2651 3432 2706 urbes

1834 2758 2032 2820 Iudae,
2064 2752 2462 2810 habitatoribus
2492 2747 2812 2812 interfectis,
2841 2745 3046 2816 redigat
3077 2743 3136 2799 in
3177 2742 3425 2799 solitudi-

1835 2861 1977 2909 nem,
2001 2851 2057 2901 et
2079 2843 2245 2898 faciat
2273 2856 2371 2912 pro
2405 2837 2715 2895 hominibus
2752 2835 3016 2890 dracones
3037 2833 3285 2888 habitare
3309 2872 3330 2896 ,
3371 2839 3428 2886 et

1835 2943 2030 2993 cuncta
2055 2940 2320 2988 venenata
2357 2927 2689 2991 animantia,
2726 2926 2842 2981 sive
2895 2924 3249 2987 struthioncs,
3282 2920 3428 2991 quod

1835 3033 1893 3080 et
1912 3024 2087 3094 ipsum
2117 3019 2317 3075 animal
2346 3015 2652 3074 solitudinis
2672 3013 2938 3069 familiare
2960 3020 3065 3078 est,
3090 3019 3145 3066 et
3168 3011 3224 3065 in
3248 3010 3432 3066 deseri

135 3105 416 3174 abiiciam,
447 3113 502 3159 et
532 3105 609 3159 sic
633 3119 728 3160 eos
752 3104 986 3161 obsideri
1009 3102 1226 3169 faciam,
1255 3104 1441 3174 sicque
1466 3104 1733 3160 tribulabo

1840 3115 1908 3170 tis
1928 3084 2170 3169 nascitur
2195 3125 2258 3166 ac
2288 3109 2568 3164 nutritur:
2599 3113 2694 3159 aut
2740 3111 2892 3160 certe
2919 3101 3142 3157 Sirenas
3181 3107 3427 3155 monstra

135 3205 192 3252 et
220 3196 617 3267 coangustabo,
645 3205 702 3250 ut
721 3211 912 3252 omnes
938 3196 995 3251 in
1025 3195 1161 3252 urbe
1185 3196 1548 3266 reperiantur,
1573 3202 1630 3252 et
1656 3193 1736 3250 ef-

134 3285 331 3356 fugere
357 3294 629 3360 nequeant
657 3285 878 3343 malum.
1377 3276 1381 3282 ’

213 3391 233 3424 σ
279 3373 374 3427 Va:
402 3373 533 3427 mihi
562 3387 724 3442 super
745 3371 1072 3429 contritione
1096 3388 1218 3429 mea
1245 3412 1261 3439 ,
1312 3372 1547 3443 pessima
1576 3373 1736 3443 plaga

141 3479 161 3512 σ
209 3476 356 3515 utea.
390 3480 409 3510 ι
446 3460 792 3532 Septuaginta
833 3480 846 3518 :
889 3480 908 3514 ι
946 3460 1039 3517 Vae
1074 3477 1238 3532 super
1265 3462 1590 3518 contritione
1620 3471 1734 3528 tua,

135 3551 382 3620 pessima
436 3549 588 3619 plaga
636 3558 745 3604 tua.
789 3568 808 3601 ι
844 3547 1006 3604 Juxta
1038 3549 1363 3605 Hebraicurn
1389 3550 1504 3620 ipsa
1545 3549 1736 3605 Hieru-

136 3638 315 3696 salem
344 3638 601 3708 loquitur,
639 3639 782 3708 quod
805 3641 1156 3695 vehementer
1181 3639 1377 3695 afﬂicta
1404 3641 1507 3705 sit,
1539 3649 1595 3696 et
1619 3641 1736 3712 pla-

137 3744 264 3800 gam
308 3729 575 3784 sustineat
603 3729 976 3784 insanabilem.
1016 3727 1177 3784 Juxta
1215 3727 1564 3800 Septuaginta
1607 3744 1738 3786 vero

137 3818 412 3889 propheta
445 3817 682 3885 loquitur
713 3817 780 3872 ad
809 3815 1165 3882 Hierusalem,
1187 3824 1243 3872 et
1274 3816 1483 3887 plangit
1505 3831 1626 3872 eam
1648 3832 1740 3872 su-

139 3921 244 3979 per
270 3906 605 3962 contritione
633 3914 689 3961 et
717 3906 870 3977 plaga
907 3921 1026 3961 sua.

218 4017 238 4050 ι
290 3997 407 4066 Ego
436 4006 618 4051 autem
639 3995 749 4050 dixi
777 4014 789 4049 :
827 3994 994 4050 Plane
1029 3995 1145 4051 haec
1175 3995 1464 4054 infirmitas
1487 4013 1606 4055 mea
1656 4007 1740 4057 est

142 4108 164 4144 ι
207 4089 346 4162 (sive
373 4087 567 4142 vulnus
596 4086 823 4156 meum),
852 4094 907 4144 et
930 4085 1160 4156 portabo
1193 4087 1336 4141 illam
1378 4087 1505 4160 (sive
1548 4105 1738 4161 appre-

144 4199 166 4232 α
215 4176 414 4233 bendit
446 4175 576 4246 me).
611 4194 630 4226 ι
665 4175 782 4245 Ipsa
815 4175 1054 4245 loquitur
1079 4175 1436 4243 Hierusalem,
1464 4177 1736 4249 Quidquid

136 4267 329 4338 patior
353 4279 474 4320 mea
502 4263 658 4334 culpa
683 4265 877 4337 patior,
900 4264 1138 4336 intelligo
1159 4265 1353 4322 vulnus
1380 4269 1740 4340 meum,qnod

139 4351 509 4427 apprehendit
553 4365 662 4416 me,
705 4352 822 4407 sive
853 4352 989 4407 iram
1018 4351 1231 4408 Domini
1273 4355 1582 4422 sustinebo,
1604 4373 1739 4427 quo-

141 4444 294 4505 niam
329 4442 546 4513 peccavi
577 4442 649 4497 ei.

218 4550 240 4585 ι
287 4531 725 4589 Tabernaculum
751 4545 932 4586 meum
955 4541 1230 4589 vastatum
1259 4542 1363 4605 est,
1392 4551 1582 4595 omnes
1604 4539 1744 4597 funi-

146 4641 167 4674 «
214 4619 330 4678 culi
363 4619 472 4674 mei
502 4619 733 4694 disrupti
762 4627 888 4675 sunt
913 4619 1039 4691 (sive
1057 4637 1248 4678 omnes
1270 4624 1437 4694 pelles
1463 4640 1595 4682 mete
1621 4643 1745 4683 con-

146 4730 165 4764 ι
215 4710 414 4767 scissa:
458 4707 643 4778 sunt),
684 4707 780 4763 filii
823 4708 930 4763 mei
960 4710 1212 4765 exierunt
1256 4726 1288 4766 a
1327 4726 1415 4767 me
1443 4713 1570 4784 (sive
1617 4730 1745 4771 oves

145 4824 166 4858 ι
213 4803 407 4873 mem),
433 4811 491 4859 et
511 4818 619 4857 non
643 4801 963 4858 subsistunt.
993 4801 1110 4858 Non
1136 4812 1221 4858 est
1250 4803 1345 4874 qui
1377 4806 1635 4861 extendat
1659 4807 1742 4864 ul-

147 4919 167 4951 ι
217 4907 305 4952 tra
344 4894 638 4950 tentorium
665 4906 845 4948 meum
887 4890 1013 4963 (sive
1057 4907 1166 4953 non
1210 4900 1296 4950 est
1323 4894 1473 4950 locus
1498 4894 1637 4952 ultra
1667 4905 1747 4952 ta-

1834 3203 2078 3274 quaedam
2109 3208 2163 3256 et
2192 3199 2494 3256 daemonum
2521 3196 2903 3268 phantasmata
2950 3205 3239 3261 possumus
3265 3189 3426 3245 intel-

1835 3295 2027 3366 ligere.
2053 3292 2182 3349 Haec
2197 3290 2379 3346 omnia
2400 3303 2524 3359 quze
2548 3297 2604 3342 et
2628 3283 2937 3356 praeteritus
2963 3291 3020 3338 et
3038 3296 3278 3353 praesens
3307 3296 3426 3336 ser-

1838 3400 1928 3442 mo
1962 3381 2266 3453 descripsit,
2299 3379 2367 3434 ad
2399 3373 2794 3448 persecutionis
2821 3371 3076 3428 Ecclesia:
3120 3369 3423 3426 referamus

1837 3483 2101 3543 tempora,
2128 3468 2344 3540 quando
2374 3464 2724 3522 tabernacula
2755 3461 2969 3525 Domini
3016 3460 3429 3523 subvertuntur,

1837 3571 1893 3618 et
1916 3563 2094 3620 omnis
2117 3559 2384 3616 habitatio
2408 3556 2653 3614 ecclesiae
2680 3553 2944 3624 redigitur
2964 3551 3018 3606 in
3040 3550 3386 3606 solitudinem
3411 3567 3427 3604 :

1838 3652 1909 3707 Et
1932 3658 1992 3706 ut
2015 3650 2118 3706 ista
2144 3647 2398 3703 universa
2440 3644 2662 3700 veniant
2698 3641 2854 3712 culpa
2903 3648 3184 3710 pastorum
3209 3646 3316 3702 est,
3335 3638 3431 3708 qui

1839 3739 2003 3798 stulte
2025 3743 2272 3809 egerunt,
2314 3743 2368 3791 et
2398 3733 2684 3792 Dominum
2713 3745 2820 3786 non
2843 3729 3194 3798 quaesierunt,
3216 3742 3318 3784 nec
3342 3727 3432 3781 iu-

1841 3827 2166 3884 tellexerunt
2187 3839 2333 3890 eum,
2363 3831 2420 3879 et
2448 3821 2652 3876 idcirco
2674 3816 2852 3874 omnis
2873 3829 3004 3887 grex
3025 3814 3305 3886 dispersus
3324 3823 3430 3870 est.

1916 3935 1936 3969 ι
1973 3916 2121 3982 Scio,
2139 3913 2389 3980 Domine,
2412 3912 2537 3983 quia
2558 3924 2665 3966 non
2687 3917 2772 3965 est
2793 3907 3031 3964 hominis
3054 3907 3143 3961 via
3170 3905 3308 3976 eius,
3333 3920 3436 3961 nec

1847 4025 1866 4060 ι
1912 4007 2015 4061 viri
2044 4013 2129 4061 est
2156 4012 2218 4060 ut
2245 4003 2487 4058 ambulet
2509 4009 2565 4057 et
2596 4000 2798 4072 dirigat
2820 4013 3042 4071 gressus
3065 4012 3212 4053 suos.
3245 4016 3265 4049 ι
3291 3997 3432 4052 Eru-

1845 4099 2068 4152 bescant
2090 4093 2213 4149 novi
2236 4090 2642 4164 praedicatores,
2670 4089 2762 4159 qui
2790 4089 2962 4154 aiunt,
2994 4087 3436 4157 unumquemque

1844 4201 1944 4241 suo
1977 4185 2204 4242 arbitrio
2230 4183 2367 4254 regi,
2395 4196 2520 4237 cum
2557 4189 2614 4236 et
2652 4180 2744 4234 hic
2783 4177 3047 4248 propheta
3076 4175 3243 4241 dicat,
3275 4194 3294 4227 σ
3323 4191 3433 4232 non

1843 4285 1930 4332 est
1957 4273 2190 4330 hominis
2236 4272 2323 4326 via
2364 4271 2482 4341 eius
2515 4288 2529 4324 :
2569 4288 2589 4325 ο
2618 4275 2675 4323 et
2709 4266 2877 4324 David
2910 4266 2966 4320 in
2993 4264 3162 4337 lyrico
3191 4258 3436 4320 carmine

1844 4373 2044 4420 canat:
2081 4381 2102 4414 ι
2143 4363 2191 4420 Α
2219 4360 2449 4417 Domino
2501 4371 2719 4428 gressus
2746 4355 2981 4411 hominis
3007 4355 3336 4427 dirigentur,
3380 4361 3438 4411 et

1769 4417 1821 4476 θ
1846 4417 2137 4521 viameius
2163 4417 2307 4507 volet
2333 4417 2690 4519 nimis‘iPsal.
2723 4445 2933 4517 XXXVI).
2964 4464 2984 4496 ο
3019 4417 3145 4500 Sive
3193 4444 3284 4499 hic

1845 4558 1951 4608 sus_
1979 4551 2063 4599 est
2088 4559 2101 4595 :
2136 4539 2289 4608 Quod
2319 4554 2351 4594 a
2377 4534 2686 4623 Babyloniis
2725 4534 3058 4590 sustinemus
3081 4549 3191 4589 non
3225 4541 3310 4589 est
3340 4547 3434 4588 eo-

1847 4647 1967 4688 rum
1998 4629 2352 4694 fortitudinis,
2381 4626 2478 4685 sed
2513 4625 2685 4685 nostri
2727 4625 2903 4683 meriti
2943 4633 3000 4681 et
3047 4624 3434 4695 indignationis

1873 4737 1974 4778 ua.

1873 4737 1906 4774 υ
1957 4759 1974 4778 ο

1849 4729 1870 4776 ι
1908 4737 1955 4862 af
1989 4809 2214 4879 Corripe
2237 4821 2356 4874 me,
2387 4807 2646 4873 Domine,
2697 4813 3076 4862 verumtamen
3119 4804 3174 4859 in
3203 4803 3435 4873 iudicio,

1858 4919 1877 4953 ε
1921 4911 1978 4958 et
1999 4916 2104 4956 non
2139 4901 2194 4955 in
2224 4899 2418 4955 furore
2444 4905 2559 4964 tuo,
2589 4913 2659 4953 ne
2685 4896 2823 4953 forte
2853 4895 2923 4952 ad
2949 4893 3178 4951 nihilum
3217 4894 3432 4964 redigas

150 5008 170 5041 ι
219 4985 525 5042 bernaculo
549 4984 716 5056 meo),
740 4991 798 5040 et
832 4983 926 5053 qui
953 4983 1128 5055 erigat
1160 4983 1330 5056 pelles
1359 5000 1530 5042 meas.
1565 5004 1584 5038 ι
1612 4985 1750 5042 Sub-
1855 5007 1876 5043 ‹
1919 5006 2026 5045 me.
2066 4988 2292 5047 Eﬂ‘unde
2343 4988 2766 5061 indignationem
2809 4996 2957 5042 tuam
3012 4999 3176 5058 super
3221 4993 3433 5056 gentes,

143 5085 468 5142 versionem
486 5079 644 5136 urbis
658 5094 776 5135 sua:
795 5087 903 5134 tam
921 5077 1134 5133 facilem
1153 5078 1362 5150 plangit
1387 5079 1747 5145 Hierusalem,

144 5185 208 5234 ut
237 5188 594 5246 nequaquam
619 5187 804 5228 muros
846 5179 900 5227 et
926 5171 1109 5252 omnia
1133 5172 1337 5228 moenia
1363 5173 1604 5230 funditus
1623 5189 1749 5230 eru-

149 5276 228 5333 ta,
251 5268 356 5324 sed
388 5263 724 5321 tabernaculi
751 5271 913 5332 atque
951 5262 1168 5322 tentorii
1214 5262 1540 5324 ablationem
1570 5275 1742 5339 putes.

150 5353 629 5430 'l‘abcmaculum,
672 5352 866 5422 inquit,
894 5351 998 5409 hoc
1041 5358 1147 5415 est.
1178 5351 1440 5407 habitatio
1494 5368 1635 5419 mea,
1665 5368 1750 5408 re-

152 5453 319 5519 pente
333 5442 547 5498 sublata
562 5449 665 5499 est.
686 5459 705 5494 α
726 5440 925 5498 Omnes
940 5438 1160 5495 funiculi
1175 5440 1281 5495 mei
1296 5441 1524 5513 disrupti
1541 5450 1696 5497 sunt:
1725 5461 1743 5493 ι

155 5540 346 5591 servat
370 5532 705 5589 tabernaculi
738 5529 1130 5601 metaphoram.
1161 5528 1286 5586 Sive
1312 5549 1332 5580 ε
1359 5547 1548 5589 omnes
1581 5531 1750 5603 pelles

158 5635 295 5677 mea:
326 5617 618 5676 conscissa:
645 5627 786 5675 sunt.
821 5615 940 5671 Filii
971 5617 1074 5671 mei
1099 5617 1347 5673 exierunt
1377 5635 1406 5673 a
1444 5634 1551 5686 me,
1585 5639 1601 5670 ι
1638 5620 1750 5675 sive

1855 5096 1874 5130 c
1919 5093 2038 5149 qua:
2062 5093 2171 5134 non
2196 5085 2569 5148 cognoverunt
2597 5085 2672 5142 te,
2697 5084 2753 5131 et
2777 5089 2940 5144 super
2959 5075 3287 5145 provincias,
3319 5075 3437 5130 sive

1855 5186 1873 5218 ι
1919 5168 2455 5239 generationes,qum
2476 5181 2672 5223 nomen
2701 5173 2856 5219 tuum
2884 5179 2990 5220 non
3015 5164 3432 5220 invocaverunt:

1856 5275 1876 5308 ι
1916 5257 2041 5328 quia
2084 5258 2436 5314 comederunt
2481 5255 2647 5312 Iacob
2671 5294 2689 5322 ,
2734 5261 2791 5311 et
2840 5253 3237 5310 devoraverunt
3286 5269 3434 5318 eum,

1857 5369 1875 5401 ι
1921 5357 1976 5406 et
2001 5356 2451 5420 consumpserunt
2491 5347 2670 5404 locum
2696 5347 2835 5418 eius,
2870 5355 2928 5401 et
2977 5347 3142 5402 decus
3184 5343 3304 5414 eius
3328 5345 3437 5416 (vel

1859 5458 1878 5491 ι
1919 5440 2142 5513 pascua)
2167 5439 2563 5508 dissipaverunt
2583 5437 2712 5509 (sive
2736 5436 2806 5491 ad
2833 5435 3180 5493 solitudinem
3207 5436 3436 5506 redege-

1861 5549 1880 5582 )
1925 5528 2092 5600 runt).
2134 5547 2152 5582 ι
2203 5525 2357 5583 Hunc
2399 5527 2576 5583 locum
2627 5525 2679 5580 in
2728 5523 2937 5594 psalmo
2974 5523 3241 5596 legimus:
3279 5544 3296 5575 ι
3333 5526 3440 5582 Do-

1857 5621 2020 5688 mine,
2049 5635 2115 5677 ne
2151 5620 2204 5675 in
2235 5619 2416 5676 furore
2463 5628 2552 5675 tuo
2594 5632 2789 5690 arguas
2817 5632 2922 5684 me,
2946 5632 3122 5689 neque
3152 5618 3208 5674 in
3239 5619 3317 5674 ira
3346 5626 3440 5674 tua
