3910 6358
476 341 577 396 887

1123 346 1184 399 Β.
1224 334 1474 400 RABANI
1515 346 1733 402 MAURI
1770 345 2087 401 ARCHIEP.
2127 344 2755 406 MOGUNT.'OPERUM
2781 350 2961 406 PARS
2997 352 3083 407 III.

472 438 735 522 corripias
774 470 860 508 me
889 453 1060 526 (Psal.
1114 456 1211 526 vi).
1248 476 1267 508 ι
1309 457 1376 510 Ει
1416 467 1499 511 est
1524 473 1715 513 sensus
1743 475 1755 510 :
1786 457 2054 512 Meremur
2081 466 2126 522 Α
2155 458 2261 514 divi
2291 475 2322 514 θ
2347 459 2509 518 Patre
2534 477 2655 518 meo
2679 470 2804 517 nota
2832 461 2936 517 feci
2958 464 3108 518 vobis
3147 462 3327 530 (Joan.
3358 463 3471 534 xv).
3515 483 3534 515 ι
3563 462 3727 520 (ἴωπ-

471 543 688 610 quidem
718 544 894 598 omnia
943 559 1063 612 qua:
1109 547 1455 609 sustinemus,
1484 555 1540 599 et
1585 546 1755 601 multo
1784 560 2055 600 meremur

470 632 677 702 majora
727 647 887 700 quam
932 632 1187 701 patimur.
1240 635 1625 688 Verumtamen
1673 634 1775 689 hoc
1805 635 2052 700 obsecro,

470 736 530 779 ut
558 726 709 795 quasi
735 733 890 794 pater
919 740 1004 780 me
1033 725 1318 794 corripias,
1355 740 1460 778 non
1507 726 1662 794 quasi
1692 725 2052 789 adversarius,

467 824 530 868 ut
553 830 638 868 me
659 814 915 870 emendes
934 829 1089 883 quasr
1118 813 1306 878 ﬁlium,
1335 823 1390 868 ct
1413 828 1519 868 non
1547 815 1740 884 punias
1768 812 1922 882 quasi
1953 813 2055 866 ini-

471 902 689 956 micum.
723 901 965 972 Castigas
997 902 1139 955 enim
1174 915 1392 958 omnem
1426 901 1612 957 ﬁlium
1657 915 1816 969 quem
1859 899 2053 968 recipis

469 989 656 1059 (Ilebr.
676 992 799 1059 xu),
816 1000 868 1045 et
895 1006 991 1059 per
1007 1005 1221 1045 onmem
1245 990 1482 1045 dolorem
1497 1005 1560 1044 ac
1582 988 1850 1058 flagellum
1871 1003 2055 1043 emen-

468 1082 567 1136 das
593 1081 946 1156 Hierusalem.
973 1083 1169 1138 [Instes
1198 1094 1378 1137 autem
1403 1082 1497 1151 qui
1524 1097 1630 1149 non
1683 1088 1951 1134 noverunt
1982 1088 2050 1142 te,

429 1171 432 1176 ’
468 1178 522 1223 et
549 1172 838 1238 provincia:
883 1172 997 1226 sive
1039 1172 1311 1241 regiones,
1341 1185 1462 1240 qua:
1509 1185 1616 1224 non
1668 1168 2055 1223 invocaverunt

388 1291 391 1294 -
470 1273 665 1313 nomen
696 1269 866 1326 tuum,
897 1275 1234 1330 nequaquam
1271 1271 1422 1315 tuum
1463 1259 1660 1314 debent
1689 1260 1890 1313 sentire
1909 1257 2052 1325 judi-

477 1351 652 1416 cium,
705 1353 797 1407 sed
847 1353 1289 1422 indignationem.
1315 1352 1606 1408 Tradidisti
1654 1353 1799 1407 enim
1847 1367 1944 1407 nos
1995 1361 2054 1406 ut

469 1443 925 1507 emendarcmur,
1000 1444 1072 1496 illi
1145 1453 1327 1498 autem
1383 1450 1810 1513 aggravaverunt
1866 1440 2052 1511 jugum

473 1547 651 1587 suum.
690 1533 817 1587 Seni
842 1548 948 1587 non
973 1541 1346 1602 pepercerunt,
1360 1542 1415 1586 et
1438 1532 1696 1602 parvulos
1724 1530 2049 1596 afﬂixerunt,

471 1622 822 1676 comederunt
851 1637 949 1677 nos
988 1630 1042 1676 et
1067 1623 1282 1693 penitus
1315 1622 1661 1687 devorarunt,
1689 1628 1744 1676 et
1770 1621 1826 1675 in
1850 1628 2052 1674 tantam

471 1733 486 1763 τ
581 1712 811 1764 εαίίἱηθιῑι
834 1712 1156 1782 redegerunt
1176 1711 1529 1774 Hierusalem,
1559 1719 1620 1764 ut
1643 1719 1696 1766 et
1718 1709 2050 1779 publicarum

427 1831 429 1834 ‹
471 1811 525 1855 et
552 1802 884 1871 privatarum
916 1803 1110 1856 aedium
1139 1802 1320 1856 omnia
1345 1802 1689 1872 dissiparent,
1717 1809 1771 1855 et
1798 1800 2051 1870 populum
2085 1784 2127 1843 Β

472 1898 624 1943 tuum
670 1891 1054 1945 interﬁcerent.
1109 1888 1418 1945 Notandum
1470 1897 1651 1944 autem
1691 1889 1834 1956 quod
1876 1886 2056 1944 furere

476 1979 734 2034 Dominus
762 1979 977 2044 dicitur,
1008 1995 1114 2034 non
1139 1995 1247 2049 quo
1283 1980 1534 2034 humanis
1560 1979 2056 2050 perturbationibus

473 2070 773 2137 subjaceat,
797 2071 892 2125 sed
914 2085 1019 2138 quo
1050 2087 1150 2125 nos
1178 2072 1274 2139 qui
1297 2070 1661 2140 delinquimus
1687 2071 1791 2124 nisi
1819 2071 2056 2125 irascen-

471 2169 578 2212 tem
608 2159 937 2215 audierimus
978 2160 1286 2225 Dominum,
1319 2175 1424 2214 non
1469 2160 1774 2214 timeamus.
1820 2158 1973 2215 Unde
2003 2169 2058 2214 et

473 2248 760 2316 Apostolus
786 2249 981 2304 scribit
1001 2248 1171 2319 (Rom.
1207 2249 1308 2320 u):
1343 2269 1360 2300 ι
1402 2249 1624 2303 bonitas
1648 2249 1742 2304 Dei
1767 2257 1823 2303 et
1850 2250 2058 2319 patien-

479 2339 548 2391 tia
577 2346 836 2406 provocet
868 2353 966 2393 nos
999 2339 1066 2392 ad
1096 2339 1494 2408 pmnitentiam,
1524 2353 1622 2393 nos
1651 2347 1830 2393 autem
1861 2354 2053 2393 secun-

478 2428 603 2480 dum
631 2429 883 2481 duritiam
934 2435 988 2481 ct
1028 2429 1370 2497 impmuiteus
1399 2442 1493 2482 cor
1547 2435 1811 2492 nostrum,
1841 2427 2056 2481 thesau-

475 2514 709 2574 rizamus
757 2519 914 2575 nobis
950 2518 1084 2573 iram
1113 2519 1167 2574 In
1212 2519 1298 2574 die
1339 2519 1433 2574 ira:
1476 2527 1531 2574 et
1559 2518 1901 2575 revelatiouis
1921 2517 2055 2587 justi

467 2609 654 2676 iudicii
677 2611 790 2668 Dei.
824 2631 842 2663 ι
953 2607 956 2612 ’

1075 2701 1300 2758 CAPUT
1341 2702 1431 2757 XI.
1452 2705 1454 2708 ’

471 2812 548 2864 De
570 2811 932 2882 maledictione
956 2813 1070 2882 ejus
1110 2817 1198 2882 qui
1229 2832 1330 2867 non
1367 2815 1517 2868 audit
1564 2815 1772 2868 uerbum
1819 2812 2051 2876 Domini,

547 2881 610 2960 de
674 2881 1069 2962 preuenpecculi
1111 2881 1279 2962 initi;-
1318 2884 1508 2952 impius
1547 2882 2056 2962 nou-(tunctiﬁcatitr

541 2952 606 3072 ἓιΙ
624 2951 900 3032 sacrificiis
939 2953 1069 3006 suis.
1103 2951 1180 3011 De
1209 2951 1344 3006 oliva
1363 2951 1399 3017 ,7
1427 2961 1474 3006 et
1504 2951 1841 3023 pra'dictione
1881 2952 2053 3008 crucis

603 3031 760 3072 tristi.
1109 3036 1113 3041 ·

603 3031 760 3073 tristi.
1109 3036 1113 3041 ”

2153 566 2256 620 quc
2310 552 2469 605 amici
2520 553 2746 618 fuerint,
2791 555 2857 608 de
2899 554 3088 608 amicis
3129 561 3413 609 transeunt
3460 555 3516 608 in
3561 554 3722 610 filios.

2159 660 2175 691 α
2205 642 2477 710 Quotquot
2503 642 2648 696 enim
2678 650 2997 713 receperunt
3023 629 3170 705 eum,
3193 643 3340 698 dedit
3368 643 3454 698 eis
3479 651 3727 714 potesta-

2154 737 2258 784 tem
2291 728 2429 784 ﬁlios
2457 728 2550 783 Dei
2577 730 2694 785 ﬁeri
2721 732 2901 801 (Joan.
2946 733 3009 804 ι).
3047 753 3065 783 ι
3101 731 3254 787 Unde
3287 725 3481 790 amicis
3509 743 3564 790 et
3600 735 3729 791 ﬁliis

2150 819 2390 889 prrecipit
2417 837 2430 872 :
2469 837 2488 870 ο
2529 819 2712 875 Estote
2731 822 2954 889 perfecti
2977 823 3114 877 sicut
3137 829 3189 876 et
3215 821 3373 876 Pater
3398 833 3580 878 vester
3601 840 3727 894 per-

2151 909 2322 964 fectus
2349 918 2432 964 est
2453 907 2665 980 (Matth.
2695 913 2772 980 v),
2812 931 2831 963 i
2863 912 3263 966 similitudinem
3312 912 3587 981 imperans
3615 929 3726 967 non

2150 996 2530 1064 aequalitatem.
2561 996 2627 1051 Et
2653 997 2725 1052 ibi
2761 997 3062 1052 obedientia
3094 1001 3468 1054 mandatorum
3498 1009 3603 1063 est,
3636 1001 3727 1055 hic

2151 1084 2441 1140 similitudo
2464 1085 2580 1139 Dei.
2621 1085 2881 1154 Quodque
2907 1087 3005 1150 ait,
3036 1107 3054 1136 ι
3091 1087 3144 1140 in
3171 1088 3258 1141 die
3293 1103 3400 1157 qua
3425 1089 3587 1142 eduxi
3631 1102 3732 1142 eos

2150 1175 2215 1229 de
2236 1184 2379 1230 terra
2401 1177 2640 1248 Egypti,
2662 1177 2729 1231 de
2749 1177 2967 1232 fornace
2983 1177 3154 1232 ferrea
3180 1196 3192 1231 :
3225 1199 3244 1229 ι
3272 1181 3365 1233 dat
3385 1180 3544 1235 nobis
3570 1179 3731 1235 intel-

2151 1264 2446 1334 ligentiam,
2474 1265 2615 1336 quod
2645 1266 2889 1321 caminus
2912 1273 2967 1320 et
2990 1264 3179 1319 fornax
3216 1266 3388 1320 ferrea
3418 1276 3582 1337 atque
3607 1283 3734 1323 sue-

2151 1367 2332 1415 censa,
2349 1352 2711 1407 tribulationis
2733 1362 2786 1408 et
2804 1367 2978 1422 preme
3000 1352 3263 1422 signiﬁcet
3279 1354 3729 1422 magnitudinem,

2150 1459 2255 1498 non
2283 1443 2513 1511 aliquem
2543 1457 2718 1511 pruna:
2745 1441 2920 1496 locum
2947 1441 3076 1496 ferri
3097 1443 3320 1497 materia
3341 1453 3729 1512 puparatum.

2153 1533 2351 1605 (Θήρ.)
2379 1533 2512 1599 Quis
2558 1534 2701 1587 enim
2743 1542 2826 1588 est
2878 1535 2982 1589 iste
3019 1549 3196 1590 sermo
3245 1536 3334 1605 qui
3383 1535 3561 1591 factus
3589 1546 3732 1590 esta

2151 1626 2401 1685 Domino.
2428 1625 2543 1680 sive
2566 1625 2630 1679 ad
2659 1624 2973 1689 Jeremiam,
3005 1627 3119 1681 sive
3145 1626 3210 1680 ad
3241 1626 3454 1691 Isaiam,
3496 1627 3613 1682 sive
3666 1627 3735 1681 ad

2153 1715 2446 1785 quemlibet
2465 1706 2886 1784 prophetarum?
2910 1730 2977 1768 au
3003 1715 3090 1769 ille
3111 1717 3202 1784 qui
3239 1725 3357 1770 erat
3384 1732 3413 1770 a
3468 1717 3737 1792 principio

2155 1807 2294 1874 apud
2320 1803 2524 1859 Deum?
2565 1804 2678 1874 Ego
2708 1804 2889 1858 nescio
2915 1804 3056 1859 aliud
3087 1805 3310 1860 verbum
3334 1805 3549 1860 Domini
3598 1822 3738 1877 pne-

2156 1905 2240 1951 ter
2265 1911 2388 1951 eum
2419 1896 2486 1952 de
2507 1911 2614 1964 quo
2643 1895 2772 1950 dic'it
2796 1894 3120 1966 evangelista
3144 1912 3158 1948 :
3179 1890 3220 1944 ἰ’
3241 1895 3296 1948 ln
3319 1896 3590 1965 principio
3618 1906 3738 1950 erat

2154 1998 2352 2047 sermo,
2382 1991 2438 2038 et
2478 1995 2660 2038 sermo
2703 1990 2821 2036 erat
2845 1982 2982 2051 apud
3018 1983 3207 2046 Deum,
3233 1992 3289 2037 et
3309 1984 3450 2037 Deus
3474 1994 3596 2038 erat
3623 1998 3737 2038 ser-

2155 2089 2243 2127 mo
2272 2073 2450 2142 (Joan.
2487 2072 2547 2142 r).
2579 2092 2598 2124 ι
2630 2071 2744 2128 Hoc
2769 2080 2946 2127 autem
2977 2072 3117 2126 scire
3143 2071 3416 2136 debemus,
3445 2073 3573 2142 quia
3623 2074 3738 2127 haec

2155 2162 2224 2216 sit
2248 2161 2450 2215 utilitas
2468 2161 2824 2225 credentium,
2855 2161 2898 2216 si
2926 2159 3105 2215 sermo
3133 2161 3199 2214 ad
3227 2161 3462 2231 singulos
3489 2177 3739 2232 quosque

2156 2251 2266 2305 flat.
2306 2249 2441 2317 Quid
2469 2250 2600 2304 mihi
2629 2250 2773 2305 enim
2817 2250 3055 2318 prodest,
3084 2250 3126 2304 si
3158 2250 3444 2304 descendat
3471 2251 3524 2304 in
3581 2267 3729 2304 mun-

2156 2341 2282 2395 dum
2294 2349 2350 2396 et
2373 2355 2472 2410 ego
2496 2355 2619 2395 eum
2643 2356 2749 2395 non
2777 2340 3044 2395 habeam?
3072 2341 3114 2394 E
3143 2341 3356 2395 diverso
3377 2349 3554 2394 autem
3568 2342 3738 2395 etiam

2155 2428 2200 2482 si
2227 2429 2292 2482 ad
2325 2429 2631 2482 universum
2660 2427 2918 2482 mundum
2946 2443 3051 2482 non
3078 2427 3295 2492 veniat,
3344 2435 3396 2481 et
3430 2443 3527 2498 ego
3582 2429 3741 2482 fucm

2157 2516 2347 2570 similis
2395 2515 2799 2584 prophetarum,
2861 2515 3034 2570 habeo
3083 2532 3226 2569 cum.
3283 2516 3462 2570 Dicam
3522 2525 3737 2578 autem,

2156 2605 2280 2673 quia
2317 2613 2372 2658 et
2398 2603 2464 2658 ad
2491 2604 2694 2674 Moyse,
2731 2613 2787 2659 et
2829 2605 2894 2658 ad
2921 2605 3230 2667 Jeremiam,
3264 2615 3318 2659 et
3346 2604 3410 2658 ad
3433 2595 3654 2668 Isaiam,
3685 2614 3740 2659 et

2159 2696 2225 2749 ad
2251 2693 2486 2763 singulos
2508 2701 2814 2746 sanctorum
2843 2692 2984 2746 idem
3010 2707 3191 2746 sermo
3242 2693 3644 2747 commeaverit.
3670 2693 3740 2747 Et

2155 2787 2282 2840 illud
2303 2785 2445 2854 quod
2470 2800 2500 2838 a
2523 2783 2750 2839 Domino
2771 2783 3046 2852 discipulis
3058 2783 3259 2838 dictum
3280 2794 3362 2838 est
3387 2802 3398 2836 :
3421 2802 3438 2833 ι
3461 2783 3603 2838 Ecce
3635 2799 3739 2854 ego

2154 2875 2430 2930 vobiscum
2457 2889 2575 2927 sum
2601 2873 2853 2928 omnibus
2884 2871 3077 2926 diebus
3105 2887 3271 2943 usque
3299 2873 3362 2926 ad
3390 2887 3738 2928 consumma-

2157 2965 2354 3020 tionem
2384 2963 2564 3020 stcculi
2595 2961 2812 3030 (Matth.
2843 2961 3058 3031 xxviu),
3098 2981 3116 3012 ›
3155 2976 3315 3030 opere
3344 2970 3615 3016 servatum
3652 2971 3740 3017 est

2155 3062 2282 3109 ante
2311 3052 2600 3107 adventum
2635 3065 2811 3114 suum,
2841 3065 3005 3118 quem
3053 3051 3301 3104 omnibus
3344 3050 3735 3104 manifestavit.

545 3168 564 3199 ε
610 3150 842 3204 Verbum
874 3149 1017 3218 quod
1048 3151 1246 3206 factum
1269 3160 1351 3207 est
1369 3151 1434 3206 ad
1452 3144 1742 3207 Ieremiam
1767 3165 1796 3204 a
1827 3150 2054 3205 Domino
2081 3123 2125 3186 (Ἰ
2158 3145 2288 3199 Erat
2311 3143 2506 3212 quippe
2542 3156 2684 3196 cum
2708 3140 2906 3217 Moyse.
2939 3155 3062 3194 cum
3106 3141 3264 3203 Isaia,
3315 3156 3432 3195 cum
3477 3141 3737 3195 omnibus

470 3257 491 3291 ι
538 3239 755 3292 dicens:
780 3241 972 3294 Audite
997 3240 1156 3294 verba
1183 3241 1320 3308 pacti
1357 3240 1481 3311 (sive
1506 3223 1834 3308 testamenti)
1872 3237 2050 3306 hujus,

472 3345 492 3378 α
537 3337 592 3382 et
619 3328 894 3395 loquimini
928 3330 992 3382 ad
1025 3330 1168 3384 viros
1203 3328 1361 3394 Juda,
1394 3339 1448 3384 et
1496 3331 1827 3383 habitatores
1855 3326 2052 3381 Hieru-

479 3438 493 3464 ε
539 3416 726 3478 salem,
758 3425 811 3468 et
846 3417 995 3470 dices
1019 3418 1086 3470 ad
1124 3432 1217 3472 eos
1243 3437 1254 3470 :
1285 3416 1409 3472 llaec
1447 3418 1579 3471 dicit
1607 3417 1869 3472 Dominus
1913 3415 2055 3470 Deus

472 3529 488 3554 I
536 3506 720 3557 Israel.
761 3527 776 3555 ι
818 3505 931 3558 Non
970 3507 1184 3574 quidem
1227 3517 1309 3561 est
1339 3508 1573 3576 positum
1630 3506 1683 3559 in
1712 3505 1908 3570 titulo,
1951 3505 2053 3560 sub

467 3607 574 3660 quo
608 3603 847 3662 tempore
870 3593 951 3646 vel
970 3593 1067 3648 sub
1100 3608 1207 3663 quo
1231 3607 1378 3663 rege,
1408 3601 1462 3647 et
1513 3601 1677 3661 quoto
1725 3607 1867 3646 anno
1912 3589 2051 3660 ejus,

469 3688 585 3740 lucc
618 3687 896 3755 prophetia
931 3685 1072 3740 facta
1103 3687 1192 3742 sit.
1239 3686 1346 3741 Sed
1375 3687 1746 3756 intelligimus,
1775 3686 1859 3740 vel
1885 3687 2053 3756 priori

466 3775 764 3844 prophetia:
792 3775 1092 3844 ettcmpori
1139 3776 1251 3829 haec
1299 3789 1420 3828 esse
1460 3775 1752 3845 jungeuda,
1783 3774 1870 3829 vel
1910 3784 2057 3830 certe

465 3875 589 3934 post
631 3865 844 3932 aliquod
886 3866 1141 3933 temporis
1188 3864 1528 3920 intervallum
1576 3865 1771 3935 prioris
1822 3866 2052 3935 prophe-

467 3953 576 4013 tirc,
607 3953 747 4007 hunc
775 3954 985 4007 Domini
1015 3955 1080 4008 ad
1111 3942 1430 4024 prophetam
1473 3955 1672 4009 factum
1700 3969 1820 4010 esse
1849 3970 2052 4016 sermo-

467 4059 609 4096 nem.
639 4042 938 4096 Notandum
975 4053 1056 4100 est
1082 4055 1260 4098 autem
1287 4046 1428 4114 quod
1457 4047 1679 4100 verbum
1699 4054 1842 4106 n31:
1858 4046 2050 4115 Aquila

465 4142 521 4184 ct
543 4131 898 4200 Symmachus
922 4146 1136 4201 semper
1163 4143 1392 4201 partum,
1421 4133 1768 4204 Septuaginta
1791 4143 1846 4188 et
1872 4134 2048 4190 Theo-

465 4224 611 4277 dotio
667 4232 1066 4294 testamentum,
1113 4224 1449 4292 interpretati
1485 4233 1628 4277 sunt.
1683 4224 1905 4293 Proprie
1955 4239 2050 4277 au-

467 4323 576 4367 tem
624 4329 765 4367 nunc
798 4314 867 4370 ad,
895 4312 1248 4378 Hierusalem,
1275 4321 1331 4368 et
1375 4313 1442 4367 ad
1484 4313 1630 4368 viros
1685 4312 1857 4367 tribus
1897 4312 2047 4366 Judze

466 4417 647 4456 sermo
675 4402 941 4470 dirigitur.
1793 4442 1796 4446 .
1957 4405 1960 4408 ί

546 4508 565 4538 ι
614 4488 925 4543 Maledictus
968 4488 1048 4542 vir
1075 4489 1165 4558 qui
1196 4505 1300 4543 non
1331 4488 1562 4543 audierit
1588 4488 1751 4544 verba
1779 4490 1922 4559 pacti
1950 4490 2049 4543 hu-

474 4597 494 4631 c
533 4579 775 4648 jusquod
800 4581 1027 4649 prmccpi
1069 4581 1311 4648 patribus
1330 4583 1546 4646 vestris,
1574 4581 1625 4634 iu
1654 4581 1739 4635 die
1762 4596 1865 4650 qua
1894 4581 2050 4636 eduxi

470 4688 493 4722 ι
535 4684 630 4724 eos
651 4668 718 4723 de
750 4680 889 4722 terra
924 4670 1139 4739 {Egypti
1165 4710 1177 4732 ,
1228 4671 1293 4724 de
1323 4669 1539 4725 fornace
1584 4669 1782 4734 ferrea,
1815 4671 2002 4726 dicens
2034 4690 2046 4725 :

469 4778 495 4814 ς
537 4757 730 4812 Audite
759 4773 942 4812 vocem
975 4773 1176 4822 meam,
1199 4768 1252 4811 et
1267 4757 1427 4812 facite
1447 4760 1627 4814 omnia
1653 4775 1771 4828 quae
1798 4762 2052 4830 praecipio

471 4866 494 4900 ι
538 4849 713 4910 vobis,
743 4856 798 4902 et
823 4848 979 4901 eritis
1016 4847 1147 4900 mihi
1205 4848 1258 4900 in
1288 4847 1538 4917 populum
1568 4857 1621 4902 et
1651 4865 1748 4919 ego
1778 4865 1872 4905 ero
1903 4851 2052 4906 vobis

473 4956 492 4988 ‹
541 4937 594 4989 ἱη
624 4937 808 4995 Deum.
849 4957 867 4988 ι
913 4935 1045 4990 Nam
1076 4945 1293 5004 propter
1321 4938 1534 5006 generis
1584 4939 1890 5010 privilegia,
1941 4957 2048 4996 non

469 5043 520 5094 ι».
539 5034 688 5092 apter
709 5025 1135 5081 circumcisiouis
1154 5025 1403 5094 iujuriam
1439 5035 1493 5081 et
1512 5027 1684 5081 otium
1709 5029 1937 5093 sabbati,
1954 5031 2048 5084 sed

468 5129 689 5183 propter
712 5113 1068 5168 obedientiam
1120 5125 1176 5167 et
1204 5114 1342 5169 Deus
1379 5114 1608 5170 efllcitur
1650 5117 1828 5185 populi
1863 5118 2047 5186 Israel,

466 5213 522 5257 et
546 5203 704 5257 Israel
732 5193 959 5272 populus
985 5203 1118 5272 ejus.
1167 5203 1231 5258 Et
1255 5203 1341 5258 hic
1371 5196 1586 5273 quidem
1618 5205 1772 5274 quasi
1812 5207 1878 5260 ad
1927 5221 2045 5261 ser-

467 5311 564 5348 vos
596 5295 830 5363 loquitur
850 5303 908 5347 ut
932 5293 1178 5362 placeant
1202 5295 1332 5349 Deo.
1380 5295 1436 5348 In
1477 5295 1768 5366 Evangelio
1789 5311 1916 5351 vero
1945 5296 2049 5352 Do-

469 5384 734 5437 minus—ad
757 5384 1047 5452 discipulos
1075 5402 1088 5437 :
1131 5377 1148 5433 ά
1190 5385 1314 5450 Vos,
1345 5386 1536 5453 inquit,
1570 5386 1733 5441 amici
1761 5387 1864 5440 mei
1893 5388 2045 5452 estis,

468 5474 514 5528 si
543 5472 778 5527 feceritis
801 5487 919 5541 quae
942 5488 1039 5542 ego
1061 5474 1313 5542 przccipio
1338 5473 1509 5528 vobis.
1537 5473 1654 5529 .Iam
1677 5492 1783 5530 non
1813 5475 1932 5531 dico
1954 5492 2047 5530 vos

470 5575 657 5615 servos
683 5579 694 5613 :
722 5561 845 5629 quia
877 5577 1064 5615 servus
1093 5563 1259 5615 noscit
1286 5562 1415 5632 quid
1436 5561 1597 5616 faciat
1627 5563 1884 5618 Dominus
1909 5563 2044 5631 ejus.

474 5648 578 5703 Vos
604 5659 780 5704 autem
811 5650 918 5707 dixi
959 5650 1180 5715 amicos,
1211 5652 1333 5721 quia
1368 5652 1549 5706 omnia
1577 5669 1906 5724 quiecuuqqe
1960 5671 2023 5708 au

2079 4453 2129 4512 D

2154 3231 2371 3287 sanctis.
2406 3229 2684 3296 Quomodo
2729 3229 2874 3282 enim
2928 3236 3182 3297 poterant
3219 3227 3369 3282 effari
3424 3241 3735 3282 sermonem

2155 3319 2249 3373 Dei
2272 3319 2388 3372 siue
2425 3317 2591 3384 ipsius
2617 3316 2883 3371 sermonis
2931 3317 3196 3370 adventu?
3247 3315 3370 3370 Hzec
3419 3326 3598 3370 autem
3633 3333 3737 3373 nos

2155 3408 2246 3478 qui
2284 3407 2631 3462 ecclesiastici
2677 3421 2862 3460 sumus
2916 3407 3088 3477 magis
3131 3407 3387 3461 debemus
3429 3408 3733 3469 advertere,

2155 3498 2246 3567 qui
2275 3497 2522 3552 volumus
2549 3497 2794 3552 eumdem
2827 3497 2993 3550 Deum
3025 3511 3143 3550 esse
3189 3496 3324 3565 legis
3349 3504 3405 3549 et
3435 3495 3734 3564 Evangelii,

2154 3589 2330 3659 ipsum
2364 3589 2534 3643 Deum
2559 3596 2614 3641 et
2640 3587 2934 3655 antiquitus
2965 3595 3018 3641 et
3055 3601 3197 3640 nunc
3225 3587 3357 3640 etin
3405 3587 3579 3640 omnia
3629 3602 3733 3642 sm-

2155 3681 2274 3736 cula
2306 3678 2642 3734 saiculorum.
2675 3677 2813 3743 Quid
2843 3693 2970 3748 ergo
2998 3678 3144 3732 dicat
3177 3687 3232 3731 et
3275 3692 3373 3731 nos
3409 3679 3732 3733 audiamus:

2163 3788 2182 3821 ε
2211 3769 2408 3823 Audite
2433 3767 2596 3823 verba
2627 3766 2956 3820 Testamenti
2986 3765 3142 3834 hujus
3165 3777 3221 3819 et
3246 3765 3528 3835 loquimini
3556 3767 3623 3819 ad
3655 3767 3732 3820 vi-

2156 3877 2246 3917 ros
2274 3860 2429 3925 Juda,
2451 3868 2507 3914 et
2534 3856 2920 3912 inhabitatores
2947 3853 3604 3910 Hierusalem.»\"iriluda
3635 3870 3733 3909 nos

2154 3965 2339 4004 sumus
2359 3955 2579 4018 propter
2613 3947 2917 4010 Christum,
2947 3960 3054 3998 non
3083 3944 3301 3998 dubium
3351 3953 3455 4007 est,
3477 3942 3729 4011 quin-Do-

2155 4039 2332 4092 minus
2387 4044 2573 4091 noster
2632 4051 2698 4090 ex
2745 4035 2879 4089 Juda
2925 4043 3076 4089 ortus
3117 4033 3234 4087 sit:
3279 4047 3474 4086 nomen
3521 4049 3733 4102 quoque

2156 4129 2328 4198 ipsum
2361 4126 2494 4181 Juda
2519 4127 2564 4181 si
2587 4126 2740 4194 juxta
2769 4125 3078 4193 Scripturas
3125 4125 3427 4194 probavero
3468 4125 3535 4178 ad
3578 4123 3726 4178 Chri-

2153 4227 2295 4271 stum
2333 4218 2522 4272 referri
2561 4224 2753 4286 potest.
2780 4215 2892 4270 Viri
2935 4214 3094 4279 Juda,
3122 4230 3228 4269 non
3254 4223 3417 4268 erunt
3471 4215 3732 4268 increduli

2152 4309 2318 4364 Judaei
2360 4307 2598 4371 Christo,
2659 4307 2753 4360 sed
2802 4321 2900 4360 nos
2960 4307 3051 4374 qui
3098 4306 3150 4359 iu
3185 4304 3400 4358 Christo
3436 4304 3728 4359 credimus.

2159 4395 2339 4457 «Iuda,
2360 4403 2412 4448 te
2432 4394 2651 4448 laudant
2672 4392 2869 4447 fratres
2891 4393 2989 4458 tui,
3008 4407 3198 4446 manus
3219 4400 3322 4446 tua:
3337 4406 3496 4461 super
3509 4391 3731 4446 dorsum

2156 4486 2494 4541 inimicorum
2527 4493 2736 4543 tuorum
2768 4484 2917 4555 (Gen.
2946 4485 3155 4554 .vatu).
3189 4503 3206 4535 ι
3232 4483 3306 4537 Te
3329 4483 3551 4537 laudant
3583 4499 3730 4539 :non

2154 4576 2301 4631 illum
2328 4573 2518 4628 ludam
2541 4573 2704 4628 ﬁlium
2723 4573 2888 4628 Jacoh
2905 4573 3101 4628 fratres
3123 4574 3206 4628 sui
3231 4573 3610 4636 laudaverunt,
3635 4576 3730 4628 sed

2155 4667 2296 4720 hunc
2333 4663 2524 4719 Iudam
2556 4665 2776 4719 laudant
2803 4663 2998 4716 fratres
3027 4664 3130 4716 sui.
3160 4662 3249 4716 Ait
3281 4663 3479 4732 quippe
3510 4664 3613 4718 iste
3639 4663 3734 4720 δυο

2154 4755 2282 4809 das:
2323 4772 2340 4804 ε
2385 4753 2628 4808 Narrabo
2655 4768 2844 4806 nomen
2874 4761 3020 4805 tuum
3058 4752 3316 4807 fratribus
3344 4753 3502 4817 meis,
3533 4755 3587 4808 in
3613 4770 3730 4810 me-

2154 4842 2241 4896 dio
2268 4841 2540 4906 Ecclesiae,
2562 4841 2745 4912 hymni
2780 4840 3094 4895 sacriﬁcabo
3124 4849 3174 4894 te
3204 4841 3373 4911 (Psal.
3406 4842 3545 4911 τῖε).
3586 4862 3604 4894 ι
3641 4844 3734 4898 Di-

2155 4933 2294 4989 citur
2323 4935 2389 4988 ad
2417 4933 2565 4987 illum
2606 4932 2838 4987 Judam:
2884 4950 2902 4981 ι
2940 4931 3130 4987 Manus
3169 4941 3272 4986 ture
3317 4948 3480 5002 super
3507 4934 3731 4988 dorsum

2155 5021 2494 5077 inimicorum
2536 5031 2769 5077 tuorum.
2811 5043 2830 5074 ι
2868 5021 2970 5077 Ubi
3023 5023 3286 5091 reperitur
3312 5023 3398 5076 ille
3424 5023 3594 5077 Judas
3639 5039 3732 5080 su-

2152 5125 2249 5180 per
2274 5111 2493 5165 dorsum
2517 5111 2850 5165 inimicorum
2882 5125 3072 5164 tnanus
3093 5125 3217 5165 suas
3241 5111 3485 5182 posuisse
3502 5110 3728 5170 Μήδιο-

2154 5204 2233 5258 ria
2260 5203 2390 5258 nihil
2420 5205 2486 5258 de
2511 5219 2576 5258 eo
2599 5205 2703 5259 tale
2727 5203 3065 5272 conscripsit.
3101 5203 3158 5258 Si
3189 5215 3368 5259 autem
3415 5207 3732 5265 consideres

2154 5292 2440 5346 adventum
2469 5291 2678 5345 Domini
2728 5291 2896 5345 nostri
2930 5290 3056 5346 .iesu
3107 5291 3347 5356 Christi,
3401 5293 3730 5350 destruentis

2155 5380 2445 5446 diabolum,
2475 5380 2824 5450 exspoliantis
2849 5382 3181 5453 principatus
3220 5391 3273 5437 et
3317 5392 3638 5452 potestates,
3675 5397 3727 5440 ct

2154 5472 2382 5526 ostentui
2415 5487 2508 5527 eos
2529 5471 2790 5536 facientis,
2820 5481 2874 5528 et
2901 5475 3284 5544 triumphantis
3310 5475 3366 5529 in
3394 5475 3562 5547 ligno,
3585 5479 3725 5534 vide-

2155 5562 2237 5615 bis
2261 5563 2529 5632 quomodo
2554 5575 2715 5632 super
2742 5563 2901 5618 istum
2950 5558 3141 5620 Iudam
3166 5565 3430 5635 completa
3478 5569 3551 5623 sit
3606 5586 3730 5638 pro-

2155 5653 2334 5722 phetia
2377 5654 2560 5709 dicens
2591 5671 2601 5707 :
2641 5673 2660 5706 r
2697 5653 3014 5712 Manustuae
3043 5672 3204 5726 super
3232 5658 3452 5713 dorsum
3484 5659 3654 5716 inimit
3671 5672 3729 5711 o-
