3910 6332
177 363 282 420 889

1089 356 1451 415 EXPOSITIO
1489 353 1715 413 SUPER
1751 352 2117 410 JEREMIAM.
2154 384 2227 396 --
2261 353 2390 409 LIB.
2431 355 2494 412 Υ.

3327 353 3432 410 890

178 493 297 532 rem
332 484 563 533 tuorum.
608 494 626 527 ›
676 473 742 528 Et
777 486 918 527 nunc
962 471 1030 525 ad
1073 471 1218 524 viros
1270 468 1406 523 Juda
1452 483 1631 522 sermo
1665 467 1743 520 lit.
1776 473 1820 529 Α
1852 474 2030 518 autem
2077 465 2252 518 virum
2299 463 2578 534 Synagoga
2605 462 2822 532 Legem,
2855 461 3085 517 habebat
3131 470 3184 516 et
3240 462 3428 517 Deum.

177 565 314 620 Nulli
340 567 559 622 dubium
589 571 690 626 est,
717 562 845 630 quin
875 560 941 613 ad
971 575 1069 614 nos
1094 556 1430 613 Christianos
1452 570 1633 610 sermo
1655 553 1749 608 fiat

175 667 394 725 propter
421 654 714 715 Christum,
745 652 833 721 qui
877 667 941 705 ex
973 649 1116 703 tribu
1158 648 1291 716 Juda
1327 655 1486 701 natus
1513 654 1615 701 est.
1665 644 1753 698 Fit

175 759 388 812 quoque
407 757 582 798 sermo
600 751 654 797 et
686 742 752 795 ad
777 740 1141 794 inhabitantes
1161 738 1519 800 Hierusalem,
1545 735 1754 790 scilicet

177 834 245 888 ad
277 848 369 888 eos
396 835 484 902 qui
510 835 562 887 in
594 833 821 893 ecclesia
851 831 1113 884 habitant.
1146 829 1270 883 Hzec
1298 836 1382 883 est
1424 827 1618 882 civitas
1641 841 1751 880 ma-

174 924 266 993 gni
297 925 456 994 regis,
479 924 592 978 haec
628 932 712 977 est
742 920 877 974 visio
903 919 1065 988 pacis.
1096 919 1204 972 Pax
1252 919 1448 987 quippe
1493 918 1551 972 in.
1573 918 1748 979 nobis,

177 1013 222 1066 si
253 1022 428 1066 tamen
464 1013 555 1064 lilii
585 1011 730 1080 pacis
754 1025 961 1074 sumus,
994 1009 1379 1078 multiplicatur
1407 1016 1462 1063 et
1488 1009 1748 1062 cernitur.
1773 1081 1775 1084 e

179 1117 200 1152 ι
238 1099 432 1153 Audite
466 1114 594 1170 ergo
624 1099 786 1154 verba
817 1098 1145 1152 Testamenti
1180 1097 1358 1164 hujus,
1387 1105 1441 1152 et
1471 1090 1750 1166 lnquimini

175 1189 242 1244 ad
271 1190 414 1243 viros
443 1188 576 1244 Juda
600 1199 654 1242 et
683 1190 749 1243 ad
778 1189 1140 1242 inhabitantes
1179 1186 1536 1250 Hierusalem,
1566 1194 1620 1240 et
1673 1187 1752 1240 di-

172 1294 266 1334 ces
290 1280 355 1354 ad
381 1295 474 1334 eos
498 1298 510 1332 :
552 1279 864 1334 Maledictus
891 1281 1052 1334 homo
1079 1278 1170 1348 qui
1200 1295 1306 1334 non
1330 1279 1560 1333 audierit
1589 1279 1750 1332 verba

173 1367 500 1422 Testamenti
531 1366 711 1433 hujus,
740 1368 880 1436 quod
905 1366 1176 1421 mandavit
1197 1366 1439 1435 patribus
1467 1366 1682 1420 vestris.
1727 1385 1745 1417 ι

171 1437 306 1523 Quis
331 1457 498 1523 magis
554 1456 699 1509 audit
730 1454 890 1509 verba
927 1454 1254 1508 Testamenti
1283 1455 1425 1524 quod
1480 1454 1754 1508 mandavit

171 1548 318 1603 Deus
366 1547 627 1617 patrihus,
659 1562 756 1600 nos
798 1547 886 1615 qui
920 1547 972 1600 in
1003 1546 1220 1600 Christo
1254 1546 1542 1610 credimus,
1575 1561 1642 1599 an
1675 1543 1752 1597 illi

170 1638 264 1705 qui
313 1652 484 1706 neque
512 1634 676 1705 Moysi
726 1634 1101 1698 crediderunt,
1140 1635 1264 1688 dum
1295 1633 1348 1686 in
1374 1633 1590 1689 Christo
1645 1647 1750 1686 non

169 1726 437 1789 credunt,
494 1725 560 1779 ad
612 1740 746 1793 quos
805 1723 1054 1779 Salvator
1104 1723 1221 1776 ait:
1269 1741 1288 1772 ι
1346 1720 1752 1789 δίζετθιιυτειίε

1852 556 1989 622 Quid
2018 570 2146 625 ergo
2174 554 2457 624 pollicetur
2471 553 2644 608 Deus?
2677 573 2695 604 ι
2725 553 2893 607 Eritis
2923 552 3050 605 mihi
3075 552 3130 607 in
3154 551 3430 622 populum,

1851 653 1906 697 et
1929 659 2027 713 ego
2050 659 2145 699 ero
2183 643 2336 697 vobis
2371 641 2425 695 in
2456 643 2644 696 Deum.
2690 661 2708 693 ι
2741 641 2858 696 Non
2894 650 2979 696 est
3005 641 3245 695 omnium
3267 642 3432 709 Deus,

1851 735 1942 790 sed
1967 749 2151 789 eorum
2179 741 2388 786 tantum
2435 731 2629 800 quibus
2676 747 2735 787 se
2766 732 2993 802 largitus
3021 741 3123 786 est.
3153 730 3434 797 Quomodo
3527 762 3529 764 -

1851 825 2171 894 patriarcha:
2194 822 2290 886 illi,
2308 821 2372 875 ad
2389 837 2548 891 quem
2565 822 2716 876 dixit.
2738 840 2756 873 ι
2781 823 2892 891 Ego
2915 839 3036 878 sum
3051 823 3188 878 Dens
3215 831 3370 877 tuus:
3410 842 3427 874 ›

1851 923 1904 967 et
1926 928 2137 967 rursum
2166 911 2254 965 alii
2281 929 2295 965 :
2335 933 2354 962 ι
2377 913 2481 967 Ero
2512 914 2654 968 Deus
2681 923 2803 968 tuus
2833 933 2844 967 :
2877 935 2895 966 ι
2923 930 3024 970 nec
3045 931 3150 970 non
3176 916 3242 970 de
3267 916 3388 971 aliis
3415 933 3426 967 :

1856 1022 1874 1053 ‹
1905 1003 2031 1067 Ero,
2055 1002 2248 1072 inquit,
2274 1001 2415 1056 Deus
2438 1019 2654 1058 eorum:
2679 1021 2697 1053 ι
2729 1013 2957 1073 putasne
2995 1005 3279 1079 aliquando
3302 1022 3430 1060 con-

1851 1092 2128 1160 sequimur
2151 1091 2204 1145 id
2227 1094 2367 1161 quod
2394 1108 2491 1163 per
2515 1093 2755 1164 singulos
2777 1094 2919 1158 dico,
2944 1106 3003 1149 ut
3026 1095 3166 1153 Deus
3191 1098 3431 1151 omnium

1851 1181 1922 1234 sit
1947 1180 2087 1234 Deus
2117 1191 2318 1234 noster.
2343 1180 2399 1235 Si
2423 1190 2603 1236 autem
2627 1183 2709 1236 vis
2733 1181 2942 1251 plenius
2967 1183 3176 1239 discere
3199 1198 3432 1252 quorum

1852 1269 1923 1323 sit
1944 1269 2106 1334 Deus,
2127 1279 2182 1323 et
2208 1270 2403 1340 quibus
2432 1271 2748 1326 vocabulum
2772 1272 2853 1325 sui
2878 1273 3112 1327 nominis
3133 1273 3394 1342 largiatur
3418 1292 3431 1326 :

1857 1380 1874 1410 (
1907 1361 2046 1429 Ego,
2095 1360 2302 1428 inquit,
2345 1361 2484 1414 Deus
2511 1359 2806 1425 Abraham,
2835 1361 2978 1416 Deus
3011 1361 3188 1424 Isaac,
3214 1371 3270 1417 et
3292 1362 3434 1416 Deus

1851 1450 2018 1505 .Ianh
2046 1448 2244 1519 (Exod.
2275 1448 2380 1514 Ill).
2412 1469 2430 1500 ι
2466 1450 2630 1518 quue
2673 1452 2846 1520 ipsum
2880 1465 3153 1520 exponens
3189 1452 3435 1506 Salvator

1854 1540 1929 1593 ait
1957 1557 1969 1592 :
2008 1558 2025 1589 ‹
2063 1538 2206 1593 Deus
2229 1546 2410 1592 autem
2437 1553 2543 1592 non
2565 1547 2647 1593 est
2685 1547 3042 1604 mortuorum,
3069 1541 3161 1594 sed
3190 1542 3435 1595 vivorum

1855 1630 2007 1702 (Luc.
2034 1628 2150 1701 xx).
2183 1650 2202 1681 ι
2230 1628 2362 1695 Quis
2391 1638 2475 1683 est
2503 1629 2786 1683 mortuus?
2818 1627 3014 1699 Utique
3057 1639 3309 1698 peccator
3342 1631 3436 1699 qui

1857 1737 1962 1774 nou
1999 1721 2183 1784 habet,
2213 1720 2520 1774 dicentem:
2562 1737 2579 1769 ι
2621 1719 2734 1790 Ego
2764 1735 2882 1774 sum
2910 1720 3041 1783 vita,
3087 1740 3105 1772 ι
3140 1719 3238 1786 Qui
3272 1721 3435 1773 habet

170 1815 358 1885 Moysi,
393 1815 685 1870 crederetis
713 1814 897 1883 utique
951 1822 1005 1868 et
1047 1814 1210 1876 mihi;
1241 1812 1308 1866 de
1352 1828 1439 1867 me
1467 1811 1610 1867 enim
1663 1809 1752 1891 ille
1782 1814 1827 1872 Β
1857 1817 2062 1862 mortua
2078 1809 2497 1877 apera?quinec
2514 1809 2639 1863 dum
2657 1810 3028 1878 paenitentiam
3052 1810 3241 1879 egitab
3261 1811 3436 1879 operi-

168 1905 415 1974 scripsit;
440 1905 484 1958 si
518 1913 694 1956 autem
732 1903 922 1957 litteris
951 1903 1092 1956 illius
1121 1918 1226 1955 non
1258 1902 1498 1965 creditis,
1529 1912 1751 1969 quomo-

167 1996 237 2049 do
291 1994 422 2047 meis
461 1993 641 2046 verbis
670 1993 924 2046 credituri
953 1993 1120 2046 estis?
1152 1991 1371 2062 (Joann.
1396 1990 1476 2062 v.)
1520 2011 1537 2042 ι
1567 1989 1754 2058 Itaque

167 2083 243 2137 illi
289 2083 344 2136 in
369 2081 587 2152 Moysen
619 2095 725 2134 non
755 2082 1133 2145 crediderunt,
1181 2096 1279 2134 nos
1309 2095 1436 2134 vero
1471 2079 1750 2134 credentes

168 2174 221 2225 in
257 2171 492 2235 Christo,
514 2171 786 2225 credimus
827 2169 1175 2224 Testamento
1199 2170 1342 2238 quod
1390 2169 1645 2224 traditum
1670 2173 1754 2221 est

166 2276 265 2330 per
295 2260 530 2329 Moysen.
564 2259 630 2313 Et
651 2258 717 2313 ad
747 2274 845 2313 nos
879 2259 1078 2314 dicitur
1107 2273 1176 2312 ne
1216 2257 1484 2312 maledicti
1511 2255 1709 2330 llamus
1735 2267 1753 2310 :

170 2374 190 2402 ι
228 2351 541 2406 Maledictus
569 2350 729 2404 homo
750 2350 840 2418 qui
864 2364 970 2404 non
993 2349 1225 2404 audierit
1245 2350 1406 2402 verba
1422 2346 1754 2402 Testamenti

169 2441 333 2510 hujus
353 2441 494 2509 quod
519 2440 794 2494 mandavit
817 2440 1060 2508 patribus
1083 2439 1296 2508 vestris.
1329 2457 1346 2490 ι
1380 2437 1521 2507 Ergo
1545 2436 1618 2490 illi
1644 2451 1755 2513 ma—

164 2531 351 2584 ledicti
373 2537 493 2584 sunt
507 2529 530 2580 ?
544 2527 724 2597 Neque
737 2530 879 2583 enim
896 2529 1183 2583 audierunt
1197 2526 1598 2582 Testamentum
1613 2524 1754 2594 quod

165 2619 444 2674 mandavit
463 2619 603 2674 Deus
624 2621 882 2687 patribus.
909 2637 926 2669 ‹
949 2619 1005 2673 ln
1022 2620 1128 2683 die,
1147 2619 1340 2687 inquit,
1356 2633 1461 2688 qua
1488 2618 1645 2672 eduxi
1662 2631 1757 2671 eos

165 2711 234 2764 de
278 2719 421 2764 terra
446 2709 686 2779 Egypti,
708 2696 775 2762 de
805 2707 1025 2764 fornace
1056 2707 1256 2762 ferrea.
1302 2728 1320 2760 ι
1353 2707 1419 2761 Ει
1444 2721 1544 2761 nos
1572 2706 1758 2761 eduxit

167 2800 316 2855 Deus
328 2799 394 2853 de
406 2806 546 2852 terra
562 2798 696 2869 {Egy
704 2798 777 2868 pti
788 2838 803 2863 ,
819 2799 884 2853 de
899 2797 1118 2852 fornace
1144 2796 1322 2868 ferrea
1349 2797 1580 2851 maxime
1602 2795 1755 2863 juxta

167 2889 557 2959 intelligentem
586 2888 637 2941 id
662 2888 803 2956 quod
826 2889 1085 2956 scriptum
1122 2897 1203 2942 est
1225 2887 1277 2940 in
1302 2885 1525 2940 Joannis
1544 2885 1755 2954 Apoca-

166 2977 307 3048 lypsi
337 2994 350 3029 :
383 2978 507 3046 quia
531 2976 677 3030 locus
709 2976 800 3030 ubi
832 2976 1088 3030 Dominus
1113 2975 1406 3030 crucifixus
1427 2982 1512 3028 est
1534 2983 1759 3027 vocatur

166 3064 487 3133 spiritaliter
511 3063 743 3118 Sodoma
770 3073 824 3119 et
845 3065 1127 3135 Egyptus.
1160 3065 1215 3119 Si
1238 3065 1382 3118 enim
1404 3063 1758 3140 spiritualiter

1853 1900 1955 1952 bus
1983 1898 2227 1960 mortuis,
2254 1900 2322 1966 de
2341 1899 2536 1966 quibus
2553 1898 2840 1969 Apostolus
2869 1900 2944 1953 ait
2975 1918 2987 1952 :
3022 1916 3040 1948 ‹
3076 1898 3192 1954 Νοη
3221 1914 3436 1953 rursum

1852 1985 2259 2041 fundamentum
2284 1987 2552 2058 jacientes
2581 1986 2914 2056 paenitentia:
2929 1988 2996 2041 ab
3018 1989 3269 2057 operibus
3294 2004 3440 2043 mor-

1856 2086 1959 2131 tuis
1988 2075 2176 2146 (Hebr.
2200 2079 2299 2148 vr).
2341 2098 2359 2130 ι
2397 2076 2454 2132 Si
2487 2093 2619 2148 ergo
2649 2077 2791 2133 Deus
2818 2092 2921 2132 non
2954 2088 3037 2133 est
3077 2089 3435 2144 mortuorum,

1853 2167 1948 2223 sed
1968 2168 2260 2222 viventium
2284 2209 2298 2231 ,
2345 2177 2400 2223 et
2443 2169 2644 2224 scimus
2668 2185 2792 2224 eum
2834 2184 2954 2225 esse
2983 2171 3252 2226 viventem
3281 2212 3294 2233 ,
3346 2176 3436 2241 qui

1853 2265 2208 2312 conversatur
2227 2256 2383 2325 juxta
2410 2257 2684 2316 Christum
2707 2268 2768 2313 ut
2795 2260 3070 2330 particeps
3101 2261 3215 2328 ejus
3238 2262 3350 2315 fiat.
3377 2264 3442 2315 Et

1855 2347 1902 2403 si
1934 2347 2182 2402 volumus
2211 2355 2270 2401 ut
2292 2356 2344 2402 et
2366 2347 2509 2402 Deus
2535 2356 2720 2402 noster
2745 2348 2837 2412 sit,
2872 2351 3244 2411 renunticmus
3264 2351 3444 2420 operi-

1855 2440 1956 2494 bus
1981 2439 2230 2502 mortuis,
2255 2447 2314 2492 ut
2335 2439 2783 2508 pollicitationem
2807 2449 2960 2494 suam
2996 2441 3048 2494 in
3094 2441 3251 2496 nobis
3293 2456 3442 2496 com-

1856 2528 2018 2598 pleat,
2047 2527 2231 2581 dicens
2255 2544 2268 2580 :
2309 2545 2327 2578 ‹
2364 2535 2419 2582 et
2443 2544 2538 2583 ero
2565 2528 2718 2584 vobis
2741 2528 2793 2581 in
2817 2528 3006 2583 Deum.
3049 2549 3067 2579 ι

1935 2634 1953 2667 ι
2003 2615 2073 2690 Ut
2107 2615 2361 2670 suscitem
2386 2614 2778 2683 juramentum,
2824 2617 2965 2684 quod
2987 2614 3168 2682 juravi
3198 2617 3444 2687 patribus

1863 2727 1882 2759 ι
1924 2707 2121 2762 vestris
2150 2707 2400 2761 daturum
2437 2721 2526 2760 me
2570 2706 2651 2760 eis
2693 2705 3178 2777 terramlluentem
3208 2707 3349 2764 lacte
3387 2717 3445 2764 et

1865 2817 1882 2849 ‹
1927 2797 2103 2862 melle,
2128 2798 2365 2852 sicutest
2383 2796 2501 2851 dies
2523 2796 2656 2851 haec.
2693 2815 2712 2847 ›
2742 2793 3016 2865 (Ηὶδνοη.)
3040 2796 3228 2850 Patres
3258 2797 3442 2852 viden-

1860 2897 1948 2943 tur
1977 2889 2241 2958 accipere,
2264 2888 2480 2957 quando
2501 2886 2772 2956 accipiunt
2793 2885 2908 2950 lilii,
2939 2895 2994 2940 et
3012 2886 3241 2941 Abrahae
3264 2903 3444 2958 repro-

1861 2979 2048 3032 missio
2076 2976 2373 3046 completur
2401 2975 2456 3030 in
2484 2975 2733 3045 posteris.
2759 2973 2984 3030 Terram
3020 2984 3196 3030 autem
3219 2976 3358 3030 lacte
3387 2985 3443 3030 et

1863 3069 2020 3124 melle
2054 3076 2360 3121 manantem
2389 3064 2733 3136 hyperbolice
2779 3063 3037 3119 debemus
3072 3065 3317 3133 accipere
3344 3080 3443 3134 pro

166 3155 435 3225 JEgyptus
463 3155 729 3224 quispiam
787 3156 1126 3220 nominatur,
1163 3164 1218 3209 et
1243 3170 1345 3209 non
1377 3163 1459 3208 est
1490 3153 1751 3224 Egyptus
1778 3147 1822 3208 C
1855 3174 2034 3212 rerum
2063 3157 2304 3212 omnium
2329 3155 2676 3222 abundantia,
2703 3162 2765 3208 ut
2787 3163 2870 3209 est
2895 3155 3022 3210 illud
3045 3155 3222 3228 (Virg.
3252 3155 3439 3226 Eclog.

163 3247 466 3304 secundum
498 3248 902 3317 intelligentiam
951 3246 1306 3317 corporalem,
1351 3246 1494 3299 haud
1533 3244 1755 3299 dubium

165 3348 272 3402 est,
295 3325 425 3410 quin
448 3339 490 3391 si
518 3338 847 3393 intellexeris
861 3337 1152 3408 [Egyptum
1169 3322 1465 3406 spiritalem
1485 3343 1540 3390 et
1561 3333 1758 3389 exieris

164 3433 232 3486 de
265 3445 358 3493 ea,
397 3439 451 3483 tu
483 3430 558 3483 sis
596 3427 874 3498 egrediens
919 3443 985 3481 ex
1023 3436 1161 3480 terra
1193 3425 1408 3495 Egypti
1439 3425 1504 3478 de
1537 3423 1756 3479 fornace

162 3523 369 3581 ferrea,
395 3527 448 3572 et
475 3519 570 3572 tibi
590 3519 801 3571 dicatur
826 3534 838 3569 :
872 3537 889 3567 ‹
922 3518 1098 3571 audite
1123 3530 1307 3569 vocem
1332 3522 1569 3569 meamet
1597 3512 1757 3567 facile

155 3613 325 3682 juxta
358 3613 470 3666 haec
507 3613 714 3666 omnia.
749 3631 766 3660 ο
814 3611 1016 3665 Deinde
1049 3611 1392 3678 repromissio
1435 3610 1524 3663 Dei
1567 3618 1650 3663 est
1689 3609 1755 3664 ad

164 3705 454 3758 audientes
505 3701 803 3756 sifecerint
835 3715 1165 3770 qumcunque
1197 3700 1448 3768 praecepit
1497 3699 1757 3754 Dominus

163 3795 360 3848 dicens
407 3809 421 3845 :
469 3810 488 3841 ‹
527 3791 692 3845 Eritis
742 3791 871 3843 mihi
915 3791 965 3842 in
1019 3789 1270 3858 populum
1318 3797 1372 3840 et
1416 3803 1514 3855 ego
1540 3802 1635 3841 ero
1669 3803 1756 3842 v0-

164 3885 250 3938 bis
277 3884 338 3936 in
378 3881 566 3936 Deum.
606 3901 624 3933 ι
667 3879 779 3934 Non
812 3881 987 3934 omnis
1015 3880 1104 3947 qui
1136 3893 1192 3933 se
1222 3878 1471 3947 populum
1505 3877 1599 3930 Dei
1637 3891 1757 3931 esse

166 3974 329 4036 dicit,
366 3972 593 4041 populus
628 3971 722 4043 Dei
751 3978 852 4023 est.
887 3968 1190 4023 Judzeorum
1220 3965 1468 4034 pepulus,
1502 3965 1754 4033 populum

166 4079 225 4119 se
266 4064 544 4116 vinditans
573 4062 690 4123 Dei,
723 4060 920 4115 meruit
949 4058 1155 4121 audire,
1183 4074 1202 4106 ι
1239 4055 1364 4125 quia
1397 4070 1500 4109 non
1530 4055 1758 4124 populus

167 4172 328 4212 meus
352 4170 487 4209 vos:
529 4174 546 4205 ›
582 4165 636 4208 et
675 4154 874 4207 dictum
911 4161 996 4206 est
1025 4151 1092 4204 ad
1135 4165 1257 4203 eum
1284 4166 1297 4202 :
1328 4167 1346 4198 ι
1381 4164 1488 4202 non
1532 4148 1760 4218 p0pulus

168 4263 350 4310 meus,
385 4265 405 4296 ι
446 4254 501 4299 et
535 4259 744 4297 rursum
777 4243 878 4296 iste
901 4240 1128 4311 populus
1155 4246 1377 4294 vocatus
1401 4247 1484 4293 est
1521 4253 1628 4291 non
1664 4252 1760 4306 po-

169 4338 355 4407 pulus.
380 4355 399 4386 (
421 4335 522 4403 lpsi
550 4334 692 4388 enim
722 4331 954 4386 :cmulati
981 4337 1128 4394 sunt,
1154 4329 1345 4398 inquit,
1366 4344 1450 4383 me
1470 4343 1632 4398 super
1654 4344 1760 4382 non

171 4427 370 4481 Deum.
399 4444 418 4476 ι
443 4423 636 4478 Deillis
658 4422 818 4476 dicit:
848 4439 865 4470 ι
895 4420 1245 4473 lrritaverunt
1267 4433 1354 4471 me
1376 4419 1427 4470 in
1451 4417 1606 4472 idolis
1625 4417 1756 4480 suis,

170 4525 228 4572 et
266 4532 371 4586 ego
401 4514 695 4569 :rmulabor
723 4527 816 4566 eos
841 4525 1001 4579 super
1033 4525 1143 4564 non
1164 4517 1375 4577 gentem
1410 4528 1422 4562 :
1453 4509 1504 4562 in
1545 4518 1758 4578 gentem

172 4609 325 4663 enim
368 4607 707 4674 insipientem
758 4603 982 4656 irritabo
1016 4615 1111 4655 eos
1149 4601 1324 4671 (Deut.
1361 4599 1556 4670 xxxii).
1595 4619 1612 4650 ›
1653 4599 1761 4654 Nos

173 4697 348 4768 igitur
369 4696 423 4749 in
441 4693 691 4763 populum
716 4691 807 4745 Dei
830 4691 957 4746 facti
986 4705 1191 4753 sumus,
1212 4688 1762 4756 etannuntiaturjus-

173 4785 294 4838 titia
327 4781 524 4853 populo
547 4781 636 4849 qui
678 4787 929 4834 nascetur
954 4778 1019 4832 de
1048 4777 1311 4846 gentibus.
1349 4776 1454 4830 lste
1491 4775 1632 4829 enim
1664 4791 1760 4844 po-

173 4875 343 4945 pulus
369 4873 546 4927 subito
573 4869 827 4923 nascitur.
859 4868 925 4922 Et
959 4869 1009 4922 in
1041 4868 1300 4936 propheta
1338 4866 1595 4934 scriptum
1625 4874 1710 4920 est
1742 4882 1755 4918 :

179 4984 201 5018 ι
233 4964 294 5020 Si
321 4971 450 5017 nata
474 4969 558 5016 est
589 4975 718 5031 gens
748 4960 803 5012 in
833 4958 997 5014 semel
1030 4977 1041 5011 :
1079 4978 1097 5010 ι
1122 4956 1358 5026 quando
1392 4955 1640 5010 Salvator
1673 4970 1761 5010 as-

178 5054 370 5110 cendit
395 5053 462 5106 ad
510 5051 710 5114 caelos,
759 5059 814 5105 ct
843 5049 1188 5105 crediderunt
1237 5064 1341 5103 una
1394 5049 1479 5103 die
1527 5048 1764 5118 quinque

180 5125 378 5205 millia,
404 5151 460 5197 et
503 5143 608 5195 alia
649 5143 735 5196 die
779 5142 959 5196 addita
991 5149 1113 5196 sunt
1157 5141 1257 5194 tria
1304 5140 1468 5194 millia
1512 5139 1649 5211 (Αει.
1687 5139 1758 5210 v).

182 5234 330 5290 Vere
356 5241 482 5286 tunc
514 5230 614 5285 fuit
641 5245 863 5285 cernere
897 5231 1146 5300 populum
1180 5231 1232 5284 in
1255 5230 1419 5285 semel
1441 5239 1626 5283 natum
1650 5246 1765 5285 ser-

180 5337 352 5380 mone
373 5321 488 5385 Dei,
506 5329 561 5375 et
581 5328 800 5389 repente
821 5320 1053 5375 sterilem
1079 5321 1487 5389 parturientem,
1516 5321 1581 5373 ad
1602 5335 1764 5388 quam

185 5414 391 5468 dicitur
416 5429 430 5463 :
466 5428 483 5460 ι
519 5409 728 5464 ιωιεπε
752 5410 949 5465 sterilis
977 5426 1098 5479 qua:
1141 5427 1246 5466 non
1281 5412 1445 5484 paris,
1469 5427 1691 5481 erumpe
1713 5422 1766 5467 et

184 5509 432 5555 exclama
454 5513 574 5568 quae
601 5515 704 5553 non
745 5498 1000 5568 parturis,
1029 5500 1156 5568 quia
1194 5500 1371 5569 plures
1403 5500 1498 5553 ﬁlii
1538 5503 1766 5554 deserta:

188 5589 364 5658 magis
383 5601 545 5655 quam
571 5585 685 5654 ejus
708 5603 826 5656 quae
849 5588 1013 5643 habet
1041 5588 1215 5642 virum
1249 5588 1452 5658 (Calat.
1481 5590 1574 5660 iv).
1617 5609 1634 5640 ι
1666 5590 1766 5644 De-

187 5687 336 5732 serta
362 5676 602 5730 Ecclesia
633 5695 661 5731 a
690 5677 849 5751 Lege,
881 5679 1092 5734 deserta
1115 5688 1306 5736 eratet
1341 5699 1369 5736 a
1409 5682 1534 5749 Deo,
1567 5681 1766 5737 habens

1858 3249 1943 3320 ul)
1976 3289 1990 3302 .
2011 3336 2155 3388 Mella
2177 3337 2327 3386 fluant
2350 3335 2598 3398 illts,ferat
2622 3343 2674 3387 et
2690 3335 2844 3401 rubus
2866 3347 3011 3398 asper
3029 3347 3285 3388 amomum.

1857 3437 1924 3492 Et
1948 3439 2142 3492 iterum
2179 3456 2192 3491 :

2009 3525 2071 3576 Et
2097 3530 2268 3589 passim
2291 3526 2408 3576 rivls
2430 3528 2678 3578 currentia
2707 3529 2811 3577 vina
2838 3529 3095 3591 repressit.

1857 3627 1965 3681 Aut
1994 3635 2140 3682 certe
2183 3628 2514 3697 tropologice
2551 3637 2748 3682 terram
2787 3627 2926 3682 lacte
2951 3637 3006 3682 et
3029 3629 3185 3684 melle
3215 3645 3441 3683 manan-

1810 3773 1816 3779 ,
1857 3725 1964 3770 tem
1978 3717 2176 3772 Christi
2193 3715 2487 3772 Ecclesiam
2505 3719 2823 3782 sentiamus,
2842 3719 2895 3771 in
2919 3733 3023 3787 qua
3048 3720 3256 3787 parvuli
3282 3729 3445 3789 atque

1856 3805 2122 3859 lactantes
2147 3805 2441 3860 educamur
2471 3805 2570 3876 per
2603 3805 2875 3871 ﬁdem,ut
2910 3807 3179 3874 possimus
3214 3808 3444 3863 solidum

1856 3894 2035 3948 cibum
2066 3909 2276 3962 capere.

1937 4002 1954 4033 ι
1998 3983 2066 4037 Ει
2093 3983 2344 4053 respondi
2374 3993 2429 4037 et
2463 3983 2607 4048 dixi',
2637 3977 2840 4060 (Amen,
2873 3984 3117 4037 Domine.
3151 4003 3170 4034 ι
3206 3983 3312 4038 Pro
3337 4000 3445 4053 quo

1859 4070 2231 4141 Septuaginta,
2264 4084 2287 4123 (
2319 4070 2460 4137 Fiat,
2513 4072 2735 4127 Domine
2765 4092 2784 4124 ι
2821 4073 2946 4144 (hoc
2986 4074 3129 4128 enim
3165 4091 3316 4127 amen
3368 4075 3446 4128 sl-

1859 4160 2103 4231 gnilicat)
2131 4160 2542 4216 transtulerunt.
2567 4163 2787 4216 Dixerat
2809 4162 3066 4218 Dominus
3094 4182 3106 4216 :
3133 4164 3316 4218 Juravi
3345 4180 3440 4234 pa-

1864 4252 2034 4306 tribus
2072 4252 2268 4306 vestris
2293 4253 2542 4306 daturum
2574 4268 2660 4306 me
2697 4253 2776 4306 eis
2801 4263 3003 4307 terram
3037 4254 3176 4308 lacte
3209 4263 3262 4309 et
3289 4255 3444 4309 melle

1863 4326 2172 4395 manantem
2197 4340 2393 4411 (Exod.
2418 4341 2522 4414 in),
2556 4342 2697 4396 sicut
2724 4344 2884 4396 rebus
2917 4344 3044 4412 ipsis
3086 4345 3243 4398 hodie
3289 4361 3442 4399 com-

1861 4429 2138 4499 probatur.
2172 4427 2439 4497 Propheta
2464 4429 2693 4501 diligens
2722 4431 2976 4501 populum
3008 4414 3166 4488 suuni
3215 4445 3442 4504 occupat

1871 4534 2054 4573 vocem
2083 4517 2318 4584 Domini,
2345 4527 2400 4574 et
2423 4519 2570 4588 cupit
2602 4535 2728 4573 vera
2762 4534 2903 4584 85:38.
2933 4529 2984 4573 et
3031 4521 3082 4574 iu
3117 4532 3434 4590 perpetuum

1866 4623 2222 4676 permanere,
2272 4623 2394 4677 qua:
2432 4609 2553 4661 data
2595 4615 2739 4660 sunt.
2797 4605 2950 4682 Unde
2988 4608 3104 4662 ait:
3143 4607 3302 4674 Vere,
3334 4612 3439 4664 Do-

1866 4697 2030 4760 mine,
2059 4697 2344 4767 implevisti
2385 4697 2526 4765 quod
2556 4696 2824 4766 pollicitus
2861 4712 2942 4761 es,
2966 4698 3079 4753 sive
3109 4717 3120 4752 :
3148 4699 3288 4765 Fiat,
3338 4702 3444 4755 Do-

1867 4786 2032 4850 mine,
2084 4788 2187 4841 hoc
2215 4794 2317 4849 est,
2347 4799 2562 4854 semper
2598 4797 2810 4840 maneat
2843 4789 2984 4856 quod
3010 4789 3225 4842 dedisti.

1943 4898 1960 4928 ι
2006 4877 2072 4930 Et
2100 4877 2234 4929 dixit
2264 4875 2521 4930 Dominus
2546 4876 2613 4931 ad
2643 4891 2771 4931 me:
2803 4875 3114 4932 Vociferare
3168 4877 3265 4950 (vel
3305 4879 3442 4953 lege)

1875 4984 1894 5016 α
1939 4965 2118 5020 omnia
2151 4965 2310 5019 verba
2339 4964 2454 5018 haec
2483 4965 2534 5018 in
2561 4965 2872 5020 civitatibus
2897 4965 3054 5032 Juda,
3080 4976 3132 5022 et
3163 4968 3292 5023 foris
3317 4969 3443 5024 Hie-

1875 5074 1892 5106 ι
1938 5053 2194 5120 rusalem,
2224 5054 2446 5109 dicens:
2472 5053 2669 5110 Audite
2705 5056 2864 5110 verba
2888 5058 3030 5126 pacti
3062 5056 3237 5124 hujus,
3270 5068 3326 5112 et
3365 5060 3445 5112 l‘a-

1873 5167 1890 5197 ι
1936 5147 2038 5200 cite
2082 5145 2192 5216 illa.
2229 5164 2247 5197 ›
2279 5143 2744 5200 Clementissimus
2784 5145 2925 5199 Deus
2965 5146 3275 5215 frequenter
3317 5163 3446 5202 ven-

1867 5245 1986 5289 tura
2030 5233 2290 5303 praedicit,
2322 5243 2383 5288 ut
2424 5237 2636 5289 tandem
2672 5235 2837 5289 durus
2865 5234 2932 5287 ad
2968 5236 3291 5290 credendum
3331 5237 3448 5290 ani.

1868 5339 1989 5379 mus
2008 5323 2300 5378 molliatur.
2327 5323 2579 5379 Praedicit
2607 5334 2786 5378 autem
2816 5333 2927 5379 tam
2965 5325 3017 5378 in
3046 5325 3178 5380 urbe
3198 5325 3446 5380 Hierusac

1867 5413 1992 5495 lein,
2019 5427 2180 5482 quam
2206 5410 2336 5467 foris
2368 5413 2422 5466 in
2451 5428 2602 5485 agro,
2623 5423 2702 5466 .ut
2727 5429 2956 5483 quorum
2997 5430 3283 5471 commune
3330 5415 3444 5470 dis-

1869 5505 2072 5558 crimen
2091 5503 2202 5568 est,
2238 5505 2426 5558 eadem
2462 5506 2736 5575 pocuitudo
2771 5507 2861 5560 sit.

1946 5613 1964 5643 ι
2011 5593 2146 5661 Quia
2170 5601 2480 5650 contestans
2499 5605 2834 5652 contestatus
2863 5611 2980 5650 sum
3004 5603 3187 5664 patres
3215 5605 3443 5661 vestros,

1881 5705 1896 5734 ι
1946 5684 1997 5738 iu
2027 5683 2111 5738 die
2140 5699 2246 5753 qua
2275 5683 2434 5740 eduxi
2483 5701 2577 5742 eos
2615 5685 2682 5741 de
2729 5694 2871 5741 terra
2901 5685 3114 5758 Egypti
3160 5703 3326 5758 usque
3380 5687 3449 5742 ad
