3910 6342
487 319 583 375 891

1114 317 1176 371 Β.
1217 316 1471 372 RABANI
1505 313 1724 373 MAURI
1758 312 2076 370 ARCHIEP.
2118 312 2425 370 MOGUNT.
2464 311 2749 369 OPERUM
2785 313 2965 372 PARS
3003 314 3090 373 III.

3626 315 3736 372 892

490 452 511 489 ι
554 435 697 492 diem
727 436 881 492 hanc.
925 435 1078 492 Mane
1107 450 1438 506 consurgens
1465 444 1800 492 contestatus
1845 450 1966 490 sum
1995 442 2052 491 et
2077 439 2127 497 Α
2155 434 2310 490 nobis
2333 441 2460 488 sunt
2482 443 2815 505 peccatores.
2847 435 3128 502 Quomodo
3156 435 3316 508 igitur
3339 434 3431 505 qui
3461 433 3604 489 inter
3631 447 3734 489 nos

489 545 510 578 ι
548 527 662 582 dixi
691 545 705 581 :
735 527 928 583 Audite
947 542 1133 583 vocem
1164 542 1340 583 meam
1364 546 1379 582 :
1403 535 1458 583 et
1487 543 1592 583 non
1618 527 1920 591 audierunt,
1952 541 2054 581 nec

488 635 508 668 ι
552 616 939 672 inclinaverunt
971 631 1157 672 aurem
1176 631 1351 680 suam.
1370 619 1466 673 sed
1489 619 1737 674 abierunt
1761 617 2056 685 unusquis-

449 712 452 716 '
486 724 505 758 ι
547 720 653 774 que
683 706 735 760 in
758 707 1022 775 pravitate
1049 707 1229 762 cordis
1256 707 1340 762 sui
1369 707 1496 761 mali
1527 724 1541 761 :
1582 716 1639 763 et
1681 706 1861 761 induxi
1894 722 2056 776 super

488 812 507 845 ι
545 809 638 849 eos
660 795 836 849 omnia
868 795 1028 849 verba
1061 797 1205 865 pacti
1253 795 1431 864 huius,
1461 797 1602 866 quod
1630 796 1860 866 praecepi
1890 804 1948 848 ut
1975 795 2052 849 fa-

485 901 505 934 ‹
548 893 749 938 cerent.
796 904 813 935 ι
848 883 962 940 Huc
1003 901 1175 956 usque
1197 887 1250 941 in
1276 886 1626 958 Septuaginta
1648 901 1752 940 non
1783 887 2048 940 habetur:

478 970 736 1040 Quodque
764 974 1028 1042 sequitur,
1062 992 1080 1025 ι
1101 981 1156 1028 et
1177 989 1282 1029 non
1305 973 1568 1039 fecerunt,
1595 995 1613 1027 ι
1631 975 1701 1030 ab
1719 974 1800 1029 eis
1815 974 2049 1044 positum

477 1065 579 1122 est,
607 1067 661 1113 et
691 1075 812 1123 cum
840 1063 1130 1131 superioris
1166 1062 1378 1133 capituli
1406 1062 1512 1117 line
1544 1063 1829 1128 sociatum,
1863 1062 1916 1118 in
1944 1077 2049 1131 quo

477 1145 735 1216 scriptum
762 1156 844 1203 est
865 1166 878 1202 :
900 1167 918 1199 ι
940 1151 1134 1204 Audite
1157 1151 1315 1206 verba
1337 1152 1478 1220 pacti
1495 1152 1654 1222 huius
1678 1160 1733 1206 et
1754 1151 1913 1208 facite
1935 1151 2046 1218 illa,

474 1243 530 1288 et
554 1252 661 1290 non
683 1237 942 1294 fecerunt.
971 1259 988 1291 ι
1007 1241 1144 1307 Quid
1160 1243 1227 1296 sit
1241 1251 1418 1298 autem
1432 1243 1501 1298 de
1521 1259 1678 1298 mane
1696 1258 2044 1314 consurgere,

474 1329 529 1376 et
554 1322 646 1377 Dei
672 1327 832 1381 verba
861 1343 958 1397 per
991 1331 1283 1398 prophetas
1310 1331 1391 1385 eis
1421 1329 1734 1399 frequenter
1779 1331 2042 1401 ingerere,

472 1418 529 1463 et
550 1412 779 1468 educere
803 1429 896 1470 eos
915 1415 979 1472 de
1004 1413 1253 1487 £gypto,
1282 1426 1338 1472 et
1365 1418 1560 1487 stepius
1581 1419 1870 1474 admonere
1889 1428 1942 1475 et
1965 1419 2044 1474 di-

473 1515 594 1555 cere
624 1519 636 1553 :
672 1502 864 1558 Audite
890 1520 1074 1558 vocem
1103 1521 1298 1571 meam,
1320 1515 1376 1560 et
1409 1507 1529 1562 illos
1557 1507 1754 1562 abiisse
1780 1517 1902 1577 post
1926 1523 2046 1576 pra-

475 1590 691 1645 vitatem
725 1594 904 1648 cordis
940 1595 1045 1660 sui,
1074 1605 1128 1650 et
1173 1605 1356 1666 postea
1377 1599 1456 1652 eis
1487 1598 1726 1660 reddere,
1757 1614 1877 1667 quin
1927 1615 2043 1654 me-

473 1689 660 1734 rentur
678 1683 944 1753 accipere,
977 1693 1101 1740 ante
1121 1686 1234 1756 iam
1254 1687 1486 1741 diximus
1512 1705 1524 1740 :

2157 531 2281 579 sunt
2300 530 2612 592 peccatores
2630 523 2873 579 conversi
2905 532 3050 590 sunt,
3074 539 3181 580 non
3203 525 3270 580 ad
3296 524 3611 593 iniquitates
3633 537 3734 592 pa-

2157 620 2322 677 trum,
2336 613 2431 668 sed
2443 621 2658 683 patrum
2673 628 2892 668 suorum
2907 615 3184 684 priorum?
3201 614 3451 684 Duplices
3468 613 3734 668 habemus

2152 710 2354 771 patres,
2380 711 2435 758 et
2463 719 2569 758 una
2601 705 2810 774 species
2838 715 2923 760 est
2955 705 3314 776 pessimorum
3350 715 3567 775 patrum
3599 723 3613 758 :
3649 703 3734 758 si-

2152 792 2367 860 quidem
2388 802 2679 864 antequam
2703 794 3067 860 crederemus,
3092 795 3336 850 diabolus
3362 804 3520 865 pater
3544 803 3734 848 noster

2152 879 2284 945 fuit,
2323 891 2382 936 ut
2417 898 2596 938 sermo
2641 883 2984 953 evangelicus
3019 883 3284 948 ostendit,
3311 883 3538 937 dicens:
3571 899 3590 933 ι
3621 882 3734 936 Vos

2151 969 2217 1024 de
2239 972 2450 1028 diabolo
2476 983 2630 1044 patre
2648 974 2760 1028 nati
2788 975 2921 1029 estis
2951 973 3132 1044 (Joan.
3163 975 3306 1039 vin),
3341 993 3360 1024 ι
3399 988 3522 1028 cum
3545 980 3733 1026 autem

2151 1059 2480 1116 credidimus
2501 1103 2515 1127 ,
2555 1062 2681 1117 facti
2711 1077 2897 1117 sumus
2936 1062 3030 1116 lilii
3059 1063 3174 1118 Dei.
3218 1063 3273 1117 Si
3306 1077 3432 1134 ergo
3463 1070 3586 1132 post
3614 1062 3733 1116 haec

2149 1150 2570 1218 peccaverimus,
2607 1151 2975 1205 convertimur
3016 1166 3122 1204 non
3151 1150 3218 1203 ad
3247 1151 3562 1219 iniquitates
3600 1148 3732 1204 sim—

2147 1238 2359 1308 pliciter
2386 1248 2598 1308 patrum
2617 1279 2632 1304 ,
2660 1239 2754 1294 sed
2780 1247 2994 1308 patrum
3039 1242 3303 1308 priorum.
3330 1238 3412 1292 Ad
3459 1239 3733 1308 approba-

2148 1327 2552 1383 tionem‘autem
2572 1325 2691 1396 eius
2719 1327 2817 1382 rei.
2831 1327 2957 1396 quia
2978 1326 3216 1395 duplices
3238 1326 3504 1383 habemus
3522 1335 3732 1396 patres,

2150 1424 2365 1470 utemur
2391 1425 2447 1472 et
2475 1415 2642 1472 David
2667 1414 2976 1470 testimonio
3001 1414 3054 1468 in
3079 1414 3493 1486 quadragesimo
3529 1420 3732 1482 quarto

2144 1504 2353 1573 psalmo
2377 1505 2452 1558 ita
2483 1506 2746 1561 dicentis:
2784 1523 2806 1558 ι
2838 1503 3000 1568 Audi,
3027 1503 3158 1568 lilia,
3190 1512 3244 1558 et
3273 1503 3418 1569 vide,
3445 1513 3503 1557 et
3526 1501 3731 1557 inclina

2143 1609 2331 1650 aurem
2361 1605 2526 1661 tuam,
2559 1606 2615 1652 et
2645 1597 2964 1653 obliviscere
3000 1595 3180 1669 populi
3205 1595 3282 1649 tui
3305 1603 3362 1649 et
3391 1593 3613 1648 domum
3634 1607 3732 1662 pa-

2145 1685 2243 1739 tris
2277 1686 2352 1739 tui
2394 1682 2565 1754 (Psal.
2611 1685 2779 1755 xuv).
2821 1705 2840 1737 ι
2879 1685 3041 1740 Pater
3084 1683 3234 1747 dicit,
3270 1682 3610 1738 Oblivisceris
3634 1681 3731 1736 do-

547 1786 566 1817 ι
610 1769 678 1823 Et
705 1771 841 1825 dixit
864 1772 1122 1829 Dominus
1141 1776 1208 1829 ad
1234 1790 1319 1830 me
1345 1793 1358 1828 :
1386 1775 1606 1831 Inventa
1633 1785 1716 1831 est
1742 1775 2043 1844 coniuratio
2073 1795 2118 1853 Β
2145 1787 2289 1826 mum
2313 1774 2480 1841 patris
2501 1773 2598 1840 tui,
2615 1774 2769 1843 Quasi
2789 1783 2944 1843 pater
2959 1775 3154 1844 quippe
3172 1771 3390 1845 capita
3411 1769 3724 1825 audi-ﬁlim!

474 1873 493 1905 ι
537 1856 592 1910 in
617 1857 746 1914 viris
773 1858 910 1915 Juda
937 1869 992 1916 et
1037 1862 1092 1916 in
1135 1863 1533 1919 habitatoribus
1555 1863 1910 1918 Hierusalem.
1940 1864 2042 1919 lie-

473 1963 492 1997 ‹
536 1949 678 2004 versi
705 1960 832 2006 sunt
867 1953 935 2007 ad
963 1953 1274 2022 iniquitates
1305 1964 1519 2023 patrum
1557 1971 1778 2011 suorum
1808 1956 2036 2025 priores,

470 2056 490 2089 ι
530 2041 621 2108 qui
647 2041 932 2098 noluerunt
968 2045 1155 2099 audire
1190 2048 1352 2103 verba
1381 2062 1520 2103 mea.
1562 2048 1630 2103 Et
1651 2049 1704 2103 hi
1736 2063 1863 2121 ergo
1892 2051 2041 2106 abie-

469 2147 490 2180 σ
531 2142 655 2185 ιιιιιι
679 2141 800 2202 post
829 2134 958 2190 deos
991 2135 1214 2202 alienos,
1259 2147 1321 2193 ut
1363 2139 1633 2195 servirent
1677 2141 1773 2195 eis.
1824 2141 2038 2196 lrritum

469 2230 490 2266 ι
534 2216 780 2274 fecerunt
837 2221 1028 2278 domus
1077 2222 1243 2280 Israel
1293 2233 1351 2281 et
1397 2227 1589 2300 domus
1633 2227 1769 2283 Juda
1823 2239 2038 2299 pactum

469 2323 490 2355 σ
530 2321 730 2374 meum,
757 2311 899 2379 quod
942 2313 1125 2384 pepigi
1167 2329 1291 2370 cum
1338 2317 1585 2384 patrihus
1627 2333 1836 2374 eorum.
1877 2338 1897 2372 ι
1935 2319 2039 2375 Pro

461 2392 1030 2466 coniuratione,qu
1055 2416 1154 2455 nos
1175 2401 1329 2470 iuxta
1356 2403 1740 2475 Symmachum
1771 2408 2036 2477 interpre-

462 2483 557 2575 tati
579 2499 799 2575 sumus,
826 2486 1038 2557 Aquila,
1058 2498 1115 2544 et
1136 2489 1276 2546 LXX
1293 2530 1310 2559 ,
1348 2503 1405 2548 et
1425 2494 1730 2551 'Theodotio
1756 2497 2038 2571 συνδισμόν

465 2573 893 2644 transtulerunt,
947 2593 1110 2646 quam
1168 2597 1269 2636 nos
1326 2583 1707 2654 colligationem
1754 2602 2038 2657 possumus

461 2658 658 2748 dicere.
699 2661 851 2719 Unde
879 2673 934 2719 et
960 2665 1194 2732 Athalia,
1241 2686 1364 2725 cum
1404 2672 1459 2727 in
1489 2675 1688 2745 templo
1727 2677 1829 2731 sibi
1856 2679 2036 2748 parari

459 2745 688 2804 insidias
719 2751 1158 2820 deprehendisset
1191 2755 1298 2827 (ιγ
1341 2758 1466 2830 Reg.
1504 2761 1601 2832 xi),
1652 2764 1841 2818 eodem
1857 2745 2037 2820 'verbo

459 2835 636 2891 locuta
674 2849 774 2906 est,
806 2858 824 2891 ι
853 2840 1185 2912 Coniuratio.
1208 2845 1527 2914 coniuratio.
1558 2868 1577 2900 ι
1609 2849 1833 2921 Proprie
1855 2860 2034 2906 autem

460 2924 566 2979 hoc
613 2927 777 2983 verbo
811 2927 1086 3000 Scriptura
1132 2934 1393 3001 abutitur,
1427 2938 1645 3006 quando
1696 2954 1802 2993 non
1857 2940 2035 2995 subito

458 3015 786 3088 fortuitoque
813 3030 1054 3090 peccato,
1084 3026 1176 3080 sed
1201 3029 1516 3098 praeparatis
1538 3030 1746 3085 insidiis
1773 3040 1828 3086 et
1849 3031 2035 3099 coniu-

460 3104 672 3160 ratione
701 3108 952 3183 tenditur
988 3113 1057 3165 ad
1083 3113 1356 3180 delictum,
1381 3123 1436 3171 et
1465 3117 1584 3186 pari
1612 3124 1790 3173 mente
1820 3135 2035 3188 unoque

456 3195 637 3250 studio
661 3197 714 3279 id
745 3207 941 3269 agunt,
963 3209 1022 3254 ut
1047 3201 1143 3257 Dei
1172 3205 1424 3260 mandata
1450 3215 1815 3263 contemnant.
1863 3211 2032 3266 Dicit-

456 3303 564 3356 que
607 3299 788 3358 patres
824 3301 879 3348 et
938 3293 1077 3350 ﬁlios
1120 3313 1230 3352 una
1271 3310 1450 3357 mente
1491 3304 1715 3373 parique
1764 3309 2030 3362 sententia

456 3377 700 3446 neglecto
750 3379 859 3434 Deo
888 3381 1029 3437 idola
1066 3396 1368 3453 veneratos,
1413 3399 1524 3444 tam
1573 3391 1740 3446 Israel
1784 3393 2032 3451 videlicet

455 3481 617 3554 quam
642 3469 859 3524 domum
882 3469 1040 3538 Juda,
1072 3474 1174 3529 hoc
1196 3483 1296 3542 est,
1329 3487 1437 3532 tam
1458 3479 1641 3535 decem
1670 3481 1838 3537 tribus
1867 3500 2027 3554 quam

454 3552 609 3618 duas,
637 3571 864 3624 quarum
895 3559 1176 3631 imperium
1199 3574 1317 3620 erat
1343 3567 1398 3621 in
1424 3567 1720 3624 Jerusalem
1753 3589 1765 3624 :
1804 3581 1865 3626 ut
1885 3552 2027 3642 quo-

456 3658 576 3696 rum
608 3645 662 3699 in
689 3656 997 3718 contemptu
1019 3651 1114 3706 Dei
1143 3669 1305 3708 unum
1333 3653 1578 3712 studium
1599 3658 1729 3723 fuit,
1759 3676 1856 3729 par
1878 3663 1947 3716 sit
1974 3664 2029 3716 in

457 3733 770 3789 sustinenda
798 3739 1106 3807 captivitate
1150 3743 1488 3813 supplicium.
1515 3745 1714 3818 (Orig.)
1744 3748 1800 3802 Si
1838 3765 2030 3819 pecca-

453 3821 694 3878 verimus
739 3839 858 3890 nos,
884 3827 975 3895 qui
1003 3828 1102 3883 viri
1130 3829 1267 3884 Juda
1292 3842 1514 3902 propter
1552 3833 1826 3890 Christum
1873 3854 2029 3893 voea-

453 3923 596 3975 mur,
619 3920 674 3966 et
697 3911 898 3983 inventi
925 3914 1125 3972 fuerint
1153 3918 1213 3972 in‘
1231 3928 1416 3976 nostro
1441 3937 1666 3978 numero
1692 3934 2023 3994 peccatores,

453 3996 525 4052 de
551 3999 708 4053 nobis
744 4001 976 4056 dicitur:
1011 4003 1227 4060 Inventa
1261 4017 1346 4062 est
1375 4009 1646 4079 colligatio
1681 4012 1815 4082 (sive
1841 4013 2026 4082 coniu-

454 4088 616 4158 ratio)
647 4089 700 4144 in
732 4090 862 4146 viris
885 4090 1020 4148 Juda
1039 4133 1055 4159 ,
1095 4103 1152 4150 et
1183 4096 1237 4149 in
1275 4098 1642 4161 habitantibus
1669 4099 2023 4156 Hierusalem.

453 4175 586 4232 Cum
619 4178 671 4231 in
701 4179 931 4236 ecclesia
967 4183 1061 4237 Dei
1091 4183 1225 4239 tales
1245 4194 1392 4252 sunt,
1425 4187 1480 4241 in
1505 4189 1700 4256 quibus
1729 4191 2026 4260 reperiatur

452 4267 678 4338 laqueus
705 4270 1026 4340 iniquitatis.
1057 4283 1112 4330 et
1136 4275 1347 4331 vincula
1374 4279 1606 4348 peccati,
1629 4279 1683 4332 in
1719 4288 1925 4335 tantum
1966 4289 2024 4336 ut

454 4357 529 4424 i'd,
560 4360 701 4428 quod
722 4361 788 4416 de
814 4370 1097 4431 peccatore
1125 4365 1322 4420 dicitur
1340 4406 1355 4431 ,
1381 4367 1463 4422 eis
1491 4368 1668 4423 valeat
1689 4370 1980 4426 convenire
2004 4385 2018 4423 :

2143 1859 2286 1930 Ergo
2325 1860 2570 1930 duplices
2616 1863 2788 1916 nostri
2833 1872 3016 1932 patres
3043 1871 3206 1918 sunt:
3237 1864 3333 1920 sed
3375 1857 3729 1924 obliviscere.

2141 1948 2339 2019 inquit,
2362 1949 2578 2004 domum
2607 1951 2778 2019 patris
2800 1953 2876 2006 tui
2899 1953 3116 2024 prioris.
3143 1953 3202 2009 Si
3225 1954 3387 2024 igitur
3402 1953 3608 2010 oblitus
3628 1947 3731 2009 do-

2142 2053 2290 2092 mum
2317 2039 2488 2107 patris
2513 2040 2585 2093 tui
2608 2025 2807 2110 prioris
2833 2056 3050 2097 rursum
3071 2041 3239 2098 fueris
3262 2043 3330 2097 ad
3354 2053 3575 2112 peccata
3595 2057 3728 2096 con-

2140 2141 2346 2193 versus,
2391 2128 2625 2183 incidisti
2673 2129 2728 2182 in
2789 2130 2872 2194 id,
2912 2132 3054 2201 quod
3098 2147 3241 2186 nunc
3283 2131 3485 2186 dicitur
3531 2146 3728 2200 pecca-

2145 2226 2256 2272 tum
2286 2235 2347 2271 :.«
2375 2216 2634 2273 Conversi
2665 2227 2792 2274 sunt
2820 2219 2889 2274 ad
2916 2220 3229 2290 iniquitates
3255 2230 3470 2291 patrum
3497 2237 3726 2277 suorum

2139 2309 2401 2379 priorum.
2416 2327 2433 2360 ι
2454 2309 2710 2365 Dicebam
2732 2311 2929 2366 dudum
2953 2311 3222 2367 diabolum
3244 2321 3452 2382 patrem
3472 2321 3727 2366 nostrum

2141 2399 2339 2466 fuisse,
2369 2409 2661 2471 antequam
2691 2401 2835 2457 Deus
2879 2409 3065 2458 noster
3108 2403 3282 2456 factus
3325 2402 3396 2456 sit
3445 2411 3626 2471 pater,
3676 2401 3725 2456 si

2139 2489 2302 2545 etiam
2346 2499 2526 2546 tamen
2557 2505 2698 2545 nunc
2729 2505 2836 2546 non
2875 2492 3138 2547 habemus
3187 2491 3453 2546 diabolum
3479 2501 3725 2561 patrem,

2140 2577 2283 2648 quod
2328 2578 2491 2632 etiam
2514 2577 2581 2632 de
2607 2577 2834 2632 Joannis
2869 2578 3093 2647 epistola
3124 2578 3499 2648 approbamus,
3526 2577 3586 2632 in
3611 2591 3725 2646 qua

2139 2669 2211 2722 ita
2235 2667 2508 2749 scribitur.
2541 2686 2560 2718 ι
2592 2666 2782 2724 Omnis
2810 2669 2904 2738 qui
2931 2677 3212 2737 peccatum
3236 2666 3387 2733 facit,
3408 2683 3475 2722 ex
3499 2665 3726 2721 diabolo

2137 2766 2299 2812 natus
2320 2766 2405 2812 est
2419 2757 2472 2829 (Ι
2494 2756 2653 2812 Joan.
2679 2757 2786 2828 ιιι).
2824 2775 2844 2810 ι
2878 2756 2937 2812 Si
2965 2759 3144 2812 omnis
3166 2758 3257 2826 qui
3281 2764 3556 2827 peccatum
3580 2752 3723 2808 facit

2136 2863 2202 2903 ex
2253 2847 2464 2904 diabolo
2513 2857 2674 2903 natus
2718 2855 2821 2914 est,
2863 2848 3022 2903 toties
3051 2863 3119 2904 ex
3152 2847 3362 2903 diabolo
3399 2845 3708 2911 nascimur,

2137 2939 2350 3008 quoties
2396 2951 2684 3006 peccamus
2725 2954 2740 2990 :
2789 2935 2973 2991 infelix
3025 2936 3118 2991 ille
3157 2935 3250 3006 qui
3297 2950 3504 3004 semper
3543 2949 3722 3004 geno-

2137 3034 2289 3080 ratur
2314 3041 2345 3079 a
2375 3025 2605 3089 diabolo,
2649 3041 2974 3094 rursumque
3017 3026 3243 3080 multum
3285 3026 3471 3080 beatus
3509 3025 3610 3094 qui
3646 3040 3718 3080 ex

2137 3117 2247 3172 Deo
2295 3131 2510 3187 semper
2537 3118 2795 3172 nascitur.
2827 3115 3014 3189 Neque
3047 3117 3191 3172 enim
3220 3117 3385 3173 semel
3427 3117 3602 3172 dicam
3626 3118 3720 3186 iu~

2134 3214 2276 3260 stum
2318 3221 2383 3260 ex
2431 3207 2541 3261 Deo
2585 3216 2790 3271 natum,
2817 3206 2910 3262 sed
2945 3221 3044 3277 per
3068 3206 3272 3277 singula
3302 3206 3514 3260 virtutis
3537 3220 3719 3276 opera

2134 3307 2348 3362 semper
2369 3294 2551 3363 justus
2578 3295 2820 3353 nascitur
2857 3309 2923 3350 ex
2961 3294 3088 3350 Deo.
3122 3294 3236 3351 Hoc
3282 3304 3459 3350 autem
3489 3303 3546 3348 ut
3595 3295 3721 3365 pleb

2133 3383 2254 3436 nius
2279 3382 2449 3451 possit
2475 3383 2712 3451 probari,
2741 3383 2906 3438 etiam
2941 3383 3008 3438 de
3036 3382 3333 3438 Salvatoris
3375 3383 3542 3437 nostri
3573 3399 3718 3452 quo-

2133 3470 2330 3524 tidiana
2360 3471 2638 3525 nativitate
2667 3471 2931 3538 dicamus,
2978 3472 3180 3541 liquido
3205 3472 3259 3526 id
3294 3472 3350 3524 in
3387 3469 3544 3538 iustis
3566 3472 3718 3526 obti-

2131 3567 2340 3621 nentes,
2364 3559 2508 3627 quod
2534 3559 2589 3612 in
2612 3559 2840 3613 Domino
2863 3559 3221 3629 praecesserit.
3257 3557 3506 3613 Salvator
3524 3569 3716 3614 noster

2131 3648 2384 3716 splendor
2407 3656 2490 3701 est
2540 3647 2826 3714 claritatis,
2875 3648 3130 3718 splendor
3156 3657 3337 3703 autem
3387 3664 3492 3703 non
3539 3650 3712 3706 semel

2129 3736 2389 3800 nascitur,
2416 3746 2473 3789 et
2496 3735 2747 3805 deinceps
2773 3737 2972 3791 desinit
2993 3737 3175 3802 nasci,
3215 3737 3312 3792 sed
3361 3737 3715 3806 qu0tiescun~

2128 3840 2234 3894 que
2270 3833 2448 3879 ortum
2492 3824 2652 3882 fuerit
2679 3827 2882 3890 lumen,
2912 3844 2976 3882 ex
3004 3843 3112 3896 quo
3137 3827 3391 3898 splendor
3410 3827 3596 3890 oritur,
3629 3839 3712 3883 to-

2131 3915 2232 3969 ties
2256 3914 2434 3967 oritur
2469 3923 2525 3967 et
2549 3913 2801 3983 splendor
2835 3915 3117 3971 claritatis.
3148 3915 3396 3971 Salvator
3414 3925 3599 3971 noster
3628 3932 3712 3972 sa-

2129 4000 2329 4070 pientia
2344 4011 2427 4055 est
2440 4001 2557 4066 Dei,
2575 4019 2592 4053 ι
2615 4003 2877 4072 sapientia
2898 4019 3026 4060 vero
3047 4004 3300 4074 splendor
3313 4014 3396 4060 est
3407 4004 3540 4060 lucis
3549 4014 3709 4061 atter-

2129 4103 2212 4142 nae
2239 4085 2420 4158 (Prov.
2437 4089 2573 4158 vm).
2596 4107 2614 4141 ι
2635 4089 2726 4145 Sic
2746 4091 2910 4161 igitur
2931 4090 3180 4148 Salvator
3202 4106 3417 4163 semper
3439 4093 3709 4161 nascitur,

2126 4185 2180 4232 et
2202 4178 2406 4233 idcirco
2427 4179 2577 4244 dicit,
2592 4189 2717 4235 ante
2734 4195 2923 4236 omnes
2946 4192 3127 4237 autem
3142 4183 3307 4238 colles
3331 4192 3553 4256 generat
3573 4200 3663 4240 me
3687 4202 3706 4239 :

2125 4282 2231 4321 non
2260 4276 2318 4321 ut
2338 4267 2558 4337 quidam
2580 4269 2717 4323 male
2743 4269 2993 4340 legerunt
3009 4288 3027 4322 ι
3051 4273 3346 4340 generavit.
3371 4290 3389 4323 ι
3415 4272 3471 4328 Si
3492 4287 3707 4342 semper

2125 4369 2192 4410 ex
2215 4363 2371 4426 patre
2396 4357 2636 4412 nascitur
2657 4357 2935 4423 Dominus,
2961 4359 3128 4414 etiam
3148 4361 3274 4415 tuin
3297 4360 3706 4419 similitudinem

459 4468 478 4499 ι
515 4449 756 4505 Vinculis
809 4461 1154 4520 peccatorum
1207 4470 1428 4510 suorum
1470 4458 1840 4528 unusquisque
1892 4475 2022 4515 con-

2139 4444 2270 4513 :ius,
2297 4445 2342 4500 si
2372 4453 2582 4500 tantum
2621 4447 2925 4518 adoptionis
2949 4450 3154 4504 habens
3177 4449 3428 4520 spiritum
3445 4490 3459 4512 ,
3487 4465 3706 4525 semper

453 4540 754 4609 stringitur,
779 4561 796 4593 ι
826 4551 952 4598 tunc
980 4544 1108 4598 dicit
1138 4545 1319 4602 Deus:
1351 4559 1371 4599 ι
1407 4547 1627 4605 Inventa
1652 4557 1735 4604 est
1756 4551 2022 4622 colligatio

2123 4536 2400 4606 generaris
2426 4552 2458 4590 a
2489 4534 2600 4591 Deo
2625 4551 2722 4606 per
2741 4537 2978 4607 singulos
3007 4538 3328 4606 intellectus,
3357 4555 3456 4610 per
3486 4541 3704 4611 singula

428 4629 509 4684 ~in
540 4631 670 4684 viris
699 4629 855 4685 Juda.
891 4651 909 4683 ι
942 4631 1140 4688 Verum
1178 4651 1285 4690 non
1326 4637 1630 4693 invenietur
1665 4638 1933 4710 colligatio
1967 4641 2022 4695 in

2139 4639 2303 4695 ipera,
2334 4635 2390 4680 et
2432 4625 2686 4682 emcieris
2731 4628 2872 4683 illius
2923 4629 3018 4683 Dei
3077 4631 3129 4683 in
3185 4629 3402 4686 Christo
3429 4630 3580 4698 Iesu,
3612 4636 3704 4691 cui

433 4719 608 4774 ~nobis
627 4722 939 4789 ;.quomodo
966 4732 1143 4778 autem
1188 4741 1293 4780 non
1337 4725 1639 4782 invenietur
1665 4727 1934 4798 colligatio
1966 4729 2020 4785 in

2139 4723 2204 4770 :st
2224 4713 2460 4779 claritas,
2484 4723 2540 4770 et
2563 4715 2848 4786 imperium
2877 4716 2931 4770 in
2953 4719 3149 4773 mula
3181 4720 3522 4780 saeculorum.

454 4808 629 4872 nobis,
657 4810 700 4863 si
733 4825 902 4879 usque
943 4813 1008 4867 ad
1033 4814 1174 4869 hanc
1198 4815 1387 4869 horam
1421 4816 1693 4887 colligatio
1720 4815 1775 4870 in
1804 4817 2025 4887 quibus-

455 4896 579 4950 dam
594 4898 712 4951 est?
735 4897 868 4953 Sed:
890 4919 908 4950 ι
929 4899 1074 4955 solve
1091 4916 1251 4957 omne
1273 4889 1546 4959 vinculum
1569 4903 1891 4974 iniquitatis,
1913 4904 2023 4961 dis-

455 4984 602 5040 solve
622 4985 974 5058 obligationes
995 4989 1350 5046 violentarum
1377 4995 1878 5059 commutationum,
1906 5009 2022 5050 om-

457 5089 580 5128 nem
605 5077 1048 5146 conscriptionem
1069 5078 1308 5149 iniquam
1329 5080 1553 5152 dissipa,
1577 5081 1764 5153 frange
1781 5083 2023 5138 esurieno

455 5166 599 5222 tibus
635 5183 826 5237 panem
845 5174 1022 5224 'tuum.
1066 5192 1084 5224 ι
1123 5160 1340 5228 Inventa
1379 5183 1463 5230 est
1502 5189 1633 5246 ergo
1660 5175 1928 5247 colligatio
1967 5177 2020 5232 in

454 5257 586 5314 viris
611 5257 766 5324 Iuda,
789 5261 914 5316 etin
935 5261 1297 5321 habitantibus
1318 5265 1372 5320 in
1385 5265 1702 5321 Jerusalem.
1725 5285 1745 5317 ι
1766 5265 2024 5323 Conversi

455 5357 582 5404 sunt
604 5349 670 5404 ad
704 5350 1015 5420 iniquitates
1037 5361 1250 5422 patrum
1274 5368 1490 5410 suorum
1517 5355 1756 5426 priorum
1787 5373 1800 5408 :
1839 5372 1859 5406 ι
1888 5369 2020 5411 con-

456 5437 599 5493 versi
621 5447 747 5493 sunt
766 5441 831 5494 ad
853 5439 1187 5510 iniquitates,
1200 5443 1464 5510 quorum?
1486 5457 1594 5497 non
1613 5442 1688 5496 ait
1712 5440 2027 5512 simpliciter

463 5544 482 5576 σ
511 5537 762 5596 patrum,
795 5549 814 5582 ι
844 5529 937 5585 sed
968 5545 1090 5586 cum
1119 5533 1482 5588 additamenta
1508 5553 1526 5583 ι
1562 5542 1776 5604 patrum
1806 5547 2024 5589 suorum

455 5620 714 5689 priorum.
746 5639 766 5674 ι
804 5620 1044 5679 Diximus
1064 5623 1130 5679 de
1159 5623 1314 5679 nobis
1341 5623 1454 5679 hmo
1483 5623 1618 5689 dici,
1648 5633 1702 5678 ct
1733 5623 1818 5679 his
1847 5622 1937 5693 qui
1972 5622 2024 5677 in

2198 4823 2217 4855 ι
2264 4804 2623 4872 Quamobrem
2649 4805 2765 4861 haec
2787 4805 2917 4862 dicit
2936 4807 3194 4864 Dominus
3220 4827 3234 4862 :
3265 4809 3404 4868 Ecce
3425 4825 3526 4882 ego
3546 4811 3710 4868 indu.

2134 4913 2153 4948 ι
2198 4911 2318 4951 eam
2362 4911 2524 4965 super
2549 4910 2644 4951 eos
2679 4897 2818 4953 mala
2837 4928 2863 4964 ,ι
2881 4897 2950 4952 de
2982 4899 3177 4970 quibus
3217 4901 3369 4958 exire
3401 4916 3509 4959 non
3553 4911 3710 4974 pote-

2133 5005 2151 5037 ι
2197 4993 2322 5039 runt
2363 4993 2418 5038 et
2446 4983 2754 5041 clamabunt
2783 4986 2850 5041 ad
2887 5001 2995 5050 me.
3024 4997 3079 5041 et
3114 5003 3220 5042 non
3256 4989 3544 5043 exaudiam
3586 5005 3708 5045 eos.

2135 5093 2153 5125 ι
2199 5073 2265 5128 Ει
2287 5075 2435 5128 ibunt
2455 5073 2705 5129 civitates
2724 5073 2884 5139 Iuda,
2901 5082 2956 5128 et
2985 5073 3315 5132 habitatores
3340 5075 3708 5143 Hierusalem,

2136 5183 2154 5214 ι
2195 5173 2248 5218 et
2271 5163 2574 5218 clamabunt
2605 5164 2672 5217 ad
2712 5165 2859 5229 deos,
2907 5163 3102 5234 quibus
3147 5163 3333 5230 libant,
3364 5174 3420 5221 et
3458 5182 3566 5222 non
3597 5169 3710 5222 sal-

2137 5272 2156 5305 ι
2199 5255 2501 5309 vabunteos
2518 5254 2569 5306 in
2583 5262 2823 5322 tempore
2835 5251 3142 5309 afﬂictionis
3154 5269 3365 5308 eorum.
3389 5274 3408 5306 ι
3429 5253 3708 5324 (Hier-on.)

2129 5345 2243 5400 Non
2264 5345 2482 5400 exaudit
2501 5345 2644 5399 Deus
2664 5343 2715 5398 in
2735 5353 2975 5422 tempore
2994 5343 3331 5399 necessitatis
3344 5352 3400 5397 et
3419 5343 3708 5413 angustiae,

2126 5437 2251 5507 quia
2281 5444 2336 5490 et
2363 5435 2437 5490 illi
2467 5434 2655 5488 audire
2693 5434 2914 5489 verbum
2959 5431 3170 5488 Domini
3207 5431 3519 5486 noluerunt.
3545 5431 3707 5499 Quod

2127 5537 2181 5581 et
2209 5526 2337 5582 Saul
2365 5539 2556 5594 passus
2581 5534 2664 5578 est
2689 5523 2751 5594 (1
2791 5523 2918 5593 Reg.
2969 5521 3176 5592 xxvtu)
3205 5539 3216 5572 :
3246 5535 3374 5576 cum
3401 5522 3548 5578 enim
3578 5519 3711 5575 Phi-

2127 5619 2349 5676 listliiim
2378 5617 2589 5689 agmina
2642 5615 3030 5679 reformidans,
3060 5612 3284 5669 verbum
3335 5612 3548 5670 Domini
3598 5625 3711 5668 non
