3910 6392
156 337 268 402 893

1078 345 1438 405 EXPOSITIO
1476 346 1702 405 SUPER
1733 346 2098 404 JEREMIAM.
2128 348 2350 407 —LIB.
2387 350 2478 409 VI.

155 455 450 512 meruisset
471 453 1050 526 accipere,couversus
1072 459 1139 514 ad
1162 460 1527 529 pytnonissam
1548 500 1563 524 ,
1585 467 1645 515 ut
1665 460 1734 515 ab
1758 481 1808 540 Α
1838 460 1999 526 idola,
2035 469 2093 516 et
2122 462 2176 516 in
2201 475 2268 515 eo
2291 477 2350 516 se
2381 468 2535 531 putat
2566 460 2702 516 iram
2733 460 2946 531 placare
2981 461 3098 529 Dei,
3127 462 3174 517 si
3202 462 3401 520 multas

155 545 320 602 idolis
365 545 619 610 disceret,
645 548 786 615 quod
810 548 1067 603 instantia
1101 549 1362 604 orationis
1405 564 1469 604 ac
1509 550 1730 605 ﬂetuum

1835 553 2036 607 hostias
2080 551 2320 606 immolet
2345 560 2400 605 et
2426 552 2686 623 gloriatur
2714 554 2768 608 iu
2795 553 3182 610 sacriﬁciorum
3211 554 3397 636 multi-

154 649 189 690 a
237 632 467 688 Domino
521 633 704 689 debuit
746 644 1087 706 extorquere.
1154 635 1258 691 Per
1294 638 1437 708 quod
1475 638 1733 693 discimus
1835 642 3004 712 tudine,quamalitiaspeccatorumauferre
3021 659 3124 700 non
3147 632 3396 715 possunt.

154 721 347 787 etiam,
375 723 420 776 si
443 721 698 778 Dominus
728 738 831 778 non
855 724 1186 798 exaudierit,
1233 741 1569 796 nequaquam
1611 743 1732 783 esse
1831 733 2121 804 Comparat
2139 741 2317 788 autem
2342 733 2704 801 Hierusalem,
2729 736 2843 791 sive
2872 751 3090 791 omnem
3142 737 3399 807 populum

155 811 512 877 cessandum,
558 827 658 868 nec
704 812 1116 884 confugiendum
1162 816 1232 870 ad
1279 815 1591 882 damones,‘
1637 819 1728 888 qui

151 903 393 960 cultores
443 919 570 959 suos
627 901 884 972 adjuvare
923 920 1030 961 non
1076 914 1321 976 pessunt,
1360 907 1452 962 sed
1508 909 1577 963 ad
1627 910 1731 965 Do-

152 994 290 1049 mini
345 994 646 1060 auxilium,
698 995 788 1066 qui
836 997 944 1051 cito
974 996 1145 1052 iratus
1166 995 1400 1052 ﬂectitur
1441 1007 1499 1053 et
1557 1008 1729 1054 mutat

152 1084 500 1150 sententiam,
517 1085 563 1141 si
575 1094 630 1141 et
651 1087 705 1142 hi
721 1087 916 1158 quibus
938 1088 1110 1145 iratus
1127 1089 1287 1145 fuerit
1307 1098 1723 1147 commuteutur.

153 1179 350 1234 Totum
371 1190 551 1235 autem
571 1182 890 1252 uunc,quod
906 1183 1118 1248 dicitur,
1143 1186 1210 1240 ad
1226 1184 1424 1239 tribum
1443 1183 1577 1239 Juda
1601 1199 1727 1255 per.-

149 1269 289 1327 tinet
314 1279 370 1325 et
400 1271 586 1326 urbem
611 1270 968 1339 Hierusalem,
1004 1274 1200 1342 quibus
1231 1273 1396 1328 instat
1418 1272 1722 1344 captivitas.

226 1377 247 1412 σ
291 1359 598 1416 Secundum
650 1361 796 1416 enim
849 1377 1132 1416 numerum
1179 1361 1460 1417 civitatum
1509 1370 1720 1420 tuarum

152 1465 174 1500 ι
217 1457 376 1504 erant
401 1451 474 1506 dli
502 1451 598 1516 tui,
619 1449 779 1517 Iuda,
804 1460 861 1506 et
885 1451 1179 1507 secundum
1209 1468 1488 1508 numerum
1513 1453 1719 1510 viarum

152 1557 173 1592 ι
219 1549 456 1604 tuarum,
472 1539 827 1606 Hierusalem,
847 1541 1072 1612 posuisti
1093 1557 1213 1597 aras
1226 1541 1555 1597 confusionis
1570 1543 1635 1598 ad
1659 1544 1721 1598 li-

149 1647 171 1680 s
215 1630 452 1684 bandum
482 1629 707 1685 Baalim.
751 1651 770 1684 ι
806 1630 1072 1703 Legamus
1093 1632 1326 1704 Regum,
1353 1632 1720 1702 Paralipome-

146 1732 254 1772 non
284 1717 450 1772 libros
475 1716 581 1787 (IV
610 1717 737 1790 Reg.
769 1735 896 1787 nt;
927 1720 995 1774 ΙΙ
1027 1719 1212 1776 Paral.
1237 1724 1455 1789 xxxml,
1488 1733 1544 1779 et
1567 1725 1716 1781 inve-

1830 821 2157 888 Judaorum,
2172 822 2326 879 oliva
2345 823 2582 893 pulchra
2605 833 2763 896 atque
2785 824 3094 890 fructifera,
3120 841 3240 895 qua
3253 825 3402 881 exal-

1834 922 1959 969 tata.
1989 930 2086 985 per
2128 915 2452 984 superbiam,
2520 911 2873 986 nequaquam'
2912 917 3024 986 egit
3080 917 3393 981 humiliter,

1829 1018 1930 1056 nec
1958 1000 2219 1057 intellexit
2252 1011 2551 1058 creatorem
2578 1013 2634 1058 et
2665 1003 3054 1060 dominatorem
3099 1021 3275 1070 suum,
3300 1006 3395 1062 sed

1828 1091 1966 1146 elata
2018 1106 2117 1162 per
2163 1093 2487 1162 superbiam,
2519 1101 2575 1148 et
2624 1093 2799 1148 locuta
2838 1095 3135 1164 granditer,
3185 1095 3398 1152 Domini

1828 1181 1952 1250 igne
1976 1196 2233 1238 succensa
2268 1191 2371 1248 est,
2404 1183 2478 1237 ita
2509 1193 2568 1238 ut
2613 1183 3060 1239 comburerentur
3097 1193 3152 1239 et
3191 1184 3400 1256 redige-

1828 1282 2019 1327 rentur
2067 1275 2134 1329 ad
2163 1272 2386 1327 nihilum
2424 1275 2560 1328 rami
2605 1275 2722 1329 sive
2769 1271 2968 1330 fruteta
3011 1275 3147 1345 ejus,
3195 1275 3246 1330 id
3286 1284 3394 1342 est,

1825 1363 2001 1418 omnis
2033 1363 2263 1433 populus
2287 1363 2720 1420 adversariorum
2750 1364 2928 1434 gladio
2964 1364 3252 1420 deleretur.
3295 1364 3396 1420 Hic

1824 1465 2016 1506 sensus
2041 1452 2178 1506 etin
2205 1450 2310 1506 alio
2336 1450 2454 1506 loco
2497 1451 2901 1522 scriptum'est,
2945 1453 3038 1508 ubi
3090 1438 3288 1508 di'citur
3324 1452 3392 1508 ad

1821 1540 2119 1596 Jerusalem
2147 1558 2161 1593 :
2191 1559 2209 1591 ε
2232 1540 2342 1609 Ego
2368 1548 2548 1594 autem
2569 1539 2802 1609 plantavi
2837 1550 2888 1596 te
2910 1541 3122 1597 vineam
3136 1541 3384 1606 electam,

1818 1647 1980 1688 omne
2001 1644 2184 1688 semen
2213 1645 2422 1696 verum,
2455 1632 2726 1700 quomodo
2763 1646 3013 1687 ~onversa
3061 1646 3122 1687 es
3167 1648 3220 1686 in
3259 1647 3386 1700 pra-

1819 1737 1968 1788 vum,
2009 1722 2166 1776 vinea
2210 1719 2421 1775 aliena?
2461 1740 2480 1772 ι
2514 1720 2739 1788 Quando
2766 1721 3113 1776 destruuntur
3140 1720 3389 1775 maceria

143 1807 357 1863 niemus
413 1807 606 1863 Judam
659 1817 716 1865 et
758 1809 1090 1867 Hierusalem
1132 1813 1302 1867 multo
1344 1828 1506 1883 quam
1552 1816 1715 1870 Israel
1746 1839 1792 1897 Β
1819 1810 1980 1874 illius,
2006 1817 2064 1864 et
2089 1819 2262 1864 vastat
2283 1823 2400 1864 eam
2424 1824 2553 1879 aper
2590 1809 2656 1865 de
2685 1809 2930 1874 silva,et
2972 1824 3160 1865 omnes
3205 1810 3390 1864 bestia

139 1896 328 1966 pejora
354 1896 580 1961 fecisse,
608 1906 670 1954 ut
689 1908 822 1968 quot
847 1900 1119 1956 habebant
1140 1902 1302 1958 urbes
1330 1911 1408 1957 tot
1456 1905 1719 1959 haberent
1749 1896 1756 1897 ί
1821 1901 2085 1956 devorant
2135 1899 2342 1954 fructus
2391 1899 2533 1953 illius
2562 1918 2575 1953 :
2622 1900 2864 1955 dicamus
2913 1900 3054 1955 istud
3093 1899 3388 1979 capitulum

135 1992 192 2039 et
215 1983 485 2040 idolorum
510 1986 736 2055 species,
771 1995 828 2042 et
850 1995 984 2056 quot
1005 1996 1162 2044 erant
1207 1989 1263 2045 in
1304 1991 1440 2046 urbe
1468 1991 1721 2047 Hierusa-
1820 1989 2153 2061 principibus
2177 1987 2533 2044 ecclesiarum
2565 2002 2584 2042 :
2627 2007 2644 2040 ε
2674 1988 2814 2056 Quid
2845 1996 2929 2043 est
2980 1989 3124 2058 quod
3161 1989 3390 2044 dilectus

135 2072 247 2127 lem
275 2072 466 2142 platea
507 2080 564 2127 et
587 2072 795 2129 viarum
845 2075 1044 2146 capita,
1076 2084 1156 2131 tot
1183 2078 1447 2133 baberent
1492 2095 1615 2134 aras
1660 2081 1716 2136 in
1818 2079 2046 2136 meusrin
2073 2079 2233 2135 domo
2256 2094 2375 2136 mea
2425 2078 2556 2164 fecit
2584 2079 2789 2134 scelera
2816 2079 3025 2134 multa?
3051 2097 3071 2133 ο
3113 2073 3204 2134 Vel
3242 2086 3390 2136 certe

133 2161 513 2218 confusionem
544 2177 722 2231 suam,
752 2165 805 2220 in
831 2165 1027 2236 quibus
1051 2166 1208 2223 idolis
1232 2167 1439 2222 Baalim
1469 2169 1716 2225 victimas
1817 2169 2074 2225 divitibus
2102 2170 2195 2240 qui
2222 2185 2356 2236 cum.
2391 2161 2568 2226 aliena
2598 2169 2874 2240 diripiant,
2904 2180 2962 2224 et
3005 2184 3113 2224 non
3141 2169 3394 2226 auferant

131 2253 501 2309 immolarent.
1815 2258 2048 2314 malitias
2077 2259 2256 2315 cordis
2276 2260 2405 2324 sui,
2433 2267 2625 2330 putant
2665 2274 2725 2313 se
2760 2257 2858 2314 Dei
2905 2258 3102 2314 mereri
3150 2257 3390 2313 clancu-

211 2361 233 2396 s
278 2342 360 2399 Tu
385 2358 513 2415 ergo
537 2343 646 2400 noli
683 2360 840 2402 orare
863 2360 963 2416 pro
998 2347 1194 2426 populo
1221 2347 1347 2412 hoc,
1370 2355 1426 2403 et
1453 2361 1521 2402 ne
1556 2362 1712 2404 assu-
1814 2349 1944 2404 tiam
1968 2366 1983 2404 :
2005 2369 2024 2402 ‹
2047 2348 2292 2418 Nunquid
2307 2364 2499 2404 carnes
2524 2356 2724 2404 sancta
2748 2348 2996 2404 auferent
3019 2361 3051 2402 a
3077 2355 3132 2404 te
3155 2346 3392 2423 malitias

131 2452 155 2488 ι
203 2447 325 2489 mas
346 2447 447 2507 pro
483 2433 563 2488 eis
586 2433 797 2489 laudem
823 2445 879 2490 et
898 2436 1222 2501 orationem,
1251 2436 1376 2505 quia
1411 2452 1519 2491 non
1540 2451 1712 2492 exau-
1813 2447 1955 2504 tuas,
1983 2440 2038 2494 in
2077 2439 2273 2509 quibus
2296 2438 2524 2507 gloriata
2545 2437 2642 2493 es?
2675 2456 2696 2489 ι
2727 2436 2798 2491 At
2819 2451 2964 2493 nunc
3007 2435 3221 2507 publice
3245 2433 3384 2490 reci-

131 2544 155 2580 s
195 2527 344 2584 diam
365 2526 421 2580 in
445 2534 685 2597 tempore
707 2527 956 2584 clamoris
978 2541 1166 2582 eorum
1190 2528 1258 2582 ad
1283 2542 1370 2582 me
1391 2527 1447 2582 in
1472 2536 1714 2598 tempore
1815 2535 1995 2590 tantur
2020 2524 2358 2591 od‘erentium
2381 2525 2619 2590 nomina,
2640 2533 2696 2579 et
2724 2524 3024 2595 redemptio
3040 2530 3387 2593 peccatorum

125 2615 440 2671 amictionis
492 2630 700 2671 eorum.
739 2636 758 2670 ι
796 2616 1111 2688 Pracipitur
1156 2617 1423 2681 Jeremia,
1470 2633 1539 2673 ne
1583 2618 1703 2674 velit

1813 2625 2053 2673 mutatur
2079 2616 2133 2672 in
2159 2615 2393 2680 laudem,
2419 2629 2522 2670 nec
2546 2614 2907 2670 meminerunt
2945 2613 3122 2668 vidua
3155 2612 3300 2667 illius
3328 2611 3385 2670 in

127 2722 237 2779 pro
263 2707 345 2762 eis
389 2707 677 2763 Dominum
721 2707 1033 2779 deprecari,
1065 2709 1119 2764 in
1165 2723 1301 2778 quos
1319 2708 1432 2778 jam
1460 2718 1542 2765 est
1581 2725 1711 2765 con-
1811 2707 2103 2778 Evangelio
2149 2705 2342 2778 (Marc.
2377 2705 2507 2776 xu),
2537 2720 2656 2774 qua
2691 2704 2745 2758 in
2784 2702 3228 2774 gazophylacium
3278 2701 3388 2758 duo

123 2804 402 2851 summata
431 2797 719 2852 sententia.
751 2797 828 2852 Ne
855 2797 1102 2854 videatur
1128 2798 1302 2853 oratio
1331 2798 1447 2868 ejus
1471 2797 1706 2863 inﬁrma,
1808 2813 1916 2854 ara
1946 2797 2231 2860 mittendo,
2253 2795 2494 2859 omnium
2519 2793 2745 2849 divitum
2769 2792 2901 2846 vicit
2921 2790 3169 2846 donaria.

125 2895 181 2944 et
197 2887 434 2958 propriis
447 2888 741 2943 sceleribus
756 2904 860 2943 non
881 2888 1146 2943 exaudiri.
1165 2887 1302 2951 Noli,
1327 2888 1521 2958 inquit,
1546 2902 1707 2943 orare
1884 2907 1903 2937 σ
1926 2886 1994 2942 Ει
2023 2886 2278 2941 Dominus
2301 2885 2660 2948 exercituum,
2679 2882 2770 2952 qui
2797 2881 3062 2952 plantavit
3087 2879 3387 2945 te,locutus

125 2992 232 3047 pro
270 2977 370 3039 eis,
401 2991 500 3032 nec
528 2976 738 3032 laudem
761 2993 1059 3044 assumere,
1088 2985 1148 3032 ut
1171 2978 1480 3047 replicando
1505 2979 1705 3035 veteris
1813 2996 1832 3029 ι
1872 2984 1958 3030 est
1991 2990 2154 3045 super
2183 2983 2236 3028 te
2278 2974 2503 3038 malum,
2541 2986 2640 3043 pro
2681 2970 2837 3026 malis
2880 2971 3073 3026 domus
3125 2968 3287 3024 lsrael
3330 2975 3387 3024 et

123 3066 374 3122 historia
404 3066 767 3131 clementiam,
791 3082 897 3135 qua
927 3081 1139 3136 semper
1169 3067 1251 3120 eis
1280 3066 1533 3122 misertus
1560 3081 1703 3131 sum,
1813 3082 1832 3116 ι
1878 3064 2070 3120 domus
2095 3051 2231 3117 Juda
2273 3077 2392 3132 qua
2419 3060 2664 3117 fecerunt
2686 3057 2787 3115 sibi
2825 3058 2892 3113 ad
2925 3056 3244 3113 irritandam
3272 3055 3385 3122 me,

122 3164 180 3216 et
211 3152 503 3249 laudando,
533 3169 708 3209 meam
738 3154 934 3210 nitaris
966 3162 1177 3210 mutare
1217 3156 1558 3211 sententiam.
1589 3155 1702 3212 Etsi
1730 3185 1776 3249 ρ
1813 3173 1832 3208 ι
1876 3154 2105 3249 libantes
2141 3153 2367 3249 Baalim.
2415 3169 2435 3206 ι
2491 3150 2962 3249 Οιίνεφ,“ἰηᾳιξίι,
2993 3149 3236 3249 uberem,
3256 3148 3382 3249 pul-

119 3243 274 3299 enim
302 3242 406 3297 hoc
437 3241 652 3308 feceris,
674 3259 779 3298 non
799 3243 1082 3299 exaudiam
1110 3259 1238 3310 eos,
1264 3245 1357 3315 qui
1383 3258 1471 3301 me
1509 3260 1699 3302 neces-
1736 3238 1776 3249 “
1809 3246 2018 3305 chram,
2044 3242 2464 3314 fructiferatn‘te
2485 3240 2700 3296 vocavit
2739 3238 3001 3293 Dominus
3049 3245 3175 3292 tuus
3219 3244 3384 3306 atque

122 3334 308 3389 sitatis
360 3343 598 3403 tempore
633 3349 826 3404 rogare
874 3344 1157 3405 coguntur.
1195 3335 1275 3390 Ex
1300 3337 1496 3405 quibus
1535 3337 1698 3392 disci-

121 3438 247 3479 mus
273 3420 478 3476 frustra
503 3421 736 3490 aliquem
786 3438 975 3496 rogare
998 3437 1098 3493 pro
1127 3423 1252 3488 alio,
1283 3438 1407 3479 cum
1455 3425 1544 3478 ille
1590 3441 1697 3480 non

121 3519 405 3566 mereatur
424 3510 691 3580 accipere,
717 3525 818 3581 pro
843 3527 950 3582 quo
978 3521 1196 3582 rogatur
1222 3512 1384 3567 Deus.
1669 3573 1681 3582 ,

195 3618 218 3652 σ
258 3599 402 3666 Quid
422 3608 508 3654 est
523 3599 666 3669 quod
694 3600 922 3656 dilectus
963 3614 1116 3655 meus
1145 3599 1200 3654 in
1226 3600 1387 3655 domo
1413 3615 1534 3656 mea
1566 3601 1696 3658 fecit

124 3707 143 3748 ς
189 3687 400 3750 εωιοη
437 3688 640 3743 ιηωωῖ
665 3687 919 3759 Nunquid
962 3703 1154 3745 carnes
1175 3697 1377 3744 sancta
1397 3689 1646 3746 auferent
1664 3706 1695 3746 a

125 3793 145 3831 σ
192 3783 245 3831 ta
287 3775 525 3836 malitias
570 3785 712 3844 tuas,
740 3777 796 3832 in
834 3776 1032 3848 quibus
1074 3777 1299 3849 gloriata
1340 3779 1438 3834 es?
1485 3778 1694 3836 Oiivam

126 3885 144 3920 ι
187 3866 439 3930 uberem,
464 3865 768 3935 pulchram,
793 3864 1161 3932 fructiferam,
1206 3867 1503 3937 speciosam
1531 3883 1694 3935 voea-

126 3969 145 4005 ι
192 3952 272 4006 vit
327 3949 585 4006 Dominus
635 3967 833 4014 nomen
873 3960 1042 4006 tuum.
1092 3953 1177 4008 Ad
1211 3968 1400 4009 vocem
1447 3955 1692 4024 loquela,

125 4059 143 4091 σ
177 4037 401 4109 grandis
433 4040 635 4098 exarsit
659 4039 794 4113 ignis
815 4039 968 4103 inea,
987 4039 1328 4097 etcombusta
1349 4049 1474 4095 sunt
1496 4042 1693 4098 fruteta

124 4146 143 4183 ι
187 4126 331 4197 ejus.
366 4146 386 4182 ι
428 4126 690 4183 Dilectum
721 4136 778 4184 et
802 4128 1229 4186 amantissimum
1256 4140 1412 4184 vocat
1439 4131 1693 4200 populum

116 4214 277 4282 Juda,
303 4216 398 4286 qui
441 4216 496 4271 in
537 4218 737 4289 templo
788 4217 906 4287 ejus
952 4218 1133 4290 posuit
1175 4227 1231 4275 et
1275 4207 1563 4277 veneratus
1610 4231 1694 4278 est

1806 3336 2085 3407 plantavit,
2111 3334 2207 3390 sed
2228 3334 2354 3404 quia
2385 3333 2453 3386 ad
2481 3346 2668 3388 vocem
2699 3329 2922 3399 loquela
2939 3327 3158 3399 grandis
3183 3325 3278 3382 Dei
3324 3323 3382 3380 in

1805 3434 1857 3481 te
1889 3424 2101 3480 flamma
2144 3423 2438 3486 descendit,
2477 3432 2534 3478 et
2581 3420 2913 3489 consumpsit
2967 3432 3155 3473 omnes
3197 3430 3380 3472 ramos

1803 3525 1954 3579 tuos,
1987 3522 2272 3584 propterea
2301 3514 2394 3582 qui
2428 3501 2853 3582 teplantavErat,
2876 3523 3019 3563 nunc
3041 3507 3250 3562 locutus
3293 3511 3380 3561 est

1799 3619 1963 3675 super
1983 3613 2036 3660 te
2072 3604 2296 3670 malum,
2331 3618 2437 3658 non
2461 3602 2743 3672 iniquitate
2769 3598 3068 3662 sententia,
3098 3612 3202 3652 nec
3230 3596 3379 3650 subi-

1803 3701 1855 3747 ta
1880 3693 2144 3763 pravitate
2165 3693 2450 3755 sermonis,
2475 3691 2568 3746 sed
2617 3704 2718 3760 pro
2760 3687 2918 3746 malis
2963 3701 3087 3757 qua
3131 3685 3379 3741 fecerunt

1777 3784 1902 3839 sibi
1936 3784 2128 3838 domus
2172 3782 2412 3838 lsraelet
2441 3783 2634 3838 domus
2677 3778 2833 3841 Iuda,
2861 3787 2916 3832 et
2963 3777 3202 3838 studiose
3251 3787 3378 3846 ego-

1799 3869 2192 3937 runt,libantes
2212 3871 2440 3934 Baalim,
2464 3878 2523 3924 ut
2549 3885 2635 3923 me
2656 3869 2725 3922 ad
2746 3864 3080 3920 iracundiam
3107 3877 3373 3933 provoca-

1800 3968 1939 4015 rent.
1960 3959 2201 4029 Cumque
2223 3958 2393 4028 possit
2409 3951 2550 4012 Deus
2572 3955 2748 4010 facere
2766 3967 2890 4025 qua
2905 3951 3039 4016 vult,
3055 3951 3230 4006 reddit
3245 3964 3374 4005 cau-

1801 4067 1891 4108 sas
1918 4063 1986 4106 ne
2015 4051 2193 4106 facere
2212 4043 2458 4105 videatur
2481 4047 2697 4115 injuste,
2728 4044 3021 4100 secundum
3062 4041 3193 4096 illud
3231 4040 3375 4108 quod

1797 4141 2055 4210 scriptum
2082 4147 2187 4204 est,
2225 4157 2244 4190 ι
2277 4145 2336 4193 ιιι
2367 4135 2677 4212 jtistiliceris
2723 4135 2777 4187 in
2833 4131 3172 4200 sermonibus
3230 4130 3367 4194 tuis,

1799 4237 1854 4283 et
1897 4228 2081 4283 vincas
2110 4242 2230 4282 cum
2248 4225 2510 4294 judicaris
2531 4222 2703 4294 (Paul.
2735 4221 2810 4293 ι).
2849 4239 2870 4274 ι

1370 4468 1670 4546 LIBER
1743 4467 2162 4545 SEXTUS.

185 4739 327 4795 Cum
351 4738 505 4809 plura
525 4738 774 4810 sintque
822 4741 876 4797 in
928 4743 1065 4797 libro
1103 4739 1351 4797 Ieremia
1390 4754 1581 4808 puram
1610 4739 2064 4802 bi-Ddiversam
2113 4738 2480 4795 narrationem
2528 4751 2671 4808 sape
2718 4752 2956 4809 persona
3003 4745 3256 4802 mutatur,
3306 4749 3366 4797 et

118 4833 350 4888 storiam
371 4839 635 4896 retexant,
655 4831 898 4901 plurave,
919 4846 1038 4902 qua
1062 4833 1347 4902 mysticam
1370 4832 1696 4902 interpreta-

116 4919 324 4974 tionem
380 4926 624 4986 quarant
667 4935 681 4972 :
717 4929 844 4975 sunt
880 4934 1094 4990 quoque
1121 4921 1263 4974 inter
1287 4920 1403 4976 hac
1432 4920 1692 4976 nonnulla

120 5019 238 5074 qua
275 5004 598 5081 dupliciter,
629 5006 733 5060 hoc
760 5016 867 5072 est,
909 5005 1065 5076 juxta
1110 5006 1392 5062 historiam
1440 5015 1496 5062 et
1534 5007 1692 5078 juxta

121 5093 435 5164 allegoriam
469 5093 690 5164 intelligi
726 5095 956 5172 valeant.
1003 5096 1244 5153 Prudens
1271 5096 1442 5151 lector
1469 5096 1696 5168 diligen-

121 5192 202 5237 ter
219 5183 570 5238 considerare
595 5183 775 5248 debet,
804 5185 946 5253 quod
971 5185 1257 5256 unicuique
1285 5186 1564 5241 sententia
1591 5185 1692 5241 rite

119 5272 430 5337 conveniat,
460 5280 516 5327 et
561 5272 641 5342 sic
683 5271 1012 5344 allegorizet,
1038 5285 1099 5329 ut
1125 5274 1406 5330 veritatem
1453 5274 1693 5330 historia

122 5376 224 5416 non
273 5363 490 5432 perdat,
514 5364 697 5434 sicque
738 5363 978 5440 historia
1022 5367 1301 5431 innitatur,
1332 5373 1391 5420 ut
1423 5365 1692 5435 allegoria

122 5449 409 5506 utilitatem
432 5452 484 5506 in
507 5453 640 5508 locis
660 5454 974 5524 opportunis
1001 5458 1246 5526 accipere
1282 5472 1384 5513 non
1415 5457 1647 5530 negligat
1673 5476 1685 5512 :

124 5539 386 5610 simulque
433 5544 729 5599 notandum
770 5546 913 5614 quod
947 5547 1220 5616 propheta
1265 5555 1322 5603 et
1346 5547 1538 5620 psalmi
1567 5548 1690 5605 ideo

125 5628 333 5692 obscuri
380 5639 530 5700 sunt,
555 5642 610 5691 et
635 5635 882 5692 difﬁciles
922 5635 988 5692 ad
1031 5636 1452 5712 intelligendum,
1481 5641 1606 5712 quia
1635 5641 1686 5698 in

1797 4829 1924 4884 dum
1964 4829 2135 4888 lector.
2174 4828 2243 4884 ad
2268 4827 2650 4903 alia‘attendit,
2676 4828 2856 4884 subito
2884 4830 2953 4910 ad
2993 4829 3097 4884 alia
3136 4831 3362 4912 rapitur,

1797 4924 1938 4995 quod
1973 4923 2027 4977 in
2057 4923 2239 4980 multis
2264 4922 2398 4979 locis
2434 4936 2602 4978 sacra
2629 4920 2942 4992 Scriptura,
2969 4939 3067 4978 nec
3096 4939 3200 4978 non
3226 4925 3360 4979 etin

1795 5014 2047 5087 prasenti
2074 5014 2196 5070 loco
2226 5014 2489 5084 probatur
2515 5031 2530 5068 :
2554 5012 2682 5082 quia
2706 5012 2832 5068 dum
2864 5012 3129 5082 Propheta
3159 5027 3225 5067 ex
3249 5027 3364 5068 ser-

1774 5119 1955 5169 mone
1983 5104 2200 5165 Domini,
2218 5102 2408 5159 ludam
2431 5118 2529 5173 pro
2541 5102 2832 5158 sceleribus
2855 5103 2969 5158 suis
2988 5111 3044 5157 et
3066 5103 3362 5159 idololatria

1798 5195 2078 5264 corripuit,
2106 5209 2397 5265 vocemque
2424 5192 2635 5248 Domini
2687 5192 2758 5247 ad
2801 5206 2862 5248 se
2892 5191 3088 5248 factam
3136 5200 3364 5247 testatus

1780 5293 1880 5344 est
1904 5287 2278 5356 prohibentem
2306 5300 2466 5341 orare
2491 5299 2590 5354 pro
2608 5283 2825 5354 populo,
2845 5298 2912 5338 eo
2948 5282 3088 5351 quod
3113 5280 3364 5352 indignus

1796 5377 1868 5432 sit
1890 5377 2066 5443 venia,
2107 5364 2323 5446 repente
2366 5374 2433 5430 ad
2454 5373 2652 5430 Christi
2674 5373 3008 5444 passionem
3029 5371 3358 5428 narrandam

1774 5467 1896 5526 .sub
1922 5482 2018 5522 sua
2041 5482 2267 5538 persona
2295 5481 2353 5522 se
2379 5465 2604 5544 contulit
2631 5464 2815 5519 dicens
2849 5481 2863 5517 :

1871 5572 1891 5608 σ
1936 5555 2014 5610 T‘u
2043 5566 2240 5620 autem,
2272 5555 2513 5638 Domine,
2543 5551 2922 5609 demonstrasti
2945 5551 3074 5606 mibi
3087 5558 3140 5606 et
3164 5563 3362 5620 cogno-

1799 5664 1818 5697 ι
1863 5645 1936 5711 vi,
1969 5654 2023 5701 tu
2047 5655 2223 5701 autem
2266 5645 2544 5703 ostendisti
2573 5643 2706 5701 mihi
2730 5643 2902 5700 studia
2926 5657 3114 5699 eorum
3141 5659 3153 5695 :
3185 5648 3240 5696 ct
3259 5652 3363 5709 ego
