3910 6344
506 320 609 376 895

1232 324 1483 381 RABANI
1521 324 1740 384 MAURI
1776 326 2095 384 ARCHIEP.
2137 328 2444 388 MOGUNT.
2488 331 2775 390 OPERUM
2808 335 2988 393 PARS
3022 337 3109 393 Ill.

3667 341 3768 399 896

510 446 529 478 ι
575 428 727 497 quasi
753 441 1270 500 agnusmansuetus,
1297 436 1386 503 qui
1417 446 1664 505 portatur
1691 438 1758 492 ad
1786 439 2085 504 victimam,
2114 442 2164 501 Α
2193 451 2391 497 terram
2422 459 2527 498 non
2577 447 2788 502 exierat
2829 463 2992 504 sonus
3041 449 3180 520 ejus,
3207 465 3403 521 postea
3423 467 3554 510 vero
3601 471 3766 525 quam

511 536 531 568 ι
579 527 634 573 et
661 535 766 573 non
815 521 1065 591 cognovi,
1095 523 1223 592 quia
1253 538 1416 594 super
1444 542 1528 580 me
1559 528 1930 598 cogitaverunt
1956 545 2086 584 con-

510 626 528 657 l
575 607 716 673 silia,
743 610 1018 665 dicentes:
1051 610 1324 669 Mittamus
1363 615 1563 686 lignum
1619 619 1671 672 in
1715 634 1909 687 panem
1944 621 2084 690 ejus,

511 719 529 750 ι
577 711 630 755 et
657 708 1003 756 eonteramus
1031 704 1251 760 eum.de
1281 703 1428 761 terra
1456 709 1768 773 viventium,
1797 719 1856 764 et
1890 725 2084 766 nomen

435 803 440 807 '
511 808 529 838 ι
577 790 694 858 ejus
722 808 829 846 non
871 805 1204 868 memoretur
1237 799 1487 868 amplius;
1512 800 1593 854 Tu
1623 810 1831 865 autem,
1857 802 2085 858 Domine

508 899 526 930 ι
573 879 829 945 Sabaoth,
857 884 945 951 qui
972 865 1182 953 judicas
1200 865 1367 954 juste,
1390 897 1443 942 et
1462 890 1660 960 probas
1686 905 1858 953 renes,
1889 900 1945 945 et
1967 907 2079 954 cor,

504 991 521 1022 τ
570 972 780 1026 videam
814 974 1070 1030 ultionem
1125 987 1270 1031 tuam
1313 994 1379 1034 ex
1414 980 1526 1044 eis,
1550 980 1646 1034 tibi
1674 981 1817 1035 enim
1848 982 2082 1037 revelavi

499 1082 516 1111 ι
571 1077 791 1118 causam
842 1077 1039 1131 meam,
1065 1068 1299 1123 Domine
1342 1069 1483 1125 Deus
1538 1086 1709 1126 meus.
1747 1091 1766 1124 ι
1812 1071 2081 1143 (Ηὶει-οη.)

501 1147 755 1206 Omnium
806 1153 1173 1216 Ecclesiarum
1227 1158 1329 1212 iste
1389 1175 1687 1214 consensus
1727 1170 1833 1225 est,
1878 1170 1938 1215 ut
1984 1162 2084 1217 sub

500 1254 734 1310 persona
779 1241 1030 1299 Ieremia:
1100 1261 1130 1299 a
1175 1247 1391 1302 Christo
1440 1249 1555 1306 haec
1604 1250 1708 1304 dici
1757 1247 2082 1321 intelligant,

499 1331 642 1411 quod
683 1341 837 1400 pater
863 1333 914 1387 ei
952 1338 1334 1391 monstraverit
1355 1340 1622 1407 quomodo
1668 1355 1791 1395 eum
1832 1353 2085 1411 oporteat

499 1410 670 1490 loqui,
701 1411 758 1476 ει
793 1427 1095 1480 ostenderit
1142 1427 1216 1482 illi
1244 1430 1440 1484 studia
1487 1429 1816 1500 Judzeorum,
1867 1410 1923 1490 et
1967 1436 2081 1506 ipse

498 1511 653 1585 quasi
687 1527 858 1580 agnus
884 1515 1079 1591 ductus
1104 1517 1172 1571 ad
1184 1518 1498 1584 Victimam,
1524 1537 1629 1576 non
1658 1527 1994 1591 apereruerit
2020 1543 2083 1584 os

493 1617 654 1655 suum
680 1644 695 1666 ,
714 1603 777 1658 'et
825 1621 930 1658 non
973 1598 1313 1677 cognoverit,
1342 1612 1724 1679 subaudiatur,
1755 1626 2035 1685 peccatum
2063 1636 2078 1674 :

499 1702 645 1752 mxta
695 1693 824 1749 illud
864 1697 1006 1764 quod
1051 1698 1120 1752 ab
1171 1700 1426 1768 Apostulo
1472 1701 1712 1758 dicitur:
1753 1725 1771 1756 ι
1817 1709 2080 1774 Quicum

2187 532 2476 601 assumpsit
2500 525 2870 593 fortitudinem
2913 554 3010 608 per
3039 533 3266 609 lignum,
3291 552 3420 598 tunc
3461 545 3514 598 in
3543 545 3769 599 univer—

2185 609 2305 677 sum
2333 624 2518 678 orbem
2551 627 2816 695 passionis
2865 628 2982 699 ejus
3027 631 3410 688 disseminatus
3450 642 3536 689 est
3563 651 3770 690 sermo.

2182 715 2241 768 lu
2286 712 2440 780 cujus
2493 714 2664 785 figura
2718 725 2771 771 et
2827 734 2965 788 aqua
3010 719 3064 772 in
3119 721 3360 791 Veteteri
3419 722 3774 780 Testamento

2186 803 2252 857 ad
2282 812 2481 858 tactum
2523 805 2650 877 ligni
2698 807 2870 863 dulcis
2915 808 3104 864 effecta
3135 820 3236 864 est.
3288 811 3402 881 Ego
3435 814 3636 884 quippe
3682 815 3772 871 aio

2184 893 2356 965 legem
2401 911 2507 950 non
2551 896 2874 952 intellectam
2918 915 3159 954 amaram
3209 915 3402 970 aquam
3446 918 3592 966 esse,
3639 919 3769 958 cum

2184 993 2365 1039 autem
2395 986 2607 1040 venerit
2643 981 2856 1057 lignum
2873 987 2998 1043 Jesu
3032 991 3254 1055 Christi,
3282 1001 3339 1046 et
3366 1007 3549 1047 sermo
3574 992 3772 1048 Salva-

2186 1079 2318 1133 toris
2359 1082 2463 1133 mei
2515 1071 2856 1135 descenderit
2895 1081 2949 1135 in
2998 1097 3143 1148 eam,
3175 1091 3304 1138 tunc
3352 1083 3674 1140 dulcoratur
3721 1095 3770 1141 et

2185 1170 2245 1224 fit
2269 1171 2575 1226 suavissimi
2607 1173 2834 1242 saporis,
2860 1173 3134 1228 intellecta
3162 1174 3367 1243 pariter
3391 1184 3445 1229 et
3483 1175 3630 1230 lecta
3684 1178 3771 1232 lex

2185 1258 2373 1329 Moysi.
2416 1260 2666 1316 Dieentes
2700 1262 2882 1332 igitur,
2918 1281 2936 1313 ι
2975 1260 3167 1317 Venite
3189 1303 3205 1328 ,
3251 1264 3532 1318 mittamus
3563 1265 3771 1336 lignum

2185 1347 2239 1400 in
2262 1362 2452 1416 panem
2475 1347 2612 1417 ejus,
2640 1370 2657 1400 ι
2685 1337 2848 1404 etiam
2877 1351 2978 1407 hoc
2995 1351 3201 1406 addunt
3229 1371 3241 1406 :
3290 1373 3307 1404 ι
3340 1363 3395 1409 et
3419 1363 3775 1411 conteramus

2184 1453 2306 1493 eum
2329 1454 2358 1491 a
2384 1447 2526 1492 terra
2555 1440 2877 1505 viventium,
2902 1451 2954 1496 et
2986 1457 3181 1498 nomen
3209 1443 3326 1513 ejus
3358 1459 3467 1499 non
3499 1459 3772 1499 memora-

2184 1529 2332 1583 bitur
2355 1529 2604 1598 amplius.
2636 1549 2655 1581 ι
2687 1529 2777 1585 Sic
2800 1531 2947 1586 illum
2975 1532 3369 1599 interfecerunt
3384 1536 3541 1605 quasi
3573 1551 3771 1590 nomen

2179 1619 2301 1690 ejus
2325 1621 2540 1690 penitus
2570 1621 2891 1676 eraderent:
2925 1623 3024 1677 sed
3046 1621 3206 1679 Iesus
3229 1626 3332 1680 scit
3352 1640 3522 1695 quare
3552 1636 3611 1679 et
3637 1643 3772 1696 quo-

2187 1710 2348 1764 modo
2387 1707 2680 1779 moriatur.
2706 1710 2935 1780 Propter
2984 1714 3125 1781 quod
3163 1714 3242 1767 ait
3275 1732 3287 1767 :
3335 1734 3353 1765 ι
3395 1714 3508 1769 Nisi
3539 1731 3772 1786 granum

502 1795 606 1834 non
632 1785 977 1853 “cognovisset
1023 1796 1327 1855 peccatum,
1357 1805 1456 1859 pro
1485 1793 1641 1848 nobis
1675 1790 1964 1865 peccatum
1998 1799 2080 1854 fa-
2110 1786 2154 1845 Β
2183 1797 2439 1854 frumenti
2480 1801 2681 1865 cadens
2729 1801 2783 1854 in
2812 1804 3016 1858 terram
3063 1785 3568 1871 mortuum'fuerit,
3597 1808 3770 1876 ipsum

501 1880 620 1924 ctus
668 1872 885 1942 est.(ll
924 1873 1044 1928 Cor.
1074 1874 1160 1947 v);
1210 1896 1229 1929 ι
1273 1887 1326 1933 et
1377 1881 1612 1937 dixerint
1654 1896 1740 1937 τ’(
1802 1887 2083 1948 Mittamus
2121 1957 2124 1959 Α

502 1958 702 2048 lignum
730 1961 784 2014 i'n
805 1978 998 2032 panem
1021 1963 1169 2033 ejus,
1203 1986 1221 2017 ι
1259 1983 1476 2026 crucem
1506 1972 1757 2029 videlicet
1794 1977 1849 2030 in
1885 1993 2083 2048 corpus

503 2046 821 2113 Salvatoris.
855 2051 973 2123 Ipse
995 2067 1078 2131 est
1108 2058 1252 2113 enim
1277 2062 1368 2130 qui
1395 2061 1472 2115 ait
1501 2082 1515 2116 :
1563 2081 1582 2112 ‹
1621 2063 1732 2134 Ego
1757 2080 1877 2120 sum
1902 2046 2080 2137 panis,

501 2142 592 2210 qui
625 2143 692 2198 de
724 2144 862 2200 cwlo
900 2147 1152 2203 descendi
1190 2151 1370 2220 (Joan.
1405 2154 1556 2224 v1)“:
1589 2154 1658 2208 Et
1693 2175 1711 2207 ι
1742 2145 2084 2217 eradieemus

505 2231 640 2301 (sive
663 2237 1028 2312 center-anius)
1042 2253 1162 2291 eum
1181 2239 1246 2294 de
1267 2249 1410 2295 terra
1428 2243 1720 2314 viventium
1747 2265 1759 2300 :
1784 2249 1926 2304 (hoc
1937 2251 2083 2306 enim

504 2320 682 2375 scelus
702 2323 884 2378 animo
908 2325 1302 2393 cogitaverunt,
1332 2339 1390 2385 ut
1410 2346 1602 2387 nomen
1623 2333 1741 2402 ejus
1758 2336 2002 2394 delerent
2028 2340 2084 2396 in

501 2418 838 2502 perpetuum.
870 2408 1067 2488 (0n'g.)
1088 2416 1144 2471 Si
1169 2418 1262 2474 Dei
1286 2422 1494 2491 eloquia
1520 2424 1644 2480 s'unt
1664 2427 1716 2482 in
1741 2427 1860 2502 lege
1883 2440 1939 2485 et
1963 2447 2086 2502 pro-

504 2501 702 2604 phetis,
726 2506 1020 2604 evangeliis
1040 2517 1094 2562 et
1114 2513 1386 2578 apostolis,
1411 2525 1624 2585 oportet
1645 2501 1975 2595 discipulum
1988 2524 2083 2582 Dei
2119 2527 2122 2529 ’

503 2591 806 2646 divinorum
842 2591 1520 2673 s'err'nonum,magistrum
1577 2608 1744 2662 Deum
1789 2591 2081 2673 ascribere.

511 2697 530 2730 ι
576 2679 676 2747 Qui
698 2674 844 2736 enim
867 2684 1022 2740 docet
1049 2688 1319 2746 hominem
1343 2694 1624 2751 scientiam
1652 2695 1824 2769 (Psal.
1848 2702 2024 2773 xcm),
2059 2722 2078 2755 ι

503 2771 798 2854 secundum
850 2774 1184 2842 psalmistam
1216 2781 1371 2838 Deus
1413 2794 1514 2843 est.
1568 2771 2085 2865 Salvatorlquoque

504 2860 752 2928 perhibet
791 2865 1156 2923 testimonium
1206 2873 1409 2928 nullum
1454 2879 1653 2936 debere
1675 2897 1837 2952 super
1882 2860 2085 2943 terram

504 2950 821 3019 magistrum
852 2960 1167 3026 nuncupari,
1195 2962 1379 3020 dicens
1404 2983 1416 3019 :
1451 2986 1468 3016 ι
1499 2968 1565 3021 Et
1589 2985 1682 3025 vos
1706 2950 1870 3028 nolite
1889 2991 2085 3035 vocare

505 3039 822 3127 magistrum
849 3060 1013 3112 super
1037 3057 1254 3112 terram,
1286 3069 1424 3110 unus
1442 3059 1639 3127 quippe
1665 3055 1749 3116 eet
1773 3074 1950 3120 vester
1976 3084 2086 3126 ma-

2182 1889 2354 1945 solum
2387 1898 2598 1955 manet,
2638 1891 2686 1947 si
2715 1907 2844 1948 vero
2869 1903 3141 1957 mortuum
3188 1895 3353 1952 fuerit
3375 1887 3629 1952 multum
3656 1898 3770 1952 fru-

2183 1987 2327 2033 ctum
2355 1979 2511 2034 aff'ert
2538 1979 2720 2052 (Joan.
2749 1982 2870 2053 xu).
2902 2002 2920 2034 ι
2963 1984 3108 2056 Ergo
3133 2001 3283 2039 mors
3307 1985 3433 2040 Jesu
3479 1989 3630 2057 spica
3660 1987 3772 2042 fru-

2184 2069 2346 2122 menti
2384 2068 2526 2123 fa'cta
2550 2077 2655 2135 est,
2686 2062 2989 2141 septuplum
3031 2080 3087 2129 et
3128 2074 3300 2128 multo
3327 2076 3563 2145 amplius
3610 2079 3769 2131 resti-

2185 2166 2363 2224 tuens,
2384 2174 2546 2228 quam
2568 2159 2745 2213 fuerat
2770 2161 3113 2216 seminatum.
3139 2163 3195 2217 Si
3219 2172 3398 2218 autem
3417 2181 3570 2219 mors
3593 2174 3771 2220 tantas

2184 2250 2363 2304 attulit
2388 2249 2589 2320 fruges,
2619 2253 2951 2307 resurrectio
2982 2252 3136 2322 cujus
3159 2253 3336 2308 futura
3364 2263 3449 2310 est
3475 2255 3772 2312 ubertatis?

2183 2336 2299 2393 Non
2316 2349 2397 2394 est
2413 2339 2574 2410 igitur
2597 2341 2846 2396 Salvator
2868 2352 3051 2398 noster
3063 2345 3351 2407 contritus,
3365 2346 3482 2399 sive
3493 2361 3686 2418 erasus
3707 2347 3772 2402 de

2186 2437 2328 2483 terra
2351 2429 2670 2495 viventium,
2685 2445 2858 2500 neque
2872 2431 3130 2486 memoria
3143 2431 3261 2501 ejus
3278 2433 3458 2487 ablata
3475 2434 3543 2488 de
3561 2450 3770 2490 memor

2184 2521 2263 2576 ria
2293 2506 2547 2575 fidelium.
2574 2519 2844 2591 (Ηίενυη.)
2873 2521 2977 2576 Sed
3000 2523 3306 2577 econtrario
3322 2521 3478 2591 juxta
3505 2524 3771 2593 assumpti

2185 2613 2428 2681 corporis
2455 2621 2850 2667 sacramentum
2880 2613 3120 2683 loquitur
3147 2613 3316 2670 Filius
3344 2616 3412 2670 ad
3445 2615 3692 2679 Patrem,
3720 2627 3773 2670 et

2184 2703 2514 2773 imprecatur
2526 2701 2787 2771 judicium
2817 2701 3098 2772 ejus,dum
3125 2703 3308 2759 laudat
3330 2704 3604 2775 justitiam
3632 2706 3768 2776 ejus,

2183 2801 2240 2847 et
2266 2792 2621 2861 inspectorem
2664 2792 2810 2846 renis
2835 2801 2890 2847 et
2916 2793 3095 2848 cordis
3122 2793 3338 2848 invocat
3364 2794 3531 2849 Deum
3561 2803 3628 2848 ut
3655 2795 3770 2864 ipse

2185 2883 2375 2937 reddat
2410 2882 2606 2952 populo
2631 2887 2772 2952 quod
2802 2892 3062 2949 meretur,
3085 2892 3141 2938 et
3164 2884 3313 2950 dicit,
3346 2887 3558 2940 videam
3607 2886 3788 2940 ultio—.

2187 2984 2308 3042 nem
2335 2979 2479 3025 tuam
2527 2987 2593 3026 ex
2636 2972 2734 3036 eis,
2784 2987 2971 3026 eorum
3020 2972 3268 3027 videlicet
3313 2973 3405 3042 qui
3457 2975 3512 3027 in
3560 2975 3771 3030 scelere

2188 3039 2569 3131 perseverant,
2599 3070 2654 3116 et
2681 3076 2784 3115 non
2829 3076 3015 3117 eorum
3049 3063 3142 3132 qui
3171 3039 3452 3118 vertuntur
3479 3064 3545 3118 ad
3595 3066 3771 3135 pomi-

503 3126 691 3194 gister,
722 3129 881 3223 Pater
915 3135 1080 3203 quiin
1111 3140 1263 3195 etelis
1286 3153 1371 3197 est
1392 3125 1606 3214 (Martii.
1641 3151 1820 3223 xxm).
1857 3173 1877 3206 ι
1923 3154 2083 3213 Pater

2189 3125 2434 3206 tentiam.
2458 3151 2534 3206 De
2561 3151 2664 3205 illis
2689 3152 2766 3206 ait
2794 3152 2845 3205 in
2894 3125 3094 3208 cruce":
3141 3173 3158 3204 ι
3190 3153 3386 3218 Pater,
3413 3125 3636 3221 ignosce
3667 3158 3767 3218 eis,

505 3227 687 3273 autem
714 3222 805 3289 qui
829 3233 910 3276 est
937 3226 989 3278 in
1030 3228 1182 3283 cmlis
1217 3234 1396 3288 erudit
1421 3236 1667 3293 homines
1710 3222 1825 3296 sive
1865 3258 1964 3312 per
2003 3260 2086 3310 se,

505 3308 620 3363 sive
640 3325 738 3378 per
754 3312 968 3379 Filium,
992 3317 1104 3372 sive
1127 3335 1223 3389 per
1260 3321 1518 3392 Spiritum
1548 3339 1812 3386 sanctum.
1833 3308 1899 3388 Et
1935 3346 1994 3390 ut
2020 3308 2087 3393 ad

506 3400 716 3454 minora
750 3404 1068 3461 veniamus:
1096 3411 1272 3466 erudit
1319 3428 1414 3484 per
1459 3415 1705 3486 Paulum,
1758 3423 1937 3478 erudit
1991 3441 2089 3495 per

503 3486 757 3574 Petrum,
785 3507 899 3561 per.
937 3495 1119 3550 alium'
1151 3493 1446 3567 quemlibet
1482 3515 1794 3564 sanctorum
1827 3527 1842 3565 :
1877 3486 2085 3570 tantum

503 3575 648 3630 Deus
667 3579 921 3647 spiritus,
952 3591 1008 3637 et
1047 3585 1190 3640 Deus
1218 3603 1408 3648 sermo
1449 3591 1739 3650 descendat
1774 3596 1831 3654 et
1873 3600 2083 3658 doceat.

506 3661 618 3754 Cur
658 3668 774 3721 hanc
815 3668 1087 3725 diximus?
1122 3675 1373 3733 videlicet
1419 3689 1474 3734 et
1514 3684 1638 3751 quia
1670 3668 1938 3754 Propheta
1969 3691 2082 3744 ait:

511 3769 533 3804 ι
577 3752 772 3809 Notum
813 3759 943 3812 mihi
967 3758 1070 3826 fac,
1102 3762 1346 3832 Domine,
1371 3777 1426 3822 et
1467 3752 1862 3840 cognoscam.‘-i
1903 3777 2087 3847 Neque

511 3843 840 3901 enim~scire
860 3861 1079 3924 possum
1112 3851 1308 3907 nisiut
1344 3863 1397 3908 tu
1431 3857 1563 3911 mihi
1612 3861 1938 3918 revelaveris
1963 3882 1975 3917 :
1999 3843 2086 3921 sin

507 3941 686 3986 autem
717 3935 1121 3993 demonstrante
1159 3948 1213 3995 te
1246 3952 1472 4010 potuero
1502 3961 1659 4002 nosse
1685 3950 1828 4017 quod
1878 3955 2082 4019 nescio,

503 4026 634 4086 tunc
656 4022 848 4083 videbo
888 4024 1245 4102 cogitationes-
1284 4020 1633 4099 siugulorum,
1662 4045 1718 4089 et
1761 4053 2082 4108 cognoscam

503 4111 631 4180 quid
671 4114 1039 4183 unusquisque
1066 4126 1240 4185 gerat,
1281 4128 1336 4173 et
1370 4122 1523 4190 cujus
1565 4126 1636 4177 sit
1665 4127 1930 4184 voluntas.
1972 4131 2084 4197 Hoc

503 4199 644 4266 quod
670 4199 923 4263 infertur,
961 4220 980 4251 ι
1018 4204 1226 4270 venite,
1265 4225 1284 4257 ι
1339 4207 1621 4276 inquiunt,
1659 4230 1678 4261 ι
1715 4213 1992 4272 mittamus
2020 4220 2086 4274 li-

510 4302 671 4356 gnum
697 4289 748 4340 in
781 4304 972 4356 panem
994 4291 1132 4359 ejus,
1159 4311 1178 4343 ι
1218 4293 1397 4348 nimiae
1425 4296 1757 4355 difﬁcultatis
1779 4305 2084 4362 est.'Panis

505 4375 632 4432 Jesu
666 4393 772 4445 quo
801 4379 1103 4445 nutrimur,
1136 4395 1314 4435 sermo
1344 4382 1458 4451 ejus
1491 4386 1902 4457 interpretatur.
1945 4394 2079 4461 Quia

508 4466 673 4534 igitur
692 4467 920 4520 docente
948 4482 1033 4532 eo,
1058 4467 1344 4523 voluerunt
1367 4473 1582 4540 quidam
1605 4479 1856 4532 scandala
1876 4466 2134 4549 ponere;

507 4557 766 4632 doctrina:
781 4555 918 4624 ejus,
939 4557 1316 4628 crucifigentes
1339 4575 1485 4627 eum,
1515 4563 1767 4620 dixerunt
1791 4583 1805 4619 ;
1840 4569 2080 4638 «Venite,

506 4645 786 4701 mittamus
823 4647 1025 4715 lignum
1050 4649 1104 4700 in
1127 4663 1321 4718 panem
1343 4649 1477 4718 ejus.
1509 4670 1530 4704 ι
1573 4651 1709 4717 Cum
1735 4657 1878 4710 enim
1916 4662 2083 4716 verbo

505 4735 631 4789 Jesu
678 4745 732 4790 et
766 4735 1062 4804 disciplinae
1096 4735 1212 4805 ejus
1234 4738 1578 4810 coniungitur
1604 4744 1847 4814 magistri
1869 4749 2084 4803 crucifi-

506 4825 618 4888 xio,
651 4825 705 4878 in
731 4840 928 4894 panem
953 4826 1155 4898 lignum
1197 4826 1450 4884 mittitur.
1483 4832 1550 4887 Et
1584 4833 1658 4888 illi
1687 4836 1903 4904 quidem
1947 4837 2083 4894 insi-

506 4914 721 4969 diantes
750 4917 950 4981 dicant,
976 4937 993 4970 ‹
1024 4920 1204 4975 venite
1232 4930 1287 4976 et
1308 4923 1584 4979 mittamus
1599 4925 1872 4997 lignumin
1889 4945 2086 5000 panem

511 5003 650 5074 ejus.
675 5025 693 5055 ι
720 5007 830 5076 Ego
844 5023 973 5063 vero
986 5010 1302 5068 admirabile
1317 5015 1566 5084 quiddam
1582 5014 1830 5074 inferam.
1854 5019 2084 5091 Lignum

506 5101 730 5155 missum
749 5103 800 5155 iu
818 5118 955 5172 pane
968 5103 1084 5171 ejus
1105 5121 1298 5174 panem
1315 5107 1750 5167 fecitmeliorem.
1765 5113 2084 5183 Exemplum

506 5189 702 5259 accipe
741 5191 808 5244 de
852 5190 971 5261 lege
1007 5192 1194 5262 Moysi.
1246 5195 1396 5251 Sicut
1438 5199 1639 5269 lignum
1681 5201 1824 5270 quod
1858 5203 2083 5257 missum

504 5286 588 5332 est
634 5281 688 5332 in
727 5294 968 5334 amaram
1008 5297 1236 5351 aquam,
1273 5284 1397 5340 fecit
1437 5289 1580 5343 illam
1611 5289 1860 5345 dulcem:
1892 5291 1974 5346 sic
2017 5292 2083 5346 li-

505 5378 670 5434 gnum
693 5370 959 5435 passionis
985 5367 1109 5424 Jesu
1159 5371 1356 5427 Christi
1402 5361 1644 5431 missum'
1672 5378 1725 5431 in
1778 5378 2081 5434 doctrinam

505 5454 643 5522 ejus,
673 5455 799 5511 fecit
826 5474 1019 5527 panem
1046 5462 1193 5525 illius
1214 5464 1530 5536 dulciorem,
1562 5478 1688 5523 ante
1726 5471 1870 5524 enim
1916 5475 2080 5539 quam

505 5546 893 5606 immitteretur
919 5552 1120 5623 lignum
1140 5557 1193 5610 in
1218 5573 1411 5627 panem
1447 5560 1580 5630 ejus,
1608 5566 1822 5634 quando
1847 5573 2074 5620 tantum-

503 5639 662 5696 modo
700 5642 856 5712 panis
890 5652 1023 5710 erat,
1052 5656 1107 5700 et
1136 5664 1241 5704 non
1285 5660 1401 5708 erat
1437 5652 1657 5727 lignum,
1687 5655 1742 5711 in
1765 5655 2072 5713 universam

2174 3243 2332 3310 quod
2359 3243 2505 3296 enim
2538 3240 2740 3296 faciunt
2764 3242 3011 3297 nesciunt
3033 3241 3182 3313 (Luc.
3208 3242 3371 3312 xxv),
3402 3263 3421 3295 ι
3450 3245 3770 3316 revelatque

2189 3331 2333 3386 Patri
2361 3339 2415 3384 et
2440 3331 2616 3400 aperit
2640 3344 2859 3385 causam
2889 3345 3063 3396 suam,
3081 3331 3207 3401 quia
3229 3330 3376 3386 nullo
3399 3347 3495 3386 suo
3541 3337 3764 3400 merito,

2188 3420 2280 3474 sed
2304 3418 2511 3474 scelere
2560 3418 2740 3488 populi
2796 3418 3089 3475 crucifixus
3142 3427 3243 3484 est,
3287 3420 3518 3475 dicens:
3556 3440 3578 3471 ι
3625 3423 3768 3479 Ecce

2186 3510 2336 3565 venit
2381 3511 2630 3580 princeps
2657 3511 2838 3566 mundi
2868 3509 3047 3579 hujus,
3076 3520 3133 3566 et
3165 3512 3368 3566 invenit
3415 3513 3468 3567 in
3507 3529 3596 3573 me
3629 3517 3766 3570 nihil

2187 3599 2369 3669 (Joan.
2414 3600 2546 3670 xlv).
2593 3621 2611 3652 ι
2642 3599 2812 3658 Judaai
2851 3608 2905 3653 et
2943 3602 3117 3655 nostri
3156 3601 3493 3671 judaizantes
3531 3602 3654 3658 bare
3702 3620 3767 3658 ex

2186 3705 2415 3758 persona
2446 3691 2692 3744 Jeremize
2721 3692 2825 3745 dici
2852 3691 3176 3760 intelligunt,
3197 3693 3288 3761 qui
3316 3703 3532 3762 propter
3562 3695 3764 3748 vatici-

2186 3778 2333 3830 nium
2358 3775 2657 3831 futurorum
2680 3786 2735 3830 et
2757 3777 3056 3847 ingruentia
3092 3780 3419 3847 captivitatis
3448 3779 3582 3834 mala
3602 3823 3619 3846 ,
3655 3784 3770 3836 hare

2179 3877 2307 3917 eum
2355 3880 2383 3916 a
2443 3865 2639 3933 populo
2692 3866 3011 3922 sustinuisse
3051 3866 3396 3921 confirmant.
3443 3867 3548 3922 Sed
3577 3871 3768 3925 nescio

2185 3956 2454 4024 quomolo
2491 3955 2708 4024 possint
2747 3957 3046 4026 approbare
3086 3957 3402 4012 crucifixum
3451 3973 3567 4013 esse
3616 3959 3768 4014 Jere-

2185 4046 2367 4108 miam,
2395 4056 2516 4099 enm
2544 4045 2646 4098 hoc
2681 4044 2959 4116 Scriptura
2999 4061 3106 4102 non
3159 4043 3450 4112 memorat,
3481 4048 3579 4103 nisi
3625 4050 3768 4104 forte

2184 4133 2536 4203 cogitaverim
2562 4140 2618 4187 et
2643 4148 2748 4187 non
2780 4133 3028 4188 fecerint.

2260 4239 2278 4270 ‹
2327 4221 2616 4292 Pr0pterea
2643 4221 2759 4275 haec
2786 4221 2917 4275 dicit
2940 4221 3200 4276 Dominus
3231 4222 3298 4277 ad
3327 4223 3475 4278 viros
3499 4224 3760 4289 Anatoth,

2189 4331 2206 4362 ι
2253 4298 2343 4381 qui
2371 4318 2621 4380 quaerunt
2663 4310 2899 4364 animam
2951 4307 3098 4363 tuam
3129 4318 3183 4365 et
3224 4312 3454 4366 dicunt:
3496 4312 3608 4368 Non
3643 4331 3766 4383 pro-

2189 4421 2206 4450 ι
2249 4403 2505 4470 phetabis.
2537 4401 2592 4456 in
2637 4390 2855 4455 nemine
2921 4400 3178 4464 Domini,
3235 4409 3290 4454 et
3354 4417 3457 4455 non
3517 4405 3766 4458 morieris

2190 4511 2208 4542 ι
2257 4491 2308 4544 in
2339 4492 2586 4546 manibus
2617 4491 2836 4546 nostris.
2865 4490 3156 4560 Propterea
3188 4492 3306 4545 haec
3336 4491 3466 4546 dicit
3495 4491 3766 4547 Dominus

2190 4600 2207 4630 ι
2250 4579 2582 4634 exercituum
2614 4598 2627 4632 :
2660 4581 2800 4633 Ecce
2824 4595 2922 4648 ego
2941 4579 3174 4633 visitabo
3198 4595 3360 4649 super
3387 4595 3480 4634 eos
3497 4621 3511 4644 ,
3533 4581 3765 4649 juvenes

2189 4687 2208 4719 α
2255 4669 2555 4723 morientur
2601 4668 2654 4722 in
2709 4669 2905 4739 gladio,
2964 4669 3061 4723 filii
3107 4685 3293 4725 eorum
3337 4680 3391 4725 et
3423 4672 3544 4725 filia:
3569 4688 3763 4726 earum

2191 4776 2210 4808 ς
2254 4757 2553 4812 morientur
2593 4755 2767 4822 fame,
2798 4765 2854 4812 et
2901 4757 3142 4826 reliquia:
3191 4775 3298 4813 non
3339 4767 3498 4814 erunt
3544 4744 3610 4813 ex
3665 4762 3762 4814 eis.

2191 4863 2210 4897 ι
2254 4845 2506 4901 lnducam
2535 4837 2677 4900 enim
2726 4845 2926 4900 malum
2974 4859 3141 4916 super
3173 4846 3321 4901 viros
3365 4847 3622 4912 Anatoth,
3666 4865 3762 4903 an-

2195 4952 2212 4983 ι
2253 4949 2381 4986 num
2432 4933 2756 4986 visitationis
2803 4948 3012 4988 eorum.
3045 4951 3065 4984 ι
3109 4931 3332 4988 Videtur
3356 4933 3461 4987 boc
3495 4936 3764 5004 superiori

2187 5022 2466 5077 sententia:
2526 5022 2825 5086 contraire,
2882 5037 2989 5091 qua
3047 5020 3296 5077 volumus
3343 5022 3647 5092 approbare
3701 5042 3765 5078 ex

2184 5125 2416 5182 persona
2441 5109 2641 5165 Christi
2671 5109 2814 5164 dicta
2835 5125 2956 5164 esse
2989 5126 3108 5181 quae
3127 5111 3272 5166 dicta
3298 5121 3445 5175 sunt,
3471 5120 3527 5164 et
3556 5127 3663 5165 non
3703 5129 3764 5166 ex

2185 5205 2453 5270 Jeremias,
2481 5205 2571 5275 qui
2618 5204 2831 5275 pr0prie
2877 5204 3157 5259 habitabat
3200 5207 3254 5259 in
3281 5204 3461 5259 viculo
3498 5205 3766 5270 Anatoth,

2190 5297 2280 5363 qui
2309 5297 2376 5351 ab
2402 5294 2689 5360 Jerolymis
2714 5295 2885 5348 tribus
2906 5292 3071 5348 distat
3095 5295 3350 5349 millibus.
3383 5293 3491 5349 Sed
3530 5296 3576 5349 si
3608 5297 3767 5349 intel—

2188 5386 2479 5441 lexerimus
2512 5384 2890 5455 etymologiam
2923 5383 3101 5453 oppidi
3136 5385 3376 5438 Anatoth
3407 5385 3552 5454 quod
3595 5385 3763 5440 inter-

2187 5482 2430 5544 pretatur
2447 5474 2750 5537 obedientia
2777 5512 2792 5536 ,
2823 5471 3025 5540 liquido
3049 5475 3438 5528 monstiabitur
3459 5473 3604 5528 vinos
3624 5477 3766 5528 Ana-

2189 5564 2324 5628 toth,
2340 5565 2430 5634 qui
2445 5564 2722 5634 quondam
2753 5565 3034 5633 praeceptis
3059 5563 3270 5620 Domini
3295 5565 3758 5634 obtemperarunt,

2185 5673 2371 5715 omnes
2384 5657 2487 5714 dici
2503 5654 2736 5722 Judzeos,
2753 5664 2807 5710 et
2826 5654 3058 5710 maxime
3073 5655 3410 5712 habitatores
3435 5655 3585 5710 urbis
3607 5653 3763 5709 Jeru-
