3910 6336
132 392 234 451 897

1024 366 1385 445 Ειιιυδιιιυ
1425 391 1649 443 suum
1687 388 2049 447 JEREMIAM.
2088 424 2155 467 τ-
2195 393 2316 451 Lm.
2359 392 2469 451 vr.‘

3259 400 3363 458 898

134 506 321 570 salem,
343 506 398 559 in
419 518 555 573 quos
578 502 728 557 venit
754 510 993 558 extrema
1015 502 1305 565 sententia,
1334 508 1391 554 ut
1411 499 1707 555 obsidionis
1733 503 1780 562 Α
1814 518 1834 552 ι
1865 501 2117 575 fructum)
2148 521 2163 559 :
2193 520 2357 575 prope
2385 521 2445 560 es
2474 514 2527 559 tu
2552 506 2634 567 ori
2660 520 2845 562 eorum
2882 516 2937 563 et
2966 507 3124 580 longe
3152 524 3181 564 a
3212 514 3362 567 reni-

134 596 311 657 malis,
336 592 514 664 gladio
537 603 592 646 et
619 591 760 647 fame
786 600 841 648 et
874 599 1023 662 peste
1052 589 1581 660 interirent.-(0rig.)
1603 589 1697 643 Fi-

133 683 391 755 guraliter
419 692 561 739 nunc
598 695 793 735 nomen
845 680 1081 734 Anatoth
1134 680 1444 733 assumitur.
1503 678 1699 733 Totum

135 782 312 827 autem
330 771 605 841 judaicum
633 773 780 826 in-eo
800 778 1202 826 sacramentum
1228 778 1331 824 est.
1383 770 1701 838 Interpreta-

138 872 223 916 tur
250 860 447 930 quippe
491 860 758 933 Anatoth,
790 866 849 912 ut
901 858 1155 922 diximus,
1185 859 1508 914 obedientia.
1565 857 1700 924 Quia

134 963 263 1018 ergo
280 948 585 1004 obedientia
614 946 708 1002 Dei
739 948 792 1001 in
822 946 911 1002 illo
937 948 1135 1017 populo
1172 946 1291 1012 fuit,
1315 947 1454 1001 sicut
1474 962 1699 1017 regnum

134 1038 266 1107 ejus,
291 1047 348 1092 et
367 1036 565 1092 factum
606 1044 690 1091 est
730 1036 795 1091 de
825 1050 1014 1105 regno,
1040 1036 1093 1090 id
1119 1036 1262 1104 quod
1291 1035 1536 1089 novimus
1567 1049 1703 1104 pra:-

137 1128 335 1181 dictum
364 1141 379 1181 :
409 1146 429 1177 ι
459 1113 749 1181 Auferetur
766 1141 797 1180 a
824 1126 976 1181 vobis
992 1140 1224 1196 regnum
1244 1133 1299 1180 et
1324 1125 1538 1180 dabitur
1556 1124 1700 1194 genti

136 1217 353 1274 facienti
374 1218 606 1274 fructum
627 1217 744 1286 ejus
768 1237 781 1272 :
820 1237 841 1270 ι
869 1232 1011 1272 nunc
1036 1226 1250 1287 quoque
1264 1215 1367 1270 viri
1389 1214 1483 1284 qui
1501 1223 1626 1269 sunt
1649 1214 1700 1268 in

135 1310 394 1376 Anatoth,
410 1312 514 1365 hoc
542 1318 625 1365 est
646 1311 698 1364 in
720 1309 1048 1368 obedientia,
1071 1316 1320 1377 quaerunt
1340 1307 1572 1361 animam
1597 1320 1701 1359 non

133 1398 398 1464 Jeremite,
421 1414 594 1469 neque
613 1398 756 1454 enim
781 1397 1006 1452 historia
1034 1396 1140 1450 ulla
1166 1396 1270 1449 hoc
1293 1384 1700 1459 commemorat,

134 1492 259 1560 quia
288 1492 389 1546 viri
409 1491 645 1545 Anatoth
670 1488 1002 1559 quaesierunt
1017 1488 1251 1541 animam
1273 1485 1409 1554 ejus.
1433 1483 1704 1540 Habemus

134 1580 441 1650 Regnorum
471 1580 668 1645 libros;
703 1577 948 1633 meminit
999 1577 1072 1633 ibi
1122 1575 1400 1647 Scriptura
1433 1574 1700 1649 Jercmite,

134 1668 267 1723 nihil
316 1669 422 1724 tale
466 1667 846 1724 conscribitur.
888 1665 1158 1721 Habemus
1206 1666 1611 1736 Paralipomena
1650 1673 1705 1719 et

135 1757 307 1825 ipsum
336 1758 479 1826 quod
501 1772 644 1812 nunc
666 1757 1080 1827 interpretamur
1109 1755 1356 1813 volumen
1383 1757 1658 1825 propheue
1685 1772 1698 1810 :

1812 608 1830 640 ι
1863 589 1964 646 bus
1991 607 2196 647 eorum.
2229 612 2249 645 ι
2284 584 2551 664 (meram)
2578 594 2776 649 Contra
2806 611 2993 651 omnes
3021 590 3234 666 quidem
3265 601 3365 655 ini-

1801 695 1906 750 que
1948 692 2170 753 agentes
2214 683 2315 754 ista
2365 684 2654 755 disputatio
2695 694 2812 752 est,
2869 696 2924 741 et
2980 690 3366 759 septuagesimi

1802 771 2019 825 secundi
2061 771 2250 841 psalmi
2288 771 2519 827 breviter
2555 775 2827 829 sententia
2872 777 3367 847 comprehenditur,

1804 859 1857 914 in
1896 876 2003 932 qua
2042 862 2425 931 prophetavit:
2459 882 2476 913 ι
2505 863 2675 930 Quam
2713 865 2886 919 bonus
2922 864 3084 929 Israel
3112 858 3253 921 Deus
3283 868 3367 920 his

1804 952 1893 1027 qui
1930 960 2080 1006 recto
2122 960 2251 1006 sunt
2287 951 2469 1016 corde,
2518 954 2621 1006 mei
2668 963 2845 1008 autem
2882 969 3021 1024 pene
3051 954 3179 1009 moti
3238 956 3366 1009 sunt

1803 1033 1983 1101 pales,
2022 1049 2158 1104 pene
2194 1034 2347 1089 effusi
2385 1042 2508 1089 sunt
2544 1050 2760 1104 gressus
2791 1040 2919 1102 mei,
2950 1038 3076 1106 quia
3117 1037 3283 1092 zelavi
3312 1040 3365 1092 in

1804 1125 2176 1193 peccatoribus
2200 1140 2384 1195 pacem
2413 1137 2757 1195 peccatorum
2781 1129 2988 1193 videns,
3011 1140 3116 1184 etc.
3147 1151 3165 1183 ι
3192 1130 3365 1202 (Psal.

1804 1212 1997 1283 Lxxu.)
2035 1212 2141 1267 Sed
2160 1215 2374 1284 proprie
2390 1222 2575 1269 contra
2598 1216 2880 1270 haereticus
2900 1218 3113 1283 dicitur,
3130 1221 3221 1287 qui
3242 1235 3365 1274 eum

1804 1302 1912 1357 sint
1967 1302 2281 1375 impii,'via
2327 1317 2515 1382 eorum
2564 1314 2941 1373 prosperatur,
3006 1303 3402 1375 generantque’

1807 1390 1961 1457 filios,
1985 1406 2077 1446 eos
2097 1406 2236 1460 quos
2261 1392 2312 1444 in
2336 1392 2525 1447 hteresi
2559 1391 2910 1462 deceperunt,
2935 1403 2989 1448 ct
3015 1399 3371 1463 praevarican-

1804 1487 1893 1533 tur
1911 1489 1967 1535 et
2009 1480 2192 1549 inique
2233 1490 2435 1551 agunt:
2464 1482 2537 1537 ita
2581 1490 2651 1535 ut‘
2686 1482 2982 1538 Ecclesium
3032 1483 3281 1553 spoljent,
3313 1494 3370 1539 ct

1804 1568 1930 1621 dum
1961 1568 2013 1621 in
2034 1568 2306 1639 pravitate
2334 1570 2609 1625 sententia:
2633 1582 3001 1641 perseverant,
3026 1572 3233 1642 jactent
3253 1590 3311 1629 se
3335 1590 3368 1627 ιι

1806 1655 1916 1709 Deo
1952 1670 2072 1711 esse
2111 1656 2400 1726 plantatos,
2445 1664 2502 1711 et
2539 1659 2768 1714 radicem
2806 1660 3041 1724 misisse,
3078 1668 3370 1732 generasse

1807 1747 1965 1811 filios,
1995 1757 2051 1803 et
2083 1750 2328 1803 attulisse
2367 1746 2625 1804 fructum.
2658 1750 2757 1817 Qui
2785 1767 2905 1807 cum
2934 1752 3133 1807 Christi
3170 1767 3365 1808 nomen

134 1822 266 1900 nihil
305 1822 467 1903 lo-cuti
494 1855 619 1901 sunt
656 1822 1038 1901 νει-ἱ-Ᾰηειιοιιι.
1073 1845 1180 1900 Sed
1216 1822 1417 1901 Christi
1455 1822 1704 1915 quaerunt
1732 1853 1778 1911 ιι
1806 1839 1999 1907 smpius
2024 1833 2301 1909 replicent,
2329 1822 2685 1895 habitatorem
2712 1842 2792 1896 sui
2818 1858 2923 1896 non
2955 1843 3155 1897 habent
3179 1843 3365 1907 Demn,

133 1938 366 1991 animam
391 1938 602 1992 Domini
622 1939 751 2003 mei,
771 1958 789 1991 ι
812 1939 904 2009 qui
920 1938 1136 1993 dicunt:
1165 1953 1269 1993 non
1284 1939 1626 2009 prophetarit
1647 1940 1701 1994 in

135 2026 350 2080 nomine
373 2025 606 2080 Domini.
642 2046 659 2076 ι
692 2022 949 2097 Legimus
975 2034 1029 2080 et
1059 2027 1161 2081 hoc
1189 2041 1219 2080 a
1245 2025 1444 2081 Judaais
1467 2026 1705 2097 prohibi-

132 2124 244 2167 tmu
267 2128 335 2169 ne
348 2116 563 2169 doceret
587 2112 853 2178 Christus,
878 2133 896 2167 t
925 2114 1163 2185 alioquin
1188 2116 1435 2170 morieris
1461 2114 1513 2168 in
1530 2114 1706 2169 mani-

132 2206 229 2259 bus
258 2206 477 2261 nostris.
509 2205 646 2261 Ecce
673 2221 771 2275 ego
802 2205 1035 2261 visitabo
1062 2206 1113 2260 in
1141 2206 1249 2272 eis,
1267 2203 1493 2275 juvenes
1516 2220 1705 2261 eorum

131 2296 309 2367 gladio
333 2282 548 2361 cadent,
580 2305 637 2351 et
660 2296 752 2351 lllii
779 2311 965 2351 eorum
993 2305 1049 2351 et
1070 2296 1199 2351 lilite
1217 2296 1513 2352 morientur
1541 2297 1593 2349 in
1619 2294 1702 2349 fa-

132 2399 235 2438 me.
271 2405 291 2438 ι
313 2384 425 2441 Νοιι
438 2384 683 2441 Jeremia:
700 2385 1029 2457 temporibus
1047 2386 1100 2441 in
1121 2386 1297 2457 gladio
1318 2387 1701 2451 occubuerunt,

132 2472 224 2528 sed
253 2481 377 2544 post
410 2475 696 2540 adventum
733 2469 943 2528 Domini
971 2492 984 2527 :
1012 2482 1138 2529 tunc
1161 2484 1216 2529 et
1243 2474 1412 2529 fames
1456 2474 1603 2530 venit
1648 2475 1702 2528 in

133 2576 245 2625 eos,
288 2578 391 2616 non
430 2562 600 2617 fames
629 2563 783 2632 panis
816 2577 992 2631 neque
1028 2562 1148 2617 sitis
1195 2563 1491 2631 aquae,sed
1536 2562 1706 2617 fames

134 2652 388 2706 audiendi
436 2667 712 2707 sermones
755 2651 987 2708 Domini.
1036 2651 1154 2708 Jam
1193 2654 1391 2724 quippe
1430 2653 1568 2722 apud
1612 2668 1706 2708 eos

133 2737 279 2794 ultra
302 2756 406 2795 non
429 2742 660 2796 dicitur:
691 2763 709 2793 ‹
731 2742 854 2797 limo
881 2742 1008 2796 dicit
1025 2742 1279 2797 Dominus
1297 2743 1656 2812 omnipotens.
1680 2763 1698 2796 ι

135 2828 238 2884 lsta
273 2830 443 2885 fames
472 2841 553 2885 est
576 2831 903 2901 prophetica:
931 2831 1079 2886 vocis
1101 2833 1364 2887 cessantis
1387 2834 1439 2887 in
1463 2834 1560 2888 eis.
1599 2835 1705 2888 Sed

135 2920 261 2989 quid
313 2920 500 2989 loquar
530 2921 595 2974 de
641 2920 953 2989 prophetis?
996 2919 1181 2991 Neque
1226 2923 1492 2991 magistri,
1534 2937 1705 2993 neque

138 3008 387 3064 doctores
406 3009 459 3063 in
486 3007 670 3062 Judaaa
695 3008 858 3077 aliqui
901 3018 1299 3064 remanserunt.
1326 3010 1393 3064 Et
1438 3011 1565 3065 licet
1600 3010 1707 3066 sint

136 3096 579 3159 innumerabiles,
594 3096 682 3164 qui
706 3097 806 3151 sibi
830 3097 1149 3166 sapientiam
1172 3100 1473 3162 vcndicent,
1497 3116 1599 3154 nou
1622 3108 1706 3155 est

1798 1928 1951 1998 juxta
1994 1928 2123 1982 illud
2163 1929 2347 1983 lsaiaaz
2383 1949 2401 1980 ι
2426 1930 2660 2000 Populus
2686 1931 2772 1985 hic
2800 1931 2956 1987 labiis
2996 1948 3080 1988 me
3118 1933 3365 1998 honorat,

1803 2031 1900 2071 cor
1928 2031 2054 2071 vero
2079 2017 2196 2086 ejus
2230 2017 2387 2089 longe
2413 2029 2495 2073 est
2523 2035 2551 2072 a
2580 2034 2665 2074 me
2697 2020 2830 2090 (lsa.
2858 2021 3037 2090 χχιιι).
3074 2042 3094 2073 ι

1838 2112 1841 2115 ‘
1878 2125 1897 2156 ‹
1920 2106 2080 2173 Ειιιι,
2097 2108 2339 2172 Domine,
2361 2108 2498 2161 nosti
2521 2122 2624 2173 mc,
2640 2109 2818 2163 vidisti
2840 2125 2926 2163 me
2943 2119 2997 2164 et
3014 2110 3251 2179 probasti
3272 2124 3368 2165 cor

1808 2213 1830 2248 ι
1868 2212 2045 2251 meum
2106 2206 2298 2251 tecum.
2347 2196 2620 2268 Congrega
2670 2213 2765 2253 eos
2810 2199 2963 2268 quasi
3013 2214 3251 2269 gregem,
3298 2200 3365 2253 ad

1810 2307 1829 2339 ι
1868 2288 2170 2353 victimam,
2227 2297 2281 2342 et
2326 2289 2599 2343 sanctifica
2644 2304 2737 2343 eos
2784 2290 2837 2342 iu
2884 2290 2970 2343 die
3014 2290 3316 2345 occisionis.
3342 2309 3360 2340 ι

1803 2376 2038 2444 Nullum,
2078 2380 2269 2449 inquit,
2300 2380 2609 2434 scandalum
2642 2387 2746 2444 est,
2773 2381 2916 2449 quod
2940 2380 3091 2451 impii
3120 2380 3233 2434 sive
3258 2396 3370 2435 om-

1804 2486 1898 2525 ncs
1916 2469 2151 2524 haeretici
2172 2484 2268 2539 pro
2290 2478 2526 2539 tempore
2540 2467 2794 2523 floreant:
2816 2489 2833 2519 ‹
2858 2477 2911 2523 ιιι
2933 2470 3100 2533 enim,
3120 2470 3364 2531 Domine,

1806 2562 1943 2615 nosti
1961 2576 2068 2625 me,
2087 2572 2142 2617 et
2163 2564 2341 2618 vidisti
2361 2577 2467 2627 me,
2488 2563 2791 2632 ctprobasti
2805 2578 2901 2617 eor
2919 2578 3095 2617 meum
3119 2571 3315 2624 tecum,
3340 2583 3359 2612 ι

1804 2665 1964 2719 quem
2012 2653 2085 2706 ita
2135 2652 2283 2707 novit
2325 2651 2486 2707 Pater
2514 2653 2652 2707 Deus
2680 2653 2946 2721 quomodo
2985 2638 3152 2705 lilium
3179 2652 3369 2705 stuun?

1804 2739 1972 2794 Nemo
2009 2739 2155 2794 enim
2186 2740 2463 2811 cognoscit
2506 2740 2699 2793 Filium
2722 2740 2843 2799 nisi
2887 2739 3067 2802 Pater,
3121 2748 3176 2793 et
3210 2754 3368 2793 nemo

1804 2831 2078 2899 cognoscit
2104 2830 2340 2895 Patrem,
2374 2827 2474 2884 ιιίέί
2504 2830 2690 2893 Filius,
2729 2838 2784 2884 et
2818 2830 2902 2885 cui
2940 2826 3165 2883 voluerit
3200 2828 3368 2882 Filius

1804 2918 2043 2973 revelare
2098 2920 2248 2989 (Luc.
2292 2919 2393 2991 x);
2445 2918 2589 2983 licet,
2639 2919 2831 2987 inquit,
2884 2917 3186 2988 proﬁciant,
3248 2918 3371 2972 licet

1806 3010 1944 3064 lilios
2003 3020 2263 3082 generent
2307 2998 2378 3066 let
2441 3011 2638 3065 faciant
2689 3010 2923 3065 fructum
2981 3009 3262 3074 hteretici,
3314 3020 3364 3063 et

1806 3113 1971 3169 prope
2024 3100 2098 3152 sis
2148 3108 2204 3153 tu
2246 3100 2341 3161 ori
2379 3114 2585 3163 eorum,
2635 3096 2689 3152 e't
2738 3098 2895 3168 longe
2945 3113 2976 3152 a
3024 3097 3238 3152 renibus
3281 3113 3371 3151 eo-

129 3185 241 3254 jam
275 3200 457 3240 sermo
484 3186 693 3241 Domini
725 3187 777 3240 in
813 3186 911 3242 eis.
939 3186 1273 3256 Completum
1296 3198 1380 3243 est
1408 3189 1536 3244 illud
1563 3190 1701 3244 vati-
1731 3182 1775 3243 C
1810 3203 1958 3251 rum,
2009 3188 2063 3242 id
2104 3196 2189 3242 est
2232 3188 2581 3252 conscientia,
2622 3197 2801 3242 tamen
2826 3202 2929 3241 non
2955 3201 3120 3255 parva
3146 3195 3229 3241 est
3250 3170 3372 3240 cuu-

133 3275 369 3329 ciuium:
397 3294 416 3326 ι
450 3276 676 3330 Auferet
702 3276 961 3331 Dominus
980 3293 1010 3331 a
1032 3276 1212 3331 Judma
1240 3286 1294 3332 et
1314 3278 1381 3332 ab
1406 3277 1700 3334 Jerusalem

132 3364 371 3417 validum
406 3356 481 3418 et
536 3364 788 3428 validam,
836 3352 1097 3421 Avirtutem
1145 3367 1300 3435 panis
1350 3377 1407 3423 et
1452 3368 1702 3431 virtutem

133 3466 310 3519 aquae,
341 3451 634 3522 gigantem,
664 3462 719 3507 et
755 3452 967 3518 fortem,
990 3464 1045 3508 et
1070 3456 1342 3519 hominem
1368 3456 1700 3523 bell.:torem,

132 3538 465 3605 etjudicem,
494 3548 551 3593 et
574 3541 912 3610 prophetam,
939 3549 994 3597 et
1016 3542 1301 3608 arbitrum,
1332 3552 1389 3598 et
1414 3546 1703 3611 seniorem,

132 3638 185 3684 et
233 3631 790 3700 quinquagenarium,
816 3641 871 3685 et
904 3633 1275 3688 admirabilem
1314 3635 1702 3699 consiliarium,

132 3728 187 3772 et
210 3720 510 3788 sapientem
540 3714 913 3775 ‘architectum
936 3760 950 3785 ,
981 3730 1036 3774 et
1067 3722 1451 3793 intelligentem
1495 3724 1704 3779 audito-

133 3822 271 3861 rem.
320 3827 338 3857 ι
385 3805 503 3861 Jam
539 3823 643 3862 non
673 3817 757 3863 est
793 3809 935 3878 apud
996 3824 1090 3864 eos
1138 3812 1230 3881 qui
1285 3812 1455 3881 possit
1504 3813 1701 3878 dicere,

138 3915 157 3949 ι
207 3898 375 3972 Quasi
439 3899 652 3968 sapiens
696 3888 1047 3964 architectus,
1100 3897 1503 3956 fundamentum
1551 3903 1704 3972 posui

133 3988 185 4059 (I
212 3987 340 4043 Cor.
366 3988 472 4056 ιιι).
497 4008 515 4040 ι
550 3988 991 4061 Migraveruntab
1013 3989 1093 4044 eis
1118 3990 1423 4055 architecti,
1446 4001 1706 4045 venerunt

133 4078 199 4131 ad
236 4077 546 4140 ecclesiam,
577 4088 874 4147 posuerunt
896 4079 1295 4134 fundamentum
1324 4078 1594 4135 Christum
1620 4081 1707 4135 Je-

133 4184 274 4222 sum.
301 4169 441 4223 Huic
478 4169 925 4238 superaedilicant,
953 4170 1257 4238 quicunque
1276 4179 1395 4240 post
1413 4187 1506 4226 eos
1527 4174 1702 4227 credi-

134 4260 352 4312 derunt.
379 4255 647 4327 (Ηὶεινοη.)
667 4257 738 4312 Ut
763 4266 945 4312 autem
966 4272 1065 4312 nos
1084 4258 1229 4312 omni
1245 4258 1706 4328 interpretationis

133 4347 380 4401 molestia
418 4348 725 4411 liberemur,
753 4346 900 4401 illam
928 4362 1218 4416 sequamur
1251 4348 1513 4419 regulam,
1543 4366 1703 4419 quam

132 4450 326 4489 omnes
362 4437 637 4505 propheta:
676 4432 728 4490 in
772 4444 956 4506 typum
989 4436 1197 4491 Domini
1224 4437 1508 4493 salvatoris
1532 4438 1706 4508 plera-

132 4538 238 4593 que
292 4524 588 4593 gesserint,
637 4532 692 4577 et
736 4525 994 4593 quidquid
1027 4523 1181 4592 juxta
1223 4540 1461 4595 prtesens
1500 4536 1706 4598 tempus

132 4612 463 4682 completum
510 4612 583 4666 sit
619 4612 673 4665 in
712 4610 947 4667 Jeremia
996 4613 1099 4668 hoc
1131 4613 1187 4667 in
1227 4613 1464 4670 futurum
1510 4615 1578 4671 de
1606 4602 1706 4672 Do-

134 4706 285 4759 mino
312 4702 645 4773 prophetari.

750 4808 976 4867 CAPUT
1006 4811 1119 4867 XII.

137 4921 456 4992 Disputatur
475 4940 592 4977 cum
624 4922 848 4976 Domino
872 4933 1054 4977 contra
1081 4935 1523 4991 murmuratores;
1554 4928 1703 4982 colli-

204 4994 352 5061 gatio
414 4993 727 5061 captivitatis
782 4991 1072 5066 Jerusalem
1120 5009 1151 5066 :_
1190 4995 1476 5063 reprobatio
1531 4996 1701 5066 Syna-

207 5075 378 5137 θυμω,
410 5071 672 5127 pastorum
701 5061 1092 5127 condemnatio;
1116 5063 1181 5117 de
1209 5061 1467 5119 conversis
1495 5061 1701 5121 ad'Do-

210 5143 433 5181 mtuum.

215 5256 234 5288 ι
264 5235 453 5291 Justus
481 5236 696 5306 quidem
736 5252 819 5302 es,
860 5239 1101 5304 Domine,
1142 5240 1189 5295 si
1232 5240 1497 5311 disputem
1527 5253 1703 5301 tecum

143 5347 165 5382 ι
197 5329 339 5401 (sive
376 5329 501 5398 quia
535 5328 861 5384 satisfaciam
904 5332 1057 5403 tibi),
1100 5343 1462 5389 verumtamen
1500 5338 1701 5406 judicia

145 5439 165 5472 ι
195 5420 392 5488 loquar
416 5420 483 5473 ad
513 5427 583 5474 te.
620 5419 759 5487 Quid
800 5411 1065 5492 estquod
1110 5427 1195 5480 via
1244 5427 1528 5497 impiorum
1578 5447 1702 5500 pro-

147 5530 165 5561 ι
197 5511 483 5581 speratur?
529 5511 666 5565 bene
709 5520 793 5566 est
838 5514 1088 5570 omnibus
1140 5518 1231 5587 qui
1282 5520 1705 5589 prtevaricantur

149 5619 165 5649 ι
199 5610 253 5655 et
285 5600 470 5669 inique
506 5601 711 5671 agunt?
740 5601 1002 5657 Plantasti
1036 5618 1148 5671 eos,
1190 5618 1247 5664 ct
1274 5610 1508 5666 radicem
1545 5613 1705 5669 mise-

149 5710 165 5739 ‹
204 5699 349 5753 runt,
375 5687 664 5759 proficiunt
684 5691 818 5763 (sive
838 5682 1228 5763 generaverunt
1251 5699 1407 5765 filios,
1429 5708 1483 5758 et
1504 5701 1707 5757 faciunt

1807 3277 2019 3340 solatio,
2059 3279 2199 3346 quod
2231 3278 2383 3346 quasi
2419 3292 2611 3346 pecora
2638 3276 2952 3344 saginantur
2980 3277 3047 3330 ad
3073 3275 3368 3329 victimam.

1805 3366 2081 3436 Congrega
2118 3382 2211 3421 eos
2250 3368 2305 3420 in
2336 3366 2521 3421 urbem
2548 3365 2865 3432 Jerusalem,
2894 3367 3009 3421 sive
3038 3367 3092 3419 in
3121 3379 3216 3420 sua
3251 3380 3372 3419 con-

1805 3456 2073 3521 ciliabula,
2100 3466 2158 3510 ut
2180 3457 2334 3526 quasi
2372 3456 2603 3511 victimae
2643 3456 2917 3511 caedantur
2943 3457 2998 3511 in
3027 3465 3251 3511 mortem
3278 3476 3288 3509 :
3316 3464 3371 3509 ct

1808 3555 1933 3601 tunc
1955 3546 2358 3601 sanctiﬂcentur
2369 3561 2490 3601 cum
2515 3546 2879 3601 ecclesiastico
2894 3546 3091 3600 fuerint
3107 3560 3368 3601 mucrone

1798 3636 2049 3704 jugulati.
2077 3635 2383 3689 lnterfectio
2406 3634 2550 3689 enim
2584 3635 2979 3698 haereticorum,
3012 3634 3159 3693 salus
3178 3648 3368 3689 eorum

1805 3737 1907 3790 est,
1934 3728 2025 3795 qui
2053 3727 2262 3796 decepti
2292 3725 2523 3780 fuerant.

1881 3836 1899 3867 ι
1932 3815 2218 3886 Usquequo
2241 3818 2441 3886 lugebit
2469 3824 2636 3880 terra,
2666 3824 2721 3869 et
2749 3816 2912 3871 herba
2937 3817 3111 3871 omnis
3136 3817 3371 3884 regionis

1813 3923 1831 3957 ι
1870 3907 2181 3972 siccabitur,
2230 3919 2449 3979 propter
2496 3913 2753 3966 malitiam
2795 3913 3149 3967 habitantium
3180 3915 3232 3967 in
3263 3917 3369 3969 ea?

1813 4014 1830 4045 ι
1866 3995 2253 4065 Consumptum
2311 4007 2396 4051 est
2446 4000 2642 4052 animal
2699 4008 2753 4054 et
2801 4001 3059 4065 volucre,
3116 4003 3367 4070 quoniam

1812 4102 1829 4133 ι
1872 4084 2158 4138 dixerunt:
2187 4082 2301 4139 Non
2340 4086 2541 4141 videbit
2567 4089 2856 4142 novissima
2888 4098 3068 4144 nostra
3104 4090 3237 4159 (sive
3263 4108 3368 4146 non

1812 4173 2069 4228 (videbit
2118 4176 2260 4229 Deus
2292 4177 2406 4230 vias
2440 4178 2695 4249 nostras).
2730 4200 2747 4231 ι
2793 4178 3059 4250 (Ηὶειοοη.)
3100 4181 3368 4251 Quidquid

1810 4264 1863 4318 in
1911 4265 2111 4318 mundo
2132 4264 2215 4320 vel
2254 4266 2518 4320 bonorum
2564 4268 2757 4322 accidit
2797 4270 2880 4323 vel
2928 4270 3222 4330 malorum,
3260 4286 3367 4323 non

1808 4352 2010 4421 absque
2029 4354 2363 4421 providentia
2400 4363 2454 4408 et
2488 4354 2710 4410 fortuito
2735 4370 2873 4413 casu‘
2900 4359 3093 4413 accidit
3126 4377 3138 4411 :
3172 4360 3265 4413 sed
3281 4358 3369 4426 ju-

1808 4444 1946 4498 dicio
1984 4444 2100 4499 Dei.
2137 4444 2313 4499 Terra
2346 4462 2490 4501 nunc
2528 4448 2728 4503 sterilis
2760 4457 2863 4514 est,
2900 4451 3067 4505 herba
3110 4451 3367 4505 siccatur.

1812 4535 1903 4591 Vis
1934 4525 2418 4591 nosse'rationem?
2466 4538 2682 4593 malitiae
2730 4539 3087 4594 habitatorum
3112 4542 3229 4610 ejus
3267 4540 3368 4595 hoc

1811 4625 2012 4681 faciunt
2044 4668 2059 4692 ,
2106 4628 2178 4682 ita
2213 4636 2272 4682 ut
2298 4638 2352 4682 et
2402 4630 2649 4685 animalia
2698 4646 2857 4699 super
2896 4641 3117 4695 terram,
3160 4642 3214 4687 ct
3242 4633 3367 4687 εωιί

1808 4715 2041 4770 volatilia
2082 4726 2487 4779 consumantur,
2523 4720 2645 4788 quia
2687 4721 2739 4774 in
2782 4736 2910 4775 usus
2950 4720 3223 4779 hominum
3254 4723 3369 4777 haec

1808 4813 1987 4859 creata
2015 4814 2141 4859 sunt
2163 4806 2363 4861 omnia.
2382 4807 2483 4873 Qui
2511 4809 2562 4862 in
2581 4818 2781 4863 tantam
2810 4827 3191 4866 consurrexere
3220 4813 3365 4865 blas-

1808 4895 2098 4963 phemiam,
2126 4904 2186 4950 ut
2229 4898 2470 4953 dicerent
2509 4900 2674 4965 Deum
2714 4902 2957 4970 ignorare
2985 4903 3097 4955 vias
3126 4916 3273 4965 suas,
3309 4912 3365 4957 et

1804 4984 2011 5039 nescire
2037 4986 2165 5054 quid
2193 4990 2553 5058 unusquisque
2591 5005 2847 5058 passurus
2882 4992 2970 5046 sit.
3005 4990 3156 5057 Quod
3186 5000 3363 5045 autem

1803 5074 1948 5138 dicit,
1979 5089 2272 5144 usquequo,
2296 5076 2425 5131 illud
2447 5079 2711 5148 significat
2740 5095 3054 5148 permanere
3077 5081 3207 5134 iram
3232 5079 3361 5133 Dei:

1805 5162 1929 5232 quia
1960 5164 2172 5219 animus
2200 5168 2536 5234 peccantium
2562 5184 2668 5222 non
2698 5177 2953 5222 mutetur.
2979 5227 2982 5230 ,

1881 5268 1899 5301 ι
1933 5249 1989 5305 Si
2030 5267 2152 5306 cum
2194 5254 2457 5323 peditibus
2504 5270 2725 5309 currens
2776 5256 3051 5319 laborasti,
3101 5256 3363 5326 quomodo

1814 5358 1833 5395 ι
1868 5344 2193 5399 contendere
2219 5346 2419 5414 poteris
2440 5360 2572 5399 'cum
2608 5346 2801 5415 equis?
2846 5345 2903 5400 Si
2944 5346 2996 5400 in
3040 5355 3180 5400 terra
3215 5346 3365 5415 pacis

1814 5456 1832 5489 ι
1869 5435 2099 5491 confusa
2123 5451 2201 5500 es,
2238 5436 2366 5505 quid
2408 5436 2573 5492 facies
2600 5439 2653 5491 in
2683 5438 2925 5507 superbia
2966 5438 3100 5506 (sive
3125 5436 3361 5508 fremitu)

1816 5543 1833 5575 ι
1871 5526 2156 5581 Jordanis?
2187 5544 2206 5577 ι
2249 5524 2329 5589 Si,
2360 5526 2553 5596 inquit,
2583 5530 2769 5582 crebra
2808 5536 2857 5582 te
2895 5528 3191 5583 vicinarum
3235 5524 3363 5597 gen;

1788 5616 1943 5671 dium
1969 5618 2251 5688 captivitas
2271 5616 2909 5692 fatigavit,.Moabitqrum
2940 5628 2996 5674 et
3020 5618 3355 5682 Ammanita-

1811 5724 1947 5773 rutn,
1977 5708 2296 5763 Pbilistbiim
2318 5718 2372 5763 et
2392 5708 2740 5777 ldumtemum
2770 5727 2783 5763 :
2812 5708 2937 5778 quid
2970 5708 3133 5763 facies
3158 5706 3221 5760 ad
3248 5705 3367 5761 lon-
