3910 6342
523 375 628 436 899

1179 373 1241 427 Β.
1280 371 1534 428 RABANI
1571 370 1790 428 MAURI
1827 370 2145 427 ARCHIEP.
2186 370 2496 430 MOGUN’I‘.
2536 371 2820 432 OPERUM
2853 370 3032 431 PARS
3067 374 3154 431 III.

3697 377 3797 435 900

524 507 648 563 ganI
685 489 1078 559 captivitatem,
1107 501 1228 557 qua:
1257 493 1311 542 te
1338 485 1642 543 Cbaldmam
1697 505 1864 558 usque
1892 489 2116 543 ductura
2146 493 2194 550 Α
2227 496 2355 552 tam,
2387 488 2579 558 inquit,
2611 489 2800 545 habuit
2835 489 3291 559 pulchritudinem
3329 488 3520 554 Israel,
3552 499 3612 545 et
3639 493 3799 548 tantis

523 583 646 637 est?
675 580 740 634 Et
767 568 1045 648 comparat
1090 577 1299 646 pedites
1329 577 1622 646 equitibus,
1658 578 1784 646 quia
1817 592 2005 632 revera
2055 585 2113 632 et

518 670 676 741 juxta
716 667 1000 723 historiam
1029 665 1208 719 omnis
1245 664 1427 719 Persis
1454 674 1511 719 et
1537 667 1790 721 universa
1836 665 2107 730 ClIaldma,

523 768 580 814 et
604 757 884 830 regionum
906 755 1119 810 illarum
1152 754 1425 809 exercitus
1455 756 1655 823 gaudet
1685 756 1950 825 equitatu.
1992 755 2112 811 Istae

525 859 708 906 autem
753 857 964 920 gentes,
1002 863 1139 917 quas
1173 862 1338 917 supra
1370 848 1690 912 memoravi,
1724 858 1944 918 propter
1970 846 2110 902 dim-

525 937 781 994 cultatem
805 938 1046 993 locorum
1090 952 1196 991 non
1225 945 1334 990 tam
1367 953 1565 1007 pugna:-
1590 947 1729 1008 aptae
1756 945 1898 1000 sunt,
1947 953 2112 1008 quam

524 1027 833 1092 latrocinio,
877 1035 1169 1097 servatque
1211 1027 1587 1096 metaphoram
1616 1036 1673 1081 et
1699 1028 1869 1084 dicit:
1895 1027 1954 1083 Si
1989 1043 2110 1083 cum

525 1117 796 1188 peditibus
824 1130 1051 1172 currens
1074 1113 1392 1170 lassitudine
1420 1113 1691 1180 defecisti,
1719 1117 1849 1185 quid
1877 1115 2042 1172 facies
2066 1117 2112 1172 si

525 1207 682 1276 equis
708 1221 928 1261 cursum
956 1214 1106 1260 tuum
1133 1204 1368 1260 volueris
1399 1207 1718 1275 coaequare?
1745 1207 1856 1262 Etsi
1883 1208 1937 1262 in
1969 1216 2111 1263 terra

527 1302 619 1350 tua
643 1295 878 1364 aliquam
899 1291 1134 1348 habuisti
1171 1291 1421 1348 ﬁduciam
1459 1310 1474 1346 :
1509 1293 1640 1364 quid
1682 1303 1866 1349 actura
1901 1309 1960 1350 es
1989 1310 2112 1350 cum

523 1381 814 1441 Iordanem
845 1383 1163 1450 transieris,
1200 1392 1257 1440 et
1294 1383 1438 1439 illius
1477 1384 1717 1455 gurgites
1759 1386 2114 1441 sustinueris?

603 1494 622 1527 ι
655 1474 792 1529 Nam
821 1483 877 1529 et
904 1473 1107 1529 fratres
1142 1474 1218 1528 tui
1255 1481 1312 1528 et
1347 1474 1540 1530 domus
1581 1476 1756 1545 patris
1800 1476 1896 1541 tui,
1948 1476 2113 1530 etiam

535 1582 560 1619 σ
599 1565 645 1631 si
672 1573 1051 1636 pugnaverunt
1084 1564 1376 1620 adversum
1403 1570 1477 1629 te,
1505 1571 1562 1618 et
1588 1564 1965 1624 clamaverunt
1992 1572 2115 1633 post

535 1675 555 1709 ε
599 1663 652 1711 te
702 1655 860 1727 plena
907 1669 1060 1720 voce,
1107 1670 1176 1710 ne
1204 1654 1397 1710 credas
1432 1655 1532 1720 eis,
1564 1667 1688 1710 cum
1720 1653 1882 1709 locuti
1915 1652 2116 1710 fuerint

534 1762 556 1796 ι
595 1743 694 1798 tibi
723 1742 886 1798 bona.
918 1763 938 1796 ι
977 1743 1038 1798 In
1073 1752 1302 1808 tantum,
1332 1743 1537 1812 inquit,
1566 1743 1903 1814 gravissimis
1929 1742 2118 1798 Jorda-

529 1833 617 1890 nis
656 1835 904 1904 operiere
943 1833 1197 1890 ﬁuctibus
1235 1843 1291 1889 et
1318 1834 1558 1903 equitum
1601 1843 1655 1888 te
1699 1833 1767 1889 de
1811 1833 1970 1917 longe
2016 1848 2110 1890 ve-
2142 1819 2189 1880 Β

529 1927 796 1984 nientium
844 1928 1132 1984 multitudo
1173 1928 1407 1984 vastavit
1454 1937 1515 1983 ut
1561 1927 1760 1984 fratres
1801 1945 2013 2000 quoque
2037 1931 2115 1986 tui

530 2017 747 2074 Idumaei
777 2027 832 2072 et
859 2019 1051 2074 domus
1077 2019 1247 2089 patris
1280 2019 1377 2085 tui,
1409 2019 1501 2090 qui
1533 2020 1600 2074 de
1634 2019 1736 2075 Lot
1763 2021 1933 2092 stirpe
1955 2035 2116 2092 gene—

531 2111 638 2166 rati
681 2118 812 2164 sunt
853 2109 1009 2182 (Gen.
1043 2110 1185 2182 xIx),
1214 2109 1370 2167 Moab
1412 2121 1469 2166 et
1514 2110 1767 2179 Ammon,
1808 2112 1974 2168 etiam
2015 2111 2117 2182 ipsi

526 2209 773 2270 tempore
792 2201 1136 2256 necessitatis
1150 2211 1204 2255 et
1219 2199 1485 2271 angustiae
1504 2201 1762 2257 dimicent
1779 2211 1968 2258 contra
1990 2209 2042 2257 te
2061 2209 2117 2258 et

527 2288 790 2344 insultent
809 2289 926 2344 tibi.
948 2289 1098 2346 Unde
1112 2304 1241 2344 cave
1268 2303 1336 2344 ne
1369 2289 1502 2344 velis
1523 2290 1602 2344 eis
1623 2291 1869 2356 credere,
1891 2299 1945 2346 et
1965 2307 2116 2362 spem

528 2377 732 2434 habere
780 2377 1286 2449 consanguinitatis,
1331 2391 1430 2447 per
1469 2393 1631 2447 quam
1677 2379 1882 2450 majore
1934 2379 1989 2434 in
2038 2387 2114 2443 te,

524 2481 691 2537 quam
713 2466 896 2521 hostes
920 2466 1046 2522 odio
1073 2465 1388 2521 desaeviant.
1416 2464 1734 2523 Potest'hoc
1754 2476 1809 2523 et
1837 2469 1904 2526 de
1929 2468 2120 2523 Salva-

527 2565 647 2614 tore
688 2557 858 2628 accipi
899 2558 1043 2628 quod
1074 2558 1275 2616 fratres
1301 2559 1421 2630 ejus
1449 2571 1505 2617 et
1534 2563 1725 2618 domus
1760 2563 1932 2633 patris
1972 2562 2116 2617 illius

526 2646 889 2717 pugnaverint
919 2655 1112 2704 contra
1140 2657 1289 2715 eum,
1313 2657 1368 2707 et
1392 2650 1751 2706 clamaverint
1775 2667 1904 2707 voce
1932 2652 2114 2723 plena,

528 2734 772 2790 dicentes
799 2753 812 2788 :
848 2753 866 2788 ι
895 2735 1186 2821 Qrucillge,
1216 2739 1475 2812 cruciﬁge
1513 2756 1640 2796 cum
1669 2757 1684 2796 :
1714 2757 1820 2796 non
1852 2742 2116 2797 habemus

531 2837 714 2902 regem
739 2823 842 2879 uisi
869 2823 1136 2881 Caesarem
1161 2826 1347 2898 (Joan.
1374 2828 1515 2901 xu.)
1547 2847 1566 2880 ι

613 2930 633 2964 I
671 2912 884 2983 Reliqui
948 2915 1166 2971 domum
1230 2932 1447 2984 meam,
1512 2919 1691 2974 dimisi
1747 2919 2113 2976 bareditatem

540 3023 559 3055 ι
595 3019 793 3060 meam.
839 3007 972 3062 Dedi
995 3007 1246 3064 dilectam
1268 3010 1504 3066 animam
1534 3025 1708 3066 meam
1740 3013 1794 3067 in
1819 3029 1982 3068 manu
2013 3014 2088 3068 ini

533 3108 554 3144 I
591 3093 857 3149 micorum
901 3093 1040 3166 ejus.
1086 3097 1251 3154 Facta
1305 3112 1388 3156 est
1428 3102 1561 3157 mihi
1627 3103 1916 3159 hmreditas
1971 3119 2113 3171 mea,

2214 575 2624 632 fuitJerusalem
2639 577 2890 650 distincta
2912 578 3204 635 virtutibus
3227 586 3287 632 ut
3305 579 3440 634 nihil
3455 590 3605 636 esset
3628 582 3795 637 bono-

2213 681 2352 730 rum,
2394 666 2538 734 quod
2569 680 2684 721 non
2724 674 3037 722 cerneretur
3077 665 3134 720 in
3160 680 3266 722 ea:
3307 669 3436 738 quia
3466 669 3643 740 igitur
3668 671 3796 726 mihi

2213 752 2355 808 facta
2392 761 2478 808 est
2521 753 2810 810 hereditas
2838 753 3110 824 quondam
3155 768 3308 821 mea,
3357 756 3414 811 id
3450 765 3538 814 est
3567 757 3800 829 populus

2212 843 2395 906 Israel,
2447 846 2602 914 quasi
2651 845 2736 901 Ieo
2781 847 2835 901 in
2877 846 3034 910 silva,
3087 844 3236 901 dedit
3261 857 3452 903 contra
3485 865 3578 905 me
3610 863 3797 906 vocem

2212 949 2385 997 suam,
2411 943 2465 989 et
2489 950 2612 991 eam
2645 937 2792 991 omni
2821 937 2944 992 odio
2969 937 3267 992 detestatus
3290 954 3408 993 sum
3435 957 3448 992 :
3473 940 3685 996 idcirco
3710 955 3800 995 vc-

2212 1022 2326 1077 nite
2346 1031 2403 1078 et
2419 1025 2820 1096 congregamini
2840 1035 3030 1081 contra
3047 1039 3188 1092 eam,
3201 1041 3390 1084 omnes
3409 1028 3600 1084 bestia:
3620 1038 3798 1094 terra,

2212 1111 2550 1168 diversarum
2575 1114 2813 1186 gentium
2834 1114 3143 1180 multitudo,
3170 1123 3227 1171 et
3248 1115 3505 1173 devorate
3531 1133 3656 1174 eam
3682 1132 3802 1189 qu

2212 1219 2370 1260 suum
2397 1204 2682 1260 Dominum
2712 1220 2820 1260 non
2846 1204 3118 1277 cognovit.
3150 1204 3246 1260 Sin
3275 1215 3456 1262 autem
3478 1218 3540 1262 ut
3569 1209 3804 1278 Septua-

2212 1295 2360 1367 ginta
2382 1304 2438 1350 et
2458 1296 2550 1351 alii
2578 1296 2902 1365 interpretes
2931 1293 3323 1351 transtulerunt
3347 1295 3584 1367 legitur:
3613 1307 3634 1348 ι
3658 1296 3804 1352 Nun-

2213 1385 2342 1456 quid
2364 1385 2618 1456 spelunca
2644 1385 2850 1457 hyaanze
2870 1384 3158 1441 hereditas
3188 1399 3310 1441 mea
3336 1387 3468 1441 mihi
3487 1387 3513 1440 ?
3547 1405 3567 1437 ι
3595 1387 3804 1442 refers.

2214 1491 2335 1530 mus
2357 1475 2426 1530 ad
2477 1474 2879 1530 immunditiam
2930 1482 3209 1530 nocturne
3247 1475 3460 1541 bestiae,
3507 1491 3634 1546 qua:
3673 1476 3802 1530 vivit

2213 1563 2565 1621 cadaveribus
2622 1571 2960 1620 mertuorum
2986 1605 3002 1631 ,
3069 1573 3125 1621 et
3191 1565 3262 1622 de
3333 1565 3600 1637 sepulcris
3669 1567 3804 1622 solet

2213 1657 2449 1715 ell'odere
2484 1672 2713 1728 corpora
2733 1697 2750 1723 ,
2794 1657 3036 1728 nihilque
3063 1665 3148 1713 est
3175 1657 3528 1713 immundius:
3554 1673 3668 1728 quo
3699 1674 3801 1713 non

2216 1756 2471 1804 vescatur
2495 1765 2509 1802 :
2546 1747 2668 1803 talis
2692 1756 2776 1804 est
2808 1748 2970 1803 Israel
2996 1747 3271 1803 offendens
3299 1749 3589 1804 Dominum
3618 1766 3800 1814 suum,

2219 1848 2274 1895 et
2296 1839 2538 1895 omnium
2567 1839 2860 1894 bestiarum
2887 1839 3157 1894 morsibus
3185 1839 3434 1895 traditur.
3467 1839 3675 1913 (θήρ.)
3714 1842 3806 1896 Ve-

2217 1935 2418 1982 nerunt
2458 1927 2645 1982 bestite
2684 1927 2822 1998 agri,
2868 1927 3261 1983 devoraverunt
3290 1929 3550 1999 populum
3590 1929 3803 1986 Judazo-

2217 2033 2359 2074 rum.
2389 2015 2522 2073 Vide
2544 2032 2704 2072 exesa
2730 2017 2895 2072 corda
2923 2017 3165 2073 omnium
3188 2033 3220 2072 a
3242 2017 3485 2073 fortitudi
3508 2019 3655 2074 Iibus
3675 2035 3805 2073 eon-

2218 2109 2419 2164 trariis.
2439 2109 2497 2164 Si
2518 2109 2620 2163 illis
2643 2109 2785 2163 Deus
2800 2122 2906 2163 non
2929 2108 3191 2179 pepercit,
3215 2109 3310 2165 sed
3329 2109 3406 2162 ait
3431 2127 3444 2164 :
3465 2127 3483 2160 ι
3504 2109 3584 2164 Ite
3598 2118 3658 2164 et
3675 2111 3804 2164 eon-

2219 2207 2438 2270 gregate
2457 2197 2678 2265 bestias,
2703 2217 2722 2252 I
2741 2205 2945 2268 quanto
2969 2199 3141 2270 magis
3170 2199 3326 2254 nobis
3350 2213 3456 2254 non
3486 2201 3718 2269 parcet?
3747 2199 3801 2253 Si

2217 2302 2324 2342 non
2372 2287 2664 2344 fecerimus
2704 2287 2875 2358 legem
2902 2283 3040 2354 ejus,
3089 2286 3136 2342 si
3176 2300 3484 2343 sermonem
3523 2288 3801 2357 Evangelii

2222 2377 2638 2446 neglexerimus,
2666 2392 2885 2433 rursum
2914 2377 3056 2433 dicet
3087 2392 3101 2430 :
3131 2394 3150 2427 ι
3177 2376 3252 2432 ite
3275 2387 3330 2431 et
3359 2363 3692 2449 congregate
3715 2379 3802 2433 be-

2217 2465 2350 2520 stias
2371 2473 2426 2520 et
2443 2465 2640 2521 tradite
2658 2481 2777 2521 eam
2804 2483 2816 2520 :
2844 2485 2863 2518 »
2885 2465 2981 2520 sed
3000 2478 3099 2520 nos
3120 2465 3454 2522 conﬁdamus
3477 2467 3533 2520 in
3553 2467 3798 2528 Domino,

2217 2565 2274 2611 et
2312 2556 2365 2610 in
2409 2556 2655 2612 oratione
2694 2557 2962 2622 dicamus,
2991 2555 3107 2609 «Ne
3136 2557 3320 2612 tradas
3344 2557 3535 2612 bestiis
3565 2559 3799 2612 animam

2218 2645 2570 2702 conﬁtentem
2609 2648 2704 2704 tibi
2737 2645 2911 2719 (Paul.
2955 2646 3169 2719 LXXIII).
3198 2667 3217 2700 ι
3260 2648 3500 2718 Agamus
3533 2651 3798 2719 paeniten-

2218 2737 2349 2791 tiam
2403 2751 2568 2806 super
2617 2737 2857 2807 peccatis
2907 2737 3106 2793 nostris
3143 2755 3158 2793 :
3201 2739 3558 2793 conﬁteamur
3609 2738 3798 2793 delicta

2219 2835 2442 2893 nostra,
2457 2843 2578 2898 quae
2607 2827 2852 2896 fecimus,
2881 2837 2938 2883 et
2968 2828 3156 2883 bestiis
3182 2843 3289 2884 non
3319 2830 3602 2884 trademur
3631 2847 3644 2882 :
3673 2829 3798 2899 quin

2216 2921 2396 2992 potius
2421 2921 2596 2992 angeli
2628 2921 2868 2987 venient,
2907 2921 3001 2991 qui
3038 2936 3138 2976 nos
3173 2921 3226 2975 in
3252 2921 3372 2976 sinu
3397 2937 3499 2976 suo
3523 2931 3798 2992 gestantes

2219 3011 2285 3066 de
2308 3012 2536 3066 terrenis
2559 3011 2692 3066 locis
2713 3011 2781 3065 ad
2804 3010 3048 3067 caelestia
3073 3010 3428 3078 transferunt,
3453 3012 3521 3067 de
3544 3014 3796 3083 praesenti

2220 3100 2416 3156 sreculo
2447 3102 2501 3155 in
2524 3110 2780 3172 perpetua
2807 3100 3071 3156 collocent
3092 3101 3413 3156 aeternitate.

534 3200 558 3237 ι
590 3186 745 3254 quasi
788 3185 873 3243 leo
915 3187 969 3243 in
1011 3188 1165 3243 silva.
1219 3190 1374 3246 Dedit
1399 3202 1590 3249 contra
1623 3209 1710 3250 me
1745 3210 1953 3262 vocem,
1995 3170 2116 3251 ideo
2141 3170 2188 3232 Ο
2296 3209 2315 3243 ι
2341 3170 2595 3246 Pastores
2621 3170 2795 3246 —multi
2841 3190 3081 3246 demoliti
3111 3199 3237 3246 sunt
3263 3191 3390 3262 (sive
3416 3193 3794 3262 corruperunt)

537 3294 555 3330 ι
591 3279 736 3333 odivi
783 3294 923 3334 eam.
958 3300 977 3334 I
1017 3281 1118 3349 Qui
1142 3283 1196 3337 in
1226 3283 1516 3356 Evangelio
1546 3286 1756 3342 locutus
1792 3299 1894 3353 est,
1943 3307 1961 3340 ι
1986 3286 2120 3343 Sur-

531 3365 661 3437 gite,
692 3368 951 3424 abeamus
979 3372 1106 3427 hinc
1147 3371 1328 3443 (Joun.
1361 3376 1473 3444 xlv)
1503 3392 1516 3440 ;
1550 3395 1568 3426 ι
1607 3386 1662 3431 et
1700 3377 1893 3431 iterum
1920 3392 1936 3432 :
1968 3397 1984 3430 ι
2011 3379 2116 3433 Re-

531 3456 806 3526 linquetur
827 3460 976 3515 vobis
997 3461 1187 3517 domus
1208 3472 1386 3517 vestra
1409 3465 1618 3520 deserta
1641 3464 1792 3536 (Luc.
1817 3466 1995 3539 xIII),I
2031 3468 2118 3524 hic

532 3547 699 3602 etiam
736 3549 788 3602 in
815 3551 1076 3619 propheta
1128 3553 1318 3607 eadem
1361 3555 1746 3619 comminatur,
1787 3565 1843 3611 et
1873 3559 2015 3626 quod
2039 3559 2118 3612 fa-

533 3649 722 3697 cturus
750 3652 853 3706 cst,
885 3645 1077 3698 fecisse
1117 3661 1178 3700 se
1210 3647 1358 3701 dicit.
1391 3649 1686 3704 Ilaereditas
1716 3652 1858 3705 enim
1907 3652 2118 3707 Domini

533 3739 619 3786 est
645 3731 828 3796 Israel,
857 3742 912 3786 et
939 3733 1206 3790 funiculus
1233 3738 1565 3794 haereditatis
1590 3739 1725 3808 ejus.
1751 3741 1904 3808 Quod
1936 3754 2116 3798 autem

537 3820 631 3883 ait,
675 3838 694 3870 ε
717 3821 836 3874 dedi
867 3822 1117 3876 dilectam
1152 3825 1387 3880 animam
1431 3843 1605 3882 meam
1643 3830 1696 3884 in
1742 3846 1904 3884 manu
1940 3832 2120 3886 inimi-

542 3925 732 3966 corum
754 3912 888 3982 ejus,
917 3933 933 3963 ι
965 3913 1092 3968 illud
1114 3924 1199 3969 cst
1223 3933 1235 3968 :
1269 3935 1285 3966 ι
1309 3915 1640 3973 Potestatcm
1681 3920 1853 3979 habeo
1884 3922 2116 3990 ponenth'

539 4000 775 4054 animam
834 4013 1154 4084 meam,‘et
1206 4013 1528 4074 potestatem
1589 4008 1763 4063 habeo
1811 4011 2118 4064 resume-di

535 4089 684 4144 illam
714 4091 895 4162 (Joan.
923 4094 998 4161 x).
1027 4113 1044 4144 ι
1090 4093 1253 4147 Facta
1291 4106 1374 4150 est
1413 4106 1595 4151 autem
1627 4099 1913 4154 hmreditas
1942 4115 2117 4169 quon-

535 4180 662 4236 dam
694 4182 906 4236 Domini
949 4184 1178 4253 populus
1215 4183 1545 4250 Judmorum,
1594 4199 1782 4242 contra
1811 4205 1932 4243 eum
1961 4189 2116 4260 quasi

537 4271 622 4328 leo
666 4273 719 4326 in
771 4273 927 4362 silva,
971 4276 1185 4343 quando
1221 4277 1336 4346 pari
1382 4279 1667 4367 adversum
1706 4279 1852 4333 illum
1897 4281 1951 4334 in
2000 4296 2120 4350 pas-

544 4365 696 4418 sione
723 4380 857 4420 voce
886 4365 1156 4420 clamavit.
1195 4367 1263 4421 Et
1305 4368 1430 4437 quia
1475 4365 1622 4424 dedit
1657 4379 1844 4424 contra
1875 4386 1998 4425 eum
2022 4386 2118 4425 vo-

536 4468 655 4507 cem
700 4467 871 4517 suam,
919 4455 1036 4508 ideo
1072 4470 1191 4508 eam
1226 4457 1349 4510 odio
1375 4458 1562 4512 habuit
1582 4467 1638 4512 et
1664 4457 1879 4526 abiecit,
1911 4469 1966 4514 et
1995 4475 2114 4530 qua:

535 4544 806 4612 quondam
844 4545 946 4599 fuit
970 4545 1164 4600 dilecta
1194 4555 1355 4616 atque
1383 4548 1722 4614 charissima,
1761 4566 1904 4605 nunc
1937 4550 2113 4619 appel-

535 4634 678 4688 latur
713 4635 921 4691 odiosa.
956 4635 1155 4708 (0rig.)
1203 4635 1313 4692 Nec
1357 4637 1661 4692 mirandum
1705 4647 1810 4703 est,
1865 4638 1911 4693 si
1961 4649 2109 4703 tunc,

533 4724 675 4776 truci
720 4723 910 4778 bellua:
961 4734 1271 4794 comparata
1311 4727 1411 4790 sit,
1462 4742 1632 4797 usque
1677 4728 1744 4782 ad
1790 4737 2112 4797 pneseutem

533 4812 700 4877 diem,
757 4812 940 4869 leones
996 4814 1048 4868 in
1098 4815 1232 4869 silva
1275 4825 1402 4870 sunt
1447 4817 1970 4871 anathematizantes
2003 4816 2112 4870 Do-

533 4902 739 4956 minum
767 4901 951 4957 Jesum
976 4912 1029 4957 et
1056 4903 1493 4973 blasphemantes
1522 4905 1686 4969 illum,
1720 4913 1774 4960 et
1798 4904 2114 4959 insidiantes

533 4993 874 5048 credentibus
895 4994 1098 5048 nomini
1125 4995 1262 5064 ejus.

612 5101 629 5132 ι
663 5079 912 5151 Nunquid
965 5083 1079 5136 avis
1133 5084 1365 5139 discolor
1427 5085 1710 5138 haereditas
1764 5099 1882 5138 mea
1945 5082 2123 5138 mihi!

538 5187 558 5220 ι
587 5168 838 5239 Nunquid
863 5170 979 5224 avis
1003 5171 1165 5226 tincta
1187 5185 1283 5240 per
1303 5173 1507 5225 totum?
1531 5169 1737 5235 Venite,
1753 5170 2116 5242 congregami-

539 5277 558 5309 ‹
588 5259 865 5323 ni,omnes
887 5259 1074 5321 bestiae
1094 5267 1271 5324 terrae,
1290 5270 1574 5330 properate
1599 5261 1667 5315 ad
1693 5259 2108 5316 devorandum.»

535 5347 804 5418 (Ηίει-οη.)
852 5346 1200 5420 Septuaginta
1233 5366 1246 5402 :
1282 5367 1300 5400 ι
1329 5347 1578 5419 Nunquid
1610 5349 1861 5419 spelunca
1908 5350 2111 5421 hyaznte
2144 5363 2156 5377 ο

536 5437 821 5493 lizereditas
849 5453 966 5494 mea
1001 5440 1171 5494 mihi?
1211 5455 1280 5493 an
1323 5439 1577 5507 spelunca
1626 5440 1678 5494 in
1725 5441 1954 5495 circuitu
1994 5439 2110 5509 ejus

536 5543 698 5598 super
727 5531 880 5583 eam?
919 5530 1152 5602 Pergite,
1177 5539 1496 5601 congregate
1527 5545 1717 5586 omnes
1741 5531 1941 5585 bestias
1971 5530 2107 5600 agri,

536 5627 590 5671 et
614 5618 826 5673 veniant
853 5628 911 5674 ut
938 5621 1221 5676 comedam
1245 5634 1383 5674 eam.
1414 5639 1432 5671 ι
1466 5620 1632 5675 Avem
1665 5619 1981 5675 discolorem
2006 5619 2111 5672 tin-

537 5719 786 5780 clamque
805 5719 1099 5780 pertotum,
1114 5709 1266 5779 juxta
1288 5709 1541 5765 litteram.
1561 5725 1755 5780 pavum
1774 5719 1948 5766 vocat.
1967 5707 2105 5761 Tan-

2227 3301 2246 3335 ς
2277 3283 2489 3337 vineam
2535 3298 2746 3348 meam,
2795 3282 3248 3338 conculcaverunt
3293 3283 3422 3354 (sive
3468 3283 3792 3354 polluerunt)

2226 3389 2246 3424 ε
2277 3384 2492 3441 partem
2522 3387 2718 3427 meam.
2751 3371 3024 3427 Dederunt
3051 3373 3355 3442 portionem
3384 3387 3566 3428 meam
3594 3373 3795 3429 deside-

2225 3478 2244 3511 ε
2279 3459 2503 3514 rabilem
2557 3460 2610 3514 in
2659 3460 2933 3515 desertum
2996 3459 3298 3516 solitudinis
3352 3460 3480 3529 (sive
3553 3461 3793 3532 inviam).

2226 3567 2246 3600 ι
2281 3548 2583 3604 Posuerunt
2618 3564 2738 3604 eam
2776 3550 2873 3622 (vel
2901 3551 3076 3620 posita
3106 3550 3208 3621 est)
3234 3550 3289 3604 in
3317 3550 3745 3620 dissipationem.
3772 3568 3790 3602 ι

2221 3636 2494 3709 (Ηὶενοη.)
2546 3638 2781 3693 Audiant
2806 3640 2922 3695 haec
2960 3640 3053 3710 qui
3099 3639 3372 3710 principes
3413 3641 3646 3710 cupiunt
3685 3654 3795 3695 esse

2218 3727 2560 3796 populorum,
2585 3737 2639 3782 et
2661 3744 2766 3782 non
2789 3729 2961 3783 solum
2991 3745 3090 3798 pro
3118 3745 3199 3796 se,
3221 3729 3316 3785 sed
3343 3740 3400 3786 et
3423 3745 3526 3800 pro
3557 3730 3797 3786 commis-

2222 3816 2296 3869 sis
2343 3816 2444 3869 sibi
2484 3816 2736 3887 gregibus
2769 3819 3032 3872 reddituri
3078 3827 3203 3873 sunt
3238 3821 3504 3876 rationem
3531 3822 3588 3875 in
3611 3820 3796 3888 dieju-

2226 3904 2374 3958 dicii.
2419 3904 2646 3975 Propter
2697 3906 2815 3962 illos
2857 3907 3003 3962 enim
3045 3906 3171 3977 pars
3210 3909 3424 3964 Domini
3458 3911 3797 3966 conculcatur

2221 4005 2386 4065 atque
2406 3996 2684 4064 polluitur,
2712 4005 2773 4051 ut
2797 3998 2888 4052 ubi
2921 4000 3189 4066 quondam
3220 4000 3314 4055 Dei
3340 4009 3463 4062 erat
3483 4000 3793 4071 hospitium,

2220 4083 2294 4137 ibi
2324 4085 2395 4138 sit
2422 4086 2785 4140 habitaculum
2815 4087 3126 4142 bestiarum.
3157 4087 3262 4143 Alii
3291 4103 3419 4145 vero
3455 4107 3562 4146 non
3596 4106 3797 4161 praepo-

2220 4171 2353 4227 sitos
2397 4172 2568 4243 plebis
2611 4183 2666 4230 et
2703 4177 3034 4240 sacerdotes,
3077 4168 3170 4234 sed
3219 4177 3454 4234 hostium
3497 4179 3798 4250 intelligunt

2218 4263 2508 4331 principes,
2550 4265 2640 4334 qui
2685 4264 3017 4332 Jerusalem,
3057 4265 3159 4321 hoc
3197 4275 3282 4323 est
3317 4267 3530 4323 vineam
3559 4268 3794 4331 Domini,

2221 4355 2576 4423 dIssiparunt.

2296 4461 2314 4494 ‹
2348 4442 2614 4512 Luxitque
2658 4458 2820 4514 super
2862 4457 2949 4500 me
2989 4460 3006 4498 :
3044 4445 3377 4502 desolatione
3421 4446 3666 4502 desolata
3718 4457 3796 4501 est

2224 4549 2242 4583 ι
2282 4532 2457 4586 omnis
2487 4541 2647 4596 terra,
2677 4533 2801 4602 quia
2846 4532 3024 4588 nullus
3067 4542 3152 4588 est
3175 4534 3267 4604 qui
3311 4536 3570 4606 recogitet
3613 4537 3792 4590 corde.

2222 4641 2240 4674 ‹
2283 4621 2456 4691 Super
2499 4638 2688 4678 omnes
2746 4625 2861 4679 vias
2911 4624 3111 4680 deserti
3171 4635 3436 4680 venerunt
3476 4633 3790 4688 vastatores,

2223 4729 2241 4763 ι
2278 4713 2404 4780 quia
2441 4712 2647 4783 gladius
2672 4713 2883 4768 Domini
2922 4715 3201 4771 devorabit
3243 4715 3313 4768 ab
3345 4725 3590 4771 extremo
3631 4726 3795 4793 terra

2221 4819 2239 4854 ι
2279 4818 2448 4872 usque
2492 4803 2558 4857 ad
2596 4810 2901 4860 extremum
2940 4803 3087 4872 ejus,
3123 4821 3228 4860 non
3269 4813 3352 4861 est
3396 4822 3501 4876 pax
3530 4808 3795 4862 universa

2223 4908 2240 4941 ι
2281 4891 2450 4946 carni.
2493 4911 2512 4943 I
2570 4892 2921 4965 Septuaginta
2968 4913 2981 4948 :
3043 4913 3062 4945 ε
3099 4895 3391 4966 Propterea
3444 4897 3794 4967 dissipatione

2222 4998 2240 5031 ι
2278 4981 2534 5050 dissipata
2594 4991 2678 5038 est
2737 4988 2914 5039 omnis
2968 4993 3152 5050 terra,
3197 5007 3214 5036 ι
3285 4995 3341 5040 ct
3396 4985 3626 5054 reliqua.
3689 4987 3791 5042 [loc

2217 5071 2358 5138 quod
2380 5073 2654 5140 posuimus
2673 5093 2688 5123 ι
2712 5073 2950 5143 quitque
2969 5089 3132 5143 super
3152 5090 3237 5128 me
3264 5094 3282 5124 ι
3302 5075 3455 5144 juxta
3471 5073 3791 5130 Hebraieum

2217 5159 2382 5229 priori
2405 5161 2670 5216 versiculo
2691 5163 2992 5232 copulatur,
3023 5172 3082 5217 ut
3109 5165 3178 5219 sit
3207 5179 3424 5229 sensus,
3449 5183 3468 5214 ‹
3497 5177 3794 5235 posuerant

2218 5267 2338 5308 eam
2362 5253 2415 5306 in
2442 5252 2899 5325 dissipationem,I
2934 5255 3037 5310 hoc
3066 5262 3169 5322 est,
3199 5255 3566 5311 haereditatem
3595 5269 3788 5310 meam.

2225 5363 2244 5396 ι
2277 5345 2544 5416 Luxitque
2566 5362 2730 5417 super
2757 5361 2865 5412 me,
2895 5365 2915 5398 ι
2952 5362 3074 5403 meo
3097 5347 3298 5403 auxilio
3319 5347 3599 5403 destituta.
3634 5345 3789 5402 Juxta

2219 5433 2570 5506 Septuaginta
2611 5451 2740 5492 vero
2774 5437 3012 5507 loquitur
3032 5437 3193 5501 Deus,
3222 5437 3364 5506 quod
3393 5444 3618 5507 propter
3644 5437 3788 5491 illum

2218 5533 2361 5579 terra
2401 5527 2472 5581 sit
2509 5526 2768 5596 dissipata
2802 5536 2858 5582 et
2897 5527 3116 5582 redacta
3162 5527 3216 5581 in
3258 5525 3633 5591 solitudinem,
3669 5527 3788 5596 quia

2217 5616 2395 5670 nullus
2424 5617 2493 5670 sit
2523 5618 2612 5685 qui
2643 5618 2804 5672 corde
2827 5618 3108 5688 recogitet.
3131 5632 3232 5671 nec
3253 5614 3359 5669 ulla
3387 5629 3493 5683 pax
3524 5615 3788 5670 universa:

2217 5707 2365 5761 carni
2395 5721 2409 5759 :
2440 5721 2611 5776 neque
2639 5709 2778 5763 enim
2803 5723 2987 5777 pacem
3015 5707 3106 5763 Dei
3137 5714 3313 5776 potest
3344 5720 3473 5761 caro
3507 5705 3783 5773 recipere.
