3910 6342
220 383 324 440 901

1140 379 1504 438 EXPOSITIO
1539 380 1765 438 SUPER
1803 380 2162 437 JEREMIAM.
2204 414 2274 422 —
2310 381 2434 438 LIB.
2474 382 2558 439 Vl.

3373 391 3478 448 902

226 513 248 546 ι
280 493 558 564 Sapientia
595 491 740 548 enim
783 491 966 548 carnis
1010 492 1229 548 inimica
1271 501 1355 548 est
1387 493 1513 556 Deo,
1545 501 1600 548 et
1622 494 1714 563 qui
1740 493 1796 547 in
1825 499 1874 558 Α
1900 501 1957 547 et
1999 493 2151 564 juxta
2193 503 2459 562 praecepta
2505 495 2714 550 Domini
2744 497 2937 568 dignus
2985 497 3217 555 incedat.
3252 501 3473 572 Verum,

221 599 392 640 carne
432 591 580 648 sunt,
617 583 729 638 Deo
755 582 969 653 placere
996 599 1104 640 non
1140 591 1370 653 possunt
1403 583 1576 653 (Rom.
1601 583 1743 655 vin).
1776 603 1795 636 ι

219 670 395 728 Porro
413 671 569 740 juxta
598 670 920 727 Hebraicum
942 672 1064 728 ideo
1099 671 1284 727 Iudaea
1326 673 1503 728 omnis
1537 683 1622 729 est
1648 675 1802 730 deso-

220 762 358 827 lata,
381 762 506 832 quia
533 761 710 816 nullus
739 770 823 817 est
850 763 942 831 qui
973 764 1136 818 corde
1164 763 1426 834 recogitet
1464 764 1657 830 Deum,
1703 780 1803 821 nec

221 850 479 906 residuus
515 849 607 920 qui
645 850 817 920 possit
861 849 1113 905 evadere.
1137 849 1256 907 Per
1282 866 1471 906 omnes
1505 853 1650 906 enim
1685 853 1802 909 vias

219 941 526 996 solitudinis
560 947 827 996 venerunt
856 947 1177 1007 vastatores,
1209 941 1264 996 id
1291 949 1378 996 est
1413 941 1622 999 hostilis
1645 957 1804 1000 exer—

220 1029 384 1096 citus,
429 1037 486 1085 et
522 1029 731 1101 gladius
769 1028 980 1083 Domini
1007 1030 1282 1086 devoravit
1309 1045 1342 1085 a
1371 1031 1601 1088 termino
1630 1048 1802 1103 usque

221 1120 292 1174 ad
328 1121 615 1175 terminum
645 1136 659 1173 :
691 1135 793 1175 nec
831 1121 1046 1189 requies
1076 1121 1181 1176 ulla
1205 1121 1309 1177 fuit
1333 1122 1401 1177 de
1429 1124 1562 1178 urbe
1591 1122 1799 1194 fugien-

221 1207 388 1264 tibus.
417 1207 572 1264 Unde
600 1208 834 1264 dicitur:
866 1227 885 1260 ι
913 1209 1179 1265 universa:
1199 1211 1482 1266 carni-non
1507 1220 1594 1267 est
1614 1227 1735 1282 pax.
1775 1233 1795 1266 ι

219 1293 422 1367 (0rig.)
443 1294 595 1363 Quod
609 1297 655 1351 si
671 1296 904 1352 volueris
920 1297 1172 1352 subtilius
1193 1299 1520 1371 intelligere:
1542 1317 1562 1352 ι
1581 1309 1803 1371 propter

217 1401 310 1441 me
332 1387 686 1442 exterminata
708 1395 793 1442 est
811 1387 988 1442 omnis
1009 1395 1173 1453 terra,
1203 1407 1222 1440 ι
1241 1390 1519 1445 considera
1542 1406 1663 1446 eam
1683 1406 1803 1462 qua:

219 1477 277 1532 in
303 1486 352 1532 te
367 1486 470 1542 est,
489 1479 756 1548 quomodo
775 1477 1133 1533 exterminata
1155 1479 1226 1534 sit
1246 1489 1412 1545 terra,
1428 1489 1485 1535 et
1504 1489 1632 1536 tunc
1649 1482 1798 1537 vide-

219 1567 309 1622 bis
332 1576 454 1638 post
491 1569 782 1623 adventum
830 1564 958 1622 Jesu
1003 1565 1204 1622 Christi
1249 1568 1467 1638 impleta
1511 1583 1635 1624 esse
1680 1584 1801 1640 qua:

218 1656 364 1711 dicta
405 1665 528 1712 sunt
555 1675 566 1710 :
597 1655 934 1711 mortiﬁcatis
973 1657 1234 1712 membris
1267 1659 1468 1714 nostris
1505 1673 1670 1727 super
1694 1667 1801 1714 ter-

217 1761 358 1810 ram,
408 1761 530 1801 cum
565 1745 680 1814 jam
722 1761 831 1801 non
875 1755 1131 1817 operatur
1167 1755 1312 1802 terra
1343 1763 1508 1818 opera
1535 1763 1656 1814 sua,
1692 1764 1798 1804 non

1904 582 2230 648 charissimi,
2256 583 2422 637 nolite
2465 594 2654 654 putare
2695 586 2799 641 hoc
2846 597 3050 641 tantum
3077 589 3143 644 de
3175 591 3333 648 nobis
3358 608 3480 650 esse

1904 669 2106 745 dictum
2136 689 2150 725 :
2187 681 2244 726 et
2280 685 2379 726 nos
2416 681 2474 726 et
2513 687 2605 728 vos
2649 685 2957 729 commonet
2985 676 3164 732 divina
3198 679 3475 750 maiestas,

1903 769 1963 814 ut
1990 760 2148 830 juxta
2179 760 2586 831 Seripturarum
2620 773 2888 834 praecepta
2940 765 3203 832 vivamus,
3245 769 3347 823 etsi
3398 772 3480 828 sic

1902 848 2119 918 expedit
2144 850 2326 904 dicere
2350 867 2363 902 :
2393 868 2417 900 ι
2437 847 2686 920 potentes
2703 861 2950 921 potenter
2975 862 3240 912 tormenta
3270 859 3478 927 patien-

1903 945 2040 992 tur.»
2064 937 2192 995 Plus
2216 954 2246 992 a
2274 954 2361 994 me
2387 940 2620 1010 exigitur
2643 955 2805 1010 quam
2832 958 2862 996 a
2885 944 3132 1010 diacono,
3159 945 3277 1016 plus
3303 963 3334 1001 a
3360 949 3475 1004 dia-

1903 1039 2043 1081 cono
2068 1042 2232 1096 quam
2264 1041 2296 1082 a
2323 1027 2482 1082 laico.
2515 1028 2616 1096 Qui
2653 1045 2784 1085 vero
2812 1032 2979 1087 totius
3008 1035 3263 1090 Ecclesia:
3293 1053 3476 1094 arcem

1901 1115 2108 1184 obtinet
2137 1131 2235 1186 pro
2257 1119 2403 1172 omni
2428 1119 2670 1174 Ecclesia
2705 1121 2893 1176 reddet
2927 1124 3189 1180 rationem
3216 1144 3230 1181 :
3257 1139 3479 1198 propter

1902 1205 2005 1259 hoc
2045 1206 2320 1274 apostolus
2364 1206 2564 1261 Paulus
2591 1247 2606 1273 ,
2655 1210 2907 1266 videlicet
2945 1220 3005 1266 ut
3051 1213 3097 1267 is
3141 1217 3225 1269 cui
3264 1215 3479 1272 fuerant

1903 1291 2068 1346 multa
2100 1295 2413 1358 commissa,
2451 1295 2667 1351 aiebat:
2700 1315 2718 1347 ι
2748 1295 2840 1352 Sic
2882 1315 2981 1355 nos
3019 1303 3292 1357 existimet
3315 1305 3478 1362 homo

1902 1382 2058 1452 quasi
2101 1383 2377 1436 ministros
2404 1383 2602 1440 Christi
2633 1395 2689 1440 et
2716 1388 3114 1456 dispensatores
3165 1406 3476 1448 sacramen-

1905 1481 2079 1527 torum
2116 1473 2228 1528 Dei.
2260 1472 2360 1527 Hic
2381 1474 2493 1542 jam
2518 1479 2766 1544 qua-ritur
2800 1479 2942 1533 inter
2966 1481 3388 1552 dispensatores,
3419 1495 3478 1541 ut

1905 1563 2078 1618 ﬁdelis
2107 1566 2229 1634 quis
2252 1564 2560 1620 inveniatur
2581 1567 2635 1638 (l
2667 1567 2791 1624 Cor.
2817 1569 2912 1641 tv).
2952 1589 2972 1622 ι

1979 1756 1998 1788 ι
2062 1735 2474 1792 Confundemini
2538 1751 2571 1790 a
2637 1737 2902 1795 fructibus
2970 1741 3123 1810 (sive
3182 1759 3213 1798 a
3279 1743 3476 1816 gloria-

217 1836 355 1892 ﬁant
395 1837 535 1907 apud
569 1839 771 1908 justum
809 1851 874 1892 ea
895 1837 1101 1908 quibus
1133 1853 1262 1895 caro
1302 1848 1462 1894 antea
1497 1838 1795 1907 fovebatur,

1910 1846 1928 1878 ι
1954 1828 2096 1882 tione
2142 1827 2368 1897 vestra),
2425 1836 2647 1898 propter
2700 1830 2838 1886 iram
2875 1832 3074 1889 furoris
3111 1835 3319 1892 Domini
3350 1840 3477 1910 (sire

217 1939 329 1978 non
366 1924 673 1990 fornicatio,
711 1940 818 1979 non
852 1925 1210 1992 immunditia,
1240 1942 1350 1982 non
1388 1927 1531 1982 ultra
1561 1927 1797 1992 luxuria,

215 2027 328 2067 non
366 2013 629 2068 idolorum
669 2015 920 2075 servitus,
959 2029 1064 2068 non
1095 2015 1382 2080 beneﬁcia,
1409 2023 1514 2071 etc.
1543 2015 1803 2072 Dominus

217 2101 500 2171 loquitur:
537 2121 554 2152 ι
586 2100 724 2169 Quid
768 2103 986 2172 putatis,
1029 2104 1158 2174 quia
1195 2105 1319 2159 veni
1366 2121 1555 2176 pacem
1585 2107 1802 2163 mittere

217 2211 388 2264 super
421 2197 656 2250 terram?
683 2196 799 2252 Non
829 2197 950 2251 veni
980 2197 1196 2252 mittere
1223 2211 1411 2265 pacem
1437 2195 1530 2252 sed
1562 2196 1797 2267 gladium

216 2283 437 2352 (Matth.
461 2285 536 2356 x).
551 2306 570 2338 ›
599 2287 736 2341 Vere
756 2297 1042 2355 antequam
1071 2286 1160 2342 ille
1179 2287 1532 2342 descenderet
1549 2301 1655 2341 non
1683 2295 1800 2341 erat

215 2375 428 2444 gladius
481 2392 644 2445 super
692 2373 927 2442 terram;
974 2391 1149 2446 neque
1204 2393 1334 2433 caro
1380 2377 1800 2447 concupiscebat

215 2459 483 2518 adversus
510 2464 784 2533 spiritum,
813 2479 987 2532 neque
1023 2465 1246 2533 spiritus
1272 2467 1532 2520 adversus
1556 2481 1794 2531 carnem,

214 2556 432 2625 qando
455 2568 635 2612 autem
659 2558 827 2620 venit,
856 2557 1031 2613 edocti
1056 2573 1241 2613 sumus
1265 2573 1385 2628 qua:
1410 2558 1592 2613 carnis
1612 2571 1798 2628 quatve

211 2651 345 2698 sunt
371 2645 612 2715 spiritds.
643 2645 897 2699 Doctrina
929 2645 1045 2714 ejus
1073 2644 1226 2714 quasi
1253 2644 1461 2715 gladius
1499 2644 1793 2709 immissus,

211 2733 406 2788 (h'vidit
442 2750 688 2798 carnem,
728 2735 782 2788 id
823 2743 907 2788 est
954 2742 1152 2788 terram
1189 2749 1221 2788 a
1259 2736 1485 2805 spiritu,
1526 2743 1578 2789 et
1618 2743 1796 2790 exter-

1908 1938 1925 1970 ι
1954 1919 2022 1974 ab
2056 1919 2344 1988 opprobrio
2373 1920 2426 1974 in
2450 1930 2741 1991 conspectu
2773 1923 3031 1997 Domini).
3057 1926 3184 1982 Haec
3210 1929 3340 1984 dicit
3366 1932 3473 2002 ne

1908 2028 1926 2058 ε
1957 2008 2133 2063 minus
2170 2008 2456 2064 adversum
2495 2025 2686 2067 omnes
2729 2013 2939 2070 vicinos
2989 2031 3140 2071 meos
3185 2021 3474 2087 pessimos,
3559 2076 3562 2080 ,

1909 2118 1927 2149 ε
1953 2100 2043 2168 qni
2077 2107 2308 2170 tangunt
2357 2101 2748 2169 hereditatem,
2793 2120 2953 2174 quam
2989 2107 3235 2164 distribui
3278 2112 3475 2181 pepqu

1905 2208 1923 2240 ι
1949 2204 2070 2244 meo
2093 2189 2254 2244 Israel
2281 2207 2294 2242 :
2325 2190 2464 2244 Ecce
2491 2206 2593 2261 ego
2618 2192 2847 2248 evellam
2877 2209 2970 2250 eos
2994 2196 3059 2250 de
3085 2205 3229 2252 terra
3261 2213 3378 2263 sua,
3416 2208 3473 2256 et

1905 2297 1923 2328 ε
1951 2279 2168 2332 domum
2202 2275 2339 2334 Juda
2370 2280 2598 2334 evellam
2634 2282 2762 2353 (sive
2785 2281 3018 2356 eiiciam)
3059 2285 3125 2340 de
3181 2289 3354 2342 medio
3382 2305 3477 2344 eo—

1905 2386 1924 2418 α
1952 2384 2091 2423 rum.
2121 2368 2340 2425 Etcum
2376 2371 2624 2426 evulsero
2670 2387 2768 2429 eos
2805 2384 3094 2430 convertar
3132 2377 3258 2448 (sive
3299 2395 3478 2436 rever-

1904 2477 1921 2508 c
1952 2458 2078 2528 ω),
2100 2469 2156 2513 et
2182 2459 2484 2519 miserebor
2520 2477 2735 2528 eorum,
2765 2472 2820 2517 et
2845 2466 3096 2521 reducam
3124 2482 3217 2522 eos
3238 2468 3366 2539 (sive
3384 2471 3475 2525 ha-

1905 2564 1923 2595 σ
1951 2546 2126 2601 bitare
2156 2546 2400 2618 faciam),
2427 2550 2602 2604 virum
2636 2552 2690 2605 in
2713 2552 3027 2610 haereditate
3066 2571 3185 2620 sua,
3217 2568 3272 2612 et
3297 2560 3470 2615 virum

1903 2636 2173 2691 «interra
2221 2651 2339 2693 sua.
2370 2657 2389 2688 ι
2419 2638 2707 2709 (nierum)
2752 2642 2961 2697 Dicitur
3003 2645 3070 2699 ad
3113 2660 3230 2712 eos,
3274 2651 3472 2717 quibus

1896 2725 2028 2780 cleri
2063 2726 2146 2780 sui
2175 2734 2230 2782 et
2265 2727 2667 2786 ecclesiasticus
2686 2731 2820 2788 ordo
2838 2748 2943 2788 non
2974 2738 3231 2805 proderit,
3260 2748 3318 2793 ut
3340 2756 3472 2794 con-

182 2824 442 2900 cminavit
477 2839 596 2878 eam
623 2841 636 2877 :
667 2823 794 2893 quia
840 2822 1308 2878 mortiﬁcationem
1345 2822 1470 2878 Jesu
1509 2822 1795 2878 circumfe-

1899 2809 2192 2868 fundantur
2220 2831 2249 2869 a
2277 2814 2593 2884 gloriatione
2618 2834 2734 2883 sua,
2767 2828 2821 2873 et
2863 2822 2933 2875 ab
2970 2826 3258 2893 opprobrio
3285 2843 3468 2883 coram

211 2913 390 2968 rimus
422 2915 474 2968 in
510 2928 735 2983 corpore
780 2923 964 2968 nostro
989 2923 1045 2968 et
1069 2929 1176 2968 non
1201 2914 1433 2967 vivimus
1462 2912 1602 2966 ultra
1637 2912 1790 2981 juxta
1898 2903 2139 2960 Domino.
2165 2903 2425 2975 Qquque
2452 2905 2652 2963 infert:
2685 2911 3017 2980 gadversum
3050 2930 3243 2972 omnes
3263 2919 3470 2972 vicinos

209 3015 458 3064 carnem,
493 3001 624 3055 vivit
648 3009 827 3055 autem
863 3002 1105 3070 spiritus,
1144 3009 1200 3055 et
1226 3000 1556 3056 seminamus
1591 3014 1698 3054 non
1737 2999 1791 3053 in
1895 3011 2045 3050 meos
2069 2997 2354 3066 pessimos,
2381 3017 2399 3049 ι
2429 2999 2582 3068 juxta
2613 3000 2847 3057 litteram
2876 3005 3038 3060 vicini
3074 3014 3232 3063 terrae
3271 3020 3474 3065 sancta:

209 3103 400 3152 carne,
432 3090 525 3144 sed
553 3090 604 3142 in
635 3088 847 3158 spiritu,
881 3098 940 3142 ut
965 3097 1366 3144 non‘metamus
1395 3087 1789 3156 corruptionem

209 3177 284 3233 de
313 3192 498 3245 carne,
525 3178 619 3234 sed
650 3178 714 3233 de
741 3178 931 3247 spiritu
961 3178 1128 3233 vitam
1153 3188 1433 3233 aeternam.

291 3287 310 3320 ε
343 3266 756 3324 Seminaverunt
786 3268 1046 3332 triticum,
1075 3277 1133 3324 et
1178 3270 1363 3338 spinas
1413 3277 1790 3324 messuerunt:

215 3372 239 3407 σ
276 3356 643 3410 haereditatem
667 3365 1022 3425 acceperunt,
1051 3366 1233 3424 etnon
1259 3360 1338 3413 eis
1356 3360 1614 3428 proderit.
1647 3378 1664 3410 ι
1693 3358 1793 3414 Se-

207 3445 524 3514 ptuaginta:
548 3464 564 3496 ι
578 3445 895 3500 Seminastis
918 3447 1173 3512 triticum,
1187 3457 1241 3502 et
1261 3450 1440 3518 spinas
1463 3451 1791 3504 tnessuistis:

215 3551 238 3584 c
263 3532 392 3586 cleri
418 3549 601 3586 eorum
615 3549 719 3589 non
732 3534 1007 3602 proderint
1024 3535 1119 3589 eis.
1134 3555 1154 3587 ι
1170 3534 1442 3607 (Ηίενοη.)
1460 3537 1697 3597 Meliora,
1718 3537 1795 3591 in-

210 3623 357 3690 quit,
381 3630 849 3691 exspectaverunt,
868 3632 921 3676 et
945 3634 1205 3678 venerunt
1227 3627 1476 3695 pessima,
1505 3628 1793 3696 sperabant

207 3724 473 3779 prospera
503 3718 557 3764 et
586 3711 810 3766 adversa
841 3713 1078 3780 perpessi
1106 3720 1248 3767 sunt.
1281 3714 1616 3784 Acceperunt
1637 3732 1664 3767 a
1691 3717 1792 3770 Do-

210 3801 366 3856 mino
387 3817 564 3856 rerum
595 3803 834 3857 omnium
862 3804 1264 3870 abundantiam,
1292 3823 1411 3876 qua:
1434 3809 1514 3863 eis
1535 3824 1638 3863 non
1665 3827 1792 3879 pro-

213 3889 380 3944 derit.
411 3890 570 3945 Juxta
607 3891 945 3961 septuaginta
978 3909 1106 3949 vero
1138 3909 1326 3950 omnes
1360 3897 1596 3951 hteretici
1637 3901 1790 3967 quasi

214 3979 460 4033 triticum
492 3980 794 4044 seminant,
833 3989 890 4034 et
931 3982 1115 4050 spinas
1161 3994 1403 4050 metunt,
1448 3997 1793 4055 exspectante

213 4066 448 4121 Domino
466 4076 522 4119 ut
547 4065 784 4121 fecerent
801 4067 1056 4134 fructum,
1077 4080 1132 4125 et
1153 4089 1258 4126 non
1277 4074 1310 4126 f.
1332 4076 1790 4145 ceruntjudicium

215 4157 314 4211 sed
362 4157 673 4228 clamorem.
720 4157 925 4212 Dicitur
965 4169 1143 4214 autem
1182 4163 1284 4216 hoc
1308 4173 1362 4216 et
1390 4165 1790 4233 ecclesiasticis,

214 4247 313 4315 qui
345 4246 504 4300 verba
532 4247 622 4302 Dei
654 4259 708 4302 et
732 4248 1033 4304 doctrinam
1068 4251 1186 4319 ejus
1222 4253 1358 4307 mala
1387 4258 1792 4312 conversatione

212 4337 564 4405 disperdunt,
591 4338 655 4391 de
685 4338 878 4406 quibus
926 4326 1191 4395 infertur:
1232 4342 1410 4398 «Cleri
1457 4360 1640 4399 eorum
1681 4363 1788 4400 non

211 4424 514 4496 proderunt
540 4427 635 4481 eis.
665 4447 685 4477 ›
718 4427 854 4494 Quid
897 4430 1039 4483 enim
1084 4446 1176 4486 eos
1206 4430 1396 4499 juvare
1438 4436 1634 4503 poterit
1681 4438 1792 4505 epi-

212 4515 374 4583 scopi
415 4531 606 4570 nomen
628 4524 681 4570 et
707 4517 1022 4588 presbyteri,
1063 4521 1146 4572 vel
1175 4521 1411 4590 reliquus
1450 4525 1582 4578 ordo
1623 4525 1792 4580 eccle-

212 4609 470 4663 siasticus
500 4626 512 4661 :
543 4623 664 4662 eum
695 4608 865 4678 magis
889 4619 1183 4678 graventur
1207 4613 1555 4682 dignitatibus
1584 4616 1716 4682 suis,
1742 4626 1798 4674 et

221 4717 244 4748 υ
276 4706 518 4768 potentes
544 4706 788 4768 potenter
812 4707 1076 4753 tormenta
1099 4701 1374 4768 patiantur
1402 4701 1555 4773 (Sap.
1585 4703 1683 4772 vi),
1706 4724 1723 4756 ι
1744 4714 1800 4760 et

210 4798 426 4857 quanto
441 4789 669 4858 amplius
687 4788 766 4842 eis
786 4789 1047 4842 creditum
1070 4788 1232 4844 fuerit
1254 4799 1404 4845 tanto
1417 4792 1536 4860 plus
1558 4795 1798 4862 requira-

214 4886 315 4930 tur
335 4876 402 4929 ab
429 4877 528 4930 eis.
559 4875 754 4948 (Orig)
774 4876 939 4931 Nosse
964 4876 1172 4932 debetis
1189 4893 1294 4932 non
1315 4879 1494 4932 statim
1520 4879 1572 4933 in
1592 4894 1657 4933 eo
1674 4895 1796 4934 esse

215 4964 530 5029 salvandos,
555 4967 679 5035 quia
702 4967 883 5021 clerici
912 4982 1096 5021 sumus
1122 4985 1136 5020 :
1158 4967 1310 5022 multi
1336 4967 1480 5022 enim
1503 4976 1554 5021 et
1576 4969 1794 5039 presby-

218 5055 333 5110 teri
361 5063 602 5124 pereunt,
641 5062 696 5107 et
736 5055 857 5110 laici
899 5055 1192 5111 beatissimi
1222 5056 1599 5124 reperiuntur:
1627 5057 1720 5111 sed
1747 5057 1792 5112 si

215 5144 471 5198 ordinem
492 5142 774 5197 clericatus
790 5153 1162 5200 etmereamur
1182 5145 1383 5215 pariter
1403 5153 1458 5199 et
1480 5144 1791 5202 habeamus.

217 5235 364 5302 Quia
391 5234 548 5303 igitur
579 5241 704 5288 sunt
727 5234 942 5302 quidam
971 5235 1150 5290 clerici
1181 5251 1287 5290 non
1322 5236 1394 5290 ita
1435 5235 1695 5302 viventes,
1735 5247 1794 5292 ut

213 5333 280 5380 et
308 5323 407 5392 ipsi
436 5338 502 5378 ex
529 5323 718 5378 ordine
745 5338 841 5378 suo
866 5315 1081 5392 capiant
1110 5325 1363 5388 fructum,
1392 5332 1446 5381 et
1469 5336 1789 5381 ornamento

213 5427 339 5471 sua:
377 5412 486 5467 sint
529 5412 794 5483 dignitati,
827 5412 1062 5477 idcirco,
1114 5414 1262 5468 aiunt
1291 5414 1381 5484 qui
1428 5424 1792 5485 exposuerunt

213 5503 541 5576 prophetam
574 5503 734 5568 hunc,
752 5502 920 5557 dixit:
952 5501 1173 5558 «Clerici
1201 5521 1310 5561 non
1337 5505 1625 5575 proderunt
1644 5504 1742 5559 eis.
1767 5525 1784 5555 ι

217 5591 444 5649 Utilius
467 5591 663 5662 quippe
691 5592 974 5647 clericatus
1001 5607 1104 5645 non
1138 5592 1190 5648 in
1216 5609 1282 5648 eo
1309 5602 1412 5657 est,
1443 5594 1485 5649 si
1511 5594 1705 5662 aliquis
1736 5594 1788 5648 in

215 5682 440 5754 agmine
479 5683 662 5738 sedeat
707 5683 1138 5754 presbyterorum
1169 5701 1182 5737 :
1212 5685 1307 5740 sed
1345 5685 1390 5741 si
1421 5684 1572 5754 juxta
1614 5684 1788 5739 locum

1821 4486 1869 4544 D

1894 3083 2110 3139 ldnmmi
2155 3094 2303 3151 sunt,
2329 3084 2674 3154 Philisthiim,
2704 3089 2880 3158 Moab,
2933 3101 2988 3148 et
3035 3098 3283 3161 Ammon,
3314 3095 3471 3165 juxta

1818 3159 1864 3221 C
1898 3171 2252 3242 tropologiam
2295 3189 2426 3228 vero
2458 3189 2648 3232 omnes
2689 3178 2950 3247 hazretici,
2996 3184 3218 3253 qui'suh
3249 3159 3469 3241 nomine

1898 3259 2102 3316 Christi
2140 3273 2456 3329 censentur,
2507 3274 2562 3320 et
2593 3267 2753 3322 vicini
2783 3272 2957 3341 magis
2983 3281 3110 3326 sunt
3126 3288 3288 3342 quam
3317 3276 3474 3330 habi-

1898 3357 2103 3406 tatores
2135 3361 2295 3407 terra:
2335 3363 2556 3418 sancta,
2603 3356 2695 3425 qui
2723 3365 2946 3428 tangunt
2977 3361 3344 3417 hareditatem
3373 3364 3471 3421 Dei

1896 3449 1950 3495 et
1975 3442 2260 3498 devastant
2286 3460 2404 3499 eam
2433 3462 2449 3500 :
2478 3447 2781 3518 dieiturque
2820 3450 2886 3504 de
2924 3451 3005 3506 eis
3031 3453 3174 3520 quod
3218 3453 3470 3508 auferan-

1897 3537 1984 3583 tur
2015 3533 2080 3585 de
2110 3532 2286 3588 medio
2317 3542 2495 3598 terrae,
2523 3545 2579 3589 et
2607 3537 2796 3591 domus
2833 3537 2966 3592 Juda
3019 3539 3238 3594 tollatur
3260 3542 3327 3595 de
3356 3558 3470 3597 me-

1892 3619 1981 3674 dio
2002 3633 2209 3674 eorum.
2229 3621 2470 3688 Quicum
2485 3624 2652 3678 evulsi
2677 3623 2896 3690 fuerint,
2919 3635 2976 3680 et
3000 3628 3064 3680 de
3095 3628 3468 3686 haereticorum

1893 3707 2140 3764 faucibus
2183 3709 2416 3778 liberati,
2469 3723 2868 3782 consequentur
2912 3715 3335 3772 misericordiam
3373 3720 3468 3774 Dei

1894 3806 1949 3850 et
1997 3798 2323 3853 reducentur
2354 3799 2405 3853 in
2438 3801 2804 3856 [nereditatem
2846 3811 2900 3856 et
2940 3804 2992 3856 in
3047 3812 3240 3859 terram
3289 3822 3464 3862 suam.

1895 3886 2093 3956 (0rig.)
2135 3888 2295 3942 Multa
2327 3897 2452 3942 sunt
2487 3891 2540 3943 in
2567 3892 2761 3958 quibus
2785 3892 3075 3961 gloriantes
3106 3895 3466 3962 insipientiam

1893 3985 2134 4030 nostram
2174 3978 2545 4032 ostendimus:
2575 3980 2724 4034 verbi
2764 3981 2958 4050 gratia,
2995 3983 3038 4036 si
3074 3984 3163 4051 qui
3195 3983 3247 4037 in
3286 3986 3468 4042 multis

1891 4066 2319 4134 possessionibus
2344 4065 2664 4135 gloriantur,
2679 4068 2876 4122 dicitur
2898 4070 2979 4123 eis
3004 4088 3018 4123 :
3041 4089 3057 4120 ‹
3080 4071 3466 4129 confundimini

1896 4169 1926 4208 a
1953 4155 2272 4224 gloriatione
2289 4163 2485 4207 vestra.
2518 4175 2536 4206 ι
2561 4155 2618 4210 Si
2648 4157 2768 4226 quis
2791 4157 3121 4211 ketabundus
3152 4160 3349 4214 incedit
3378 4178 3467 4216 su-

1893 4258 1990 4311 per
2021 4244 2425 4313 pretiosissimis
2454 4245 2891 4314 vestibus,super
2926 4248 3084 4300 domo
3106 4248 3285 4302 multis
3307 4265 3468 4303 exor-

1893 4341 2017 4386 nata
2062 4333 2301 4386 divitiis:
2339 4332 2509 4385 aliena
2545 4341 2629 4387 est
2665 4334 2860 4403 quippe
2887 4336 2999 4390 haec
3024 4335 3271 4406 gloriatio
3296 4353 3323 4390 a
3354 4339 3467 4410 glo-

1897 4421 2124 4474 riatione
2150 4431 2482 4486 sanctorum,
2514 4422 2710 4476 dicitur
2735 4423 2802 4477 ad
2831 4439 2952 4478 eum
2980 4439 2994 4478 :
3028 4444 3046 4476 ε
3076 4425 3467 4484 confundimini

1897 4527 1925 4563 a
1965 4511 2281 4580 gloriatione
2308 4521 2506 4567 vestra.
2531 4535 2548 4564 ι
2570 4517 2766 4570 Verum
2810 4517 2908 4571 hoc
2944 4532 3130 4585 parum
3170 4527 3292 4572 est:
3326 4521 3464 4575 Audi

1894 4600 2023 4667 quid
2062 4599 2311 4668 loquatur
2347 4601 2398 4653 in
2435 4599 2664 4657 Jeremia
2705 4619 2883 4657 sermo
2916 4605 3153 4669 divinus,
3183 4605 3377 4674 jubens
3406 4619 3464 4662 ut

1893 4705 1960 4743 ne
1990 4690 2042 4743 in
2071 4691 2329 4759 sapientia
2367 4692 2581 4759 quidem
2621 4705 2804 4747 nostra
2843 4694 3136 4764 gloriemur
3161 4713 3174 4749 :
3205 4715 3223 4747 ε
3253 4695 3327 4752 Ne
3354 4699 3466 4767 glo-

1892 4780 2087 4841 riatur,
2134 4779 2325 4847 inquit,
2359 4781 2590 4850 sapiens,
2643 4784 2694 4836 in
2742 4783 3002 4851 sapientia
3035 4800 3154 4848 sua,
3181 4800 3280 4840 nec
3310 4785 3470 4841 fortis

1894 4867 1945 4919 in
1977 4867 2294 4921 fortitudine
2335 4883 2453 4931 sna,
2501 4885 2600 4923 nec
2640 4871 2787 4924 dives
2829 4871 2880 4922 in
2905 4871 3104 4924 divitiis
3148 4873 3259 4926 suis
3283 4873 3376 4926 sed
3409 4874 3468 4928 in

1893 4956 1996 5010 isto
2046 4956 2320 5026 glorietur,
2365 4958 2454 5025 qui
2499 4957 2782 5026 gloriatur,
2829 4959 3124 5028 intelligere
3185 4968 3240 5014 et
3285 4961 3461 5025 scire,

1890 5047 2145 5115 quoniam
2171 5060 2273 5116 ego
2304 5061 2423 5099 sum
2463 5047 2720 5103 Dominus
2749 5047 2880 5117 μετ’.
2911 5049 3007 5114 ix).
3040 5048 3129 5102 Vis
3159 5048 3372 5117 gloriari
3405 5060 3460 5104 et

1891 5139 2272 5208 gloriabundus
2299 5155 2403 5194 non
2427 5141 2632 5204 audire,
2660 5160 2678 5191 ι
2699 5141 3126 5196 eonfundiminia
3145 5141 3462 5212 gloriatione

1896 5227 2109 5280 vestra?
2140 5247 2158 5278 ι
2185 5227 2415 5299 gloriare
2447 5237 2505 5282 ut
2529 5229 2818 5298 Apostolus
2863 5237 2918 5283 et
2957 5230 3085 5285 die:
3122 5250 3139 5283 ι
3173 5231 3298 5286 Mihi
3332 5248 3463 5287 vero

1895 5319 2035 5374 absit
2055 5319 2298 5390 gloriari,
2317 5321 2418 5375 nisi
2445 5320 2498 5374 in
2525 5335 2685 5376 cruce
2712 5321 2920 5376 Domini
2952 5323 3055 5377 mei
3085 5321 3208 5377 Jesu
3233 5323 3458 5389 Christi,

1891 5419 2112 5478 propter
2153 5425 2313 5479 quem
2350 5409 2480 5464 mihi
2529 5412 2761 5466 mundus
2802 5412 3092 5466 cruciﬁxus
3131 5425 3233 5478 est,
3276 5422 3331 5468 et
3359 5431 3459 5485 ego

1891 5501 2092 5554 mundo
2117 5499 2260 5572 (Gal.
2285 5500 2380 5571 vt).
2410 5521 2428 5551 ι
2463 5502 2556 5556 Vis
2582 5502 2801 5572 gloriari
2830 5513 2883 5556 et
2920 5519 3024 5556 non
3049 5503 3253 5568 audire,
3275 5523 3294 5555 ‹
3330 5520 3458 5560 con-

1895 5590 2176 5646 fundimini
2197 5607 2225 5644 a
2244 5591 2557 5661 gloriatione
2578 5600 2774 5655 vestra,
2801 5611 2818 5643 ι
2842 5593 2960 5645 andi
2985 5593 3282 5661 apostolum
3313 5593 3455 5649 Pau-

1896 5683 2002 5734 lum
2043 5682 2358 5751 gloriantem
2396 5691 2452 5734 et
2499 5681 2644 5735 disce
2680 5697 2805 5739 cum
2844 5682 3114 5752 loquitur:
3154 5680 3456 5738 «Libenter
