3910 6330
474 368 580 426 903

1114 362 1175 416 Β.
1215 356 1466 415 RABANI
1503 355 1720 414 MAUBI
1755 353 2079 410 ARCHIEP.‘
2115 352 2421 422 MOGUNT.
2463 351 2749 411 OPERUM
2785 352 2966 409 PARS
3001 352 3088 408 III.

3634 350 3737 407 905

472 479 748 553 gloriabor
795 479 849 533 in
883 443 1286 532 inﬁrmitatibus
1333 472 1492 538 meis,
1523 479 1584 527 ut
1623 469 1827 525 habitet
1867 469 1922 524 in
1973 483 2059 525 me
2085 466 2810 540 Aesthujuscemodilinum
2825 467 3473 537 atqnelunibare,tluctus
3493 473 3693 520 esttrai
3717 479 3744 518 s

471 573 647 626 virtus
671 567 873 627 Christi
902 563 987 636 (II
1010 563 1136 619 Cor.
1160 562 1282 634 xu).
1308 582 1329 615 ι
1374 637 1375 640 η

550 682 568 713 ι
601 661 668 714 Et
695 659 800 714 erit
823 658 868 712 si
893 655 1092 711 eruditi
1137 655 1429 716 didicerint
1469 653 1585 708 vias
1623 652 1804 725 populi
1838 653 1963 736 elei,
1999 661 2058 707 ut

479 767 498 801 ι
525 749 710 820 jurent
740 747 792 800 in
816 744 1032 799 nomine
1060 757 1203 806 meo,
1225 742 1358 796 vivit
1386 741 1666 806 Dominus,
1697 741 1837 796 sicut
1863 739 2059 795 docue-

478 858 497 891 ι
530 845 657 891 runt
681 833 932 904 p0pulum
967 829 1147 908 meum
1183 831 1370 901 jurare
1416 829 1471 884 in
1518 829 1670 894 Baal,
1715 828 2060 884 :ediﬁcabun-

479 947 497 980 ι
532 936 621 982 tur
643 927 696 980 in
721 923 900 979 medio
927 922 1108 992 populi
1152 921 1256 976 mei
1283 939 1297 974 :
1324 919 1467 990 quod
1514 921 1559 975 si
1603 934 1713 974 non
1761 917 2056 982 audierint,

478 1037 497 1069 ι
529 1016 1005 1085 evellam'gentem
1038 1011 1186 1065 illam
1225 1010 1503 1065 evulsione
1531 1019 1588 1063 et
1614 1007 1934 1078 perditione,
1981 1007 2059 1061 ait

478 1126 498 1158 ς
529 1106 808 1160 Dominus.
839 1121 858 1154 ι
903 1100 962 1155 Si
1011 1099 1256 1155 translati
1299 1099 1370 1153 de
1407 1099 1601 1153 hmresi
1640 1098 1695 1152 in
1736 1097 2052 1162 Ecclesiam,

479 1195 768 1251 didicerint
796 1193 913 1260 vias
938 1191 1117 1262 populi
1163 1189 1278 1254 Dei,
1327 1197 1383 1244 et
1419 1187 1722 1257 juraverint
1757 1188 1810 1242 in
1839 1189 2056 1244 nomine

474 1287 708 1349 Domini,
755 1293 811 1340 et
856 1299 963 1338 non
1002 1284 1057 1337 in
1097 1280 1316 1336 nomine
1362 1279 1646 1343 idolorum,
1694 1295 1815 1350 quat
1850 1281 1916 1335 de
1958 1294 2055 1336 suo

475 1377 638 1432 corde
680 1375 970 1438 ﬁnxerunt,
1012 1373 1424 1428 tediﬁcabuntur
1451 1385 1481 1423 a
1510 1370 1768 1434 Domino,
1807 1378 1862 1425 et
1895 1378 2054 1425 erunt

479 1484 606 1540 pars
634 1466 813 1537 populi
838 1467 972 1536 ejus.
1007 1464 1160 1531 Quod
1198 1464 1241 1518 si
1277 1461 1526 1517 translati
1549 1462 1600 1516 in
1629 1461 1886 1526 Ecclesia,
1924 1476 2052 1532 per-

471 1572 753 1613 versurum
783 1556 1093 1624 dogmatum
1123 1553 1382 1622 reliquias
1407 1551 1698 1616 tenuerint,
1729 1559 1783 1605 et
1816 1567 1923 1606 non
1957 1564 2054 1603 au-

475 1646 678 1700 dierint
707 1644 869 1698 verba
905 1642 1024 1707 Dei,
1053 1641 1314 1697 evelletur
1338 1655 1472 1709 gens
1513 1639 1604 1692 illa
1646 1639 1713 1693 de
1760 1639 1939 1694 medio
1965 1653 2055 1708 po-

473 1737 584 1806 puli
610 1737 704 1791 Dei
740 1734 1016 1789 evulsione
1042 1742 1099 1787 et
1123 1731 1424 1802 perditione
1458 1736 1743 1798 perpetua,
1771 1736 1826 1784 et
1851 1743 2053 1798 nequa-

2157 559 2507 628 Euphratem.
2542 562 2592 614 id
2619 571 2702 615 est
2743 561 2797 615 in
2843 560 3112 630 Assyrios,
3168 569 3222 612 et
3248 559 3320 612 ibi
3368 557 3740 620 absc0nditus,

2159 653 2262 707 hoc
2281 659 2384 714 est,
2423 652 2764 707 multitudine
2795 665 3114 723 magnarum
3156 658 3211 704 et
3263 649 3741 705 innumerabilium

2146 740 2398 812 gentium
2423 740 2818 810 quodammodo
2849 742 3159 810 absorptus,
3183 749 3239 794 et
3254 740 3405 794 nihili
3437 748 3741 810 reputatus.

2157 831 2285 886 Post
2311 830 2529 902 longum
2560 839 2740 885 autem
2768 838 2980 898 tempus
3019 830 3132 900 ipse
3162 831 3422 900 propheta
3451 829 3506 883 in
3556 839 3745 898 typum

2158 920 2250 975 Dei
2281 923 2534 992 populum
2564 920 2760 974 liberat
2779 920 2844 974 de
2871 920 3205 990 captivitate,
3254 920 3346 989 qui
3392 921 3745 975 nihilominus

2154 1017 2208 1063 et
2231 998 2356 1079 post
2382 1009 2612 1064 reditum
2639 1008 2731 1062 Dei
2755 1016 3024 1077 praecepta
3055 1022 3162 1062 non
3193 1007 3339 1072 fecit,
3389 1010 3481 1063 sed
3525 1019 3746 1063 secutus

2155 1097 2285 1152 deos
2307 1097 2536 1161 alienos,
2570 1097 2636 1150 ad
2665 1104 2970 1150 extremum
2998 1096 3163 1150 etiam
3188 1095 3242 1150 in
3291 1096 3386 1151 Dei
3418 1096 3584 1151 ﬁlium
3638 1097 3742 1150 mi—

2154 1191 2225 1244 sit
2255 1205 2467 1254 manus,
2511 1199 2565 1243 et
2604 1196 2805 1273 aeterna
2849 1187 3155 1256 proditione
3197 1188 3495 1242 contabuit.
3553 1187 3745 1243 Omnis

2153 1297 2367 1353 quoque
2399 1283 2483 1335 vir
2510 1289 2730 1335 sanctus
2758 1279 3007 1333 lumbare
3037 1280 3133 1333 Dei
3164 1289 3264 1342 est,
3301 1280 3390 1348 qui
3434 1288 3745 1347 assumptus

2154 1377 2220 1432 de
2250 1385 2415 1438 terra,
2445 1374 2587 1428 etde
2618 1382 2778 1428 terra:
2809 1373 2938 1426 limo
2974 1373 3066 1426 Dei
3107 1372 3384 1426 consortio
3435 1372 3739 1441 copulatur,

2153 1475 2207 1520 et
2219 1463 2614 1534 quodammodo
2630 1479 2748 1534 qum
2768 1464 2820 1517 in
2836 1463 3073 1518 Ecclesia
3088 1462 3207 1531 ejus
3223 1463 3474 1517 videntur
3486 1464 3741 1528 obscena,

2155 1556 2358 1625 majore
2383 1556 2658 1626 diligentia
2681 1557 2856 1625 aperit
2885 1565 3046 1624 atque
3085 1555 3401 1617 circumdat,
3458 1568 3524 1608 ne
3570 1554 3745 1624 genti,

2155 1647 2283 1702 lium
2317 1654 2372 1701 et
2399 1645 2775 1700 haereticorum
2818 1644 3088 1699 morsibus
3112 1652 3351 1713 pateant.
3405 1643 3554 1709 Quod
3605 1643 3751 1697 lum-

2155 1733 2284 1790 bare
2315 1735 2361 1790 si
2405 1749 2600 1803 aquam
2646 1733 2903 1804 tetigerit,
2939 1741 2992 1786 et
3023 1733 3312 1802 Euphratis
3347 1733 3540 1787 fluenta
3569 1743 3725 1788 trans

474 1843 638 1897 quam
678 1827 758 1881 eis
799 1825 939 1879 ullus
980 1824 1129 1878 locus
1171 1821 1503 1891 ptenitentite
1534 1819 1890 1888 relinquatur.
1932 1816 2057 1872 Haec

2164 1829 2306 1894 ierit,
2339 1829 2413 1882 ita
2442 1836 2501 1882 ut
2521 1827 2754 1897 Assyriae
2777 1827 3083 1896 regionibus
3110 1826 3425 1880 humori-bus
3454 1826 3749 1889 imbuatur.

473 1916 714 1986 quotidie
762 1914 1032 1968 cernimus
1071 1920 1126 1965 et
1173 1912 1336 1966 rebus
1368 1909 1700 1979 probamus,
1744 1905 1889 1978 quod
1937 1907 2058 1961 ideo

482 2005 722 2062 han-elici
753 2003 873 2058 ﬁdei
901 2003 1156 2056 simulent
1182 2000 1487 2063 veritatem,
1509 2008 1569 2053 ut
1601 1997 1875 2068 simplices
1897 2011 2061 2067 quos-

474 2110 580 2164 que
602 2094 894 2162 decipiant,
924 2099 980 2145 et
1003 2106 1108 2144 non
1136 2089 1235 2158 ipsi
1262 2095 1650 2143 convertantur
1668 2086 1736 2140 ad
1761 2085 1943 2151 ﬁdem,
1965 2087 2059 2141 sed

475 2182 662 2238 ﬁdeles
691 2180 906 2236 trahant
930 2179 998 2233 ad
1025 2178 1420 2232 inﬁdelitatem.

1061 2283 1290 2341 CAPUT
1343 2282 1474 2337 XIII.

476 2397 554 2452 De
584 2395 809 2449 lunibari
848 2393 1063 2464 putrida
1090 2403 1137 2446 et
1165 2390 1487 2464 laguncula;
1525 2390 1589 2444 de
1611 2389 2061 2464 ebrietateman

547 2482 704 2528 rum,
764 2460 1143 2517 de‘montibus
1197 2460 1523 2526 tenebrosis,
1585 2461 1650 2514 de
1718 2460 2061 2514 translatione

542 2535 702 2589 ludia
738 2542 948 2603 propter
983 2533 1282 2602 iniquitates
1305 2542 1352 2586 et
1376 2531 1822 2602 impaenitentiam.

553 2663 571 2693 ‹
603 2641 729 2696 llmc
763 2641 893 2695 dicit
920 2640 1180 2695 Dominus
1207 2640 1274 2694 ad
1305 2655 1392 2695 me
1420 2657 1434 2692 :
1469 2639 1618 2693 Vade
1648 2647 1702 2693 et
1725 2639 1938 2708 posside
1966 2639 2061 2694 tibi

483 2753 501 2784 ι
536 2730 941 2800 lumbare(sive
971 2730 1325 2802 cinctorium)
1366 2729 1588 2794 lineum,
1627 2737 1682 2783 et
1717 2743 1886 2799 pones
1930 2727 2060 2784 illud

483 2841 502 2872 ε
535 2835 697 2891 super
739 2820 952 2874 lumbos
984 2828 1124 2884 tuos,
1150 2828 1206 2874 et
1234 2820 1286 2872 in
1320 2833 1514 2887 aquam
1547 2833 1653 2873 non
1689 2819 1891 2872 inferes
1931 2817 2061 2871 illud

483 2932 500 2963 ι
534 2911 658 2981 (sive
682 2925 778 2980 per
798 2925 994 2978 aquam
1019 2925 1126 2963 non
1157 2908 1452 2980 transibit).
1483 2909 1551 2962 Et
1577 2909 1789 2978 possedi
1819 2908 2062 2962 lumbare

469 3018 502 3064 _c
529 2999 683 3067 juxta
709 2998 933 3051 verbum
957 2996 1189 3061 Domini,
1215 3004 1271 3050 et
1298 2997 1459 3065 posui
1482 2997 1626 3050 circa
1657 2995 1866 3050 lumbos
1888 3010 2056 3050 meos.

483 3107 501 3139 ι
537 3089 603 3142 Ει
650 3087 823 3140 factus
861 3094 944 3140 est
987 3099 1167 3141 sermo
1203 3084 1434 3149 Domini,
1469 3074 1723 3140 secundo
1747 3087 1814 3138 ad
1847 3100 1953 3149 me,
1985 3085 2061 3139 di-

2158 1921 2339 1992 perdit
2368 1921 2652 1990 pristinam
2685 1919 3057 1974 fortitudinem
3084 1926 3139 1973 et
3167 1919 3554 1988 computrcscit
3586 1928 3751 1987 atque

2159 2006 2485 2064 dissolvitur.
2537 2009 2603 2063 Et
2627 2009 2871 2078 quamvis
2894 2009 2949 2062 in
2975 2024 3134 2062 usum
3176 2009 3272 2062 Del
3304 2009 3508 2072 redeat,
3568 2018 3750 2063 tamen

2159 2103 2445 2173 pristinam
2484 2102 2936 2172 pulchritudinem
2985 2101 3188 2155 habere
3238 2097 3358 2154 non‘
3401 2107 3600 2169 potest,
3643 2115 3751 2154 non

2160 2192 2360 2246 duritia
2386 2191 2503 2252 Dei.
2550 2192 2643 2246 sed
2681 2207 2779 2245 suo
2801 2191 2952 2244 vitio.
2984 2190 3109 2258 quia
3138 2189 3326 2244 nolunt
3356 2189 3544 2243 audire
3587 2189 3754 2242 verba

2158 2281 2296 2352 ejus,
2326 2288 2379 2336 et
2397 2281 2672 2336 ambulant
2703 2282 2755 2334 in
2784 2280 3050 2350 pravitate
3079 2279 3255 2334 cordis
3302 2278 3407 2342 sui,
3459 2279 3573 2333 sive
3609 2281 3755 2348 quod

2160 2371 2262 2427 sibi
2286 2379 2489 2426 rectum
2518 2371 2748 2434 videtur,
2779 2370 2881 2424 hoc
2905 2356 3148 2425 faciunt.
3195 2369 3299 2423 Sed
3341 2378 3394 2423 et
3427 2370 3540 2438 ipse
3573 2384 3754 2422 sermo

2161 2462 2376 2516 divinus
2402 2455 2502 2514 cur
2532 2460 2672 2520 hanc
2694 2459 2935 2529 posuerit
2964 2458 3392 2520 similitudinem,
3419 2457 3638 2526 exponit
3673 2457 3756 2511 di-

2161 2564 2321 2605 cens:
2347 2567 2365 2600 ‹
2391 2549 2541 2603 Sicut
2567 2548 2709 2603 enim
2740 2548 2980 2602 adhazret
2999 2546 3240 2599 lumbare
3264 2549 3327 2599 ad
3356 2545 3567 2599 lumbos
3588 2546 3756 2600 homi-

2162 2640 2266 2703 nis,
2295 2639 2374 2694 sie
2403 2638 2730 2708 agglutinavi
2761 2645 2814 2691 et
2837 2637 3109 2691 adhaerere
3138 2635 3238 2690 feci
3267 2635 3399 2689 mihi
3428 2651 3644 2689 omnem
3666 2637 3755 2689 do-

2161 2745 2308 2783 mum
2332 2730 2515 2793 lsracl,
2548 2737 2605 2782 et
2629 2743 2845 2783 omnem
2873 2729 3089 2782 domum
3116 2726 3272 2790 Juda,
3304 2747 3321 2776 ι
3360 2728 3546 2780 decem
3570 2725 3756 2779 videli-

2162 2827 2250 2874 cet
2274 2827 2330 2873 ct
2354 2818 2488 2873 duas
2508 2819 2697 2881 tribus,
2724 2825 2784 2871 ut
2803 2824 2984 2871 essent
3008 2817 3139 2870 mihi
3164 2817 3215 2869 in
3235 2815 3487 2885 pupulum
3512 2816 3757 2869 nomina-

2165 2918 2298 2974 tum,
2324 2918 2379 2963 et
2404 2909 2455 2962 in
2480 2909 2692 2962 laudem
2722 2916 2775 2962 et
2816 2908 2872 2962 in
2898 2907 3164 2977 gloriam:
3209 2915 3263 2960 et
3305 2921 3403 2976 pro
3446 2907 3533 2959 his
3579 2905 3753 2959 omni-

2161 2999 2264 3054 bus
2290 3015 2396 3054 non
2427 2999 2713 3053 audierunt
2756 3013 2864 3062 me,
2907 2997 3001 3052 sed
3037 3011 3132 3052 sua
3180 2997 3311 3049 vitia
3364 3004 3493 3050 sunt
3559 2996 3750 3049 secuti.

2165 3089 2386 3163 (Θήρ.)
2451 3089 2697 3144 ῐόεῑιιτεο
2759 3089 3052 3157 quaerimus
3120 3103 3287 3157 quare
3330 3088 3650 3141 cinctorium
3696 3086 3752 3138 li-

483 3199 501 3233 ι
536 3193 708 3234 cens:
742 3176 893 3230 Tolle
920 3177 1162 3230 lumbare
1194 3174 1331 3246 (sive
1356 3174 1720 3245 cinctorium),
1764 3176 1906 3244 quod
1929 3189 2056 3244 pos-
2086 3148 2130 3210 Ο
2163 3148 2324 3236 neum
2355 3148 2585 3234 dicatur.
2629 3178 2819 3232 Linum
2845 3179 2911 3233 de
2956 3185 3101 3230 terra
3151 3177 3411 3231 nascitur.
3454 3175 3592 3228 Nam
3633 3190 3751 3228 cum

480 3287 500 3321 ι
532 3268 760 3325 sedisti:
791 3265 934 3336 quod
975 3275 1060 3320 est
1097 3264 1245 3328 circa
1293 3263 1473 3318 lumba
1504 3273 1644 3324 tuos,
1697 3273 1751 3317 et
1799 3281 2056 3334 surgens,

483 3378 502 3410 ι
528 3358 670 3412 vade
701 3358 768 3410 ad
796 3356 1149 3424 Euphratem,
1180 3363 1235 3408 et
1268 3353 1544 3409 absconde
1573 3353 1648 3408 ibi
1677 3353 1804 3406 illud
1833 3355 1886 3406 in
1923 3353 2062 3408 fora-

482 3467 500 3499 ι
535 3447 680 3503 mine
707 3456 892 3515 petrre.
936 3444 1004 3499 Et
1048 3444 1176 3510 abii,
1211 3453 1266 3499 et
1303 3442 1560 3506 abscondi
1588 3443 1716 3497 illud
1739 3444 1793 3497 in
1821 3444 2062 3513 Euphra-

484 3554 502 3588 ‹
537 3547 644 3591 tem
696 3536 837 3590 sicut
878 3542 1209 3604 prmceperat
1249 3533 1382 3588 mihi
1429 3533 1707 3588 Dominus.
1754 3533 1820 3586 Et
1861 3534 2061 3589 factum

483 3647 501 3679 ς
533 3636 618 3682 est
665 3634 786 3696 post
831 3624 948 3680 dies
999 3624 1285 3694 plurimos,
1333 3623 1470 3678 dixit
1513 3622 1777 3677 Dominus
1821 3624 1889 3678 ad
1936 3638 2058 3678 me:

492 3739 508 3770 ε
544 3722 739 3788 Surge,
777 3717 914 3770 vade
967 3716 1036 3770 ad
1086 3716 1439 3784 Euphratem,
1486 3723 1542 3768 et
1596 3714 1723 3768 tolle
1747 3715 1868 3769 inde
1933 3715 2066 3768 lum-

485 3829 504 3860 ι
535 3811 664 3862 bare
736 3805 874 3876 (sive
928 3803 1306 3875 cinctorium),
1349 3805 1493 3873 quod
1556 3807 1785 3874 praecepi
1851 3806 1947 3860 tibi
2007 3815 2066 3860 ut

485 3919 502 3947 ε
538 3896 898 3951 absconderes
945 3894 1074 3950 illud
1122 3896 1218 3951 ibi.
1284 3895 1352 3949 Et
1394 3896 1500 3950 abii
1544 3895 1612 3949 ad
1647 3896 1973 3966 Euphratem
2012 3907 2068 3953 et

486 4007 504 4038 ι
544 3987 676 4050 fodi,
700 3995 755 4042 et
782 3987 879 4040 tuli
901 3987 1144 4041 lumbare
1165 3984 1368 4041 deloco
1391 3987 1479 4041 ubi
1503 3985 1890 4042 absconderam
1915 3987 2062 4042 illud.

488 4096 506 4128 ‹
546 4078 613 4130 Ει
640 4091 765 4129 ecce
793 4085 1202 4144 computruerat
1241 4075 1484 4130 lumbare
1532 4077 1670 4146 (sive
1689 4077 2065 4143 cinctorium),

489 4189 506 4220 ε
548 4170 618 4223 ita
643 4178 701 4221 ut
735 4167 864 4220 nulli
891 4168 1009 4220 usui
1037 4177 1219 4236 aptum
1251 4174 1415 4221 esset.
1465 4166 1534 4219 Et
1565 4165 1768 4219 factum
1807 4175 1892 4220 est
1941 4182 2066 4220 vcr-

487 4277 506 4309 ι
542 4259 668 4312 bum
701 4257 908 4311 Domini
941 4255 1124 4308 ad-me
1163 4256 1385 4310 dicens:
1415 4254 1540 4310 Haec
1589 4254 1720 4309 dicit
1764 4255 2022 4310 Dominus
2052 4274 2063 4309 :

489 4366 506 4397 ι
557 4347 646 4400 Sic
695 4356 1006 4414 putrescere
1044 4343 1237 4398 faciam
1269 4342 1577 4413 superbiam
1609 4342 1745 4414 (sive
1794 4342 2066 4414 injuriam)

490 4458 506 4486 ι
541 4437 698 4496 Juda,
726 4448 779 4526 fl
802 4434 1111 4502 superbiam
1141 4433 1472 4486 Hierusalem
1503 4433 1749 4499 multam,
1799 4443 1854 4489 et
1898 4450 2067 4505 popu-

489 4549 506 4580 ‹
548 4529 652 4581 lum
685 4528 846 4581 istum
869 4527 1181 4596 pessimum,
1210 4527 1300 4595 qui
1323 4526 1512 4580 nolunt
1531 4529 1715 4584 audire
1737 4529 1899 4583 verba
1922 4546 2060 4595 mea,

490 4640 507 4669 ι
545 4617 962 4672 etambulantin
980 4616 1482 4686 pravitate(sivein
1507 4617 1838 4688 directione)
1886 4621 2064 4674 cordis

491 4729 508 4759 ι
547 4711 628 4763 sui
659 4709 901 4778 pessimi,
926 4708 1282 4776 abieruntque
1312 4715 1432 4776 post
1455 4708 1583 4763 deos
1607 4709 1838 4775 alienos,
1867 4720 1926 4765 ut
1951 4729 2064 4766 scr-

491 4817 509 4850 ‹
549 4800 726 4852 virent
753 4799 832 4853 eis
852 4807 907 4852 et
936 4799 1226 4852 adorarent
1265 4812 1376 4852 eos.
1429 4799 1494 4853 Et
1535 4812 1697 4856 erunt
1747 4803 1887 4858 sicut
1930 4804 2065 4858 lum-

495 4904 512 4936 ι
557 4887 687 4939 bare
746 4886 910 4949 istud,
964 4887 1109 4955 quod
1161 4886 1291 4940 nulli
1338 4888 1458 4942 usui
1512 4897 1696 4958 aptum
1747 4900 1849 4946 est.
1914 4894 2066 4948 Sicut

494 4995 512 5026 ε
549 4977 691 5030 enim
716 4977 948 5030 adlueret
979 4977 1220 5031 lumbare
1244 4977 1311 5031 ad
1336 4977 1546 5034 lumbos
1575 4981 1696 5046 viri,
1743 4983 1821 5037 sic
1846 4984 2068 5055 aggluti-

496 5085 513 5114 ‹
560 5064 681 5118 navi
708 5065 835 5117 mihi
853 5079 1069 5118 omnem
1091 5066 1308 5120 domum
1331 5067 1517 5134 Israel,
1541 5079 1595 5124 et
1615 5085 1829 5126 onmem
1850 5074 2068 5128 domum

496 5175 513 5205 ι
553 5153 707 5215 Juda,
732 5154 862 5206 dicit
886 5153 1238 5218 Dominus,ut
1256 5165 1402 5211 esset
1431 5159 1561 5213 mihi
1589 5160 1641 5214 in
1655 5144 1997 5231 popu'lum,et
2019 5165 2070 5219 in

497 5267 513 5296 ε
556 5261 769 5307 nomen,
801 5245 928 5298 etin
956 5245 1194 5311 laudem,
1221 5254 1278 5301 et
1303 5247 1356 5302 in
1371 5248 1625 5319 gloriam;
1664 5259 1720 5306 et
1751 5269 1855 5307 non
1889 5256 2074 5310 audie-

495 5344 637 5388 runt.
665 5356 680 5382 ι
703 5334 902 5404 (Hiera)
925 5334 1256 5389 Cinctorium
1283 5337 1396 5392 sive
1423 5335 1663 5394 lumbare
1680 5380 1695 5406 ,
1721 5343 1860 5411 quod
1878 5343 1970 5397 Dei
1989 5359 2072 5398 re-

495 5423 1168 5494 uibusjangitur,populus
1198 5424 1358 5480 Israel
1387 5437 1488 5491 est,
1512 5429 1603 5498 qui
1632 5428 1684 5483 in
1712 5429 1804 5485 lini
1829 5432 2075 5487 similitu-

496 5513 672 5568 dinem
691 5525 996 5584 assumptus
1015 5519 1080 5572 dc
1102 5527 1246 5573 terra
1265 5528 1318 5573 et
1346 5520 1543 5587 illotus,
1569 5536 1666 5577 nec
1684 5524 2072 5580 mollitudinem

496 5602 701 5668 habuit,
732 5619 828 5658 nec
851 5608 1164 5673 candorem,
1197 5621 1252 5663 et
1282 5618 1458 5664 tamen
1483 5628 1579 5682 per
1604 5613 1745 5668 illius
1771 5617 2074 5672 misericor-

496 5691 638 5745 diam
653 5693 876 5752 adhresit
890 5697 1017 5752 Deo.
1035 5697 1275 5768 Cumque
1290 5713 1581 5771 peccasset,
1601 5705 1860 5766 rationale
1875 5699 2071 5778 quippe

2159 3286 2342 3326 semen
2375 3271 2428 3323 in
2477 3271 2696 3323 humum
2744 3270 2907 3323 fuerit
2938 3266 3228 3335 abiectum,
3259 3267 3492 3338 primum
3543 3267 3597 3320 in
3637 3280 3755 3334 gra-

2161 3365 2306 3418 mine
2350 3362 2592 3432 pullulat,
2660 3362 2874 3426 deinde,
2941 3371 3000 3415 ut
3050 3361 3254 3414 inﬁnita
3306 3368 3646 3426 praeteream,
3688 3357 3752 3410 de

2161 3469 2337 3509 messe
2381 3452 2701 3507 transfertur
2739 3453 2978 3517 domum,
3007 3461 3256 3522 pectitur,
3281 3450 3512 3511 lavatur,
3544 3449 3750 3510 teritur,

2163 3533 2424 3608 funditur,
2454 3553 2507 3598 et
2543 3544 2765 3614 ingenti,
2799 3553 2855 3597 ut
2883 3544 2952 3597 ita
2993 3544 3193 3605 dicam,
3242 3557 3406 3610 opera
3456 3543 3747 3601 excutitur,

2163 3647 2270 3702 quo
2317 3631 2422 3686 tale
2461 3632 2584 3695 ﬁat,
2631 3647 2698 3686 ex
2739 3647 2846 3700 quo
2891 3630 3060 3700 possit
3109 3629 3431 3682 cinctorium
3479 3639 3574 3702 aut
3611 3628 3751 3680 aliud

2163 3701 2291 3790 quid
2316 3723 2368 3775 in
2395 3735 2524 3774 usus
2560 3719 2892 3774 necessarios
2921 3719 3240 3787 comparari.
3266 3718 3332 3771 Et
3361 3732 3459 3770 nos
3485 3701 3616 3787 e'rgo
3639 3717 3752 3769 uni-

2165 3810 2306 3865 versi
2360 3810 2452 3880 qui
2503 3810 2906 3879 generationem
2973 3809 3260 3863 habemuse
3320 3819 3498 3873 terra,
3554 3811 3644 3877 qui
3699 3809 3749 3860 in

2165 3901 2487 3957 cinctorium
2541 3901 2634 3955 Dei
2679 3899 2984 3970 plectimur,
3026 3899 3193 3952 multa
3239 3914 3370 3952 cura
3427 3900 3746 3968 indigemus,

2165 4004 2222 4050 ut
2238 4003 2535 4066 pectamur,
2551 4003 2610 4048 ut
2625 3995 2884 4059 lavemur,
2908 4005 2966 4048 ut
2987 3994 3217 4048 colorem
3239 4003 3397 4048 terra:
3412 3993 3746 4061 abjiciamus,

2164 4086 2317 4141 Alius
2339 4085 2535 4155 quippe
2561 4087 2710 4142 color
2737 4070 3102 4158 generationis
3141 4087 3192 4139 in
3221 4087 3349 4149 lino,
3404 4095 3458 4139 et
3491 4087 3630 4139 alius
3669 4093 3748 4138 est

2167 4188 2288 4232 cum
2321 4175 2486 4231 fuerit
2511 4191 2674 4246 opere
2701 4179 3034 4232 mundatum.
3063 4177 3436 4232 Generationis
3456 4180 3621 4242 ,color
3658 4179 3750 4232 ob-

2167 4257 2376 4324 scurior
2404 4279 2505 4336 est,
2533 4282 2588 4325 et
2613 4273 2824 4343 nigrum
2857 4273 3102 4338 dicimus,
3155 4275 3337 4343 operis
3388 4283 3568 4328 autem
3616 4273 3749 4326 luci-

2169 4359 2305 4414 dior.
2333 4359 2481 4424 Tale,
2506 4363 2747 4430 inquam,
2778 4363 2962 4431 nescio
2985 4363 3112 4431 quid
3143 4373 3197 4417 et
3228 4363 3381 4418 nobis
3431 4365 3484 4417 in
3529 4363 3749 4418 exordio

2169 4449 2366 4502 evenit.
2397 4449 2545 4521 Nigri
2587 4465 2770 4506 sumus
2819 4451 3033 4520 quando
3078 4467 3478 4521 rcgeneramur,
3539 4453 3750 4521 quando

2168 4540 2438 4595 credimus
2461 4581 2475 4606 ,
2516 4543 2731 4610 quando
2765 4543 2817 4596 in
2849 4542 3070 4597 Cantico
3101 4545 3436 4597 canticorum
3470 4543 3696 4598 dicimus
3733 4561 3747 4596 :

2175 4655 2192 4686 ‹
2207 4635 2364 4706 Nigra
2381 4652 2499 4691 sum
2523 4645 2575 4692 et
2595 4638 2837 4706 speciosa
2853 4636 3026 4709 (Cant.
3044 4637 3114 4709 ι);
3138 4637 3511 4708 :EtbiOpibus
3523 4639 3748 4693 similem

2167 4725 2402 4780 animam
2441 4727 2719 4782 habemus.
2758 4726 2958 4782 Deinde
2989 4727 3346 4791 curehiimur,
3380 4737 3438 4781 ut
3463 4727 3752 4798 elliciamur

2169 4814 2404 4877 candidi,
2423 4823 2482 4868 ut
2497 4815 2724 4871 nitorem
2741 4815 2831 4884 qui
2845 4816 2997 4870 nobis
3013 4817 3205 4870 insitus
3218 4832 3284 4871 ex
3300 4824 3489 4874 natura
3508 4832 3614 4870 non
3639 4819 3750 4869 fne-

2167 4901 2258 4964 rit,
2292 4901 2565 4972 diligentia
2594 4904 3168 4972 consequamur,juxta
3192 4905 3319 4958 illud
3344 4906 3553 4973 quodin
3569 4906 3749 4959 eodem

2176 4989 2291 5046 loco
2312 4994 2596 5047 scribitur:
2619 5014 2636 5045 ‹
2658 4994 2788 5061 Quae
2816 5004 2899 5050 est
2924 4997 3025 5049 ista
3047 5011 3165 5063 qure
3185 4999 3428 5051 ascendit
3443 4998 3706 5052 dealbata.
3731 5018 3746 5047 ι

2177 5079 2510 5135 Etefllcimnr
2525 5083 2689 5137 linum
2707 5084 2993 5138 candidum
3011 5099 3330 5154 purumque,
3347 5097 3509 5156 atque
3540 5089 3614 5141 ita
3635 5103 3748 5142 cum

2179 5171 2321 5240 digni
2354 5171 2610 5228 fuerimus
2635 5176 2892 5229 societate
2915 5175 3040 5238 Dei,
3073 5177 3126 5229 in
3166 5179 3484 5232 cinctorium
3521 5182 3638 5249 ejus
3657 5180 3752 5250 jple

2181 5261 2398 5326 ctimur,
2430 5279 2604 5334 neque
2633 5265 2701 5318 ab
2729 5278 2793 5318 eo
2816 5265 3102 5334 aliquando
3124 5269 3464 5336 deponimur,
3505 5271 3548 5322 si
3581 5280 3750 5325 tamen

2182 5352 2467 5407 candorem
2483 5369 2640 5422 quem
2665 5355 2818 5409 nobis
2829 5367 3189 5422 concesserat,
3204 5374 3415 5428 semper
3440 5361 3748 5418 habeamus.

2179 5440 2444 5508 Quoniam
2473 5445 2652 5513 itaque
2673 5443 2840 5500 Judaei
2861 5449 3118 5503 etomnis
3149 5450 3338 5504 domus
3364 5450 3528 5505 Israel
3552 5453 3749 5523 indigni

2178 5534 2500 5588 exstiterunt
2527 5536 2654 5599 Deo,
2671 5545 2724 5589 et
2745 5536 2968 5606 projecti
2993 5548 3118 5594 sunt
3147 5540 3215 5593 ab
3239 5555 3324 5605 eo,
3353 5543 3510 5599 nobis
3533 5560 3633 5614 pro
3657 5546 3751 5598 illis

2177 5625 2563 5681 accinctusest.
2599 5626 2781 5696 Neque
2809 5630 2952 5684 enim
2982 5631 3274 5700 putandum
3308 5644 3392 5688 est
3433 5636 3750 5692 cinctorium

2178 5715 2514 5784 abjirientem
2581 5719 2842 5776 mansisse
2910 5721 3224 5787 incinctum,
3293 5725 3476 5780 statim
3535 5738 3591 5781 ut
3639 5727 3752 5783 illos
