3910 6328
145 369 256 426 905

1072 359 1435 421 EX‘BOSITIO
1473 360 1699 419 SUPER
1732 358 2097 418 ΙΕΗΕΜΙΑΜ.
2137 386 2209 400 -
2244 357 2373 414 LIB.
2418 356 2508 414 Vl.

3297 340 3402 409 906

147 477 383 549 projicit,
418 475 553 528 alios
575 471 677 529 sibi
702 471 998 527 contexuit.
1042 470 1156 527 Hoc
1184 472 1505 528 cinctorium
1540 470 1724 527 Eccle-
1750 475 1805 536 Α
1827 472 1969 528 malo
2000 471 2132 528 vino
2174 452 2501 539 implebitur.
2538 465 2816 535 Quomodo
2841 478 2968 535 ergo
3006 477 3314 534 possumus
3337 463 3406 549 de

146 569 229 625 sia
251 566 418 622 estde
447 562 695 635 gentibus
719 570 1064 634 congregata,
1096 561 1374 631 quaescire
1391 561 1569 628 debet,
1597 561 1724 631 quia

145 660 196 715 si
217 656 489 730 prioribus
517 671 624 711 non
649 653 890 725 pepercit
918 653 1083 718 Deus,
1108 664 1207 706 nec
1230 652 1337 708 sibi
1357 659 1544 722 parcet
1567 651 1611 706 si
1639 649 1727 705 de—

143 746 450 819 reliquerit,
477 745 651 803 sinon
672 743 837 799 fuerit
859 742 1022 813 digna
1046 741 1231 797 lumbo
1258 741 1397 811 ejus,
1418 743 1465 797 si
1490 754 1599 797 non
1626 741 1725 797 ad-

144 840 361 897 herens
387 838 634 903 Domino,
668 850 811 891 unus
838 834 1058 907 spiritus
1079 833 1242 889 fuerit
1262 834 1315 889 in
1336 834 1554 891 Christo
1573 833 1722 892 Iesu.

143 931 351 990 Caveat
374 947 525 1005 ergo,
548 930 642 1000 qui
664 936 842 999 potest
868 926 1087 985 dicere:
1125 946 1143 980 ι
1169 926 1299 982 Mihi
1335 935 1513 987 autem
1548 930 1726 985 adhae-

144 1031 269 1080 rere
297 1024 408 1079 Deo
428 1022 629 1077 bonum
657 1028 742 1075 est
774 1016 947 1093 (Ρωι.
973 1018 1187 1090 um);
1220 1036 1239 1070 ι
1265 1033 1333 1073 ne
1360 1017 1501 1073 forte
1525 1032 1621 1089 per
1637 1034 1727 1075 ne-

142 1113 455 1187 gligentiam
474 1112 543 1168 ab
564 1111 705 1168 illius
724 1111 944 1166 renibus
963 1118 1263 1179 separetur,
1280 1118 1335 1165 et
1356 1117 1595 1167 transeat
1620 1110 1729 1166 Eu-

142 1205 415 1276 phratem,
444 1212 500 1260 et
528 1204 685 1259 detur
705 1200 760 1257 in
789 1209 1111 1271 potestatem
1142 1201 1284 1271 regis
1304 1200 1529 1273 Assyrii,
1560 1209 1613 1257 et
1633 1216 1726 1257 ne-

144 1308 417 1364 quaquam
453 1294 507 1347 in
534 1286 859 1348 solidissima
881 1300 1059 1360 petra,
1090 1289 1181 1344 sed
1202 1290 1255 1345 in
1282 1288 1546 1345 foramine
1562 1299 1727 1361 petrze

143 1392 417 1455 corruptae
444 1392 607 1454 atque
628 1382 852 1446 vitiatae,
881 1381 983 1437 hoc
1003 1388 1107 1446 est,
1137 1380 1515 1437 haereticorum
1558 1382 1728 1437 sordi-

142 1474 247 1532 bus
278 1483 335 1529 et
354 1475 501 1531 vitiis
520 1479 834 1543 occupetur,
867 1479 923 1527 et
951 1470 1009 1525 in
1028 1479 1232 1526 tantam
1254 1472 1454 1531 veniat~
1485 1472 1724 1542 putredi-

142 1578 291 1629 nem,
320 1572 381 1618 ut
400 1564 456 1619 in
484 1578 643 1619 usum
663 1569 719 1619 et
744 1560 1067 1618 unctorium
1118 1562 1331 1618 Domini
1378 1562 1515 1617 ultra
1551 1562 1727 1619 redire

142 1667 249 1711 nun
278 1655 468 1725 possit.

219 1763 239 1796 ι
280 1744 437 1801 Dices
460 1759 589 1816 ergo
609 1744 677 1799 ad
706 1758 805 1800 eos
851 1742 979 1815 (sive
1000 1743 1070 1799 ad
1094 1743 1371 1815 populum)
1424 1758 1725 1801 sermonem

1826 561 2122 633 Scripturis
2144 560 2392 644 accipere
2406 558 2735 614 differentias
2758 556 2903 612 vini?
2921 555 3098 626 Super
3111 551 3261 611 malo
3282 548 3406 611 vino

1825 653 1927 708 ista
1953 652 2263 722 conscripta
2292 657 2451 706 sunt:
2492 668 2510 701 ι
2537 651 2614 705 De
2640 649 2796 704 vinea
2847 647 3205 707 Sodomorum
3249 648 3408 703 vinea

1825 759 2036 811 eorum,
2068 752 2125 799 et
2149 742 2357 815 palmes
2380 754 2570 797 eorum
2596 741 2664 796 de
2701 739 3002 796 Gomorrha
3023 757 3036 793 :
3060 754 3165 795 uva
3219 752 3409 795 eorum

1824 854 1929 895 uva
1955 838 2118 907 fellis,
2147 838 2337 895 botrus
2362 835 2738 894 amaritudinis
2758 836 2873 892 eis:
2903 851 3170 893 venenum
3221 836 3412 891 draco-

1826 944 1957 984 num
1982 928 2167 985 vinum
2191 943 2411 994 eorum,
2442 937 2498 983 et
2531 941 2797 982 venenum
2834 926 3079 997 aspidum
3112 925 3412 982 insanabile

1826 1019 2006 1091 (Deut.
2037 1019 2263 1093 xxxn).i
2292 1018 2369 1076 De
2389 1020 2532 1076 bono
2559 1027 2739 1073 autem
2773 1018 2890 1072 haec
2928 1016 3179 1071 dicuntur
3209 1035 3222 1069 :
3259 1034 3280 1067 ι
3310 1011 3413 1071 Ca-

1826 1105 1901 1165 lix
1924 1118 2048 1170 tuus
2069 1110 2342 1167 inebrians
2365 1125 2530 1182 quam
2550 1108 2847 1181 praeclarus
2875 1108 2989 1164 est!
3015 1104 3361 1179 (Psal,xxu.)
3391 1125 3408 1157 ι

1828 1201 2103 1274 Sapientia
2133 1212 2395 1261 convocat
2416 1202 2485 1257 ad
2513 1210 2780 1258 craterem
2802 1216 2959 1256 suum
3006 1194 3192 1255 dicens
3219 1216 3232 1253 :
3266 1218 3285 1251 ι
3310 1198 3415 1253 Ve-

1826 1293 1959 1360 nite,
1984 1294 2307 1351 manducata
2334 1308 2503 1366 panes
2530 1305 2699 1358 meos,
2732 1300 2789 1346 et
2827 1290 2995 1347 bibite
3042 1289 3229 1345 vinum
3269 1287 3414 1359 quod

1826 1382 2020 1439 miscui
2043 1376 2197 1440 vobis
2241 1381 2433 1457 (Prov.
2455 1385 2557 1455 ix).
2594 1402 2614 1437 ι
2650 1382 2748 1438 Est
2768 1395 2898 1452 ergo
2920 1379 3104 1435 vinum
3142 1378 3209 1434 de
3244 1377 3416 1433 Sodo-

1827 1474 1949 1540 mis,
1975 1482 2133 1532 etest
2156 1474 2343 1531 vinum
2374 1474 2520 1545 quod
2554 1473 2832 1544 Sapientia
2877 1470 3115 1528 miscuit.
3154 1469 3417 1525 Rursum-

1826 1580 1976 1635 que:
2015 1566 2226 1623 cVinea
2268 1564 2415 1621 facta
2459 1572 2546 1621 est
2586 1564 2783 1620 dilecto
2828 1563 2885 1619 in
2934 1577 3128 1629 cornu,
3176 1561 3235 1618 in
3293 1560 3417 1616 loco

1826 1654 1983 1711 uberi
2033 1652 2169 1726 (Ιεα.
2195 1654 2275 1727 v),
2307 1674 2328 1709 ι
2353 1654 2596 1726 plantata
2618 1668 2652 1710 a
2676 1653 2809 1721 Deo,
2830 1668 2951 1724 qua:
2983 1662 3211 1710 vocatur
3254 1651 3414 1707 vinea

1830 1744 2057 1811 Sorech,
2088 1745 2259 1803 electa
2279 1747 2525 1817 quaedam
2548 1755 2605 1804 et
2628 1750 2773 1803 inter
2799 1760 2992 1802 omnes
3026 1744 3214 1802 vineas
3254 1743 3418 1799 n.ira-

146 1852 169 1890 ι
202 1835 410 1892 istum:
440 1834 568 1890 Haec
596 1835 727 1891 dicit
765 1833 1026 1891 Dominus
1056 1834 1198 1891 Deus
1218 1834 1381 1891 lsrael
1408 1852 1422 1889 :
1446 1834 1633 1891 Omnis
1655 1834 1730 1889 la-
1756 1824 1806 1886 B
1831 1835 1977 1893 bilis.
2018 1836 2117 1893 Est
2141 1844 2325 1893 autem
2371 1836 2539 1893 altera
2584 1837 2742 1893 vinea
2794 1834 3200 1918 Egyptiorum,
3249 1848 3416 1904 quam

145 1946 168 1981 ι
198 1927 434 2002 guncula
462 1928 587 1998 (sive
614 1927 756 1997 uter)
781 1924 1091 1997 implebitur
1114 1926 1258 1982 vino.
1317 1926 1386 1981 Et
1429 1927 1614 1982 dicent
1662 1926 1730 1982 ad

144 2033 169 2071 ι
208 2026 265 2073 te
304 2033 317 2071 :
356 2016 608 2088 Nunquid
664 2016 974 2086 ignoramus
1023 2016 1169 2087 quod
1213 2017 1391 2071 omnis
1446 2016 1731 2089 laguncula

142 2124 165 2161 ι
201 2105 331 2179 (sive
358 2105 497 2178 uter)
528 2106 839 2177 implebitur
862 2106 1033 2161 vino?
1072 2106 1139 2160 Et
1167 2107 1315 2162 dices
1344 2108 1410 2163 ad
1439 2122 1533 2163 eos
1563 2126 1576 2161 :
1606 2108 1731 2165 Haec

143 2213 166 2252 ι
198 2197 653 2254 dici't‘Dominus:
681 2198 819 2253 Ecce
842 2212 942 2269 ego
978 2198 1213 2269 implebo
1242 2214 1431 2255 omnes
1458 2200 1725 2258 habitato-

144 2306 163 2339 ι
202 2302 295 2342 res
320 2296 475 2342 terrae
495 2286 673 2355 hujus,
702 2294 930 2356 etreges
956 2287 1049 2355 qui
1080 2287 1267 2342 sedent
1288 2288 1355 2342 de
1378 2291 1546 2358 stirpe
1601 2290 1730 2360 (sive

145 2396 165 2430 ‹
201 2378 363 2449 filios)
386 2377 555 2433 David
580 2392 743 2448 super
771 2377 1025 2433 thronum
1059 2376 1199 2446 ejus,
1228 2386 1285 2432 et
1318 2377 1627 2435 sacerdotes
1675 2388 1732 2436 et

142 2494 162 2526 σ
198 2477 517 2547 prophetas,
539 2486 595 2531 et
637 2489 827 2531 omnes
873 2476 1207 2533 habitatores
1232 2476 1533 2534 Jerusalem
1562 2479 1733 2535 ebrie-

143 2583 164 2619 ι
204 2574 335 2621 tate.
368 2567 436 2621 Et
456 2568 758 2638 dispergam
787 2580 901 2633 eos,
924 2567 1102 2623 virum
1132 2582 1163 2622 a
1192 2568 1362 2625 fratre
1382 2585 1503 2637 suo,
1548 2579 1605 2627 et
1629 2586 1729 2643 pa-

144 2674 165 2709 ι
208 2665 325 2713 tres
346 2666 400 2712 et
435 2659 577 2712 hlios
620 2659 847 2727 pariter,
901 2658 979 2713 ait
1028 2659 1310 2717 Dominus.
1347 2660 1465 2718 Non
1510 2678 1731 2733 parcam

146 2763 165 2798 ι
203 2748 335 2819 (sive
357 2763 462 2802 non
489 2748 850 2819 desiderabo),
872 2758 928 2804 et
950 2766 1057 2806 non
1076 2753 1388 2818 concedam,
1416 2768 1590 2824 neque
1630 2756 1731 2809 mi-

146 2854 166 2887 ι
203 2838 449 2902 serebor,
472 2847 531 2915 ut
552 2854 658 2894 non
680 2839 985 2909 disperdam
1009 2855 1123 2896 eos.
1158 2861 1177 2893 ι
1206 2840 1473 2915 (Ηίει-οη.)
1496 2843 1730 2900 Verbum

140 2924 468 2982 Hebraicum
608 2967 623 2992 ,
648 2927 857 2998 Aquila:
877 2930 1051 2998 prima
1077 2911 1240 2985 editio
1266 2911 1617 3001 lagunculam,
1649 2950 1733 2990 se-

142 3016 319 3071 cunda
353 3016 525 3085 ipsum
554 3000 675 3083 5:3,
705 3016 1062 3087 Symmachus
1089 3000 1358 3087 craterem,
1378 3021 1521 3076 LXX
1541 3033 1730 3092 utrem,

141 3107 445 3164 Theodotio
482 3126 592 3175 vas,
623 3110 961 3181 interpretati
1008 3122 1149 3169 sunt.
1211 3114 1362 3180 Quod
1418 3130 1578 3172 omne
1619 3133 1727 3174 non

143 3197 285 3264 oleo,
316 3214 423 3255 non
449 3214 608 3269 aqua,
632 3216 738 3256 non
762 3202 938 3268 melle,
968 3218 1072 3257 non
1112 3203 1269 3268 lacte,
1296 3218 1402 3258 non
1451 3204 1554 3259 alia
1597 3223 1727 3278 qua-

143 3289 277 3343 libet
302 3290 527 3344 materia
554 3290 807 3360 liquentis
830 3292 1102 3360 elementi,
1129 3294 1222 3348 sed
1242 3294 1367 3349 vino
1388 3302 1442 3348 et
1466 3296 1730 3354 ebrietate

144 3378 467 3449 completur,
496 3381 784 3437 ostendens
806 3396 906 3438 nos
932 3397 1026 3438 vas
1054 3399 1172 3439 esse
1191 3384 1400 3455 fragile,
1416 3384 1569 3454 juxta
1588 3391 1730 3458 Apo.

144 3469 367 3531 stolum,
397 3471 663 3525 dicentem
703 3487 718 3524 :
761 3489 780 3523 ‹
836 3471 1107 3530 Habemus
1173 3484 1351 3532 autem
1418 3482 1730 3535 thesaurum

151 3562 316 3619 istum
332 3563 388 3616 in
404 3563 548 3618 vasis
572 3562 826 3619 fictilibus
850 3563 933 3636 (II
961 3565 1083 3619 Cor.
1106 3568 1205 3638 ιν),
1238 3589 1256 3621 ›
1286 3586 1385 3627 nec
1407 3588 1568 3648 posse
1591 3572 1731 3638 fieri,

149 3661 207 3706 ut
229 3667 339 3707 non
371 3652 498 3707 illud
516 3653 805 3721 impleatur
832 3653 887 3707 in
912 3654 1065 3710 vobis
1110 3659 1253 3726 quod
1297 3662 1557 3732 scriptum
1600 3670 1681 3718 est
1715 3680 1728 3715 :

156 3759 174 3794 ι
206 3739 326 3796 Non
353 3742 496 3795 enim
528 3742 736 3796 habitat
760 3741 813 3795 in
841 3756 1003 3797 carne
1023 3759 1141 3799 mea
1178 3747 1415 3815 bonum;
1460 3770 1478 3803 ι
1533 3759 1587 3805 et
1629 3752 1730 3806 ite-

152 3842 312 3883 rum:
344 3846 363 3879 ι
398 3827 513 3882 Non
534 3829 679 3883 enim
700 3830 842 3899 quod
878 3831 1000 3885 volo
1036 3832 1237 3889 bonum
1278 3837 1380 3891 hoc
1427 3836 1590 3905 facio,
1638 3840 1733 3895 sed

151 3921 291 3991 quod
320 3920 445 3976 nolo
470 3921 670 3976 malum
700 3922 803 3977 hoc
830 3937 1026 3992 operor
1070 3925 1245 3996 (Rom.
1277 3929 1396 4000 vu).
1458 3950 1477 3983 ι
1529 3931 1608 3986 Ac
1646 3932 1735 3988 de-

149 4004 275 4065 inde
310 4027 323 4063 :
367 4029 386 4060 ι
421 4010 582 4066 Miser
612 4026 714 4081 ego
738 4012 918 4077 homo,
949 4014 1069 4082 quis
1091 4030 1176 4069 me
1206 4016 1455 4073 liberabit
1508 4020 1573 4075 de
1616 4038 1736 4077 cor-

152 4112 285 4169 pore
314 4098 503 4151 mortis
541 4100 730 4169 hujus?
767 4120 783 4152 ι
830 4101 1018 4174 (Ιὺίά.)
1067 4104 1180 4160 Hac
1219 4118 1398 4164 autem
1451 4112 1732 4182 ebrietate,

155 4204 261 4259 qua
288 4188 661 4249 oblixiscimur
707 4201 1098 4261 praeceptorum
1134 4196 1252 4261 Dei,
1290 4207 1344 4253 et
1392 4200 1537 4257 vitiis
1573 4212 1733 4274 atque

150 4282 391 4338 peccatis
423 4284 596 4338 omnis
642 4283 893 4354 impletur
943 4288 1172 4343 humana
1219 4293 1476 4359 conditio,
1524 4297 1733 4352 dicente

159 4368 471 4438 Propheta:
507 4389 525 4420 ι
558 4370 675 4426 Non
693 4372 1080 4442 justiticabitur
1102 4377 1155 4431 in
1186 4390 1473 4449 conspectu
1507 4392 1597 4438 tuo
1623 4400 1733 4439 om-

157 4460 239 4513 nis
259 4461 448 4514 vivens
494 4458 663 4529 (Psal.
704 4463 905 4533 CXLII),
938 4482 957 4515 ›
997 4481 1104 4520 non
1154 4468 1221 4521 ad
1273 4473 1731 4541 comparationem

157 4548 274 4612 Dei,
295 4558 354 4602 ut
381 4558 585 4603 veteres
604 4558 659 4604 et
685 4551 810 4606 novi
840 4552 1076 4608 hazretici
1102 4556 1287 4612 volunt
1312 4568 1367 4613 et
1388 4564 1598 4629 patroni
1630 4565 1737 4621 ha:-

160 4639 475 4703 reticorum,
500 4641 595 4695 sed
618 4641 685 4697 ad
712 4642 989 4698 scientiam
1017 4646 1151 4715 ejus.
1186 4667 1203 4698 ‹
1225 4647 1396 4703 Homo
1422 4653 1565 4706 enim
1594 4655 1738 4711 videt

159 4727 211 4780 in
237 4727 398 4791 faeie,
422 4727 560 4783 Deus
580 4730 635 4783 in
658 4732 821 4785 corde
860 4732 911 4803 (ι
942 4732 1069 4812 Reg.
1098 4736 1207 4806 xvi)
1246 4754 1297 4801 »ς
1325 4742 1539 4807 etquod
1584 4744 1738 4799 nobis

164 4814 217 4869 in
244 4820 411 4870 corde
446 4820 704 4873 mundum
729 4821 959 4887 videtur,
986 4823 1125 4879 illius
1144 4825 1311 4881 oculis
1332 4830 1611 4885 sordidum
1640 4834 1734 4889 de-

159 4904 529 4975 prehenditur.
560 4906 756 4978 (0rig.)
816 4911 1070 4967 Dominus
1123 4922 1298 4969 autem
1334 4917 1485 4984 dicit,
1522 4935 1735 4977 onmem

161 5004 341 5054 utrem
363 4997 689 5066 implendum
708 5001 854 5067 vino,
886 5011 939 5056 et
961 5005 1182 5074 populus
1198 5008 1469 5076 respondit
1494 5028 1507 5063 :
1535 5029 1553 5062 ι
1586 5012 1734 5068 Nun-

168 5087 295 5155 quid
354 5096 734 5157 cognoscentes
779 5106 885 5145 non
933 5107 1334 5163 cognoscemus,
1390 5098 1515 5165 quia
1562 5104 1736 5158 omnis

167 5185 289 5232 uter
319 5178 625 5245 implebitur
651 5179 773 5235 vino
801 5182 823 5232 ?
858 5181 986 5247 Qua:
1008 5186 1220 5251 quidem
1250 5186 1402 5254 juxta
1452 5204 1737 5261 pauperta-

173 5276 278 5324 tem
305 5270 504 5338 ingenii
540 5270 643 5324 mei
669 5270 746 5325 sic
792 5281 1040 5340 poterunt
1080 5276 1439 5347 interpretari,
1488 5282 1534 5333 si
1585 5285 1736 5351 prius

166 5358 627 5417 vluidiﬂ'erentias
661 5364 1107 5432 perspexerimus,
1136 5376 1193 5420 ut
1235 5376 1359 5424 tunc
1402 5386 1735 5443 consequen-

172 5456 252 5503 ter
277 5448 342 5503 de
372 5449 579 5505 utribus
626 5460 913 5507 tractemus
958 5470 1142 5508 verum
1185 5472 1303 5512 esse
1343 5460 1484 5528 quod
1531 5462 1731 5517 dictum

171 5546 274 5603 est,
301 5540 427 5610 quia
459 5542 634 5596 omnis
656 5552 775 5597 uter
805 5545 1108 5613 implebitur
1128 5548 1273 5603 vino.
1307 5548 1365 5603 Si
1402 5552 1523 5622 quis
1561 5554 1733 5611 bonus

175 5635 276 5692 est,
310 5638 369 5683 ut
400 5630 471 5683 ita
501 5630 709 5700 loquar,
740 5633 882 5688 inter
903 5644 1080 5701 utres,
1129 5646 1249 5690 uter
1277 5639 1579 5709 implebitur
1609 5645 1733 5701 vino

178 5714 427 5775 bonitatis
447 5738 576 5785 sua},
598 5722 708 5777 sive
738 5724 927 5789 malus,
945 5726 1095 5793 juxta
1114 5728 1213 5783 hoc
1236 5733 1379 5797 quod
1410 5733 1578 5789 malus
1627 5746 1731 5802 est,

578 5817 846 5878 PATROL.
889 5818 1048 5881 CXI.

1830 1928 2065 2001 percutit
2084 1928 2367 1996 Dominus,
2398 1928 2692 1984 secundum
2717 1928 2771 1983 id
2806 1929 2948 1997 quod
2976 1926 3237 1997 scriptum
3285 1933 3369 1981 est
3397 1940 3412 1978 :

1837 2036 1857 2068 ι
1895 2017 2167 2074 Percussit
2215 2019 2270 2073 in
2323 2017 2586 2088 grandine
2642 2016 2853 2073 vineam
2908 2031 3131 2084 eorum,
3178 2024 3236 2071 et
3276 2014 3414 2070 licus

1831 2122 2021 2164 eorum
2060 2109 2116 2164 in
2155 2108 2277 2180 gelu
2304 2106 2479 2180 (Prol.
2504 2108 2732 2182 sum).
2761 2127 2781 2161 ι
2824 2106 3240 2165 Consideremus
3285 2122 3416 2178 ergo

1829 2214 2019 2256 omnes
2050 2198 2301 2256 homines
2340 2200 2637 2271 ﬁguraliter
2682 2204 2911 2262 capaces
2953 2215 3075 2257 esse
3123 2199 3259 2265 vini,
3313 2214 3417 2255 nec

1831 2290 1975 2347 aliud
2008 2292 2091 2348 eis
2113 2307 2404 2365 possumus
2443 2308 2640 2351 nomen
2689 2293 2990 2365 imponere,
3039 2293 3131 2365 qui
3178 2308 3411 2363 capaces

1832 2381 1944 2436 vini
1988 2392 2137 2448 sunt,
2184 2398 2347 2455 quam
2392 2384 2627 2450 utrium,
2681 2391 2745 2440 et
2775 2386 2955 2441 dicere
2998 2384 3125 2455 quia
3180 2398 3417 2454 nequam

1831 2470 1995 2528 homo
2023 2472 2217 2544 plenus
2236 2475 2311 2530 sit
2327 2476 2455 2532 vino
2478 2476 2544 2532 de
2568 2477 2727 2533 vinea
2775 2471 3131 2533 Sodomorum
3158 2484 3217 2530 et
3246 2474 3418 2548 Egy-

1830 2562 2085 2634 ptiornm,
2123 2552 2314 2635 plenus
2340 2565 2412 2620 sit
2435 2565 2561 2623 vino
2586 2565 2926 2621 inimicorum
2958 2563 3162 2631 Israel;
3195 2573 3417 2621 sanctus

1831 2667 1981 2720 vero,
2007 2663 2063 2710 et
2088 2654 2136 2710 is
2164 2655 2257 2726 qui
2287 2655 2342 2710 in
2370 2656 2658 2713 virtutibus
2691 2657 2923 2728 prolicit,
2954 2656 3145 2726 plenus
3172 2657 3245 2711 sit
3288 2656 3415 2713 vino

1832 2743 1900 2799 de
1926 2745 2083 2800 vinea
2112 2744 2339 2811 Sorech,
2364 2746 2489 2802 vino
2514 2747 2581 2802 de
2602 2762 2708 2817 quo
2740 2748 2998 2817 scriptum
3024 2757 3107 2802 est
3136 2764 3151 2802 :
3198 2767 3217 2799 ι
3263 2747 3421 2804 Calix

1832 2840 1959 2889 tuus
1984 2834 2259 2890 inebrians
2288 2850 2450 2904 quam
2470 2834 2761 2905 prmclar'us
2794 2838 2906 2890 est!
2946 2856 2964 2887 ι
2991 2836 3117 2891 vino
3142 2837 3285 2911 quod
3312 2838 3420 2891 mi-

1833 2927 1974 2981 scuit
1996 2925 2290 2997 Sapientia.
2323 2926 2391 2982 Et
2416 2928 2531 2983 haec
2557 2928 2775 2998 quidem
2801 2926 3073 2983 intellecta
3115 2928 3245 2983 mihi
3272 2937 3417 2992 sunt,

1833 3018 2129 3073 secundum
2152 3020 2448 3089 nequitiam
2474 3028 2635 3090 atque
2660 3020 2938 3087 virtutem,
2962 3028 3022 3074 ut
3062 3034 3420 3091 agnoscamus

1832 3109 2101 3178 quomodo
2138 3112 2315 3167 omnis
2339 3120 2460 3167 uter
2486 3111 2739 3183 impletur
2765 3112 2909 3169 vino.
2940 3111 2998 3169 Si
3019 3123 3200 3169 autem
3230 3115 3421 3185 nequi-

1832 3198 1906 3252 tia
1936 3200 2049 3253 sive
2073 3199 2362 3257 virtutibus
2387 3201 2677 3272 implentur
2721 3210 2898 3269 utres,
2947 3217 3287 3274 consequens
3336 3211 3422 3260 est

1832 3296 1891 3342 ut
1912 3289 2190 3360 suppliciis
2220 3288 2547 3362 impleantur
2571 3292 2642 3347 ob
2669 3292 2986 3362 nequitiam,
3028 3294 3421 3350 benedictioni-

1830 3379 1931 3434 bus
1956 3380 2025 3435 ob
2044 3380 2319 3436 virtutem.
2370 3381 2675 3438 Exhibeaut
2721 3399 2889 3439 sacra:
2928 3383 3121 3441 littera:
3176 3386 3419 3443 testimo-

1832 3467 2002 3534 nium,
2025 3482 2133 3538 quo
2157 3478 2318 3539 pacto
2346 3479 2608 3527 tormenta
2652 3487 2748 3527 seu
2803 3475 3185 3543 promissiones
3230 3475 3417 3532 vinum

1834 3564 2227 3627 nuncupentur.
2265 3576 2285 3610 ι
2311 3558 2510 3629 Accipe
2530 3559 2753 3615 calicem
2774 3561 2884 3616 viui
2907 3563 3041 3617 meri
3068 3563 3224 3618 istius
3245 3573 3299 3618 et
3320 3579 3417 3633 po-

1835 3647 1977 3702 tabis
2001 3662 2190 3704 omnes
2210 3660 2417 3721 gentes,
2448 3651 2515 3705 ad
2536 3666 2669 3721 quas
2690 3666 2791 3723 ego
2814 3660 2866 3707 te
2892 3654 3070 3708 mitto.
3106 3672 3124 3704 ι
3155 3651 3419 3710 Jeremias

1836 3747 2016 3792 autem
2042 3736 2155 3793 h:ec
2184 3740 2422 3809 loquitur
2442 3755 2603 3810 super
2624 3741 2768 3810 quod
2793 3740 2974 3807 infert,
3010 3761 3028 3792 ‹
3060 3752 3116 3796 et
3136 3743 3339 3808 bibent,
3364 3752 3420 3799 et

1836 3839 2075 3896 voment,
2107 3839 2163 3885 et
2187 3832 2481 3899 insanient,
2505 3841 2559 3887 et
2587 3834 2800 3889 cadent.
2838 3852 2858 3886 ι
2883 3833 3049 3905 Igitur
3073 3834 3333 3905 supplicia
3360 3835 3416 3889 in

1835 3920 2084 3989 praesenti
2112 3920 2232 3977 loco
2254 3922 2437 3977 vinum
2466 3924 2763 3979 meracium
2787 3924 3134 3994 nuncupavit,
3169 3926 3311 3995 quod
3331 3924 3418 3981 bi-

1834 4009 1969 4063 bunt
1993 4024 2212 4065 meraco
2232 4011 2381 4077 vino,
2407 4010 2461 4066 id
2488 4022 2570 4068 est
2595 4013 2823 4068 meracis
2866 4014 3192 4069 cruciatibus
3233 4015 3414 4085 digni;

1835 4109 1961 4154 sunt
1990 4109 2170 4155 autem
2200 4101 2290 4156 alii
2315 4103 2405 4173 qui
2429 4103 2618 4159 bibunt
2646 4105 2927 4174 supplicia,
2956 4119 3139 4159 verum
3168 4119 3276 4161 non
3315 4120 3414 4176 pe-

1835 4189 1981 4245 nitus
2006 4206 2239 4255 meraca,
2267 4193 2365 4247 sed
2390 4208 2456 4247 ex
2478 4201 2633 4265 parte
2662 4193 2838 4264 aliqua
2874 4204 3190 4264 temperata.
3248 4214 3267 4247 ι
3307 4196 3413 4251 Ca-

1835 4278 1905 4332 lix
1930 4281 2073 4334 enim
2100 4281 2154 4335 in
2175 4297 2336 4337 manu
2359 4282 2566 4337 Domini
2595 4284 2703 4338 vini
2728 4284 2881 4350 meri,
2904 4284 3093 4353 plenus
3111 4292 3195 4340 est
3224 4286 3414 4342 misto:

1834 4366 1900 4420 Et
1924 4368 2198 4423 inclinavit
2218 4384 2284 4425 ex
2328 4370 2431 4426 hoc
2478 4372 2533 4427 in
2573 4372 2676 4428 hoc
2702 4390 2715 4427 :
2744 4382 3111 4429 verumtamen
3154 4376 3240 4429 fex
3300 4377 3417 4447 ejus

1837 4479 1942 4519 non
1979 4474 2064 4521 est
2102 4468 2393 4533 exinanita,
2438 4468 2626 4523 bibent
2663 4484 2729 4523 ex
2773 4484 2838 4525 eo
2877 4484 3065 4525 omnes
3104 4482 3415 4540 peccatores

1842 4563 1997 4611 terra;
2047 4554 2217 4627 (Psal.
2262 4558 2463 4630 unv).
2503 4578 2521 4610 ι
2565 4558 2619 4614 Si
2652 4560 2732 4615 vis
2764 4569 2820 4615 et
2844 4561 3227 4617 benedictionis
3278 4557 3413 4618 cali-

1841 4662 1958 4701 cem
1983 4650 2307 4718 perspicere,
2335 4666 2495 4720 quem
2522 4642 2712 4706 bibunt
2728 4651 2880 4719 justi,
2911 4652 3031 4707 licet
3070 4653 3300 4709 suﬂiciat
3328 4670 3415 4709 sa-

1839 4736 2053 4806 pientia:
2118 4741 2479 4795 testimonium
2537 4744 2591 4797 in
2633 4759 2740 4812 quo
2790 4744 2911 4797 ait:
2952 4763 2970 4795 ι
3010 4744 3181 4799 Bibite
3226 4746 3411 4802 vinum

1840 4830 1983 4897 quod
2013 4830 2199 4885 miscui
2228 4832 2377 4885 vobis
2436 4829 2618 4901 (Prov.
2646 4831 2741 4903 ix).
2780 4852 2797 4885 ι
2839 4832 3041 4888 Tamen
3067 4834 3187 4891 vide
3224 4834 3411 4891 Salva-

1839 4927 2010 4973 torem
2044 4919 2417 4974 ascendentem
2444 4920 2529 4975 die
2556 4923 2795 4991 paschae,
2824 4923 3025 4993 grande
3073 4926 3409 4982 caenaculum

1840 5018 2066 5063 stratum
2092 5018 2251 5079 atque
2278 5014 2611 5079 mundatum,
2638 5022 2693 5067 et
2722 5024 2972 5083 agentem
3012 5014 3151 5070 diem
3210 5014 3408 5071 festum

1840 5115 1962 5153 cum
1992 5098 2267 5169 discipulis
2296 5103 2425 5167 suis,
2458 5102 2651 5171 illoque
2681 5104 2761 5158 eis
2782 5103 2951 5159 calice
2976 5104 3311 5174 propinante,
3342 5106 3408 5159 de

1840 5205 1945 5259 quo
1966 5191 2019 5243 in
2048 5189 2337 5262 Evangelio
2363 5192 2621 5260 scriptum
2650 5203 2763 5247 est:
2795 5212 2813 5244 ι
2842 5194 3083 5263 Accipite
3128 5202 3183 5247 et
3216 5195 3404 5261 bibite,

1839 5284 1927 5337 hic
1951 5291 2033 5337 est
2058 5285 2275 5352 sanguis
2302 5297 2451 5339 meus
2474 5284 2564 5353 qui
2592 5300 2690 5355 pro
2718 5286 2869 5341 vobis
2887 5285 3204 5353 eﬂ’undetur,
3238 5289 3293 5344 in
3322 5306 3409 5346 re-

1841 5372 2152 5427 missionem
2178 5382 2543 5443 peccatorum,
2574 5375 2675 5431 hoc
2723 5374 2906 5441 facite,
2945 5376 3156 5446 quoties
3189 5376 3402 5444 bibetis,

1841 5464 1893 5518 in
1923 5480 2094 5519 meam
2120 5465 2699 5521 commemorationem.
2725 5466 2896 5522 Amen
2935 5468 3055 5523 dico
3101 5468 3270 5535 vobis,
3297 5485 3405 5524 non

1838 5556 2019 5611 bibam
2047 5556 2175 5611 illud
2203 5559 2413 5623 amodo,
2445 5558 2613 5613 donec
2632 5558 2816 5614 bibam
2861 5557 2991 5614 illud
3033 5559 3311 5615 vobiscum
3352 5562 3406 5616 in

1839 5664 2001 5717 regno
2032 5648 2126 5703 Dei
2173 5648 2384 5720 (Matth.
2429 5650 2598 5722 xxvi).
2629 5668 2647 5703 ι
2682 5651 2843 5709 Vides
2868 5653 3090 5709 calicem
3124 5652 3257 5710 Novi
3300 5656 3406 5711 Te-

1843 5740 2113 5805 stamenti,
2144 5739 2288 5793 vides
2318 5738 2543 5796 calicem
2591 5740 3002 5811 suppliciorum,
3051 5758 3209 5812 quem
3247 5759 3407 5815 supra

2930 5834 3009 5894 29
