3910 6326
501 365 603 421 907

1136 362 1195 417 Β.
1237 354 1491 439 BABANI
1527 354 1748 419 MAURI
1784 353 2081 419 Ancum?

2185 355 2459 418 [OGUNT.
2489 357 2784 422 0PERUM
2821 358 2999 414 PARS
3035 359 3123 414 ill.

3654 358 3771 423 7908

499 479 865 549 exposuimus,
895 479 1008 533 vini
1049 476 1189 531 meri
1217 475 1433 545 plenum
1458 466 1483 529 ‘l
1509 474 1605 529 Est
1634 478 1703 529 et
1735 473 1872 532 alius
1914 473 2078 539 calix,
2108 477 2159 541 Α
2184 474 2266 529 cie
2289 472 2465 535 omnis
2486 456 2663 526 terrae.
2725 470 2958 547 Populus
2999 484 3213 541 quoque
3262 465 3427 531 lsrael
3473 480 3771 539 antequam

499 571 591 638 qui
640 584 737 640 pro
781 567 1216 639 compensatione
1248 566 1509 622 bonorum
1560 574 1799 631 actuum,
1829 579 1922 619 seu
1958 579 2075 618 ma-

500 645 699 720 iorum.
724 658 820 714 tibi
854 658 1110 713 miscetur
1139 666 1193 711 et
1224 651 1475 712 traditur.
1496 654 1749 727 intelligit
1772 653 1915 709 enim
1962 669 2077 720 eos,

499 751 590 833 qui
640 750 901 833 penitusa
928 748 1128 824 pietate
1179 747 1483 811 discedunt,
1524 752 1581 800 et
1624 744 1772 801 Omni
1821 759 1887 799 ex
1930 750 2083 819 parte

501 841 820 913 religionem
841 838 1178 905 aversantur,
1204 838 1257 892 in
1282 844 1490 891 tantum
1516 844 1577 890 ut
1603 834 1827 890 fortuitu
1851 842 1907 890 et
1926 848 2083 904 pecu-

500 933 629 989 dum
658 946 809 987 more
828 931 1033 997 vivant,
1063 929 1312 986 bibentes
1338 927 1564 983 calicem
1590 928 1702 982 vini
1729 925 1888 1003 meri,
1920 920 2083 996 quem

501 1025 569 1082 de
590 1019 729 1080 libro
772 1022 1021 1093 Ieremia):
1039 1019 1399 1093 protulimus;
1430 1034 1533 1075 eos
1548 1035 1680 1075 vero
1706 1018 1798 1089 qui
1827 1033 1943 1073 non
1987 1031 2081 1093 pe-

478 1103 647 1174 ‘nitus
670 1123 1033 1181 recesserunt,
1057 1113 1151 1170 sed
1171 1112 1426 1191 cumsint
1458 1119 1793 1184 peccatores,
1835 1118 1891 1165 et
1940 1104 2082 1164 indi.-

499 1207 592 1280 gni
606 1206 918 1278 iudicentur
935 1203 1104 1260 calice
1115 1201 1247 1259 Novi
1262 1190 1616 1267 Testameuti,
1642 1208 1698 1257 et
1718 1198 1921 1255 faciant
1944 1212 2086 1269 saepe

500 1298 640 1356 bona
660 1312 853 1369 opera,
892 1307 1035 1369 saepe
1055 1295 1361 1362 contraria,
1399 1293 1647 1349 bibentes
1670 1291 1895 1357 calicem
1935 1304 2085 1360 mero

501 1391 741 1447 mistum.
762 1408 779 1442 ι
799 1386 1082 1445 inclinavit
1102 1387 1250 1451 enim
1265 1386 1410 1441 Deus
1429 1398 1495 1440 ex
1517 1384 1622 1441 hoc
1644 1382 1699 1443 in
1727 1381 1877 1447 illud.
1904 1399 1923 1432 ι
1944 1378 2085 1446 Quid

499 1480 746 1553 estquod
765 1480 839 1546 ait
862 1494 875 1533 :
897 1499 915 1532 ι
935 1494 1002 1547 ex
1018 1478 1187 1535 hocin
1200 1476 1367 1532 illud?
1388 1495 1407 1529 ι
1423 1476 1541 1530 Duo
1552 1472 1744 1545 poeula
1765 1471 1939 1527 video.
1965 1488 1984 1521 ι
2001 1468 2087 1525 ln-

500 1569 724 1638 clinavit
746 1571 890 1625 enim
917 1581 980 1625 ex
1007 1570 1112 1625 hoc
1133 1568 1189 1623 in
1217 1567 1369 1634 illud,
1406 1572 1778 1621 verumtamen
1800 1558 1888 1621 fex
1916 1560 2087 1629 ipsius

498 1676 608 1717 non
638 1659 937 1717 exinanita.
971 1653 1357 1715 Animadverte
1398 1642 1638 1711 calicem
1660 1651 1925 1709 bonorum
1963 1654 2085 1704 tuo-

499 1767 619 1807 rum
644 1766 871 1822 operum
894 1750 949 1805 in
976 1763 1085 1825 una
1108 1762 1271 1803 manu
1302 1744 1517 1801 Domini
1548 1758 1562 1797 :
1591 1742 1677 1798 sin
1703 1748 1886 1797 autem
1937 1747 2087 1810 pate-

2178 572 2446 635 peccaret,
2484 562 2539 617 in
2565 558 2751 617 Iudaea
2778 570 2915 625 erat,
2945 568 3067 630 post
3094 567 3315 630 peccata
3360 560 3414 614 in
3452 561 3770 615 universum

2179 657 2363 711 orbem
2393 654 2669 724 dispersus
2691 661 2791 729 est.
2823 648 2952 713 Tale
2971 649 3229 723 quiddam
3256 659 3311 705 et
3326 640 3398 707 de
3420 652 3578 707 nobis
3589 644 3775 709 omini-

2179 746 2282 801 bus
2328 732 2582 815 intellige.
2625 741 2732 798 Est
2784 744 3042 816 quaedam
3081 742 3308 798 ecclesia
3344 742 3767 813 primitivorum,

2182 849 2368 892 eorum
2397 834 2606 889 scilicet
2632 832 2732 902 qui
2752 832 3044 902 conscripti
3070 842 3198 887 sunt
3221 832 3273 886 in
3302 824 3633 902 cmlestibus,
3678 832 3772 886 ubi

2182 942 2339 982 mons
2363 925 2515 990 Sion,
2554 934 2609 981 et
2638 923 3096 981 civitas~viventis
3122 922 3219 978 Dei
3262 921 3563 980 Jerusalem
3602 922 3774 977 etule-

2182 1018 2298 1085 stis,
2328 1015 2469 1074 beati
2502 1016 2595 1088 qui
2625 1015 2749 1071 illuc
2778 1013 3265 1086 congregabuntur.
3288 1024 3294 1033 ‘
3321 1012 3646 1077 Peccatum
3677 1028 3773 1065 au-

2183 1116 2293 1164 tem
2321 1108 2629 1163 dividentur
2653 1107 2721 1161 ab
2742 1097 3179 1171 invicem,'etiam
3204 1104 3263 1161 in
3307 1105 3411 1169 hoc
3463 1114 3523 1160 ut
3568 1120 3770 1160 excru-

2184 1198 2415 1255 ciatione
2438 1197 2645 1267 pariter
2666 1194 3043 1268 torqueantur.
3100 1193 3227 1252 Scio
3277 1196 3541 1268 quosdam
3589 1208 3771 1266 reges,

2184 1305 2278 1346 eos
2307 1289 2397 1360 qui
2423 1289 2651 1361 imperio
2671 1304 2770 1345 suo
2796 1287 3033 1346 insidiati
3057 1296 3201 1355 sunt,
3236 1289 3303 1345 ad
3333 1284 3581 1354 desertas
3626 1289 3775 1358 insu-

2170 1379 2267 1459 las
2292 1380 2579 1450 deportare
2604 1380 2810 1446 solitos,
2842 1394 2943 1451 pro
2963 1379 3175 1450 magnis
3204 1378 3490 1451 suppliciis
3533 1379 3641 1433 hoc
3688 1377 3775 1447 ju-

2184 1473 2334 1539 bere,
2363 1488 2437 1551 ne.
2464 1472 2655 1527 inuno
2687 1470 2807 1527 loco
2829 1471 3005 1527 exsilii
3035 1471 3314 1541 penuriam
3349 1470 3676 1549 sustineant.
3716 1468 3774 1523 In

2185 1564 2345 1620 aliam
2383 1546 2531 1619 orbis
2552 1571 2762 1635 partem
2791 1578 2949 1630 uxor,
2992 1552 3061 1618 'in
3108 1562 3267 1619 aliam
3312 1560 3468 1618 liberi
3518 1546 3774 1616 extermi-

2187 1643 2403 1720 nantur,
2457 1664 2519 1710 ut
2568 1668 2634 1710 ne
2687 1654 2741 1710 in
2790 1653 3187 1710 calamitatibus
3239 1653 3454 1722 quidem
3495 1652 3613 1707 suis
3659 1664 3775 1720 per-

2188 1746 2436 1802 fruantur
2459 1744 2672 1811 solatio,
2705 1751 2799 1799 aut
2826 1751 3000 1797 mater
3025 1741 3119 1796 ﬁlii
3148 1750 3242 1796 aut
3265 1741 3434 1795 frater
3458 1738 3677 1794 fratris:
3700 1739 3773 1791 si-

502 1845 577 1901 ris
597 1820 799 1915 aliquid
824 1836 919 1898 me
935 1820 1194 1906 audacius
1214 1836 1431 1896 dicere:
1458 1836 1541 1893 Sit
1564 1836 1621 1891 in
1660 1836 1880 1890 dextera
1920 1845 2082 1901 manu
2112 1820 2169 1889 Β
2185 1838 2297 1895 mili
2318 1838 2477 1893 modo
2504 1845 2560 1891 et
2582 1842 2852 1907 peccator,
2876 1849 2973 1904 per
2996 1833 3286 1903 quamdam
3311 1832 3772 1902 dispensationem

497 1934 614 2006 ejus
637 1935 780 1993 calix
806 1934 1094 1999 virtutum,
1122 1932 1194 1989 sit
1220 1919 1277 1987 in
1331 1928 1550 1987 sinistra
1606 1928 1881 1984 vitiorum.
1945 1923 2081 1979 Cum

496 2025 664 2099 igitur
706 2024 938 2095 caperis
975 2031 1198 2095 propter
1248 2028 1478 2092 peccata
1541 2016 1800 2089 torqueri,
1835 2012 2083 2086 ’quia’et

493 2120 637 2177 bona
656 2131 821 2189 opera
842 2116 1040 2183 fecisti,
1090 2113 1244 2172 calix‘
1270 2115 1326 2169 in
1368 2127 1531 2168 manu
1575 2109 1788 2165 Domini
1838 2116 1925 2163 est
1970 2107 2083 2161 vini

494 2212 633 2269 meri
658 2210 849 2282 plenus
878 2210 1061 2265 misto.
1090 2208 1158 2263 Et
1212 2205 1493 2263 melinavit
1543 2219 1611 2259 ex
1664 2203 1768 2257 hoc
1815 2201 1871 2255 in
1925 2198 2101 2286 illud,.

494 2303 598 2359 hoc
630 2312 717 2358 est
743 2301 812 2358 de
835 2315 901 2357 eo
922 2300 1013 2371 qui
1033 2305 1151 2364 erat
1180 2298 1232 2353 in
1254 2296 1496 2362 dextera,
1523 2296 1579 2350 in
1608 2293 1757 2348 illum
1797 2293 1887 2371 qui
1927 2291 1981 2344 in
2008 2288 2082 2347 si-

494 2392 667 2447 nistra
707 2390 1102 2447 continebatur.
1162 2388 1347 2458 Neque
1422 2387 1563 2443 enim
1613 2392 1763 2457 potes
1816 2383 2082 2441 bonorum

494 2490 707 2541 tantum
735 2482 957 2539 calicem
985 2481 1368 2550 bibere,vquasi
1400 2481 1540 2547 bona
1562 2477 1956 2554 tantummodo
1999 2475 2079 2531 fe-

494 2574 658 2638 ceris,
681 2587 857 2644 neque
876 2587 1091 2628 ruer
1108 2580 1481 2643 peccatorum,
1503 2569 1631 2640 quia
1648 2576 1706 2630 et
1726 2568 1865 2623 bona
1887 2565 2083 2637 quippe

495 2662 673 2734 aliqua
700 2662 935 2733 gessisti.
962 2662 1170 2718 idcirco
1199 2660 1497 2725 inclinavit,
1525 2674 1592 2714 ex
1619 2657 1724 2712 hoc
1748 2655 1801 2710 in
1831 2654 1958 2733 illud
1985 2674 1997 2709 :
2024 2662 2084 2709 ut

487 2756 641 2829 juxta
663 2757 1154 2828 compensationem
1178 2769 1403 2825 operum
1424 2765 1638 2808 tuorum
1668 2750 1962 2806 misceatur
1985 2746 2092 2805 tibi

492 2845 813 2918 supplicium
840 2845 1111 2916 aquatius,
1138 2859 1233 2899 seu
1257 2843 1546 2925 meracius,
1570 2848 1626 2898 et
1655 2841 1949 2897 secundum
1976 2854 2083 2894 me-

488 2943 603 2998 rita
632 2950 747 3009 tua,
774 2946 868 2997 aut
891 2940 1335 2997 obtundaturiraa
1359 2939 1555 2995 divina!
1596 2936 1838 3004 aculeus,
1862 2945 1955 2991 aut
1983 2949 2080 2991 ex-

496 3041 759 3091 acuatur:
789 3032 836 3088 si
860 3047 990 3088 vero
1012 3034 1184 3089 bonus
1210 3030 1396 3097 fueris,
1422 3038 1478 3085 et
1502 3029 1600 3088 Dei
1620 3028 1873 3091 mandata
1897 3043 2082 3083 serva-

494 3124 655 3188 veris,
686 3123 903 3181 attende
929 3123 1058 3195 quid
1091 3122 1278 3178 dicas?
1305 3140 1324 3173 ‹
1351 3120 1586 3177 Calicem
1637 3117 1891 3175 salutaris
1936 3117 2081 3181 acci-

494 3171 663 3289 piam’,
686 3223 744 3271 et
764 3171 965 3270 nomenl
988 3214 1199 3270 Domini
1221 3206 1483 3269 invocabo
1524 3207 1697 3280 (Psal.
1724 3210 1869 3282 exv).
1902 3228 1921 3262 ι
1954 3206 2081 3264 θων-
2108 3171 2153 3242 C

495 3298 581 3363 nis
614 3307 780 3389 igitur
810 3315 961 3384 uter,
1007 3306 1121 3361 sive
1170 3306 1344 3360 bonus
1388 3304 1501 3359 sive
1548 3301 1741 3367 malus,
1774 3296 2082 3381 implebitur

497 3398 623 3453 vino
653 3395 928 3467 qualitatis
973 3411 1103 3451 suae.
1148 3395 1258 3451 Nec
1302 3393 1480 3458 oleum
1528 3394 1771 3448 mittetur
1823 3392 1874 3447 in
1933 3405 2081 3456 eum,

497 3487 718 3543 aliunde
773 3487 903 3557 quid
933 3486 1156 3557 liquens
1198 3485 1303 3540 nisi
1341 3485 1522 3557 vinum
1584 3482 1943 3540 Sodomorum
1988 3489 2084 3537 aut

497 3574 722 3659 Sorsch.
764 3556 907 3631 Nulli
952 3584 1157 3665 parcet,
1190 3575 1282 3665 qui
1306 3556 1597 3647 puniturus
1626 3574 1709 3629 est
1732 3582 2081 3653 peccatores;

500 3680 607 3719 non
635 3665 759 3734 quia
800 3659 1083 3734 propheta,
1122 3680 1228 3718 non
1253 3659 1382 3733 quia
1429 3664 1680 3719 sacerdos
1709 3664 1830 3733 quis
1859 3670 2084 3725 vocatus

499 3760 604 3819 est,
630 3768 660 3807 a
684 3748 962 3824 suppliciis
986 3754 1306 3809 liberabitur
1332 3772 1349 3808 ε
1382 3769 1488 3809 non
1516 3753 1689 3809 solulu
1712 3754 1905 3832 vulgus
1932 3755 2085 3825 igno-

497 3842 606 3898 bile
651 3842 879 3913 vilisque
925 3839 1227 3913 "plebecula,
1281 3843 1375 3898 sed
1429 3859 1581 3913 reges
1623 3842 1972 3898 ecclesiarum
2019 3843 2085 3896 de

499 3931 688 4001 stirpe,
711 3931 826 3986 sive
856 3930 951 3985 ﬁlii
980 3931 1170 3997 David,
1202 3932 1295 4001 qui
1316 3933 1511 3999 sedent
1534 3931 1771 4011 resupini
1794 3940 2085 4000 erectaque

501 4022 735 4087 cervice,
758 4028 813 4075 et
832 4028 1084 4091 protento
1106 4021 1411 4090 aqualiculo
1445 4036 1607 4090 super
1637 4013 2038 4091 thronum'ejus
2069 4039 2089 4093 ;'

501 4113 810 4171 sacerdotes
845 4127 1057 4183 quoque
1082 4112 1207 4183 ipsi,
1234 4113 1498 4168 secundus
1528 4113 1580 4166 in
1604 4111 1969 4167 ecclesiastico
1990 4113 2097 4166 ho-'

501 4217 638 4259 norc
656 4202 874 4273 gradus,
899 4210 955 4257 et
973 4204 1251 4273 propheta:
1278 4202 1370 4273 qui
1391 4201 1643 4257 videntur
1669 4202 1868 4257 habere
1913 4186 2087 4256 scien-

502 4294 635 4349 tiam
661 4291 1085 4363 Scripturarum,
1129 4302 1185 4347 et
1216 4307 1404 4347 omnes
1433 4291 1762 4347 habitatores
1788 4289 2088 4348 Jerusalem

503 4399 600 4455 pro
622 4391 964 4453 peccatorum
987 4384 1249 4438 varietate
1290 4382 1627 4452 complentur
1653 4401 1665 4436 :
1688 4384 1800 4438 sive
1839 4382 2000 4449 Juda,
2028 4391 2092 4439 ut

503 4471 760 4526 addidere
782 4469 946 4525 LXX.
995 4470 1146 4526 Cum.
1175 4471 1307 4526 ebrii
1358 4470 1579 4535 fuerint,
1633 4471 2015 4544 disperguntur
2057 4489 2087 4528 a

504 4561 765 4643 sociemte
792 4561 877 4617 sui
903 4578 917 4615 :
941 4570 1231 4631 patresque
1253 4576 1283 4614 a
1311 4560 1455 4626 filiis,
1478 4568 1532 4616 et
1552 4532 1645 4615 lilii
1671 4532 1971 4643 aii-patribus
1996 4578 2083 4617 se-
2112 4532 2167 4601 Β

504 4636 786 4723 parantur,
822 4658 882 4706 ut
918 4654 1146 4708 diversis
1172 4653 1467 4709 ltasresibus
1518 4638 1844 4723 polluantur,
1888 4664 1941 4715 et
1984 4657 2083 4711 sub
2130 4666 2132 4675 ’

503 4741 707 4796 Christi
740 4741 959 4797 nomine
1003 4742 1147 4796 inter
1192 4757 1251 4798 se
1299 4742 1703 4813 digladientur,,
1729 4754 1783 4800 et
1830 4746 2085 4802 dimicent

505 4840 693 4887 contra
721 4841 953 4888 matrem
999 4848 1173 4895 suam,
1227 4850 1346 4904 qua:
1394 4849 1486 4890 eos
1531 4836 1730 4906 genuit,
1764 4835 2080 4892 Ecclesiam.

508 4921 662 4977 Unde
690 4921 822 4975 dicit
852 4935 866 4974 :
897 4922 1012 4976 Non
1055 4923 1367 4980 desiderabo
1392 4941 1503 4992 eos,
1553 4927 1647 4982 sed
1668 4928 1809 4984 [odio
1861 4929 2084 4985 habeam

509 5013 856 5083 sempiterno.
881 5012 1062 5069 Justos
1089 5024 1377 5087 congregat
1404 5018 1563 5083 Deus,
1602 5029 1911 5089 peccatores
1936 5036 2090 5090 sepa-

508 5111 611 5157 rat.
643 5102 885 5171 Denique
915 5103 1117 5159 idcirco
1141 5105 1377 5173 quandiu
1413 5122 1519 5161 non
1558 5118 1683 5162 sunt
1730 5111 1981 5167 commoti
2020 5112 2088 5167 ab

508 5194 718 5248 oriente
738 5193 1006 5258 homines,
1034 5209 1142 5250 non
1181 5202 1306 5250 sunt
1343 5197 1585 5267 dissipati
1614 5216 1625 5252 :
1643 5201 1864 5272 quando
1907 5210 2084 5257 autem

509 5283 641 5336 moti
668 5290 794 5337 sunt
821 5284 892 5338 ab
935 5285 1165 5351 oriente,
1222 5293 1277 5339 et
1319 5286 1394 5340 ait
1449 5289 1608 5343 homo
1670 5290 1740 5343 ad
1782 5294 2086 5360 proximum

509 5386 667 5425 suum
698 5389 709 5425 :
745 5391 763 5422 ε
794 5371 983 5429 Venite
1017 5385 1071 5431 et
1102 5377 1429 5435 mdiﬁcemus
1480 5383 1750 5438 civitatem
1795 5396 1850 5440 et
1896 5387 2086 5439 turrim

509 5461 667 5532 cujus
685 5462 759 5517 sit
783 5473 944 5534 caput
980 5483 1149 5537 usque
1199 5470 1267 5524 ad
1307 5463 1502 5527 emittm
1579 5471 1731 5544 (Gen.
1756 5480 1853 5545 xi).
1894 5496 1912 5529 ι
1946 5468 2088 5530 Deus

511 5552 727 5609 locutus
754 5561 855 5619 est,
884 5556 1075 5613 dicens
1101 5577 1114 5613 :
1150 5579 1168 5613 ι
1202 5556 1410 5627 Venite,
1440 5564 1850 5633 descendamus,
1873 5576 1929 5622 et
1960 5584 2088 5624 con-

511 5639 797 5699 fundam
844 5644 1079 5717 linguam
1112 5664 1297 5705 eorum
1342 5652 1551 5726 (Ibid).
1591 5675 1609 5708 ι
1650 5656 1715 5710 Et
1754 5662 1875 5727 post
1925 5658 2090 5729 pusil-

513 5731 625 5787 lum
650 5733 814 5791 infert
844 5756 856 5791 :
892 5738 1030 5795 Ecce
1050 5740 1309 5813 disperdit
1332 5744 1591 5803 Dominus
1639 5748 1758 5805 illos
1789 5749 1912 5807 inde
1945 5767 1975 5806 a
2004 5751 2088 5805 fa-

2180 1929 2295 1994 Dei,
2322 1927 2591 1984 amariora
2619 1925 2924 1985 solitudinis
2948 1932 3214 1980 tormenta
3255 1922 3581 1996 perpetitur,
3618 1920 3663 1975 si
3688 1935 3774 1975 so-

2180 2022 2263 2077 lus
2292 2021 2346 2076 in
2367 2019 2616 2099 exsilium
2643 2018 2930 2090 relegetur,
2982 2024 3043 2071 ut
3072 2015 3402 2071 emendatus
3427 2008 3510 2067 in
3568 2021 3773 2068 statum

2181 2111 2467 2183 pristinum
2492 2110 2697 2177 redeat.
2729 2109 2797 2163 Et
2824 2105 3095 2179 quomodo
3116 2114 3176 2162 tu
3198 2106 3528 2176 propinquos
3572 2102 3660 2156 vel
3715 2101 3771 2156 li-

2182 2203 2341 2258 beros
2368 2209 2489 2256 tuos
2512 2215 2619 2255 non
2642 2197 2866 2255 fortuita
2894 2212 2997 2252 nec
3022 2194 3378 2250 irrationabili
3407 2193 3635 2249 coerces
3670 2191 3769 2257 ira,

2182 2292 2275 2347 sed
2305 2304 2401 2361 per
2434 2288 2660 2345 verbera
2686 2286 2945 2343 reducere
2971 2270 3123 2356 cupis
3170 2285 3237 2339 ab
3263 2298 3453 2338 errore
3503 2282 3563 2337 in
3614 2295 3771 2360 quem

2181 2382 2542 2442 incubuerant
2560 2398 2574 2440 :
2595 2382 2673 2441 sic
2687 2380 2835 2439 Deus
2854 2368 2947 2439 eos
2972 2379 3062 2452 qui
3084 2384 3500 2451 nonpotuerunt
3520 2389 3771 2433 sermone

2182 2476 2444 2543 converti,
2477 2475 2773 2542 doloribus,
2801 2473 3110 2537 tormentis,
3138 2471 3204 2526 ad
3250 2470 3302 2524 id
3346 2466 3601 2535 retrahit,
3631 2463 3769 2538 quod

2182 2567 2428 2637 fuerunt,
2459 2566 2752 2622 secundum
2781 2564 3118 2634 Scripturam
3144 2562 3407 2618 dicentem
3436 2579 3451 2615 :
3480 2580 3499 2611 ι
3526 2560 3634 2616 Per
3656 2574 3770 2617 om-

2183 2675 2307 2715 nem
2337 2658 2576 2714 dolorem
2622 2664 2678 2712 et
2722 2655 2992 2733 ﬂagellum
3043 2653 3358 2733 emendabis
3400 2650 3757 2710 Jelusalem.n

2184 2751 2254 2808 Ut
2281 2750 2444 2823 igitur
2488 2756 2699 2805 crescat
2731 2748 2885 2803 dolor
2921 2728 3101 2818 'poanaa
3140 2744 3481 2817 corripientis
3536 2741 3769 2797 invicem

2180 2850 2531 2918 separantur;
2570 2840 2978 2910 Quodammodo
3033 2839 3178 2895 enim
3229 2838 3398 2894 levius
3452 2835 3513 2890 ﬁt
3568 2834 3771 2906 suppli-

2181 2932 2347 2998 cium,
2378 2932 2424 2986 si
2451 2930 2635 3003 plures
2662 2930 2716 2985 in
2740 2930 2929 2985 eodem
2951 2928 3085 3001 .loco
3106 2926 3407 2992 constituti,
3451 2924 3660 2980 mutuis
3713 2937 3771 2978 se

2181 3023 2526 3081 consolentur
2548 3022 2819 3094 alloquiis.
2867 3021 2924 3077 Si
2970 3030 3151 3098 autem
3206 3034 3425 3077 necesse
3476 3026 3579 3074 est‘
3610 3012 3771 3070 aliam

2182 3131 2396 3189 quoque
2444 3117 2711 3186 rationem
2759 3115 3037 3172 divisionis
3078 3114 3343 3171 malorum
3398 3110 3771 3176 introducere,

2183 3210 2344 3265 etiam
2372 3208 2513 3264 hanc
2531 3207 2927 3278 exhibebimus.
2964 3204 3093 3261 Mali
3116 3220 3243 3261 cum
3272 3201 3431 3258 simul
3460 3200 3686 3267 fuerint,
3708 3215 3774 3256 ea

2183 3317 2303 3374 quae
2327 3299 2467 3357 mala
2490 3308 2616 3356 sunt
2633 3300 2894 3371 cogitant,
2918 3308 2973 3356 et
2995 3299 3050 3354 in
3070 3298 3299 3369 pristina
3324 3296 3560 3367 nequitia
3576 3293 3774 3365 perse-

2184 3402 2457 3459 verantes,
2493 3399 2689 3463 augent
2727 3399 2951 3462 peccata
2988 3389 3255 3472 peccatis.
3298 3387 3578 3462 Quomodo
3603 3401 3775 3441 econ-

2183 3480 2353 3540 trario
2380 3483 2510 3539 boni
2534 3498 2656 3538 cum
2680 3481 2839 3539 simul
2860 3476 3082 3548 fuerint,
3107 3481 3173 3537 de
3201 3480 3443 3539 honestis
3472 3478 3638 3533 rebus
3659 3491 3775 3532 ser-

2184 3575 2543 3631 mocinantur.
2565 3571 2889 3629 Dissolvitur
2918 3588 3047 3643 ergo
3067 3579 3123 3625 et
3141 3570 3207 3627 ad
3234 3570 3455 3626 nihilum
3486 3567 3774 3622 deducitur

2185 3680 2413 3734 nequam
2439 3662 2694 3733 cogitatio
2711 3702 2726 3727 ,
2747 3676 2871 3716 cum
2892 3675 2999 3715 non
3020 3659 3270 3715 habuerit
3290 3658 3666 3714 allocutionem
3701 3656 3776 3711 al-

2187 3756 2355 3810 terius
2372 3752 2662 3823 nequioris.
2682 3750 2889 3807 ldcirco
2907 3751 3306 3821 dispensatione
3318 3745 3413 3804 Dei
3432 3747 3773 3824 providetur,

2187 3847 2448 3919 pessimos
2468 3861 2497 3899 a
2520 3844 2770 3915 pessimis
2791 3843 3031 3919 separari
3049 3843 3101 3897 in
3126 3857 3282 3899 suum
3299 3857 3510 3912 quoque
3530 3838 3775 3899 Commo-

2187 3939 2336 4004 dum,
2364 3944 2422 3990 ut
2444 3951 2472 3989 a
2494 3933 2735 4004 pristinis
2762 3933 3058 3988 sceleribus
3103 3932 3219 4003 ipsa
3272 3931 3553 4005 solitudine
3582 3938 3644 3987 et
3683 3946 3775 4002 pe-

2187 4029 2340 4084 nuria
2363 4025 2621 4081 consortii
2665 4024 2954 4095 aliquando
2976 4024 3259 4080 desistant.
3281 4023 3397 4079 Non
3419 4038 3669 4092 parcam,
3690 4025 3772 4079 in—

2188 4122 2393 4193 quit,et
2414 4133 2519 4173 non
2539 4116 2833 4173 concedam
2855 4124 3030 4194 neque
3050 4116 3370 4171 miserebor.
3394 4114 3489 4171 liis
3510 4122 3563 4171 et
3580 4116 3773 4171 istius-

2185 4195 2332 4267 modi
2358 4207 2700 4267 sermonibus
2722 4206 2965 4263 hieretici
3003 4217 3330 4279 assurgunt,
3358 4208 3597 4263 dicentes
3628 4226 3642 4259 :
3681 4208 3773 4263 Vi—

2190 4302 2352 4358 desne
2374 4299 2552 4371 qualis
2579 4298 2649 4359 sit
2667 4306 2885 4353 creator
2905 4298 3313 4368 prophetarum,
3344 4306 3400 4353 et
3435 4296 3567 4367 legis
3600 4297 3768 4362 Deus,

2189 4392 2317 4462 quid
2339 4390 2617 4459 loquatur:
2636 4387 2753 4443 Non
2777 4402 2995 4458 parcam
3020 4398 3075 4442 et
3095 4404 3201 4443 non
3224 4389 3521 4445 miserebor
3540 4390 3608 4443 ab
3632 4390 3773 4444 inte-

2191 4484 2295 4538 ritu
2309 4497 2498 4537 eorum
2517 4500 2527 4535 :
2545 4482 2813 4552 quomodo
2828 4488 3004 4561 potest
3020 4482 3121 4537 iste
3134 4483 3308 4537 bonus
3326 4484 3480 4537 esse?
3491 4483 3770 4551 Accipiam

2190 4587 2319 4642 ergo
2346 4573 2649 4642 exemplum
2669 4572 2869 4645 judicis
2904 4571 3033 4627 boni
3080 4586 3180 4643 pro
3217 4572 3449 4629 utilitate
3497 4576 3770 4629 communi

2191 4653 2535 4734 quibusdam’
2549 4678 2657 4718 non
2698 4662 3033 4729 miserentis,
3070 4670 3131 4717 ut
3164 4664 3469 4735 perspicere
3496 4667 3771 4733 possimus

2190 4756 2459 4826 quomodo
2486 4755 2669 4810 multis
2695 4770 2804 4809 non
2831 4745 3088 4824 parcens,
3113 4756 3207 4809 uni
3236 4770 3342 4810 non
3384 4767 3568 4826 parcat
3599 4740 3767 4812 Deus.

2189 4844 2464 4914 Accipiam
2492 4853 2544 4899 et
2566 4844 2785 4911 medici,
2809 4829 3102 4901 Ostendens
3129 4860 3253 4900 eum
3277 4845 3368 4899 uni
3389 4848 3637 4902 membro
3665 4864 3769 4903 non

2191 4946 2521 5006 parqere,ut
2547 4936 2805 4991 membris
2832 4936 3083 4990 omnibus
3121 4946 3329 5006 pareat.
3379 4936 3543 4995 Verbi
3596 4942 3768 5010 gratia

2192 5025 2392 5080 dictum
2416 5026 2487 5080 sit
2520 5044 2531 5078 :
2566 5025 2773 5080 Habeat
2795 5024 2961 5093 judex
2986 5027 3325 5095 propositum
3350 5029 3590 5098 quietem
3638 5031 3770 5084 civi-

2193 5117 2285 5171 tati
2325 5125 2379 5171 et
2406 5132 2593 5186 pacem
2622 5117 2787 5189 genti,
2839 5116 2927 5171 cui
2956 5117 3233 5185 praesidet,
3282 5119 3567 5187 providere
3598 5159 3611 5171 .
3643 5121 3766 5173 huic

2189 5208 2235 5263 si
2263 5207 2516 5262 oﬂ‘eratur
2551 5207 2817 5262 homicida
2840 5207 3065 5262 honesta
3088 5207 3282 5273 forma,
3305 5216 3465 5268 aetate
3514 5211 3647 5264 satis
3693 5212 3767 5264 iu-

2191 5304 2360 5368 tegra,
2388 5304 2442 5350 et
2466 5312 2531 5350 ex
2559 5297 2664 5351 alio
2687 5295 2855 5350 latere
2878 5306 3053 5353 mater
3086 5300 3288 5366 sparsis
3313 5298 3557 5355 crinibus
3583 5301 3767 5369 depre-

2190 5395 2364 5453 cetur,
2391 5396 2449 5441 ut
2474 5388 2739 5442 Senectuti
2776 5403 2887 5444 suae
2908 5389 3249 5467 misereatur,
3281 5399 3338 5445 et
3356 5406 3422 5448 ex
3452 5391 3560 5448 alia
3606 5409 3767 5455 uxor.

2190 5494 2257 5534 ne
2283 5480 2461 5536 virum
2501 5494 2657 5535 suum
2688 5480 2999 5563 interficiat,
3030 5482 3364 5551 lacryntabili
3408 5499 3541 5539 voce
3580 5485 3766 5555 deplo-

2192 5576 2292 5635 ret,
2323 5567 2675 5627 circumstant
2718 5580 2773 5631 et
2815 5572 3031 5642 parvuli
3054 5573 3211 5629 liberi
3250 5574 3363 5630 cito
3401 5576 3518 5631 orbi
3573 5576 3766 5633 futuri.

2191 5659 2326 5745 Quid
2351 5659 2512 5717 faciet
2537 5660 2721 5731 judex,
2746 5664 3327 5732 miserebiturolatroni,
3349 5682 3417 5720 an
3444 5668 3593 5721 non?
3618 5666 3770 5732 Quod

2191 5754 2247 5809 in
2270 5756 2541 5811 communi
2565 5754 2781 5826 expedit
2805 5746 3011 5817 civitati
3042 5767 3369 5829 exsequetur
3397 5777 3411 5813 :
3444 5760 3489 5815 si
3514 5758 3767 5814 misertus
