3910 6328
208 340 312 399 909

1116 332 1475 396 EXPOSiTlO
1509 337 1733 397 SUPER
1771 338 2132 400 JEREMIAM.
2175 376 2245 386 —
2281 348 2409 402 LIB.
2456 347 2540 404 Vl.

3333 359 3430 412 910

207 466 390 532 fuerit,
437 471 739 520 revertetur
786 464 1050 519 homicida
1094 465 1162 517 ad
1208 462 1494 533 pristinum
1554 460 1728 517 scelus
1756 466 1771 514 ':
1800 454 2130 523 AsitcaliCe
2157 464 2470 536 Babylonio,
2493 476 2548 522 et
2574 468 2897 537 captivitatis
2915 467 3222 527 obruendus
3262 473 3433 529 malis.

208 557 293 612 sin
325 571 453 610 vero
482 555 535 608 in
566 554 847 623 judiciaria
886 555 1170 609 severitate
1207 552 1583 622 permanserit,
1637 562 1776 607 unus

208 649 371 703 homo
401 646 659 711 interibit,
683 656 738 702 et
762 648 1013 701 universo
1036 644 1229 715 populo
1251 645 1637 713 providebitur.
1684 642 1774 699 Sic

208 743 353 796 Deus
377 741 421 795 si
446 740 743 810 pepercerit
768 737 1059 808 peccatori,
1087 743 1143 790 et
1183 735 1447 791 misereris
1488 733 1623 803 ejus,
1675 748 1772 789 no-

207 830 368 887 luerit
393 846 514 887 eum
542 832 733 902 punire
758 844 855 899 pro
883 828 1101 893 scelere,
1150 826 1270 896 quis
1307 840 1413 880 non
1439 826 1668 895 accipiat
1705 824 1772 879 li-

207 915 438 977 centiam
464 917 763 976 malorum?
788 916 891 984 Qui
915 931 1056 970 nunc
1095 914 1281 971 saltem
1312 921 1528 984 propter
1571 914 1771 985 suppli-

204 1012 287 1067 cia
320 1020 611 1076 terrentur,
635 1024 812 1064 nonne
832 1008 1045 1063 invadet
1069 1014 1301 1075 tempus,
1323 1013 1383 1084 ut
1404 1003 1613 1074 expleat
1630 1020 1775 1075 qua:-

204 1115 415 1169 cunque
439 1100 626 1165 voluit,
644 1113 880 1170 praaceps
912 1096 1116 1152 feratur
1146 1095 1201 1150 in
1230 1093 1392 1148 vitia?
1417 1091 1542 1147 Haec
1591 1102 1770 1148 autem

202 1202 260 1249 et
297 1194 351 1249 in
395 1191 639 1249 ecclesiis
675 1205 815 1260 saepe
858 1189 1158 1245 accidentia
1204 1203 1490 1259 possumus
1528 1188 1774 1243 conside-

202 1298 346 1339 rare.
370 1282 619 1338 Peccavit
641 1280 926 1351 quiSpiam,
956 1287 1012 1333 et
1048 1286 1168 1348 post
1216 1286 1492 1348 peccatum
1542 1275 1774 1347 postulat

200 1373 635 1430 communionem
663 1390 675 1424 :
702 1371 747 1426 si
773 1369 825 1424 ei
852 1367 1166 1443 conceditur
1194 1367 1335 1437 quod
1369 1371 1542 1436 rogat,
1584 1366 1638 1419 in
1692 1366 1772 1420 iu-

200 1462 544 1528 commodum
571 1460 811 1515 omnium
835 1458 988 1514 venia
1016 1457 1281 1528 procedit,
1310 1466 1365 1511 et
1392 1456 1585 1511 laxatis
1604 1455 1770 1511 frenis

200 1552 497 1609 sceleribus
518 1551 772 1623 panditur
800 1551 887 1605 via
918 1568 931 1604 :
960 1551 1040 1604 sin
1063 1564 1189 1605 vero
1210 1564 1334 1604 cum
1364 1547 1663 1602 rationabili
1680 1547 1771 1603 de-

197 1640 520 1698 liberatione
566 1656 671 1713 non
723 1648 783 1695 ut
836 1639 1242 1703 immisericors,
1293 1653 1393 1693 nec
1446 1652 1661 1691 rursum
1710 1645 1770 1691 ut

197 1733 433 1789 crudelis
450 1733 633 1803 judex,
668 1732 761 1787 sed
783 1731 937 1802 quasi
961 1739 1021 1785 ut
1046 1730 1135 1784 uni
1158 1730 1444 1801 providens
1463 1736 1518 1783 et
1542 1727 1609 1782 de
1650 1742 1767 1782 om-

1948 574 1967 608 ‹
2023 556 2218 610 Audite
2273 564 2328 612 et
2386 557 2925 628 auribus-percipite,
2985 562 3149 618 nolite
3206 562 3437 627 elevari,

1874 646 1999 715 quia
2024 646 2280 700 Dominus
2312 644 2522 707 loculus
2547 658 2647 701 est.
2704 668 2723 700 ι
2755 644 2926 720 (Orig.
2952 646 2971 720 )
2999 648 3135 715 Quid
3160 658 3241 704 est
3272 652 3432 721 igitur

1874 739 2058 793 audire
2105 747 2159 793 et
2209 738 2427 793 auribus
2477 740 2751 810 percipere
2804 756 2873 796 ex
2915 742 3046 812 ipsis
3102 744 3441 798 sermonibus

1873 828 2297 883 consideremus.
2332 827 2567 901 Auribus
2608 830 2881 901 percipere
2917 840 3020 897 est,
3063 841 3123 886 ut
3156 832 3285 885 mihi
3317 834 3439 901 qui-

1873 919 1992 975 dem
2031 920 2261 985 videtur,
2314 921 2535 976 auribus
2574 936 2639 977 ea
2676 935 2795 992 qua:
2831 923 3014 979 dicunt
3060 925 3265 989 audire,
3298 926 3439 994 quod

1872 1018 2051 1064 autem
2076 1011 2349 1079 pmcedit,
2374 1012 2576 1090 audite,
2599 1012 2644 1066 si
2672 1013 2739 1068 ad
2760 1012 3150 1069 distinctionem
3174 1012 3288 1082 ejus
3308 1029 3441 1083 prae-

1872 1097 2012 1168 cepti
2049 1099 2262 1166 dicitur,
2289 1100 2431 1170 quod
2468 1109 2655 1171 postea
2684 1101 2865 1167 infert,
2901 1104 3119 1159 auribus
3152 1104 3438 1175 percipite,

1872 1188 1977 1245 hoc
2022 1190 2270 1260 imperat,
2316 1200 2374 1247 ut
2400 1193 2454 1248 in
2485 1203 2718 1249 mentem
2761 1202 2816 1251 et
2847 1210 3060 1251 sensum
3091 1212 3155 1251 ea
3192 1213 3331 1268 quae
3354 1198 3439 1252 di-

1872 1287 2067 1333 cuntur
2103 1280 2389 1350 excipiant.
2438 1278 2621 1352 Neque
2667 1298 2796 1338 vero
2833 1284 2889 1338 in
2928 1284 3031 1339 hoc
3070 1284 3241 1341 solum
3282 1285 3435 1350 loco,

1872 1369 1965 1424 sed
1986 1370 2041 1424 in
2066 1365 2210 1425 omni
2234 1364 2515 1441 Scriptura
2530 1380 2657 1427 sunt
2685 1374 2930 1443 quaedam
2952 1372 3151 1439 facilia,
3182 1382 3235 1430 et
3259 1388 3442 1444 prom-

1870 1471 1961 1534 pta
2012 1462 2081 1518 ad
2126 1462 2545 1535 intelligendum,
2593 1467 2878 1538 statimque
2950 1476 3012 1523 ut
3061 1468 3199 1529 lecta
3244 1467 3446 1524 fuerint

1870 1552 2155 1607 utilitatem
2197 1552 2497 1626 legentibus
2529 1554 2788 1609 tribuunt.
2819 1556 2957 1612 Sunt
2996 1556 3100 1613 alia
3134 1558 3372 1613 sacriora
3390 1564 3447 1613 et

1870 1642 2177 1711 ineffabilia,
2217 1651 2290 1711 et,
2318 1654 2377 1699 ut
2404 1644 2479 1699 ita
2515 1644 2710 1710 dicam,
2747 1647 3063 1716 quihusdam
3109 1648 3448 1705 obscuritati-

1870 1733 1973 1789 hus
2015 1733 2271 1802 involuta.
2307 1734 2385 1790 De
2416 1734 2513 1795 his
2543 1735 2707 1807 igitur
2742 1752 2863 1807 quae
2905 1734 3073 1793 latent
3119 1745 3176 1792 et
3229 1737 3444 1808 exposi-

195 1830 350 1886 nium
375 1802 547 1885 salute
591 1837 949 1900 pertractans,
986 1826 1347 1905 consideravit
1386 1822 1564 1907 populi
1614 1822 1769 1875 dam-
1797 1802 1846 1863 Β
1873 1822 2019 1878 tione
2042 1823 2297 1894 indigent,
2327 1802 2721 1882 arbitrornune
2745 1802 2946 1881 dictum
2974 1842 3116 1905 esse,
3145 1802 3352 1884 audite:
3380 1830 3447 1886 de

194 1933 327 1973 num
356 1919 409 1973 in
439 1919 598 1973 unius
624 1919 801 1984 venia,
850 1918 993 1972 haud
1035 1917 1254 1971 dubium
1301 1923 1384 1970 est
1427 1913 1555 1984 quin
1611 1911 1772 1967 faciat

194 2009 321 2079 ejici
359 2026 523 2064 unum
560 2010 625 2065 de
671 2008 920 2073 ecclesia,
954 2016 1013 2062 ut
1039 2006 1236 2061 multos
1277 2011 1517 2060 reservet
1564 2002 1768 2057 incolu-

193 2114 331 2153 mes.
370 2100 482 2169 Age
510 2113 677 2163 nunc,
706 2096 985 2152 considera
1012 2095 1143 2150 mihi
1171 2103 1226 2149 et
1247 2094 1512 2149 medicum
1538 2110 1551 2146 :
1588 2092 1633 2147 si
1660 2106 1773 2147 ces—

192 2188 397 2243 saverit
417 2204 448 2242 a
479 2188 715 2243 sectione
740 2187 857 2257 ejus
887 2185 1138 2248 vulneris,
1163 2185 1306 2255 quod
1329 2182 1619 2240 secandum
1664 2189 1764 2244 est,

193 2278 243 2333 si
267 2294 378 2333 non
398 2266 602 2332 usserit
624 2277 675 2331 id
700 2276 842 2345 quod
864 2276 1067 2355 indiget
1093 2274 1354 2341 cauterio,
1376 2273 1625 2329 videlicet
1650 2287 1770 2341 pro-

190 2378 314 2445 pter
341 2368 575 2434 dolores,
599 2367 725 2437 quia
747 2383 813 2421 ex
838 2365 1032 2421 talibus
1058 2365 1310 2421 remediis
1346 2370 1767 2446 consequuntur,

192 2460 468 2531 quomodo
492 2452 705 2514 crescat
738 2457 1022 2511 infirmitas
1050 2463 1106 2511 et
1149 2455 1205 2509 in
1240 2455 1476 2531 deterius
1503 2461 1769 2535 ‘veternus

192 2550 457 2609 exuberet
485 2564 500 2603 :
531 2550 577 2605 si
608 2563 757 2614 vero,
784 2555 845 2601 ut
870 2546 945 2601 ita
971 2546 1166 2611 dicam,
1200 2544 1519 2600 temerarius
1552 2544 1620 2598 ad
1648 2542 1765 2597 vul-

193 2658 300 2698 nus
352 2646 531 2697 sector
578 2636 886 2702 accesserit,
927 2644 981 2689 et
1022 2634 1277 2689 inusserit
1320 2633 1554 2704 plagam,
1613 2642 1769 2688 curat

189 2745 319 2787 eum
345 2730 436 2800 qui
464 2734 679 2784 secatur
698 2733 753 2780 et
776 2726 954 2781 uritur
990 2740 1003 2777 :
1032 2722 1157 2793 quia
1181 2721 1456 2794 paululum
1510 2721 1768 2777 severita-

190 2822 263 2877 tis
286 2818 595 2889 assumpsit,
642 2816 767 2872 licet
810 2815 956 2871 visus
991 2813 1154 2868 fuerit
1198 2813 1507 2885 aegrotantis
1549 2813 1616 2867 ad
1668 2812 1765 2867 ho—

187 2931 310 2971 ram
338 2931 446 2970 non
476 2911 737 2968 miSereri.
776 2911 852 2966 ita
879 2920 934 2965 et
960 2911 1101 2965 Deus
1148 2924 1255 2964 non
1280 2924 1445 2964 unum
1472 2908 1765 2972 hominem,

188 3006 289 3061 sed
342 3006 653 3061 universum
702 3010 857 3057 curat
898 3002 1121 3066 orbem,
1166 3001 1405 3057 caelestia
1453 3010 1614 3070 atque
1659 3009 1767 3056 ter-

188 3107 321 3148 rena
350 3102 406 3147 et
429 3091 608 3147 omnia
632 3091 828 3163 ubique
853 3092 1143 3162 dispensat.
1176 3092 1239 3145 Et
1279 3106 1401 3145 cum
1436 3091 1537 3146 hoc
1586 3092 1764 3161 provi-

187 3184 314 3238 deat
339 3184 483 3252 quod
510 3182 602 3237 uni
630 3182 968 3238 commodum
996 3181 1277 3236 sit:multo
1306 3181 1479 3251 magis
1499 3181 1760 3250 providet,

184 3271 320 3340 quid
375 3272 471 3325 toti
538 3273 737 3325 mundo
788 3273 947 3325 ducat
1007 3280 1060 3325 et
1107 3270 1413 3326 hominibus
1479 3271 1759 3327 universis.

184 3357 444 3413 Providet
476 3358 690 3429 quidem
718 3366 773 3414 et
797 3374 859 3413 ea
886 3374 1003 3427 qua:
1028 3360 1119 3411 uni
1149 3359 1452 3429 expediunt,
1480 3374 1662 3413 verum
1692 3361 1764 3415 ita

184 3464 255 3504 ne
286 3448 433 3503 illius
462 3448 663 3503 utilitas
680 3447 918 3502 omnium
946 3448 1141 3501 damno
1176 3448 1261 3502 sit.
1313 3448 1517 3503 Idcirco
1542 3456 1595 3503 et
1624 3448 1762 3519 ignis

185 3546 427 3593 a:ternus
455 3546 785 3608 prmparatus
805 3544 910 3603 est,
939 3546 993 3592 et
1016 3539 1273 3607 gehennae
1298 3546 1353 3593 et
1377 3540 1611 3593 tenebrae
1658 3554 1758 3594 ex-

186 3629 439 3685 teriores.
462 3628 592 3695 Quae
610 3626 787 3683 omnia
814 3638 919 3682 non
949 3634 1056 3681 tam
1078 3628 1146 3682 ob
1173 3643 1317 3691 eum,
1343 3628 1433 3696 qui
1459 3628 1759 3698 puniendus

185 3726 294 3783 est,
321 3732 484 3787 quam
504 3727 722 3788 propter
742 3717 1021 3771 universos
1043 3717 1287 3771 homines
1301 3718 1593 3772 constituta
1613 3726 1757 3773 sunt.

187 3808 245 3865 Si
271 3817 458 3863 autem
484 3809 567 3862 vis
599 3806 755 3875 hujus
780 3809 856 3862 rei
888 3816 1077 3862 testem
1113 3792 1356 3876 accipere
1405 3807 1757 3877 Scripturam,

183 3899 333 3969 quod
360 3888 419 3951 in
443 3896 666 3951 aliorum
687 3897 1060 3963 eruditionem,
1099 3898 1224 3952 licet
1262 3899 1375 3968 jam
1401 3898 1760 3967 desperabiles

186 3991 297 4046 sint
320 3998 656 4060 peccatores,
706 3989 1116 4043 etacuratione
1170 3990 1382 4058 penitus
1417 3989 1598 4055 alieni,
1656 3999 1761 4044 tor-

184 4089 477 4151 queantur,
506 4080 628 4133 audi
659 4078 999 4135 Salomonem
1041 4080 1095 4133 in
1121 4079 1426 4135 Proverbiis
1455 4082 1757 4135 dicentem:

189 4193 207 4225 ι
233 4172 529 4228 Pestilente
561 4169 821 4241 ﬂagellato
855 4171 1161 4240 imprudens
1182 4171 1423 4227 callidior
1442 4172 1544 4225 erit
1577 4172 1755 4243 (Prov.

182 4266 299 4331 xix)
336 4278 351 4315 :
394 4280 414 4313 ι
444 4276 549 4315 non
574 4275 695 4315 eum
722 4258 1133 4329 quiilagellatur
1158 4260 1291 4313 dixit
1330 4260 1653 4315 Callidiorem
1679 4263 1760 4315 fu-

184 4359 374 4405 turum
412 4357 467 4404 et
495 4348 874 4418 sapientiorem
902 4356 1123 4417 propter
1149 4349 1551 4418 castigationem
1587 4364 1753 4413 suam,

1872 1912 1955 1967 nis
1982 1923 2163 1968 autem
2187 1928 2310 1983 quae
2347 1914 2464 1969 sine
2491 1916 2741 1986 scrupulo
2778 1917 3185 1988 interpretantis
3209 1920 3444 1984 auditori

1870 2005 2149 2060 commoda
2210 2013 2356 2071 sunt,
2400 2006 2622 2063 auribus
2666 2008 2943 2079 percipite.
2982 1997 3269 2082 (Ηὶθνοη.)
3307 2010 3445 2077 Quia

1869 2110 2032 2165 supra
2054 2095 2281 2161 dixerat,
2312 2113 2331 2147 ‹
2359 2096 2535 2152 omnis
2558 2102 2679 2153 uter
2705 2097 3011 2169 implebitur
3036 2099 3160 2154 vino
3187 2119 3207 2151 ι
3239 2118 3252 2154 :
3285 2100 3357 2154 ita
3386 2110 3446 2154 ut

1869 2200 2023 2256 reges
2066 2200 2277 2255 quoque
2324 2194 2379 2240 et
2429 2188 2734 2244 sacerdotes
2774 2195 2829 2243 et
2866 2190 3136 2261 propheta:
3168 2198 3223 2247 et
3256 2205 3447 2245 omnes

1869 2276 2198 2332 habitatores
2244 2276 2543 2333 Jerusalem
2591 2278 2944 2348 implerentur
2989 2278 3277 2345 ebrietate,
3320 2292 3445 2349 pro-

1868 2378 2051 2438 pterea
2071 2369 2246 2441 jungit
2266 2378 2321 2425 et
2344 2359 2503 2425 dicit:
2532 2389 2551 2422 ‹
2578 2369 2775 2425 Audite
2800 2380 2856 2428 et
2879 2371 3099 2426 auribus
3121 2371 3396 2442 percipite,
3418 2389 3437 2423 ι

1870 2463 1983 2511 tam
2008 2458 2343 2514 extrinsecus
2366 2474 2527 2529 quam
2554 2461 2908 2528 intrinsecus,
2941 2469 3045 2516 tam
3073 2471 3249 2516 mente
3279 2474 3445 2529 quam

1870 2541 2095 2617 corpore
2114 2589 2129 2615 ,
2157 2557 2213 2604 et
2244 2550 2409 2606 nolite
2434 2551 2633 2607 elevari
2663 2569 2761 2623 per
2778 2554 3115 2624 superbiam,
3146 2552 3446 2624 cogitantes

1869 2635 2211 2708 fragilitatem
2233 2650 2486 2707 vestram,
2523 2650 2583 2697 et
2605 2641 2748 2712 quod
2768 2642 2944 2698 nullus
2968 2643 3037 2697 sit
3060 2643 3148 2713 qui
3176 2659 3276 2714 pro
3301 2660 3440 2715 qua-

1866 2724 2019 2781 litate
2048 2729 2253 2796 peccati
2293 2730 2395 2785 hac
2441 2729 2701 2787 ebrietate
2737 2740 2932 2787 careat.
2984 2730 3136 2787 Unde
3176 2732 3440 2801 disperdi-

1869 2825 1956 2871 tur
1983 2826 2143 2888 atque
2188 2819 2572 2889 corrumpitur,
2596 2829 2651 2874 et
2671 2820 2767 2874 Dei
2798 2819 3166 2875 misericordia
3188 2820 3441 2891 indignus

1870 2914 1977 2970 est,
2004 2906 2219 2961 elevans
2248 2922 2306 2961 se
2344 2907 2629 2962 adversum
2664 2922 2786 2963 eum
2816 2924 2914 2979 per
2954 2909 3278 2979 superbiam.
3306 2906 3442 2964 Nam

1869 3012 1993 3051 cum
2022 2995 2202 3051 multis
2232 2997 2374 3051 vitiis
2398 3011 2568 3067 genus
2594 3004 2818 3053 vexetur
2844 2998 3157 3063 humanum,
3188 2997 3291 3052 hoc
3319 3014 3444 3067 pec-

1870 3094 1990 3141 cato
2017 3086 2100 3140 vel
2129 3085 2363 3139 maxime
2398 3086 2683 3155 premitur,
2725 3100 2826 3141 nec
2866 3102 3005 3141 unus
3048 3093 3131 3140 est
3179 3087 3440 3155 superbia:

1868 3175 2082 3240 modus,
2130 3174 2265 3230 alius
2301 3174 2654 3231 irrationabili
2679 3182 2736 3230 et
2761 3174 3043 3230 stultorum
3082 3191 3249 3239 more,
3280 3175 3333 3229 in
3358 3175 3450 3230 his

1868 3262 2110 3329 effertur,
2136 3277 2255 3332 qua:
2295 3264 2462 3334 magis
2502 3266 2706 3334 pudore
2752 3264 2913 3334 digna
2963 3272 3108 3330 sunt,
3160 3273 3254 3318 aut
3290 3273 3441 3319 certe

1868 3356 2082 3411 modum
2110 3354 2358 3410 elationis
2382 3355 2676 3422 excedunt;
2706 3354 2843 3410 alius
2867 3356 3021 3428 quasi
3046 3354 3323 3411 verisimili
3351 3371 3438 3408 ra-

1869 3447 2015 3500 tione
2045 3446 2298 3499 seductus
2340 3461 2503 3514 super
2545 3447 2628 3501 his
2668 3446 2926 3509 elevatur,
2976 3462 3096 3515 qua:
3142 3445 3243 3499 sibi
3277 3445 3437 3514 digna

1865 3534 2033 3607 gloria
2073 3543 2245 3603 putat,
2276 3550 2398 3590 cum
2438 3543 2493 3589 et
2517 3535 2572 3589 in
2604 3534 2797 3589 talibus
2830 3536 3186 3605 periculosum
3227 3535 3297 3589 sit
3326 3535 3439 3605 glo-

1864 3624 2017 3679 riari.
2075 3624 2387 3695 Exemplum
2429 3639 2718 3688 assumam,
2789 3639 2898 3694 quo
2939 3624 3032 3679 fiat
3078 3624 3435 3683 manifestius.

1867 3709 2005 3773 Sunt
2047 3717 2268 3787 quidam
2309 3717 2364 3772 iri
2406 3730 2472 3773 eo
2517 3732 2576 3773 se
2610 3716 2899 3786 jactantes,
2947 3717 3071 3786 quia
3103 3716 3193 3770 ﬁlii
3240 3718 3435 3772 ducum

1866 3815 2008 3874 sunt,
2043 3815 2099 3861 et
2128 3806 2291 3862 nobili
2334 3806 2535 3861 familia
2561 3796 2673 3860 nati
2712 3823 2725 3858 :
2765 3804 3061 3859 istiusmodi
3099 3806 3343 3861 homines
3369 3822 3436 3861 ne

1864 3897 2110 3951 umbram
2151 3898 2364 3966 quidem
2403 3905 2459 3951 et
2484 3889 2769 3966 imaginem
2803 3895 3053 3951 elationis
3079 3911 3189 3951 suae
3214 3886 3437 3966 possunt

1862 3990 2167 4044 ostendere.
2206 3990 2344 4044 Sunt
2370 3988 2458 4043 alii
2483 3988 2575 4059 qui
2605 3989 2673 4043 de
2697 4003 2762 4043 eo
2788 3987 3153 4052 sublevantur,
3196 3989 3317 4057 quia
3344 4004 3437 4059 po-

1865 4087 2114 4135 testatem
2146 4080 2345 4135 habent
2375 4079 2651 4135 occidendi
2688 4079 2979 4143 hominem,
3006 4086 3083 4145 et,
3114 4088 3174 4132 ut
3208 4079 3307 4148 ipsi
3334 4095 3430 4148 pu-

1866 4180 2004 4236 tant,
2041 4187 2102 4227 ea
2129 4171 2247 4226 fulti
2291 4179 2417 4226 sunt
2458 4172 2734 4248 dignitate,
2785 4179 2843 4223 ut
2876 4186 3100 4239 quorum
3146 4170 3309 4223 velint
3340 4185 3433 4223 ca-

1862 4262 1972 4330 pita
2017 4269 2241 4316 secent:
2274 4261 2465 4315 h'orum
2504 4260 2669 4332 gloria
2722 4261 2776 4314 in
2823 4259 3134 4315 confusione
3182 4275 3277 4313 sua
3327 4268 3427 4313 est.

1862 4350 1965 4405 Alii
1996 4366 2156 4420 super
2194 4350 2404 4404 divitias
2450 4350 2551 4404 sibi
2590 4349 2942 4419 applaudant,
2994 4365 3100 4403 non
3129 4348 3213 4403 his
3262 4347 3433 4412 veris,

182 4442 277 4496 sed
324 4439 663 4508 insipientem
690 4454 719 4491 a
745 4437 967 4492 stultitia
1013 4438 1080 4491 ad
1120 4439 1454 4507 prudentiam
1497 4440 1753 4504 converti,
1780 4476 1835 4537 Β
1864 4442 1954 4496 sed
1984 4441 2068 4495 his
2118 4440 2317 4495 divitiis
2361 4455 2479 4509 quze
2522 4440 2767 4494 deorsum
2795 4448 2935 4493 sunt.
2976 4438 3077 4491 Alii
3121 4438 3431 4507 superbiant

183 4539 411 4601 propter
458 4527 713 4597 supplicia
766 4527 1107 4596 pestilentis:
1154 4528 1255 4581 hoc
1292 4529 1486 4598 quippe
1533 4545 1598 4582 ex
1641 4531 1755 4598 ipso

183 4621 408 4674 nomine
427 4618 731 4673 calliditatis
767 4616 1119 4685 signiﬁcatur,
1172 4626 1225 4671 et
1258 4619 1497 4673 converti
1528 4633 1649 4671 cum
1688 4620 1753 4671 ad

179 4710 533 4764 calliditatem
556 4726 568 4761 :
594 4708 717 4761 dum
741 4706 871 4761 alios
896 4707 1085 4771 cernit,
1115 4717 1404 4775 propterea
1423 4709 1616 4776 quibus
1640 4710 1755 4776 ipse

181 4796 455 4854 obnoxius
480 4806 582 4862 est,
616 4806 837 4868 peccata
864 4796 1109 4850 cruciari:
1143 4796 1310 4865 Igitur
1331 4799 1549 4866 prodest
1576 4798 1749 4863 nobis,

183 4888 228 4943 si
254 4897 367 4942 tam
398 4882 540 4955 digni
565 4903 750 4942 sumus
784 4887 971 4949 salute,
1005 4894 1061 4939 ut
1089 4887 1179 4939 alii
1226 4887 1279 4940 in
1327 4887 1609 4941 utilitatem
1659 4904 1752 4943 no-

182 4986 357 5033 stram
388 4986 756 5046 torqueantur.
779 4978 1125 5047 thuomodo
1156 4976 1285 5030 utile
1316 4977 1417 5031 fuit
1471 4988 1751 5047 peccatum

181 5068 350 5123 lsrael
386 5068 440 5122 in
468 5066 688 5121 salutem
715 5070 971 5141 gentium,
1000 5069 1081 5121 sic
1114 5068 1257 5122 utilis
1283 5076 1367 5123 est
1400 5072 1750 5137 quorumdam

182 5172 347 5228 paena
374 5159 597 5212 aliorum
627 5157 782 5211 saluti
810 5175 822 5209 :
852 5157 971 5211 ideo
1009 5160 1180 5211 bonus
1229 5166 1282 5212 et
1310 5157 1557 5212 clemens
1587 5159 1747 5215 Deus.

182 5247 303 5303 Non
330 5264 572 5319 parcam,
596 5248 787 5317 inquit,
810 5255 859 5300 et
887 5262 989 5300 non
1013 5249 1307 5303 miserebor
1332 5246 1398 5301 ab
1421 5247 1639 5301 interitu
1661 5264 1751 5303 eo—

184 5351 309 5390 rum
343 5355 356 5391 :
390 5354 496 5393 non
521 5336 834 5392 crudelitate
854 5337 1155 5402 sententiae,
1180 5338 1272 5392 sed
1294 5338 1517 5391 veritate
1536 5336 1745 5405 judicii.

183 5426 462 5501 (Πίον-οη.)
513 5428 613 5495 Qui
643 5427 783 5482 enim
807 5441 898 5481 eos
925 5427 1148 5495 populos
1170 5428 1522 5495 trucidarunt,
1552 5429 1650 5498 ipsi
1692 5432 1745 5486 in

182 5527 449 5574 uernum
475 5520 743 5589 peribunt.
782 5517 966 5572 Potest
1013 5526 1069 5571 et
1117 5519 1217 5574 hoc
1257 5520 1410 5590 juxta
1466 5520 1744 5575 historiam

188 5610 509 5681 simpliciter
534 5612 725 5679 accipi,
756 5609 898 5679 quod
920 5618 973 5663 et
1010 5625 1183 5680 reges,
1228 5620 1283 5665 et
1330 5590 1653 5676 sacerdotes,
1674 5622 1746 5669 Aet

186 5703 483 5776 prophetat,
526 5711 582 5759 et
601 5704 774 5759 omnis
811 5702 1035 5774 populus
1061 5702 1355 5759 Jerusalem
1403 5705 1746 5763 inebriandos

1859 4548 2017 4601 super
2068 4533 2255 4601 domos
2307 4530 2630 4599 splendidas,
2684 4544 2841 4596 super
2886 4529 3250 4599 possessiones
3297 4527 3432 4580 mul-

1860 4633 1941 4677 tas
1974 4641 1985 4675 :
2018 4624 2069 4675 in
2116 4622 2311 4690 quibus
2346 4620 2633 4684 universis,
2688 4635 2793 4673 non
2839 4628 2919 4673 est
2941 4614 3151 4689 penitus
3191 4618 3424 4687 glorian-

1857 4712 2003 4766 dum.
2058 4712 2208 4777 Quod
2252 4718 2434 4783 autem
2482 4710 2786 4773 verisimile,
2830 4717 2884 4763 et
2930 4711 3147 4779 dignum
3195 4709 3423 4771 videtur,

1858 4811 1917 4855 nt
1944 4801 2160 4871 quidam
2205 4800 2639 4872 pntant,_gloria,
2686 4799 2811 4851 illud
2837 4806 2939 4861 est,
2978 4813 3099 4851 cum
3144 4796 3336 4864 aliquis
3358 4812 3425 4849 ex

1858 4872 2115 4961 sapientia
2146 4908 2240 4945 sua
2288 4890 2545 4954 elevatur,
2600 4899 2692 4943 aut
2728 4891 2975 4943 conscius
3023 4888 3123 4943 sibi
3170 4896 3267 4949 est,
3302 4888 3425 4955 quia

1862 4985 2043 5038 decem
2066 4981 2177 5049 jam
2207 4982 2361 5035 annis
2392 4982 2646 5036 mulieres
2670 4997 2774 5035 non
2804 4981 3055 5049 tetigerit,
3102 4979 3215 5034 sive
3249 4979 3317 5033 ab
3345 4978 3428 5031 in-

1860 5073 2024 5127 fantia
2080 5073 2283 5143 integer
2326 5080 2609 5141 castusque
2664 5070 3033 5141 permanserit.
3088 5069 3432 5137 Rursumque

1860 5164 1995 5215 alius
2030 5163 2271 5232 erigitur,
2317 5163 2439 5231 quia
2482 5161 2689 5215 vincula
2721 5176 2819 5229 pro
2862 5157 3086 5214 Christo
3104 5158 3418 5228 portaverit.

1858 5251 2024 5304 Recta
2073 5238 2284 5320 quidem
2321 5251 2566 5304 videntur
2600 5252 2713 5304 hac
2754 5248 2949 5311 omnia,
2998 5255 3051 5302 et
3088 5244 3426 5315 subjicientia

1855 5341 2143 5410 quamdam
2190 5342 2587 5411 persuasionem
2616 5340 2681 5393 ad
2728 5338 3075 5409 gloriandum.
3128 5333 3233 5389 Sed
3279 5335 3428 5391 nein

1853 5431 1937 5485 his
1979 5433 2211 5501 quidem,
2251 5432 2295 5485 si
2339 5439 2515 5485 tamen
2560 5432 2831 5499 sequimur
2857 5430 3163 5493 veritatem,
3196 5427 3427 5480 rationa-

1850 5526 2028 5580 biliter
2069 5525 2188 5595 quis
2237 5522 2458 5580 effertur
2486 5541 2498 5576 :
2529 5523 2650 5592 quia
2702 5530 2756 5577 et
2802 5523 2857 5576 in
2890 5520 3073 5583 .rebus
3121 5518 3275 5573 bonis
3315 5514 3427 5585 glo-

1852 5616 1980 5669 riari
2025 5630 2129 5669 non
2152 5622 2234 5667 est
2274 5614 2387 5668 sine
2416 5614 2743 5667 discrimine.
2796 5611 2995 5666 Paulus
3038 5608 3221 5662 habuit
3252 5612 3425 5659 mate-

1850 5708 1984 5763 riam
2015 5705 2366 5773 gioriationis,
2404 5705 2605 5760 habens
2653 5704 2705 5757 in
2747 5719 2804 5757 se
2848 5700 3095 5762 visiones,
3140 5695 3423 5752 revelatio-
