3910 6326
477 320 579 381 9H

1104 319 1167 376 B.
1208 319 1465 376 RABANI
1498 318 1719 377 MAURI
2115 318 2426 381 MOGUNT.
2466 319 2753 380 OPERUM
2788 322 2970 381 PARS
3004 325 3090 381 Ill.

3656 328 3765 386 912

470 449 594 500 nes,
660 431 846 504 signa,
888 431 1119 489 virtutes
1158 441 1381 504 propter
1436 432 1671 501 labores,
1700 449 1836 506 quos
1860 434 2061 491 Christi
2090 438 2141 499 Α
2166 450 2452 507 passurum
2488 444 2572 493 est
2612 438 2929 496 universum
2968 454 3108 509 pene
3148 439 3427 496 hominum
3459 456 3635 513 genus
3663 458 3767 515 pro

470 524 634 582 causa
669 538 957 595 perpessus
983 535 1088 590 est,
1118 533 1339 595 propter
1378 525 1650 583 Ecclesias
1685 542 1821 599 quas
1863 526 2063 582 consti-

470 616 575 672 tuit
626 618 980 684 contendens,
1034 617 1124 672 ubi
1154 617 1402 673 Christus
1431 633 1538 673 non
1576 603 2060 692 erat'nominatus,

470 707 547 764 ibi
580 707 766 780 jacere
805 707 1215 764 fundamentum
1268 705 1353 779 (II
1375 706 1498 762 Cor.
1524 707 1645 780 xu).
1704 707 1831 764 Haec
1882 718 2065 764 autem

468 802 655 865 omnia
683 801 928 859 materia:
963 810 1122 858 erant
1152 800 1563 873 gloriationum,
1581 808 1638 856 et
1664 800 1710 857 si
1742 802 1818 857 sic
1848 801 2064 872 expedit

469 897 671 964 dicere,
707 898 1032 954 verisimiles
1053 913 1251 965 causae,
1276 914 1397 969 quae
1422 899 1706 955 honestam
1735 898 2064 969 subiicerent

461 989 839 1060 jactationem.
883 974 989 1047 Sed
1023 991 1151 1063 quia
1193 1007 1261 1047 ne
1300 991 1355 1047 in
1387 990 1585 1049 talibus
1632 992 1851 1064 quidem
1880 993 2061 1049 suble-

467 1080 585 1135 vari
636 1080 755 1136 sine
790 1080 1032 1152 periculo
1068 1090 1172 1148 est,
1218 1081 1485 1153 benignus
1528 1090 1585 1138 et
1611 1082 1867 1155 providus
1901 1083 2065 1141 Pater

464 1172 738 1243 quomodo
753 1172 977 1244 largitus
997 1173 1047 1228 ei
1072 1174 1404 1231 estvisiones
1427 1183 1483 1231 et
1500 1176 1710 1248 gratias
1732 1175 2063 1244 dilferentes,

464 1265 546 1321 sic
566 1268 633 1322 ad
652 1266 938 1323 tuitionem
959 1267 1224 1323 donorum
1246 1282 1470 1324 suorum
1493 1268 1715 1325 tradidit
1736 1269 1787 1326 ei
1814 1271 2063 1342 angelum

464 1354 706 1425 Satanae,
740 1368 801 1413 ut
822 1375 949 1416 eum
977 1359 1342 1429 colaphizaret
1369 1374 1438 1415 ne
1467 1362 1835 1427 extolleretur,
1860 1371 1916 1419 et
1940 1378 2066 1434 pro-

461 1458 586 1520 pter
614 1450 717 1507 hoc
752 1451 1041 1507 Dominum
1072 1452 1301 1523 rogavit,
1345 1452 1657 1509 seilicehut
1684 1454 1753 1509 ab
1782 1468 1849 1509 eo
1886 1454 2062 1510 disce-

462 1540 617 1596 deret
654 1541 879 1613 angelus
918 1540 1157 1609 Satanae,
1198 1543 1291 1614 qui
1313 1544 1473 1615 juxta
1514 1544 1973 1616 dispensationem
2014 1546 2065 1601 ei

462 1629 643 1687 fuerat
669 1632 968 1703 appositus.
1004 1632 1112 1688 Sed
1151 1636 1431 1705 respondit
1458 1635 1508 1691 ei
1550 1636 1844 1702 Dominus,
1872 1638 2066 1707 dignus

466 1722 665 1793 quippe
695 1732 815 1779 erat
846 1725 1201 1794 responsione
1230 1724 1443 1781 Domini
1485 1724 1708 1792 Paulus,
1746 1737 1803 1783 et
1832 1714 1967 1783 dixit
1996 1730 2063 1785 ad

458 1827 584 1867 cum
614 1827 628 1866 :
666 1832 686 1865 ι
717 1812 1042 1871 Sullicittibi
1074 1816 1249 1887 gratia
1280 1831 1422 1883 mea,
1455 1817 1626 1873 virtus
1651 1818 1794 1873 enim
1823 1819 1876 1873 in
1902 1819 2059 1874 inﬁr-
2090 1796 2138 1857 Β

461 1903 651 1959 mitate
674 1903 972 1975 perficitur.
998 1925 1017 1959 ι
1040 1906 1215 1977 Super
1240 1906 1391 1962 nullo
1414 1907 1579 1979 igitur
1593 1907 1928 1979 gloriandum
1954 1919 2061 1976 est,

456 1994 671 2052 dicente
702 1995 983 2067 Scriptura
1013 2016 1025 2052 :
1064 2016 1083 2049 ι
1115 1998 1256 2053 Ante
1278 1999 1663 2056 contritionem
1690 2000 1931 2057 elevatur
1968 2018 2063 2059 cor

456 2085 583 2152 viri,
611 2093 667 2142 et
701 2096 828 2143 ante
855 2087 1084 2159 gloriam
1114 2089 1453 2144 humiliatur.
1492 2110 1510 2141 ι

535 2194 555 2228 ι
586 2175 723 2230 Date
751 2175 982 2245 gloriam
1007 2178 1236 2232 Domino
1260 2178 1371 2233 Deo
1403 2190 1590 2235 nostro
1620 2191 2063 2259 alitequanrcon-

462 2284 483 2319 ‹
524 2268 889 2334 tenehreseat,
936 2276 993 2323 et
1025 2278 1314 2339 antequam
1362 2268 1640 2328 offendant
1686 2273 1854 2343 pedes
1891 2273 2060 2327 vestri

460 2378 479 2411 ι
510 2358 579 2414 ad
618 2346 831 2415 montes
876 2359 1219 2432 ealiginosos.
1252 2361 1653 2432 Exspectabitis
1687 2364 1877 2425 lucem,
1903 2374 1959 2421 et
1986 2365 2061 2420 ibi

460 2469 480 2501 ι
514 2452 708 2507 umbra
749 2450 967 2517 mortis,
1009 2460 1066 2507 et
1092 2461 1363 2523 ponentur
1389 2453 1445 2509 in
1480 2455 1720 2511 tenebris
1756 2456 1880 2526 (sive
1900 2456 2062 2527 juxta

460 2563 481 2600 ι
514 2544 838 2601 Hebraicum
876 2563 888 2599 :
927 2552 984 2600 et
1009 2554 1174 2617 ponet
1210 2560 1332 2602 eam
1371 2547 1427 2602 in
1455 2548 1649 2603 umbra
1680 2549 1892 2614 mortis,
1925 2557 1979 2603 et
2004 2550 2062 2604 in

462 2657 483 2690 ‹
514 2638 847 2711 caliginem).
879 2629 1033 2705 Qu'od
1062 2640 1108 2695 si
1146 2655 1255 2695 non
1306 2641 1608 2709 audieritis,
1660 2642 1717 2697 in
1747 2644 2063 2703 abscondito

462 2746 484 2778 σ
528 2727 765 2798 plorabit
814 2728 993 2782 anima
1027 2736 1228 2794 vestra,
1261 2729 1459 2787 a'facie
1498 2734 1766 2803 superbire
1817 2734 1943 2806 (sive
1972 2737 2059 2791 in-

462 2838 481 2871 ι
509 2818 713 2890 iuriae).
754 2839 773 2872 ι
821 2818 1070 2892 (Hieron.
1100 2822 1119 2894 )
1159 2822 1267 2876 Eos
1297 2823 1495 2891 quibus
1522 2824 1736 2879 dixerat
1764 2841 1944 2883 sermo
1977 2829 2061 2883 di-

455 2912 656 2967 vinus:
694 2930 714 2964 ‹
748 2911 967 2978 Audite,
1000 2920 1056 2967 et
1098 2914 1321 2969 auribus
1359 2914 1622 2986 percipite
1665 2925 1721 2972 et
1750 2917 1916 2974 nolite
1947 2919 2059 2975 ele-

453 3003 575 3059 vari
599 3044 615 3071 ,
648 3023 667 3057 ι
699 3019 845 3059 nunc
869 3012 1130 3074 provocat
1152 3004 1218 3059 ad
1240 3005 1637 3075 paenitentiam,
1666 3017 1727 3062 ut
1746 3009 2061 3079 priusquam

458 3097 731 3152 ducantur
777 3094 1131 3165 Babylonem,
1186 3104 1242 3150 et
1279 3094 1555 3152 offendant
1582 3098 1751 3168 pedes
1787 3114 1974 3155 eorum
2006 3101 2061 3155 in

452 3196 671 3243 montes
693 3188 1035 3255 tenebrosos,
1051 3189 1165 3243 sive
1180 3188 1527 3260 caliginosos,
1544 3190 1673 3246 deut
1687 3190 1911 3263 gloriam
1926 3193 2058 3248 Deo.

456 3276 616 3334 Unde
647 3286 704 3333 et
732 3279 1113 3347 peccatoribus
1143 3294 1286 3349 smpe
1312 3281 1510 3335 dicitur
1538 3298 1551 3334 :
1590 3300 1608 3332 α
1652 3283 1790 3338 Date
1836 3284 2061 3353 gloriam

454 3369 570 3425 Deo
625 3368 797 3441 (Psal.
840 3369 1029 3442 van).
1069 3390 1088 3423 ι
1128 3370 1282 3438 Quod
1329 3382 1511 3426 autem
1538 3371 1779 3444 Babylon
1806 3383 1862 3428 et
1885 3377 2062 3432 onmis

454 3462 606 3532 regio
641 3460 1017 3517 Chaldaeorum
1050 3470 1262 3517 montes
1284 3462 1585 3533 caliginosi,
1622 3464 1735 3520 sive
1765 3467 2060 3533 tenebrosi,

456 3552 811 3621 appellentur,
887 3553 941 3607 in
984 3553 1250 3623 principio
1296 3553 1446 3609 lsaiae
1492 3555 1681 3610 contra
1734 3556 2061 3628 Babylonem

455 3644 704 3715 legimus,
731 3645 821 3699 ubi
848 3645 1109 3714 scriptum
1142 3654 1260 3701 est:
1293 3646 1517 3718 «Super
1541 3659 1779 3705 montem
1806 3650 2062 3721 caligino-

456 3750 579 3789 sum
614 3734 790 3790 levate
821 3734 1035 3805 signum
1065 3734 1202 3806 (Ira.
1232 3735 1376 3807 xm),
1416 3754 1435 3787 ι
1476 3737 1619 3807 quod
1645 3736 1912 3793 Hebraice
1935 3738 2063 3793 dici-

459 3834 552 3878 tur
593 3833 773 3886 ream.
835 3824 950 3879 Hoc
984 3824 1167 3894 itaque
1205 3825 1471 3897 praecipit,
1532 3836 1593 3881 ut
1639 3838 1926 3899 antequam
1958 3832 2059 3885 du-

457 3924 653 3971 cantur
692 3916 747 3970 in
772 3916 1162 3986 captivitatem,
1208 3926 1265 3972 et
1313 3919 1589 3975 servitutis
1618 3920 1760 3975 mala
1801 3923 2057 3991 sentiant,

458 4013 622 4076 agant
649 4004 1045 4073 paenitentiam.
1105 4006 1348 4076 Cumque
1368 4018 1679 4078 exspectent
1720 4012 1916 4079 lucem,
1947 4028 2063 4069 ses.

457 4097 570 4154 suri
592 4097 702 4152 sint
723 4097 1052 4152 intenebris.
1089 4096 1186 4153 Sin
1211 4108 1410 4163 autem,
1447 4100 1645 4169 inquit,
1677 4118 1764 4157 me
1778 4104 2062 4159 nolueritis

458 4189 669 4255 audire,
718 4190 773 4243 iu
815 4189 1151 4255 abscondito,
1203 4189 1357 4259 juxta
1402 4189 1653 4262 Aquilam
1703 4194 1755 4247 in
1800 4196 2059 4262 tenebris,

456 4278 695 4350 plorabit
723 4279 905 4334 anima
925 4286 1130 4345 vestra,
1154 4280 1298 4347 sive,
1322 4280 1481 4352 juxta
1518 4280 1898 4354 Septuaginta,
1929 4301 1962 4339 a
1982 4286 2062 4340 fa-

458 4368 544 4424 cie
570 4369 839 4438 superbia:
864 4386 877 4422 :
905 4378 966 4423 ut
1004 4385 1070 4423 ne
1108 4372 1343 4440 gemitus
1372 4372 1592 4440 quidem
1621 4382 1675 4427 et
1712 4375 1957 4444 ploratus
1996 4377 2060 4431 li-

459 4461 559 4517 ber
592 4461 684 4527 sit,
732 4475 802 4516 ne
849 4461 1115 4517 victorum
1161 4459 1505 4517 olfendantur
1550 4464 1713 4517 oculi.
1764 4466 2059 4521 Possumus

464 4560 651 4607 autem
678 4562 735 4608 et
776 4551 855 4607 sic
885 4551 1062 4606 locum
1104 4551 1264 4606 istum
1300 4552 1665 4621 interpretari.
1713 4553 1961 4610 Salvator
1986 4556 2063 4612 lo-

461 4643 680 4713 quitur:
712 4660 731 4694 ι
768 4642 1082 4712 Operamini
1111 4643 1239 4698 dum
1280 4643 1393 4699 dies
1421 4652 1521 4709 est,
1556 4645 1737 4699 veniet
1766 4663 1868 4703 nox
1892 4664 2063 4717 quan-

461 4735 531 4787 do
570 4733 746 4789 nullus
789 4733 929 4790 ultra
963 4742 1140 4805 potest
1170 4735 1385 4805 operari
1415 4734 1597 4807 (Joan.
1626 4736 1724 4809 vr).
1783 4757 1801 4789 ι
1840 4736 2010 4811 [0rig.
2040 4741 2059 4813 ]

463 4826 617 4880 Diem
667 4826 851 4896 itaque
910 4825 1240 4895 nuncuravit
1277 4824 1533 4881 saeculum
1602 4827 1764 4893 istud,
1811 4829 2063 4884 tenebras

460 4929 594 4970 vero
643 4926 700 4970 et
748 4925 965 4971 noctem
1019 4916 1544 4972 consummationem
1616 4918 1803 4973 mundi
1846 4931 2064 4989 propter

462 5005 727 5077 supplicia
753 5022 874 5076 quae
898 5015 1127 5061 ventura
1152 5016 1297 5063 sunt.
1370 5007 1611 5079 (Hieron.
1630 5007 1648 5079 )
1668 5009 1754 5064 ‘De
1791 5010 1895 5066 hoc
1927 5020 2064 5065 tem-

463 5108 600 5167 pore
627 5102 683 5149 et
711 5093 866 5149 lsaiaa
887 5095 1203 5151 vaticinium
1226 5105 1310 5151 est
1334 5113 1347 5149 :
1384 5114 1402 5146 ι
1440 5095 1621 5152 Stella:
1644 5098 1789 5153 enim
1815 5106 1869 5154 et
1897 5098 2063 5154 Orion

466 5195 523 5243 et
549 5189 727 5243 omnis
755 5198 981 5244 ornatus
1008 5189 1129 5244 ειεΙὶ
1156 5189 1331 5244 lucem
1356 5204 1463 5244 non
1489 5190 1714 5257 dabunt,
1738 5199 1791 5247 et
1818 5194 2063 5249 tenebra-

465 5282 669 5337 buntur
698 5292 823 5340 orto
848 5283 980 5350 sole,
1002 5285 1193 5338 etluna
1227 5298 1333 5338 non
1355 5282 1689 5339 dabitlucem
1708 5283 1842 5355 (Isa.
1864 5286 2007 5357 xm).
2038 5306 2057 5340 ι

468 5371 772 5443 Sophonias
840 5393 1055 5447 quoque
1122 5378 1176 5432 in
1225 5379 1423 5432 eadem.
1450 5379 1614 5433 verba
1652 5381 1941 5445 consentit,
1981 5381 2064 5436 di-

470 5479 603 5519 cens
629 5482 642 5517 :
691 5486 707 5515 ι
745 5467 869 5521 Dies
896 5467 1259 5522 tribulationis
1286 5476 1341 5521 et
1370 5468 1651 5538 angustiae,
1680 5468 1796 5524 dies
1829 5469 2061 5526 miseriae

470 5570 527 5608 Ct
554 5555 890 5625 perditionis,
931 5559 1047 5613 dies
1088 5559 1431 5613 tenebrarum
1455 5568 1509 5612 et
1542 5557 1792 5623 turbinis,
1824 5559 1937 5615 dies
1960 5577 2061 5615 nu-

472 5646 557 5698 bis
591 5654 647 5700 et
682 5646 930 5717 caliginis
980 5647 1161 5718 (Sapit.
1191 5650 1252 5719 1).
1309 5669 1326 5699 ι
1372 5648 1594 5720 [0112).]
1643 5648 1700 5703 Si
1748 5651 2059 5706 consideres

476 5748 599 5807 post
653 5742 1171 5799 consummationem
1229 5743 1412 5796 mundi
1462 5741 1685 5813 lugubre
1724 5735 1871 5809 illud,
1914 5746 2057 5813 quod

2088 4504 2140 4563 D

2167 528 2253 585 bis
2291 544 2411 598 quae
2463 530 2730 599 peccavit,
2780 530 2991 587 videbis
3027 533 3296 599 quomodo
3326 532 3565 588 tenebrae
3593 550 3767 589 occu-

2164 628 2371 691 patura:
2414 620 2523 674 sint
2547 621 2751 687 omnia,
2792 629 2847 675 et
2884 621 3063 677 nullus
3098 623 3268 692 possit
3305 623 3358 676 in
3398 624 3489 680 illo
3522 634 3769 695 tempore

2166 708 2467 765 clarificare
2490 708 2681 776 Deum,
2726 710 2815 780 qui
2841 725 2950 766 non
2977 710 3157 766 verbis
3197 720 3406 767 tantum
3446 723 3501 769 et
3536 714 3767 769 vocibus

2166 800 2547 858 clariﬁcandus
2568 810 2671 857 est.
2702 800 2951 858 Clarilica
2972 817 3097 858 eum
3136 802 3191 857 in
3217 803 3489 870 castitate,
3526 804 3765 873 justitia,

2165 891 2517 948 beneficentia
2544 910 2556 948 :
2584 892 2823 948 clariﬂca
2859 908 2983 949 eum
3013 892 3071 948 in
3096 891 3433 960 fortitudine,
3469 896 3766 966 patientia,

2164 983 2389 1053 pietate,
2420 985 2705 1056 sapientia,
2759 986 3077 1055 ceterisque
3104 985 3396 1042 virtutibus
3426 1005 3439 1040 :
3471 987 3551 1043 sic
3577 998 3766 1041 autem

2165 1074 2542 1131 clarificaudus
2563 1084 2649 1132 est
2669 1076 2829 1131 Deus.
2858 1074 2915 1131 Si
2942 1076 3215 1131 contraria
3242 1076 3495 1143 intulere,
3527 1077 3656 1131 nolo
3676 1091 3767 1131 me

2166 1168 2504 1225 arbitremini
2534 1168 2833 1225 clariﬁcare
2856 1210 2870 1236 ,
2933 1168 3027 1225 sed
3053 1170 3449 1241 blaSphemare.
3477 1171 3765 1226 Exhibebo

2166 1261 2364 1333 quippe
2420 1260 2758 1333 Scripturam
2813 1276 3008 1317 sensus
3061 1261 3168 1317 mei
3224 1270 3442 1328 testem,
3490 1263 3766 1332 quomodo

2167 1360 2350 1408 castus
2378 1351 2660 1423 glorificet,
2689 1352 2999 1409 luxuriosus
3029 1352 3321 1408 inhonoret
3363 1353 3558 1409 Deum.
3592 1352 3763 1409 Tem-

2167 1444 2315 1516 plum
2366 1446 2512 1501 enim
2568 1444 2689 1515 ejus
2739 1445 2896 1516 quasi
2979 1443 3479 1500 Nabuchodonosor
3532 1443 3765 1499 destruit

2169 1545 2331 1606 atque
2356 1537 2697 1608 corrumpit,
2724 1545 2778 1593 et
2803 1537 3103 1593 secundum
3139 1535 3457 1607 Apostolum
3488 1550 3589 1606 per
3613 1551 3759 1607 prae-

2168 1629 2565 1685 varicationem
2596 1628 2735 1699 legis
2765 1628 2936 1685 Deum
2966 1629 3274 1685 inhonorat.
3304 1626 3474 1699 Igitur
3497 1626 3761 1682 clariﬁcat

2173 1719 2343 1776 Deum
2362 1720 2568 1791 justus,
2602 1720 2945 1777 contumeliis
2975 1719 3140 1776 aliieit
3164 1720 3475 1790 quicunque
3505 1728 3764 1789 peccator

2165 1823 2270 1871 est.
2304 1812 2576 1886 (Hierom)
2600 1813 2761 1869 Prius
2788 1829 2917 1885 ergo
2956 1828 3120 1884 quam
3170 1811 3363 1883 judicii
3405 1820 3621 1881 tempus
3662 1810 3759 1863 ad-

2164 1906 2349 1961 veniat
2375 1915 2431 1961 et
2460 1906 2743 1961 offendant
2773 1906 2937 1976 pedes
2962 1905 3133 1960 nostri
3163 1905 3230 1960 ad
3258 1912 3474 1960 montes
3510 1904 3761 1960 tenebro-

2166 2012 2277 2064 sos,
2304 1997 2643 2059 adversarias
2692 1997 2900 2053 scilicet
2947 1996 3293 2052 fortitudines
3318 2013 3440 2067 qua:
3478 1996 3761 2051 tormentis

2165 2098 2220 2144 et
2242 2089 2574 2144 cruciatibus
2596 2085 2903 2159 praeposita:
2932 2098 3080 2153 sunt,
3109 2102 3333 2159 agamus
3356 2088 3757 2157 penitentiam,

2170 2193 2239 2233 ne
2267 2188 2649 2248 exspectantes
2676 2178 2875 2244 lucem,
2913 2179 3091 2235 noctis
3130 2179 3368 2234 tenebris
3398 2179 3756 2233 involvamur.

2169 2268 2546 2339 Sciamusque,
2572 2269 2675 2325 nisi
2702 2271 2806 2325 hoc
2831 2270 3140 2334 fecerimus,
3164 2270 3498 2339 ploraturam
3525 2270 3758 2323 animam

2172 2360 2257 2418 vel
2291 2362 2386 2417 Dei
2416 2362 2498 2417 vel
2535 2363 2830 2433 prophetae,
2863 2377 2894 2415 a
2921 2361 3061 2417 facie
3099 2360 3616 2430 nostraejsuperbiar,
3664 2359 3758 2413 Dei

2172 2455 2338 2509 verba
2390 2454 2578 2509 audire
2630 2454 2946 2509 nolentium.
3002 2452 3157 2510 Unde
3204 2460 3259 2508 et
3310 2453 3429 2523 ipse
3494 2453 3757 2522 pmpheta

2166 2547 2296 2603 dicit
2329 2566 2341 2601 :

2249 2657 2267 2689 ‹
2312 2636 2536 2693 Plorans
2564 2637 2799 2707 plorabit
2840 2634 3143 2691 Jerusalem
3174 2634 3300 2707 (sive
3322 2632 3546 2705 plorans
3576 2633 3756 2703 plora-

2172 2748 2189 2781 ‹
2238 2727 2359 2799 bit),
2375 2737 2432 2784 et
2454 2728 2685 2784 deducet
2707 2728 2895 2784 oculus
2918 2743 3072 2783 mnus
3097 2726 3419 2797 lacrymam,
3451 2746 3470 2777 ι
3492 2724 3759 2779 dolorem-

2176 2836 2376 2887 meum,
2405 2821 2584 2876 tacitis
2638 2821 2926 2892 gemitibus
2970 2819 3310 2875 dissimulare
3354 2833 3461 2873 non
3515 2834 3765 2886 possum-

2168 2916 2359 2971 Omnis
2384 2925 2564 2970 autem
2594 2929 2758 2970 causa
2792 2914 3128 2968 cruciatuum
3156 2920 3259 2977 est,
3292 2910 3436 2980 quod
3464 2918 3657 2980 captus
3689 2908 3761 2963 sit

2174 3022 2305 3078 grex
2358 3008 2590 3064 Domini.
2647 3007 2900 3062 Dicamus
2927 3005 3127 3061 Judaeis
3154 3013 3212 3060 et
3243 3005 3448 3060 nostris
3470 3002 3757 3073 judaizan-

2172 3099 2336 3164 tibus,
2369 3098 2462 3167 qui
2496 3098 2796 3168 simplicem
2828 3106 3036 3153 tantum
3066 3105 3121 3152 et
3147 3097 3489 3152 occidentem
3523 3111 3760 3165 sequun-

2172 3198 2258 3245 tur
2289 3190 2573 3245 historiam
2600 3207 2612 3243 :
2639 3189 2755 3244 Nisi
2805 3188 3088 3243 audieritis
3118 3187 3435 3243 abscondite
3459 3227 3473 3251 ,
3507 3188 3612 3242 hoc
3641 3195 3756 3253 est,

2168 3282 2222 3335 in
2256 3280 2535 3352 mysterio,
2567 3280 2681 3335 sive
2706 3279 2762 3333 in
2792 3279 3052 3345 tenebris,
3090 3292 3224 3348 quas
3248 3278 3431 3349 posuit
3460 3277 3605 3331 Deus
3638 3277 3759 3331 lati-

2166 3371 2353 3427 bulum
2386 3386 2541 3425 suum
2580 3366 2753 3442 (Psal.
2801 3369 2970 3439 xvu);
3026 3376 3081 3423 et
3117 3353 3275 3438 juxta
3307 3366 3656 3422 Salomonem
3701 3374 3763 3420 ut

2168 3459 2468 3529 intelligant
2534 3456 2844 3528 parabolam
2892 3466 2947 3511 et
3009 3457 3355 3511 tenebrosum
3408 3468 3713 3510 sermonem
3740 3494 3756 3517 ,

2164 3553 2399 3622 plorabit
2446 3552 2625 3606 anima
2656 3550 2933 3621 prophetae
2959 3588 2973 3614 ,
3007 3550 3120 3603 sive
3158 3549 3399 3618 ipsorum
3428 3562 3458 3600 a
3485 3544 3627 3601 facie
3664 3562 3758 3599 su-

2164 3642 2528 3713 perbim,dum
2546 3658 2643 3711 per
2674 3639 3070 3696 contumaciam
3112 3637 3370 3692 resistunt
3395 3636 3522 3691 Deo.
3548 3635 3757 3708 (Θήρ.)

2179 3734 2330 3790 Unde
2372 3744 2426 3789 et
2464 3732 2620 3788 ﬂetus
2661 3732 2765 3786 erit
2802 3730 2948 3800 jugis
2986 3730 3344 3800 lacrymaaque
3367 3736 3661 3799 perpetuae,
3692 3742 3760 3781 eo

2166 3826 2309 3896 quod
2334 3839 2365 3878 a
2392 3824 2559 3879 verbo
2598 3822 3098 3878 Nabuchodonosor
3146 3831 3337 3890 captus
3377 3819 3447 3873 sit
3484 3834 3613 3889 grex
3644 3818 3755 3871 Do.

2165 3917 2301 3972 mini
2351 3925 2516 3986 atque
2563 3927 2871 3985 corruptus.
2907 3914 2974 3968 Et
3021 3912 3317 3968 notandum
3369 3925 3528 3980 quam
3576 3910 3759 3963 admi-

2166 4008 2334 4063 rande
2379 4023 2394 4061 :
2446 4023 2555 4063 non
2604 4007 2680 4062 ait
2723 4006 3027 4076 plorabitis,
3062 4006 3166 4061 nisi
3196 4004 3407 4061 occulte
3436 4002 3754 4063 audieritis,

2166 4114 2355 4153 verum
2391 4116 2409 4150 ι
2445 4098 2680 4167 plorabit
2708 4097 2885 4150 anima
2918 4104 3120 4151 vestra.
3158 4115 3177 4147 ι
3216 4093 3313 4149 Est
3350 4094 3542 4165 quippe
3581 4092 3754 4149 solius

2167 4191 2361 4246 anima:
2380 4188 2557 4256 ﬂetus,
2581 4199 2636 4246 et
2652 4188 2876 4245 forsitan
2890 4189 2993 4244 iste
3014 4189 3084 4243 sit
3104 4190 3169 4244 de
3191 4203 3298 4257 quo
3315 4187 3561 4243 Salvator
3578 4188 3716 4241 dicit
3736 4199 3750 4238 :

2172 4300 2191 4333 ι
2236 4284 2313 4339 lbi
2358 4283 2463 4339 erit
2488 4281 2646 4337 ﬂetus
2674 4288 2727 4337 et
2762 4281 2960 4337 stridor
2995 4280 3237 4337 dentium
3265 4279 3483 4351 (Matth.
3510 4279 3692 4349 xxxv).
3728 4298 3749 4331 ι

2165 4373 2262 4427 Illa
2287 4386 2508 4441 quoque
2538 4371 2916 4436 comminatio,
2958 4386 3065 4440 qua
3105 4369 3409 4426 ridentibus
3442 4370 3645 4425 luctum
3675 4368 3755 4423 la-

2166 4478 2489 4535 crymasque
2520 4462 2822 4526 denuntiat,
2871 4461 3072 4519 dehoc
3102 4459 3229 4516 ﬂetu
3266 4469 3350 4514 est
3398 4474 3553 4529 quem
3601 4474 3756 4515 com-

2169 4562 2436 4610 memorat
2454 4556 2717 4624 propheta
2746 4568 2910 4618 nunc,
2927 4551 3114 4606 dicens
3139 4569 3151 4605 :
3185 4549 3329 4606 «Nisi
3352 4549 3637 4605 audieritis
3655 4565 3753 4605 oc-

2166 4646 2344 4711 culte,
2399 4645 2631 4715 plorabit
2666 4645 2844 4699 anima
2870 4652 3050 4698 vestra
3079 4659 3110 4697 a
3145 4643 3284 4698 facie
3330 4641 3696 4698 contumelia).
3724 4661 3745 4695 ι

2166 4737 2299 4793 Cum
2328 4736 2538 4791 fueritis
2566 4736 2711 4805 passi
2740 4733 3120 4789 contumeliam
3143 4774 3157 4798 ,
3190 4742 3317 4787 tunc
3344 4731 3626 4804 plorabitis
3651 4774 3667 4797 ,
3698 4741 3750 4786 et

2167 4828 2432 4883 deducent
2460 4826 2603 4881 oculi
2642 4824 2808 4880 vestri
2859 4824 3129 4894 lacrymas
3164 4841 3178 4876 :
3208 4823 3337 4893 quia
3371 4822 3643 4879 contritus
3668 4831 3752 4877 est

2168 4935 2298 4989 grex
2328 4918 2560 4974 Domini.
2608 4916 2667 4971 Si
2702 4915 3106 4972 consideremus
3140 4922 3343 4968 statum
3369 4913 3425 4967 in
3452 4927 3558 4983 quo
3584 4911 3750 4968 modo

2165 5016 2291 5063 sunt
2316 5006 2506 5074 Judaei,
2540 5016 2595 5061 et
2622 5020 2999 5076 comparemus
3036 5003 3187 5058 illum
3215 5004 3453 5075 antiquae
3477 5002 3747 5070 felicitati,

2167 5096 2469 5153 videbimus
2497 5113 2604 5167 quo
2648 5106 2807 5167 pacto
2838 5093 3102 5150 contritus
3136 5094 3207 5148 sit
3233 5108 3365 5165 grex
3401 5092 3611 5147 Domini
3646 5112 3661 5146 :
3696 5102 3741 5148 et

2166 5187 2292 5258 quia
2323 5187 2568 5258 indignos
2597 5202 2654 5243 se
2687 5185 3070 5254 iudicaverunt
3096 5181 3269 5239 salute
3295 5222 3311 5245 ,
3343 5195 3638 5238 conversus
3667 5189 3747 5236 es‘

2168 5297 2346 5337 sermo
2373 5281 2439 5335 ad
2468 5291 2675 5350 gentes.
2711 5278 2769 5333 Si
2798 5292 2927 5349 ergo
2957 5292 3087 5348 grex
3113 5273 3203 5331 ille
3230 5276 3494 5330 contritus
3534 5282 3639 5335 est,
3695 5280 3749 5327 et

2167 5388 2265 5433 nos
2292 5372 2541 5437 oleaster,
2572 5370 2664 5439 qui
2704 5378 2893 5424 contra
2934 5377 3185 5431 naturam
3216 5366 3409 5422 inserti
3464 5378 3655 5418 sumus
3694 5363 3745 5417 in

2166 5467 2361 5521 bonam
2390 5465 2587 5520 olivam
2625 5463 3060 5533 patriarcharum
3088 5501 3103 5529 ,
3140 5475 3319 5515 nonne
3342 5457 3465 5529 plus
3489 5456 3748 5512 debemus

2164 5561 2362 5625 vereri,
2395 5574 2463 5614 ne
2490 5568 2549 5613 et
2570 5557 2669 5613 iste
2692 5572 2821 5628 grex
2849 5555 3064 5611 Domini
3100 5552 3457 5609 conteratur?
3483 5549 3745 5606 Futurum

2162 5652 2357 5722 quippe
2388 5661 2471 5705 est
2500 5692 2513 5715 ,
2545 5658 2601 5704 ut
2633 5647 2918 5716 aliquando
2964 5653 3019 5700 et
3066 5645 3171 5699 iste
3217 5659 3349 5713 grex
3388 5650 3709 5699 conteratur
3735 5681 3748 5703 ,

2152 5740 2309 5810 juxta
2341 5743 2471 5800 illud
2513 5742 2653 5811 quod
2704 5756 2733 5794 ει
2787 5738 3066 5794 Salvatore
3104 5736 3309 5792 dictum
3353 5742 3437 5792 est
3486 5749 3499 5789 ς
3556 5730 3747 5785 «Cum
