3910 6338
162 389 266 445 915

1088 372 1473 456 EXPOSlTlQ
1495 379 1721 436 SUPER
1758 376 2119 435 JE'REMIAM.
2159 408 2230 421 --
2263 379 2394 435 LIB.
2435 378 2522 435 VI.

3322 382 3428 439 914

160 502 533 572 ηιιιιιὶρὶίοοιεε
589 497 790 554 fuerint
846 497 1159 567 iniquitates
1190 536 1204 562 ,
1254 503 1383 550 tunc
1427 493 1744 566 refrigescet
1770 494 1951 559 Aiter
1997 494 2064 548 ad
2108 503 2162 549 te
2208 493 2393 549 venire
2435 494 2712 551 deberent.
2760 490 2959 550 Audiat
3021 495 3125 550 hoc
3183 493 3427 554 Ecclesia

159 597 308 655 cbari
318 604 397 648 tas
410 590 699 646 multorum
718 588 932 661 (Matth.
954 587 1101 659 xxiv)
1121 604 1135 653 ;
1160 607 1176 638 ι
1197 587 1261 642 de
1272 587 1467 656 quibus
1478 587 1624 640 enim
1639 584 1744 639 hoc

160 688 358 745 dicitur
393 701 408 738 :
446 700 466 735 ι
505 681 820 752 refrigescet
843 679 1087 736 charitas
1130 677 1457 765 multorum}
1492 696 1527 727 ι.
1564 690 1745 733 nonne

160 779 227 834 de
275 775 364 831 his
413 773 505 844 qui
543 778 925 841 nuncupantur
951 768 1286 825 Christiani?
1330 769 1396 824 de
1433 768 1626 839 quibus
1657 767 1745 822 hic

162 883 342 926 sermo
370 876 452 923 est
482 884 496 921 :
534 885 553 918 ι
590 865 956 920 Veruntamen
1000 861 1224 917 veniens
1267 860 1437 917 Filius
1484 859 1741 926 hominis,

160 968 316 1033 putas
367 957 604 1015 inveniet
642 954 804 1010 fidem
845 969 1007 1025 super
1034 953 1324 1009 terram?»
1360 950 1512 1023 (Luc.
1552 951 1741 1024 xvtn);

163 1070 343 1111 nonne
374 1053 441 1109 de
466 1050 666 1108 nobis?
692 1050 898 1107 Idcirco
934 1050 1315 1122 provideamus
1370 1048 1625 1105 attentius
1645 1090 1660 1116 ,
1686 1057 1747 1103 ut

164 1160 262 1217 per
288 1143 527 1214 singulos
556 1143 673 1198 dies
703 1141 804 1197 iste
834 1156 965 1214 grex
994 1140 1207 1196 Domini
1237 1138 1552 1194 melioretur
1570 1178 1585 1205 ,
1612 1153 1742 1194 con-

159 1237 419 1301 valescat,
448 1236 656 1307 integer
683 1241 1027 1305 perseveret,
1049 1241 1124 1299 et,
1158 1232 1304 1287 omni
1328 1231 1653 1287 contritione
1678 1229 1746 1285 ab

158 1332 445 1387 animabus
473 1328 669 1385 vestris
700 1327 1021 1391 recedente,
1075 1323 1372 1381 efﬁciamur
1413 1322 1635 1395 perfecti
1689 1323 1745 1378 in

159 1423 377 1479 Christo
403 1420 547 1477 Jesu.

236 1531 257 1563 ‹
301 1512 399 1568 Dic
450 1511 564 1580 regi
620 1516 675 1565 et
703 1506 1046 1565 dominatrici
1074 1505 1197 1579 (sive
1236 1504 1402 1561 dicite
1436 1503 1551 1577 regi
1574 1510 1630 1559 et
1650 1518 1749 1575 po-

159 1603 424 1673 tentibus)
457 1619 470 1656 :
513 1619 532 1653 ι
566 1599 958 1665 Humiliamini,
990 1598 1209 1655 sedete:
1242 1596 1499 1667 quoniam
1525 1601 1749 1651 descen-

164 1715 183 1748 ‹
231 1698 309 1751 dit
339 1695 465 1767 (sive
494 1694 703 1749 sublata
732 1690 836 1763 est)
853 1692 919 1746 de
939 1690 1116 1761 capite
1142 1697 1323 1744 vestro
1346 1702 1542 1743 corona
1566 1686 1749 1757 gloriae

162 1808 181 1841 ι
224 1796 441 1843 vestrm.
472 1784 734 1841 Civitates
775 1782 948 1838 austri
993 1780 1190 1836 clausae
1233 1786 1398 1843 sunt,
1436 1788 1491 1832 et
1529 1791 1635 1832 non
1664 1783 1749 1831 est

164 1896 183 1930 α
231 1879 325 1948 qui
371 1876 598 1947 aperiat.
659 1873 945 1929 Translata
993 1882 1079 1927 cst
1136 1870 1313 1926 omnis
1362 1867 1545 1924 Judzea
1605 1866 1748 1939 (sive

165 1989 183 2021 ς
234 1969 527 2025 translatus
569 1975 652 2023 est
678 1966 856 2022 omnis
880 1963 1063 2035 Juda),
1091 1961 1567 2033 transmigratione
1617 1959 1747 2031 (sive

162 2080 182 2114 ι
226 2058 562 2132 captivitate)
613 2056 874 2129 perfecta.
907 2074 927 2107 ι
962 2052 1233 2125 (Hieron)
1272 2051 1554 2122 Prophetas
1605 2063 1746 2120 prae-

156 2154 378 2225 cipitur,
408 2161 469 2206 ut
518 2151 774 2220 loquatur
819 2146 935 2218 regi
980 2144 1253 2201 Jechoniae
1293 2152 1349 2199 et
1389 2143 1551 2198 matri
1606 2142 1745 2212 ejus,

155 2259 326 2315 quam
361 2240 635 2297 dominam
678 2247 733 2295 et
760 2236 1173 2294 dominatricem
1227 2235 1341 2289 sive
1369 2233 1616 2305 reginam
1649 2245 1747 2300 ap-

154 2332 347 2404 pellat,
380 2340 441 2385 ut
465 2324 841 2395 humilientur,
867 2334 925 2383 et
945 2327 999 2381 in
1026 2325 1249 2395 pulvere
1271 2324 1495 2379 sedeant
1522 2336 1537 2375 :
1568 2320 1752 2392 perdi-

156 2421 308 2475 disse
335 2418 479 2473 enim
507 2432 603 2473 eos
630 2416 837 2485 regiam
863 2414 1198 2485 dignitatem,
1232 2420 1288 2467 et
1313 2412 1427 2481 regi
1459 2409 1751 2465 tradendos

156 2510 476 2582 Babylonio.
494 2507 755 2563 Civitates
777 2504 947 2561 austri
974 2503 1171 2559 clausa:
1197 2509 1342 2567 sunt,
1367 2500 1423 2555 id
1447 2508 1552 2565 est,
1577 2498 1753 2554 tribus

155 2598 314 2653 Juda:
341 2606 395 2652 et
420 2595 758 2660 Jerusalem,
812 2607 931 2663 qua:
974 2589 1129 2659 juxta
1157 2589 1501 2649 solitudinem
1544 2588 1611 2642 ad
1657 2602 1755 2642 au-

154 2668 334 2744 strum
362 2702 517 2743 versa
548 2692 633 2741 est
657 2725 672 2750 ,
697 2691 753 2738 et
807 2696 918 2737 non
959 2688 1043 2736 est
1090 2680 1181 2749 qui
1224 2678 1432 2749 aperiat
1469 2676 1754 2733 obsidione

151 2777 541 2834 circumdatas.
594 2793 614 2826 ι
645 2771 930 2828 Translata
995 2777 1078 2826 est
1131 2769 1307 2823 omnis
1375 2765 1559 2823 Iudaea
1609 2766 1754 2838 (sive

155 2868 340 2924 omnis
374 2865 531 2936 Juda)
561 2860 1041 2933 transmigratione
1062 2858 1323 2930 perfecta,
1360 2877 1377 2909 ι
1410 2858 1523 2912 sive
1552 2855 1756 2925 recepit

156 2960 308 3033 quod
362 2959 695 3021 merebatur,
734 2974 753 3007 ι
786 2964 841 3009 et
887 2950 1215 3022 completum
1242 2958 1325 3005 est
1375 2950 1430 3004 in
1480 2963 1587 3004 ea:
1624 2967 1641 3000 ι
1678 2948 1754 3002 ita

159 3054 317 3110 enim
356 3049 502 3105 LXX
543 3046 958 3103 transtulerunt.
1013 3042 1216 3099 Delirat
1261 3042 1316 3096 in
1370 3041 1471 3100 hoc
1515 3040 1633 3095 loco
1659 3040 1753 3110 qui

156 3159 367 3215 regem,
408 3140 682 3196 Christum
713 3146 768 3193 et
804 3142 1075 3207 potentes,
1107 3132 1322 3204 angelos
1367 3130 1455 3187 vel
1481 3130 1752 3200 apostolos

157 3196 413 3306 intoelligit
472 3241 532 3287 ut
588 3196 869 3286 assumant
929 3241 1127 3296 corpus
1174 3196 1535 3289 humilitatis,
1584 3232 1640 3279 et
1695 3196 1825 3278 inC

152 3330 382 3402 pulvere
433 3324 689 3388 sedeant,
748 3328 803 3375 et
844 3319 1135 3383 amittant,
1188 3317 1273 3372 vel
1319 3331 1475 3386 reges
1511 3315 1598 3371 vel
1651 3330 1754 3387 po-

154 3426 345 3476 tentes
387 3415 453 3470 de
504 3412 681 3484 capite
720 3425 818 3467 suo
859 3423 1114 3465 coronam
1159 3416 1212 3463 et
1265 3406 1495 3476 gloriam
1532 3406 1753 3462 fortitu-

154 3509 326 3568 dinis.
367 3504 627 3562 Civitates
653 3517 871 3576 quoque
909 3499 1082 3556 austri
1124 3499 1335 3554 clausas
1381 3516 1393 3550 :
1432 3498 1755 3568 interpreta-

152 3608 251 3659 tur
297 3598 567 3653 infernum
590 3634 606 3661 ,
652 3601 710 3649 et
737 3607 857 3663 quas
882 3590 1013 3645 nulli
1052 3590 1390 3659 aperiantur,
1432 3601 1756 3657 omnemque

155 3690 394 3765 gloriam
433 3687 585 3743 Iudae
611 3700 733 3743 esse
770 3683 1092 3739 translatam
1117 3723 1133 3748 ,
1167 3681 1384 3753 quando
1408 3680 1464 3734 in
1507 3681 1763 3751 passione‘

155 3784 493 3855 completum
531 3788 654 3837 est:
701 3797 721 3832 ι
754 3778 956 3835 Omnes
998 3775 1407 3832 declinaverunt
1432 3772 1629 3839 simul,
1669 3772 1754 3827 in-

159 3875 330 3931 utiles
371 3874 498 3928 facti
523 3880 681 3937 sunt,
718 3885 824 3924 non
869 3867 1066 3936 estqui
1093 3865 1257 3920 faciat
1293 3865 1515 3928 bonum,
1542 3876 1647 3917 non
1670 3871 1757 3917 est

158 3980 340 4038 usque
366 3964 433 4019 ad
463 3977 647 4017 unum.
678 3980 698 4014 ι
743 3958 983 4014 Verbum
1015 3954 1339 4011 Hebraicum
1361 3962 1531 4014 mm
1560 3953 1754 4024 Aquila

158 4066 219 4113 et
246 4042 607 4127 Symmachus
646 4049 1044 4105 dominatricem
1071 4054 1128 4103 et
1172 4046 1439 4101 dominam
1480 4044 1752 4115 interpre-

160 4148 268 4205 tati
307 4154 447 4207 sunt.
494 4142 647 4211 Quod
696 4138 841 4196 LXX
886 4145 1215 4207 putaverunt
1252 4146 1448 4199 num
1497 4144 1755 4215 pqzenm-

158 4256 267 4312 que
313 4237 586 4292 dixerunt.

241 4348 262 4382 ‹
311 4328 508 4385 Levate
528 4326 713 4381 oculos
735 4331 947 4379 vestros
988 4329 1045 4377 et
1090 4318 1291 4387 videte,
1335 4318 1427 4388 qui
1451 4317 1649 4373 venitis
1684 4317 1753 4374 ab

162 4446 185 4481 ι
230 4422 520 4493 Aquilone.
550 4418 653 4476 Ubi
681 4426 766 4474 est
803 4430 966 4488 grex,
1002 4414 1095 4485 qui
1137 4414 1296 4469 datus
1334 4420 1421 4479 est
1441 4412 1560 4497 tibi,
1584 4426 1751 4481 pecus

164 4538 185 4570 ε
237 4514 498 4585 inclytum
544 4509 739 4564 tuum?
781 4507 921 4575 Quid
960 4506 1109 4561 dices
1140 4518 1264 4560 cum
1303 4501 1608 4557 visitaverit
1652 4501 1749 4556 te?

164 4629 185 4663 ι
235 4608 323 4665 Tu
358 4606 503 4662 enim
542 4605 706 4660 doces
747 4617 841 4659 eos
882 4600 1168 4656 adversum
1228 4607 1315 4662 te,
1355 4606 1410 4651 et
1464 4595 1648 4650 crudis
1688 4594 1745 4649 in

163 4720 184 4754 ι
235 4705 401 4770 caput
441 4705 613 4751 tuum.
653 4714 672 4748 ι
718 4690 1042 4761 Ρτωοίρίιιιι·
1086 4686 1490 4743 habitatoribus
1534 4685 1752 4740 Jerusa-

154 4791 273 4849 lem
299 4829 317 4856 ,
358 4798 417 4843 ut
448 4788 629 4842 levent
668 4784 854 4840 oculos
894 4796 1058 4845 suos,
1098 4789 1153 4834 et
1192 4779 1410 4833 videant
1470 4774 1752 4831 Chaldaeos

156 4883 232 4940 ab
276 4878 559 4951 Aquilonis
596 4885 751 4948 parte
788 4875 1089 4929 venientes.
1132 4870 1604 4940 Interrogaturque
1634 4869 1751 4938 ipsa

156 4972 384 5037 civitas,
424 4978 479 5027 et
519 4969 717 5025 dicitur
736 4967 787 5023 ei
819 4986 832 5021 :
864 4984 881 5017 ο
914 4965 1017 5022 Ubi
1039 4972 1123 5020 est
1151 4979 1280 5037 grex
1325 4964 1418 5033 qui
1465 4963 1623 5018 datus
1668 4968 1753 5017 est

159 5066 288 5131 tibi,
328 5077 490 5134 pecus
533 5061 792 5133 inclytum
836 5057 1031 5113 tuum?
1069 5076 1087 5109 ›
1126 5055 1228 5112 Ubi
1269 5063 1352 5111 est
1376 5054 1606 5125 pepulus
1629 5061 1753 5107 tuus

157 5170 331 5226 quem
372 5167 403 5207 a
434 5153 546 5207 Deo
602 5147 1067 5220 acceperasiubi
1110 5153 1256 5200 tanta
1316 5143 1403 5198 illa
1449 5152 1502 5197 et
1552 5143 1751 5214 inclyta

159 5243 496 5308 multitudo,
534 5250 593 5298 ut
637 5241 802 5297 totius
846 5242 1061 5294 turbam
1109 5235 1399 5307 provinciae
1464 5236 1516 5288 in
1582 5249 1749 5288 unum

159 5338 348 5395 locum
388 5335 639 5401 crederes
689 5331 1115 5404 congregatam?
1154 5328 1293 5398 Quid
1336 5328 1484 5382 dices
1526 5341 1647 5380 cum
1697 5333 1751 5380 te

160 5427 472 5486 visitaverit
499 5424 760 5481 Dominus
785 5424 841 5478 in
864 5424 1016 5493 virga
1050 5437 1148 5476 sua
1169 5462 1183 5487 ,
1214 5431 1269 5476 et
1305 5418 1613 5489 Babyloniis
1642 5425 1753 5471 tra-

162 5516 368 5573 diderit
406 5516 649 5571 hostibus
691 5529 828 5586 quos
882 5514 1163 5568 adversum
1224 5520 1317 5578 te,
1370 5509 1452 5564 vel
1490 5509 1544 5563 in
1590 5516 1753 5578 caput

163 5619 324 5666 tuum
346 5648 362 5673 ,
394 5606 479 5661 vel
518 5621 549 5661 a
576 5605 844 5678 principio
892 5606 1005 5673 ipsa
1042 5603 1306 5669 docuisti,
1350 5608 1409 5657 ut
1445 5601 1511 5657 ad
1561 5616 1747 5668 eorum

164 5702 375 5762 auxilia
403 5700 743 5771 confugeres,
766 5707 823 5756 et
859 5700 1101 5771 ipsorum
1143 5698 1286 5753 idola
1309 5696 1596 5751 sectareris
1614 5736 1627 5761 ,
1654 5694 1744 5765 qui

166 5795 273 5851 sub
327 5794 610 5851 occasione
654 5791 905 5849 amicitire
964 5799 1069 5845 tuae
1105 5788 1406 5845 didicerunt
1453 5802 1551 5857 per
1601 5786 1745 5857 quod

1847 586 2143 659 negligens,
2186 586 2331 656 quod
2372 587 2485 657 ipsa
2528 588 2720 645 doceat
2761 587 3099 645 adversarios
3126 604 3276 657 suos,
3300 606 3433 662 quo-

1844 676 2004 733 modo
2019 692 2138 734 eam
2149 678 2363 747 possint
2375 679 2601 749 spiritali
2619 681 2933 751 captivitate
2946 682 3427 753 mmprehendere,

1844 775 1899 824 et
1931 783 2097 839 pecus
2137 767 2257 838 ejus
2294 769 2591 825 bestiarum
2627 772 2949 828 crudelitate
2985 771 3243 829 lacerare.

1920 878 1940 911 ε
1983 859 2239 931 Nunquid
2268 875 2377 939 non
2408 860 2623 918 dolores
2669 864 3078 934 apprehendent
3125 874 3181 921 te
3208 906 3223 933 ,
3272 867 3428 938 quasi

1852 969 1869 1002 ι
1914 951 2198 1009 mulierem
2241 953 2677 1025 parturientem?
2712 956 2865 1022 Quod
2893 957 2938 1013 si
2963 956 3166 1013 dixeris
3190 958 3244 1014 in
3270 961 3434 1016 corde

1853 1058 1873 1091 ‹
1920 1042 2251 1110 tuo:Quare
2297 1052 2563 1100 venerunt
2608 1045 2740 1100 mihi
2774 1046 2929 1103 haec?
2971 1046 3204 1117 Propter
3246 1049 3435 1106 multi-

1853 1150 1871 1183 ‹
1916 1131 2158 1189 tudinem
2207 1132 2507 1205 iniquitatis
2566 1143 2671 1192 tuae
2736 1137 2968 1193 revelata
3006 1148 3131 1195 sunt
3170 1156 3435 1196 verecun-

1856 1241 1876 1275 ‹
1921 1224 2067 1280 diora
2113 1236 2223 1292 tua,
2274 1226 2491 1302 pollutae
2530 1236 2657 1284 sunt
2698 1228 2826 1301 (sive
2879 1231 3246 1287 dehonestatte
3278 1232 3432 1305 sunt)

1854 1330 1875 1363 ι
1917 1312 2111 1383 plantae
2140 1323 2267 1370 tuae.
2298 1335 2317 1367 ι
2347 1316 2484 1371 Dum
2508 1318 2713 1382 nescis,
2744 1318 2901 1387 quasi
2927 1318 3211 1373 mulierem
3239 1326 3429 1389 partus

1850 1404 2095 1471 subitus,
2142 1405 2218 1460 ita
2261 1414 2316 1460 te
2355 1408 2637 1474 captivitas
2669 1409 2953 1479 repentina
2988 1410 3434 1479 comprehendat.

1851 1496 2004 1565 Quod
2031 1498 2078 1553 si
2127 1498 2341 1555 causari
2394 1499 2629 1555 volueris
2656 1509 2710 1555 et
2733 1516 2977 1571 quaerere
3000 1518 3099 1558 cur
3127 1503 3325 1559 tradita
3355 1504 3433 1559 sis

1849 1587 2138 1656 hostibus,
2179 1589 2304 1645 audi
2365 1588 2652 1645 manifeste
2704 1590 3104 1648 multitudinem
3162 1592 3261 1648 tibi
3296 1588 3433 1650 hac

1850 1678 2043 1735 fecisse
2067 1679 2379 1750 iniquitatis
2394 1682 2519 1747 tuae,
2550 1688 2611 1735 ut
2636 1681 2793 1751 quasi
2832 1674 3075 1739 mulieris
3098 1682 3430 1749 meretricis,

1854 1759 2077 1823 sublatis
2099 1767 2343 1824 vestibus
2368 1768 2703 1825 revelaretur
2729 1770 3023 1842 ignominia
3051 1778 3165 1837 tua,
3181 1779 3235 1827 et
3258 1780 3438 1827 osten-

1774 1848 1822 1909 B
1852 1854 2107 1912 dereutur
2129 1857 2357 1927 publicae
2393 1856 2780 1916 fornicationes
2812 1869 2935 1915 tute.
2979 1862 3083 1917 Per
3110 1878 3229 1931 quae
3280 1863 3440 1918 disci-

1851 1964 1973 2005 mus
2015 1950 2254 2021 quandiu
2295 1949 2496 2007 fuerint
2539 1954 2748 2010 minora
2790 1963 3032 2024 peccata,
3077 1971 3238 2030 agere
3256 1957 3434 2015 Deum

1851 2044 2121 2114 patienter
2149 2052 2204 2100 et
2242 2054 2558 2116 exspectare
2602 2056 2844 2103 nostram
2889 2050 3315 2119 pmnitudinem,
3350 2049 3434 2106 sin

1854 2142 2033 2190 autem
2074 2134 2406 2192 voluerimus
2455 2138 2668 2194 delictis
2710 2138 2963 2210 copulare
3008 2140 3235 2207 delicta,
3262 2149 3318 2197 et
3344 2156 3441 2196 cu-

1854 2225 2058 2280 mulum
2107 2225 2288 2282 facere
2323 2236 2670 2297 peccatorum
2696 2268 2711 2295 ,
2760 2217 3148 2284 revelabuntur
3184 2230 3438 2300 pudenda

1852 2324 2041 2372 nostra
2068 2357 2081 2383 ,
2133 2328 2188 2373 et
2226 2320 2585 2375 ostendentur
2622 2321 2831 2376 cunctis
2867 2320 3062 2391 plantae
3106 2327 3325 2388 nostra,
3352 2336 3439 2377 vet

1854 2408 1910 2462 in
1938 2412 2190 2480 praesenti
2230 2411 2430 2467 saeculo
2465 2413 2552 2468 vel
2586 2412 2641 2467 in
2687 2411 2888 2468 futuro.
2939 2434 2956 2466 ι
3005 2413 3148 2470 Nihil
3182 2422 3267 2475 est
3290 2414 3439 2471 enim

1855 2500 2126 2559 occultum
2175 2502 2319 2572 quod
2372 2518 2479 2559 non
2526 2503 2904 2560 manifestetur
2945 2495 3178 2577 (Matth.
3216 2522 3270 2560 xi
3301 2504 3357 2577 ),
3412 2525 3432 2560 ι

1856 2591 2075 2661 quando
2117 2592 2427 2663 implebitur
2472 2593 2603 2648 illud
2652 2594 2890 2650 Da‘niclis
2924 2612 2937 2648 :
2970 2612 2988 2645 ί
3022 2594 3113 2649 Isti
3153 2600 3440 2667 resurgent

1856 2681 1912 2735 in
1950 2682 2117 2737 vitam
2160 2691 2443 2749 aeternam,
2468 2690 2523 2737 et
2560 2683 2635 2738 illi
2680 2684 2736 2739 in
2765 2684 3114 2756 opprobrium
3143 2692 3199 2739 et
3226 2684 3443 2740 incon-

1858 2768 2127 2827 fusionem
2163 2773 2550 2844 sempiternam
2589 2774 2752 2846 (Dan.
2785 2774 2905 2846 xu).
2939 2794 2957 2828 ι

1934 2880 1953 2913 ‹
2002 2862 2059 2918 Si
2112 2872 2326 2920 mutare
2362 2873 2542 2934 potest
2590 2864 2844 2935 Ethiops
2882 2866 3079 2937 pellem
3119 2880 3297 2933 suam,
3348 2875 3441 2922 aut

1864 2974 1883 3007 ‹
1926 2958 2127 3025 pardus
2151 2958 2449 3013 varietates
2475 2973 2620 3025 suas,
2644 2966 2699 3013 et
2725 2973 2821 3013 vos
2846 2958 3098 3029 poteritis
3122 2957 3445 3015 benefacere

1865 3065 1883 3100 ι
1930 3062 2055 3104 cum
2078 3049 2379 3106 didiceritis
2405 3050 2627 3105 malum.
2662 3070 2681 3102 ›
2729 3050 2845 3106 Hoc
2877 3050 3191 3107 testimonio
3221 3060 3447 3107 utuntur

1858 3138 2146 3195 adversum
2190 3141 2485 3197 Ecclesiam
2513 3182 2529 3207 ,
2558 3141 2651 3212 qui
2678 3142 2922 3197 diversas
2945 3142 3171 3213 cupiunt
3198 3158 3446 3199 asserere

1858 3233 2103 3297 naturas,
2126 3240 2183 3289 et
2225 3240 2431 3289 tantam
2459 3233 2645 3290 dicunt
2690 3248 2809 3289 esse
2850 3233 2933 3288 vel
2977 3233 3446 3307 nigredinem,vel

1859 3320 2175 3377 varietatem
2200 3334 2567 3393 peccatorum,
2593 3333 2655 3380 ut
2674 3325 2729 3379 in
2756 3326 3047 3381 candorem
3078 3336 3133 3383 et
3164 3328 3323 3385 unius
3355 3344 3448 3385 co-

1857 3409 1987 3467 loris
2026 3412 2487 3489 pulchritudinem
2517 3417 2894 3474 transire-non
2928 3419 3157 3489 possint,
3205 3435 3313 3475 non
3364 3431 3447 3476 at-

1857 3500 2141 3557 tendentes
2177 3492 2281 3560 hOc
2322 3506 2465 3575 quod
2504 3506 2788 3576 sequitur:
2815 3506 2882 3562 Et
2908 3522 3005 3564 vos
3028 3509 3279 3579 poteritis
3308 3508 3448 3567 bene

1856 3591 2054 3660 facere,
2098 3610 2219 3655 cum
2256 3596 2556 3653 didiceritis
2582 3598 2822 3654 ’malum‘.
2865 3596 3138 3669 Quidquid
3176 3600 3319 3655 enim
3366 3601 3445 3656 di-

1858 3692 2030 3747 scitur
2052 3704 2184 3757 non
2212 3698 2423 3746 natura:
2449 3697 2557 3754 est,
2586 3688 2679 3744 sed
2702 3689 2865 3744 studii
2903 3696 2958 3745 et
2996 3690 3230 3761 propriae
3252 3689 3446 3746 volun-

1860 3781 1987 3835 tatis
2010 3819 2025 3845 ,
2065 3793 2187 3850 quas
2219 3778 2388 3833 nimia
2430 3765 2822 3834 consuetudine
2862 3786 2917 3834 et
2956 3792 3145 3833 amore
3180 3779 3444 3849 peccandi

1858 3871 2128 3943 quomodo
2168 3872 2223 3926 iu
2270 3878 2520 3925 naturam
2563 3869 2811 3923 vertitur.
2867 3868 2972 3924 Sed
3024 3870 3136 3925 hoc
3172 3870 3314 3940 quod
3349 3870 3445 3925 ho-

1857 3964 2093 4019 minibus
2151 3962 2485 4033 impossibile
2534 3972 2635 4028 est,
2685 3963 2796 4019 Deo
2844 3964 3102 4035 possibile
3130 3972 3235 4031 est,
3259 3974 3320 4019 ut
3346 3979 3449 4025 ne-_

1857 4048 2131 4127 quaquam
2175 4054 2428 4125 jEtltiops
2465 4065 2521 4111 et
2563 4057 2766 4127 pardus
2809 4072 2963 4111 suam
3003 4056 3291 4115 vidcantur
3329 4071 3448 4111 mu-

1857 4155 1976 4203 tare
2006 4156 2279 4202 naturam.
2332 4145 2441 4203 Sed
2476 4147 2565 4203 ille
2593 4149 2684 4219 qui
2718 4149 2771 4203 in
2801 4147 3058 4218 Etltiope
3105 4151 3362 4218 operatur
3388 4156 3445 4222 et

1855 4225 2048 4311 pardo,
2068 4239 2279 4294 dicente
2298 4238 2555 4309 Apostolo
2583 4255 2598 4295 :
2629 4258 2647 4291 ι
2677 4240 2870 4296 Omnia
2901 4255 3119 4311 possum
3148 4240 3204 4294 in
3253 4254 3319 4295 co
3346 4239 3441 4310 qui

1856 4341 1944 4383 me
1968 4326 2259 4392 confortat,
2289 4326 2507 4384 Christo
2537 4327 2762 4401 (Philip.
2800 4328 2896 4402 tv).
2929 4349 2949 4382 ο
2980 4330 3142 4385 ‘Uudc
3169 4336 3225 4384 et
3258 4329 3313 4383 in
3335 4328 3443 4385 alio

1855 4417 1996 4473 loco.
2033 4435 2052 4468 ι
2083 4416 2352 4488 Amplius,
2376 4417 2581 4488 inquit,
2612 4418 2719 4473 illis
2750 4419 3004 4475 omnibus
3027 4417 3308 4485 laboravi,
3335 4434 3444 4473 non

1856 4523 1957 4580 ego
1980 4516 2184 4574 autem,
2221 4506 2316 4563 sed
2343 4509 2516 4578 gratia
2555 4508 2673 4573 Dei,
2720 4523 2839 4578 qua:
2884 4510 2940 4564 in
2993 4524 3083 4564 me
3124 4517 3207 4564 est
3234 4508 3285 4580 (ι
3315 4506 3442 4563 Cor.

1850 4598 1985 4668 xv);
2025 4617 2044 4651 ι
2078 4596 2189 4652 Et:
2228 4617 2246 4649 ι
2276 4595 2413 4652 Vivo
2442 4597 2571 4668 .jam
2614 4613 2723 4654 non
2770 4613 2890 4671 ego,
2936 4601 3030 4655 sed
3084 4587 3222 4654 vivit
3262 4599 3318 4655 in
3357 4614 3446 4656 me

1851 4687 2100 4744 Christus
2128 4686 2272 4759 (Gal.
2316 4686 2401 4759 tt).
2440 4706 2459 4739 ι
2495 4688 2563 4743 Et
2597 4689 2793 4744 iterum
2844 4688 3107 4760 scriptum
3169 4688 3438 4761 legimus:

1858 4799 1875 4831 ‹
1911 4778 2049 4847 Quid
2073 4780 2244 4839 habes
2291 4780 2438 4850 quod
2477 4796 2583 4835 non
2632 4780 2932 4850 accepisti?
2957 4780 3014 4833 Si
3058 4788 3240 4846 autem
3288 4794 3445 4836 acce-

1850 4876 1977 4945 pisti
1995 4893 2009 4930 :
2026 4874 2153 4947 quid
2166 4874 2416 4945 gloriaris
2440 4876 2593 4945 quasi
2623 4891 2731 4931 non
2754 4877 3091 4946 acceperis?»
3112 4874 3164 4945 (Ι
3188 4874 3313 4937 Cor.
3340 4876 3437 4949 tv).

1858 4964 2003 5031 Quas
2038 4964 2107 5019 ob
2142 4978 2335 5019 causas
2368 4982 2388 5015 ‹
2425 4978 2531 5019 non
2573 4964 2835 5035 glorietur
2868 4964 3087 5035 sapiens
3119 4965 3175 5019 in
3226 4964 3446 5035 sapien-

1858 5053 1929 5108 tia
1973 5068 2092 5117 sua,
2121 5068 2224 5108 nec
2262 5052 2419 5107 fortis
2458 5053 2513 5107 in
2556 5052 2873 5109 fortitudine
2916 5068 3046 5119 sua,
3089 5066 3189 5108 nec
3211 5053 3361 5108 dives
3383 5052 3440 5109 in

1856 5144 2060 5199 divitiis
2104 5145 2217 5200 suis
2256 5144 2389 5215 (Jer.
2432 5143 2539 5215 tv),
2573 5165 2590 5197 ι
2624 5160 2725 5200 nec
2755 5145 2983 5215 pudicus
3018 5146 3072 5200 in
3098 5145 3194 5201 sua
3227 5146 3437 5216 pudici-

1855 5235 1929 5289 tia
1970 5249 1984 5288 :
2026 5235 2205 5291 sciens
2238 5234 2380 5306 quod
2412 5236 2466 5289 in
2496 5236 2748 5291 omnibus
2788 5236 2873 5292 his
2912 5236 3114 5291 Christi
3139 5236 3314 5291 virtus
3346 5234 3438 5303 sit,

1855 5340 1963 5381 non
1988 5341 2177 5383 eorum
2217 5327 2308 5397 qui
2332 5327 2392 5381 in
2417 5328 2532 5383 suis
2556 5328 2849 5383 virtutibus
2874 5329 3196 5399 gloriantur.

1937 5437 1956 5470 ι
2000 5418 2065 5474 Et
2095 5419 2462 5476 disseminabo
2485 5435 2580 5476 eos
2610 5422 2762 5490 quasi
2796 5421 3047 5491 stipulam
3071 5461 3087 5487 ,
3128 5436 3249 5492 quae
3277 5426 3443 5479 vento

1865 5526 1883 5559 ι
1931 5518 2176 5579 raptatur
2228 5510 2281 5563 in
2324 5510 2557 5565 deserto.
2630 5508 2756 5567 Hatc
2817 5501 2936 5566 sors
2997 5519 3087 5566 tua
3118 5551 3133 5575 ,
3203 5495 3440 5580 paquue

1865 5618 1883 5650 σ
1929 5616 2194 5656 mensura:
2234 5609 2391 5655 tuaaa
2423 5616 2529 5665 me,
2563 5600 2692 5656 dicit
2739 5602 2996 5657 Dominus
3045 5602 3171 5673 (sive
3214 5610 3270 5655 et
3313 5615 3439 5669 pars

1863 5712 1881 5744 ι
1922 5693 2299 5749 inobedientia:
2346 5704 2451 5748 tuae
2497 5695 2783 5750 adversum
2835 5693 2965 5765 me).
3008 5714 3027 5745 ι
3087 5692 3221 5760 Quia
3264 5690 3439 5749 nimia

1855 5786 2533 5861 consuetudinemalorum
2554 5802 2660 5843 non
2684 5793 2907 5857 potuere
2932 5792 3144 5840 mutare
3161 5789 3432 5848 naturam,
