3910 6324
434 328 540 402 sis

1074 332 1433 408 simam
1467 351 1689 411 MAURI
1712 351 2041 412 ARCHIEP.
2082 353 2392 415 MOGUNT.
2429 357 2715 417 OPERUM
2750 358 2931 421 PARS
2958 352 3047 420 ιιι.

434 476 552 516 non
602 460 733 519 vitio
772 463 1101 532 conditoris,
1153 468 1247 522 sed
1294 468 1472 541 studio
1523 469 1696 525 incliti
1752 469 2017 544 sceleris:
2047 473 2098 534 Α
2125 471 2203 526 dit
2233 472 2469 529 libidinis
2494 487 2758 543 equarum
2779 490 3089 548 more,qu:e
3118 476 3186 533 ad
3207 479 3410 536 coitum
3441 481 3705 553 gestiunt,

431 563 720 625 propterea
745 557 902 628 quasi
941 558 1195 630 stipulam
1222 568 1385 616 vento
1413 570 1682 632 raptatam
1713 562 2019 633 dispergam

435 662 533 705 eos
558 652 611 706 in
647 651 1016 720 solitudinem,
1044 652 1201 722 juxta
1236 656 1270 710 il
1315 656 1368 712 td
1410 658 1554 729 quod
1585 657 1715 713 alibi
1758 658 2020 729 scriptum

433 747 520 795 est
548 758 560 794 :
599 759 617 792 ‹
651 740 939 823 Tanquam
957 744 1132 815 pulvis
1154 761 1262 816 que
1344 749 1562 819 projicit
1599 757 1795 804 ventus
1823 763 1853 803 a
1884 747 2021 803 facie

434 840 595 886 terrae
626 830 800 905 (Psal.
844 835 905 908 ι).
940 855 958 887 ι
1004 837 1262 909 Facitque
1324 850 1519 910 ipostrt
1560 842 1697 895 illam
1744 842 1811 895 ad
1849 840 2018 911 ipsam

430 919 759 993 Jerusalem,-
791 928 935 997 quod
980 930 1096 985 haec
1147 932 1218 985 sit
1259 949 1279 987 ξ
1327 949 1378 988 rs
1431 933 1516 1002 eju
1579 974 1593 1000 ,
1649 942 1703 989 et
1748 934 1852 988 ista
1891 946 2018 1004 pars

434 1017 561 1084 quia
609 1018 713 1072 sibi
771 1018 889 1089 ipsa
936 1020 1163 1092 elegerit
1198 1039 1284 1078 me
1328 1040 1503 1079 suratr
1558 1024 1886 1080 cumulatam
1939 1034 2020 1079 at-

432 1122 538 1177 que
570 1108 869 1179 perfectam
908 1121 964 1168 et
1015 1114 1277 1185 supercilii
1331 1117 1542 1173 dentem
1577 1158 1592 1183 ,
1643 1119 1757 1173 sive
1808 1126 2017 1189 partem

431 1199 816 1258 inohedientiae
869 1220 980 1259 sua!
1008 1221 1113 1276 qua
1166 1207 1396 1263 Dou..no
1439 1208 1611 1265 noluit
1649 1209 2013 1279 acquiescere.

428 1291 488 1346 In
514 1308 620 1362 qua
647 1292 791 1349 enim
819 1310 1073 1353 mensura
1127 1302 1542 1368 mensuraverit,
1598 1301 1913 1356 remetietur
1941 1300 2018 1355 illi

430 1381 581 1453 (Luc.
612 1384 709 1456 vr).

508 1495 528 1527 α
576 1475 713 1544 Quia
737 1478 908 1536 oblita
938 1495 999 1536 es
1032 1482 1138 1537 mei
1176 1491 1234 1538 et
1260 1483 1470 1539 conlisa
1513 1498 1574 1540 es
1598 1483 1725 1555 (sive
1761 1482 2017 1554 sperasti)

435 1586 453 1620 ι
500 1568 555 1623 in
594 1571 909 1640 mendacio,
953 1575 1098 1631 unde
1135 1583 1191 1629 et
1217 1591 1319 1647 ego
1349 1576 1546 1631 nudavi
1576 1562 1703 1647 (sive
1732 1573 1966 1646 nudabo)
1998 1613 2014 1639 ,

435 1676 455 1707 ι
501 1666 555 1713 et
579 1660 834 1718 revelabo
869 1662 1076 1719 femora
1123 1673 1180 1721 et
1214 1665 1515 1736 posteriora
1566 1662 1657 1719 tua
1700 1671 1893 1720 contra
1933 1661 2017 1724 fa:-

434 1767 453 1799 ι
498 1748 648 1824 ciem~
675 1753 941 1808 tuam.'Et
960 1755 1240 1825 apparebit
1278 1739 1577 1826 ignominia
1609 1761 1722 1820 tua,
1750 1754 2016 1810 adulteria

2123 572 2183 620 ut
2204 574 2289 623 est
2322 565 2453 621 illud
2491 566 2843 638 Virgilianum
2876 583 2891 621 :

2376 678 2725 744 Hippomanes,
2749 694 2882 744 vero
2918 681 3046 744 quod
3066 668 3267 733 nomine
3284 683 3455 736 dicunt

2245 734 2491 802 Pastore's,
2516 734 2702 792 lentum
2713 734 3011 794 'disttllat'ab
3033 745 3237 807 inguine
3260 748 3410 796 virus.

2122 844 2395 915 Rogemus
2420 845 2624 913 Jesum,
2656 856 2715 902 ut
2760 862 2862 903 nec
2888 848 2942 903 in
2967 850 3243 918 pmsenti,
3286 867 3391 905 nec
3426 852 3481 906 in
3523 853 3710 913 futuro

2122 936 2318 991 saeculo
2344 936 2545 991 revelet
2572 936 2848 993 feminalia
2876 948 2931 994 ct
2956 941 3255 1011 posteriora
3292 950 3501 1007 nostra,
3532 946 3626 999 sed
3647 955 3709 1001 nt

2121 1027 2296 1081 deleat
2318 1028 2644 1098 iniquitates
2670 1038 2906 1097 nostras,
2929 1037 2986 1085 et
3002 1031 3184 1086 omnia
3214 1032 3421 1089 scelera
3442 1048 3711 1104 apparere

2120 1131 2227 1170 non
2254 1114 2437 1172 faciat.

2196 1226 2226 1260 ι.
2260 1209 2435 1279 Super
2459 1210 2623 1266 colles
2661 1215 2717 1265 in
2768 1225 2899 1282 agro
2940 1211 3050 1267 vidi
3085 1212 3519 1269 abominationes
3562 1224 3707 1269 tuas.

2124 1317 2143 1352 ι
2187 1299 2280 1356 Vas
2308 1300 2429 1368 tibi,
2453 1300 2774 1365 Jerusalem,
2805 1318 2910 1357 non
2934 1302 3282 1359 mundaberis
3306 1303 3433 1374 (sive
3454 1304 3577 1373 quia
3597 1302 3707 1360 non

2124 1409 2144 1442 ι
2188 1406 2248 1446 es
2277 1389 2574 1463 mundata)
2623 1400 2747 1461 post
2789 1407 2895 1458 me,
2933 1407 3214 1463 usquequo
3263 1393 3479 1448 adhuc!
3517 1413 3537 1445 ι
3588 1393 3707 1449 Non

2119 1483 2297 1537 solum
2321 1482 2377 1536 in
2408 1472 2585 1538 media
2619 1484 2754 1537 urbe
2782 1471 3106 1548 Jerusalem,
3134 1484 3227 1541 sed
3257 1484 3311 1538 in
3347 1484 3497 1538 omni
3545 1482 3707 1551 colle,

2118 1574 2439 1644 cunctisque
2466 1555 2777 1644 regionibus
2805 1574 2967 1629 audio
3004 1574 3146 1628 idola
3184 1582 3297 1628 tua.
3326 1574 3482 1629 Unde
3506 1574 3711 1629 dicitur

2119 1667 2189 1723 ad
2210 1681 2331 1722 eam
2359 1686 2371 1721 :
2401 1664 2524 1721 «Va:
2553 1665 2674 1731 tibi,
2705 1664 3029 1729 Jerusalem,
3054 1664 3184 1734 quia
3222 1679 3331 1718 non
3357 1677 3419 1717 es
3448 1662 3709 1717 mundata

2120 1767 2243 1830 post
2282 1774 2389 1824 me,
2434 1777 2453 1810 ι
2491 1764 2551 1811 ut
2588 1771 2711 1811 cum
2741 1771 2860 1810 mea
2894 1763 2946 1809 te
2969 1753 3211 1821 jactares
3250 1751 3404 1822 sequi
3442 1749 3704 1822 vestigia,

435 1858 452 1890 ι
502 1849 611 1908 tua,
643 1849 699 1898 et
729 1844 974 1903 hinnitus
1008 1856 1155 1913 tuus,
1188 1846 1367 1903 scelus
1397 1828 1496 1919 (uel
1532 1848 1811 1920 alienatio)
1839 1846 2008 1902 fornl-
2038 1849 2086 1909 B
2113 1828 2167 1906 et
2189 1848 2584 1905 confessionem
2621 1846 2727 1903 mei
2756 1845 2993 1902 nominis
3020 1843 3337 1908 ventilares,
3365 1844 3550 1898 tamen
3573 1857 3711 1896 nun-

435 1950 452 1984 ι
495 1934 727 1999 sationis
755 1946 879 2012 tute.
915 1956 935 1992 ι
964 1937 1143 1993 Causa
1168 1946 1254 1995 est
1285 1940 1643 2011 dispersionis
1687 1938 2010 2004 Jerusalem,

429 2026 574 2093 quod
621 2028 786 2111 oblita
834 2030 913 2085 sit
943 2029 1080 2098 Dei,
1129 2042 1186 2088 et
1225 2032 1454 2102 conlisa,
1481 2033 1570 2089 vel
1603 2032 1902 2104 speraverit
1956 2032 2012 2087 in

428 2110 887 2198 mendaciis.Qui
913 2110 1112 2192 przeter
1144 2125 1313 2190 Deum
1359 2124 1415 2179 in
1454 2125 1615 2180 rebus
1646 2122 1879 2185 ,cOnlldit
1909 2137 2009 2179 sse-

428 2206 534 2261 culi
560 2247 575 2273 ,
630 2209 970 2268 obliviscitur
997 2215 1092 2270 Dei
1120 2230 1135 2269 :
1174 2214 1319 2272 unde
1353 2216 1666 2271 revelantur
1693 2215 1901 2270 femora
1925 2215 2012 2270 vel

426 2300 731 2369 posteriora
755 2301 891 2372 ejus,
922 2314 982 2361 ut
1006 2307 1187 2363 videat
1230 2308 1581 2380 ignominiam
1605 2322 1783 2373 suam;
1812 2314 1869 2363 et
1889 2321 2011 2377 quas

428 2400 577 2446 retro
602 2408 727 2450 esse
755 2396 1016 2453 deberent
1040 2399 1243 2456 fiantlin
1258 2402 1552 2472 prioribus,
1579 2412 1875 2473 cernatque
1897 2401 2012 2471 ipsa
2029 2431 2044 2445 ι

428 2484 573 2552 quod
607 2483 754 2552 fecit,
788 2496 842 2543 et
872 2500 1129 2561 appareat
1163 2479 1635 2563 ignominia'ejus,
1666 2506 1772 2547 non
1803 2498 2012 2545 tantum

428 2574 555 2645 ipsi,
594 2578 689 2633 sed
714 2588 770 2635 et
795 2584 1064 2653 omnibus.
1097 2584 1400 2650 Adulteria,
1433 2584 1628 2656 inquit,
1656 2591 1769 2650 tua,
1805 2591 1862 2651 et
1893 2582 2016 2636 hin-

428 2667 575 2724 nitus
601 2678 726 2743 tuus
750 2689 856 2729 non
886 2673 1055 2729 solam
1086 2676 1387 2743 libidinem,
1415 2677 1511 2733 sed
1540 2674 1805 2732 insaniam
1834 2682 2016 2730 osten-

2119 1932 2280 2009 qnam
2308 1944 2535 2008 purgata
2560 1936 2636 1992 sis
2661 1977 2678 2004 ,
2724 1936 2851 2005 quia
2885 1934 3053 1990 oblita
3098 1949 3158 1990 es
3196 1934 3341 1999 mei,
3381 1941 3439 1987 et
3474 1930 3708 2003 sperasti

2118 2030 2172 2084 in
2204 2028 2519 2085 mendaciis.
2550 2027 2705 2107 Unde
2731 2027 2976 2107 increpat
3001 2041 3126 2081 eam
3155 2035 3209 2080 et
3234 2025 3366 2082 dicit
3394 2043 3407 2079 :
3443 2042 3463 2077 ι
3494 2023 3708 2095 Usque-

2118 2135 2225 2191 quo
2242 2120 2464 2175 adhuc?
2493 2127 2591 2189 iet
2616 2104 2700 2174 est
2730 2104 2924 2174 sensus
2954 2136 2967 2171 :
2996 2118 3248 2185 Quandia
3271 2127 3325 2172 te
3354 2116 3704 2185 exspectabo,

2118 2213 2355 2283 quandiu
2391 2211 2598 2267 feram?
2618 2224 2902 2281 usquequo
2927 2209 3264 2269 oblivisceris
3287 2208 3393 2264 mei
3419 2208 3475 2264 in
3514 2205 3703 2270 finem,

2118 2313 2173 2362 et
2196 2320 2317 2361 mea
2344 2315 2616 2376 praecepta
2654 2303 2955 2361 contemnis
2979 2304 3003 2358 ἳ
3024 2298 3351 2358 Fornicatur
3391 2302 3449 2356 in
3474 2300 3705 2356 collibus

2117 2406 2171 2455 et
2199 2398 2253 2453 in
2277 2397 2442 2468 agris,
2474 2403 2530 2451 et
2553 2409 2831 2465 nunquam
2872 2395 3169 2449 mandatur
3190 2434 3205 2459 ,
3230 2393 3323 2462 qui
3344 2384 3565 2447 'erecta
3584 2403 3704 2444 cer-

2116 2490 2237 2545 vice
2296 2492 2395 2559 pe'r
2448 2487 2757 2562 superbiam
2809 2500 2917 2541 non
2966 2485 3286 2540 bumiliatur
3334 2484 3437 2538 sub
3494 2475 3705 2549 potenti

2092 2573 2282 2651 manu
2336 2579 2433 2634 Del
2461 2619 2475 2645 ,
2525 2576 2622 2633 sed
2665 2576 2721 2631 in
2762 2576 2875 2632 suis
2915 2576 3211 2632 sceleribus
3257 2574 3513 2643 vitiisque
3566 2584 3701 2625 con—

2120 2670 2256 2726 fidit.

426 2798 3677 2835 W

1556 2912 1858 2993 LIBER
1934 2909 2484 2989 SEPTIMUS.

505 3165 848 3237 Scriptum:
873 3181 1084 3224 sacram
1114 3167 1245 3241 sibi;
1256 3184 1378 3227 esse
1397 3185 1696 3248 consonam
1726 3188 1887 3229 nemo
1915 3174 2018 3233 rite
2046 3178 2091 3241 C
2123 3176 2323 3235 occidit
2346 3176 2595 3242 meridie,
2610 3184 2664 3230 et
2690 3172 2819 3229 luna
2846 3179 3103 3247 astraque
3129 3181 3187 3230 et
3210 3182 3407 3231 caetera
3437 3190 3547 3233 non
3567 3178 3704 3239 dant

428 3262 735 3333 intelligens
762 3263 972 3318 dubitat
982 3304 1003 3338 ι
1040 3264 1166 3334 quia
1192 3264 1457 3337 quidquid
1490 3267 1545 3321 in
1578 3282 1686 3323 uno
1704 3267 1843 3323 libro
1871 3283 2020 3327 asse—

427 3354 588 3419 ritur,
634 3368 975 3424 nequaquam
1029 3354 1085 3409 in
1124 3355 1295 3412 altero
1346 3354 1666 3429 denegatur,
1715 3359 1806 3416 ubi
1854 3360 2022 3430 juStis

429 3442 673 3513 przemia,
718 3450 773 3498 et
829 3444 1209 3514 peccatoribus
1279 3446 1542 3518 supplicia
1569 3448 1909 3520 pollicentur,
1964 3459 2021 3508 et

430 3532 699 3590 malorum
751 3530 982 3607 ﬂagella,
1041 3544 1203 3606 atque
1235 3536 1501 3593 bonorum
1553 3539 1745 3607 solatia
1818 3543 2022 3599 descri-

428 3622 654 3689 buntur,
699 3624 996 3694 praesertim
1051 3640 1174 3681 cum
1225 3641 1324 3696 per
1356 3626 1473 3699 ipsa
1522 3628 1788 3684 elementa
1832 3631 2019 3685 mundi

432 3713 729 3771 secundum
758 3716 1022 3783 creatoris
1046 3716 1378 3773 voluntatem
1409 3720 1625 3791 utrique
1648 3706 1826 3775 ordini
1856 3721 2017 3792 digna

432 3796 869 3879 recompensatio
891 3808 1139 3875 collata,
1175 3807 1285 3865 illie
1337 3820 1688 3867 memoratur.
1715 3812 1868 3867 Unde
1911 3799 2035 3868 non?

431 3899 607 3956 solum
623 3900 678 3954 in
707 3899 937 3955 historia
977 3908 1244 3968 veterum,
1276 3902 1370 3957 sed
1399 3904 1565 3958 etiam
1597 3904 1653 3959 in
1689 3904 2018 3974 propheticis

431 3994 587 4050 libris
608 3996 727 4049 haec
752 3995 941 4050 eadem
981 3990 1180 4066 scripta
1226 4000 1589 4068 reperiuntur.
1626 4000 1761 4057 Nam
1779 4002 1834 4056 in
1881 4002 2020 4057 libro

436 4083 728 4157 Sapientiae
748 4086 823 4141 ita
847 4086 1074 4158 legitur:
1096 4106 1115 4139 ‹
1147 4088 1394 4144 Amavit
1411 4100 1719 4146 creaturam
1750 4092 1817 4146 ad
1859 4094 2022 4153 ultio-

433 4192 559 4260 nem
582 4178 925 4233 inimicorum
947 4197 959 4233 :
980 4188 1035 4234 et
1054 4182 1313 4253 pugnavit
1327 4197 1449 4236 cum
1471 4183 1561 4239 illo
1581 4185 1730 4241 orbis
1750 4195 2019 4241 terrarum

432 4275 622 4322 contra
666 4267 969 4344 insensatos
995 4268 1149 4341 (Sap.
1181 4271 1259 4341 v).
1295 4291 1315 4325 ι
1344 4271 1481 4328 Hinc
1511 4288 1725 4344 quoque
1752 4266 1849 4345 per
1871 4274 2022 4330 Psal-

437 4358 656 4413 mistam
680 4358 895 4414 dieitur.
928 4360 1132 4431 (Ignis,
1158 4364 1385 4433 grando,
1417 4364 1530 4430 nix,
1561 4366 1776 4438 glacies,
1796 4368 2020 4437 spiritus

432 4451 817 4521 procellarum,
844 4448 1049 4507 faciunt
1072 4454 1293 4508 verbum
1312 4453 1427 4522 ejus
1447 4456 1618 4527 (Psal.
1634 4459 1876 4530 cnvm).
1900 4479 1919 4512 ι
1953 4461 2020 4516 Et

2122 3266 2305 3322 lumen
2346 3282 2522 3323 suum.
2566 3264 2979 3333 Putandumque
3024 3272 3110 3320 est
3138 3264 3436 3321 obsidionis
3462 3274 3706 3337 tempore

2120 3357 2333 3426 pluvias
2366 3372 2475 3413 non
2506 3355 2674 3411 fuisse
2697 3396 2713 3421 ,
2760 3363 2823 3410 ut
2858 3354 3203 3410 sterilitatem
3234 3352 3441 3410 obsessi
3470 3358 3705 3413 sustine-

2121 3454 2242 3501 rent
2294 3462 2466 3516 aquze.
2528 3444 2648 3501 Uno
2704 3445 2902 3519 quippe
2946 3445 3095 3501 fonte
3143 3443 3292 3501 Siloe
3342 3453 3399 3500 et
3446 3446 3549 3500 hoc
3596 3461 3702 3501 non

2122 3545 2383 3607 perpetuo
2414 3537 2585 3591 utitur
2603 3535 2820 3599 civitas,
2844 3544 2900 3590 et
2926 3550 3097 3605 usque
3127 3536 3180 3590 in
3206 3542 3527 3604 praesentem
3556 3534 3703 3590 diem

2122 3629 2382 3686 sterilitas
2422 3628 2728 3699 pluviarum
2778 3638 2885 3683 non
2924 3626 3099 3683 solum
3146 3626 3380 3697 frugum,
3417 3630 3509 3683 sed
3538 3635 3597 3681 et
3623 3627 3705 3683 bi-

2120 3717 2283 3773 bendi
2312 3718 2549 3787 itmpiam
2580 3715 2729 3772 facit.

2197 3826 2216 3858 ι
2259 3794 2419 3861 Luxit
2443 3806 2625 3861 Judaea
2661 3804 2786 3877 (sive
2820 3802 2981 3877 Juda)
3004 3847 3019 3871 ,
3045 3814 3100 3861 et
3126 3815 3296 3876 portae
3320 3808 3439 3878 ejus
3481 3822 3707 3864 carme-

2127 3918 2146 3952 ‹
2194 3897 2321 3954 runt
2368 3898 2491 3970 (sive
2528 3912 2712 3953 vacuae
2751 3896 2908 3953 factae
2948 3896 3122 3970 sunt),
3161 3905 3217 3953 et
3251 3897 3709 3967 obscuratae!“

2129 4009 2147 4041 ι
2190 3988 2617 4059 contenebratte)
2658 3996 2784 4046 sunt
2823 4001 2985 4057 super
3041 3995 3264 4052 terram,
3296 3994 3350 4040 et
3381 3986 3586 4041 clamor
3614 3983 3711 4044 Je-

2130 4099 2148 4131 ‹
2192 4078 2425 4134 rusalem
2458 4078 2719 4134 ascendit.
2755 4076 2986 4145 Majores
3019 4075 3135 4145 ejus
3171 4078 3435 4132 miserunt
3460 4078 3710 4137 minores

2128 4190 2146 4222 ‹
2190 4165 2603 4241 (sive'juniores)
2636 4181 2763 4223 suos
2812 4167 2880 4222 ad
2907 4182 3121 4237 aquam,
3170 4176 3431 4223 venerunt
3464 4168 3533 4223 ad
3560 4168 3709 4224 hau-

2130 4276 2149 4310 ‹
2194 4258 2441 4313 riendum
2476 4255 2627 4327 '(sive
2678 4258 2746 4311 ad
2790 4257 3045 4327 puteos),
3098 4266 3155 4313 et
3202 4253 3314 4313 non
3378 4259 3708 4327 invenerunt

2129 4368 2146 4399 ι
2194 4363 2428 4417 aquam,
2485 4353 2902 4416 reportaverunt
2952 4362 3083 4401 vasa
3130 4363 3227 4401 sua
3255 4364 3443 4403 vacua.
3471 4350 3706 4408 Confusi

2130 4458 2148 4489 ε
2191 4444 2315 4493 s’unt
2344 4444 2398 4492 et
2426 4435 2609 4491 aﬂlicti
2655 4436 2793 4508 (sive
2834 4420 3230 4508 erubuerunt),
3267 4448 3323 4494 et
3362 4452 3709 4509 operuerunt

434 4516 588 4598 item:
624 4540 876 4618 «Omnia,
912 4516 1594 4615 inquit,qutecunque‘vult
1620 4547 1768 4613 facit,
1885 4548 2019 4603 caelo

2130 4550 2149 4583 ι
2191 4529 2370 4599 capita
2395 4516 2513 4595 sua,
2544 4537 2767 4599 propter
2793 4535 2952 4582 terra:
2978 4529 3287 4584 vastitatem
3305 4530 3427 4603 (sive
3444 4538 3498 4583 et
3525 4544 3708 4599 opera

436 4640 495 4688 et
525 4633 582 4687 in
611 4640 777 4697 terra,
811 4632 866 4686 in
893 4647 1063 4701 mare,
1095 4634 1221 4688 etin
1252 4634 1503 4690 omnibus
1530 4636 1809 4707 abyssis.r
1830 4636 2021 4692 Proin-

437 4722 506 4778 de
534 4721 790 4792 populum
842 4718 1151 4777 Judazorum
1185 4724 1517 4780 viriditatem
1556 4733 1719 4780 rectae
1756 4725 1879 4781 ﬁdei
1910 4741 2018 4781 non

360 4799 362 4803 ’
436 4814 747 4878 habentem,
770 4820 827 4867 et
853 4814 1118 4869 bonorum
1167 4828 1391 4884 operum
1442 4814 1707 4871 fmetibus
1755 4815 2018 4881 sterilem,

437 4906 602 4960 etiam
653 4905 705 4959 in
737 4915 1001 4974 praesente
1031 4906 1315 4976 propheta,
1338 4922 1444 4961 non
1468 4914 1677 4963 tantum
1699 4908 1880 4964 hostili
1912 4908 2023 4978 gla-

439 4994 548 5059 dio,
580 5008 766 5048 verum
793 4995 957 5048 etiam
983 4996 1125 5051 aeris
1150 4997 1549 5065 permutatione
1590 4997 1785 5068 legitur
1829 5000 2017 5055 verbe-

439 5099 612 5151 rasse,
643 5082 712 5141 de
742 5100 850 5156 quo
879 5100 1023 5141 nunc
1049 5084 1262 5142 dicitur.

1030 5214 1257 5271 CAPUT
1286 5215 1423 5275 XIV.

437 5306 518 5363 De
537 5308 922 5382 inopiapluot'te
938 5323 1036 5363 eoa:
1056 5309 1412 5382 patm'tentium
1436 5326 1454 5365 .'
1473 5311 1755 5365 obstinatis
1778 5326 1881 5382 non
1899 5327 2021 5382 pro-

510 5377 635 5433 sunt
652 5377 861 5502 {gara
887 5388 935 5432 et
976 5377 1195 5449 preces;
1229 5377 1397 5433 luctus
1427 5391 1636 5452 propter
1664 5377 2021 5436 contritio'nem

512 5464 649 5517 popu
677 5465 716 5513 ι,
740 5464 769 5503 e
797 5464 846 5503 c.

701 5488 716 5513 ν
740 5487 846 5503 νυνι

518 5557 537 5589 ε
582 5537 735 5605 Quod
762 5536 962 5595 factum
1006 5548 1092 5596 est
1121 5540 1348 5596 verbum
1386 5539 1598 5596 Domini
1635 5542 1703 5596 ad
1733 5539 2023 5598 Jeremiam

444 5646 467 5683 ι
512 5629 577 5684 de
613 5631 957 5686 sermonibus
991 5632 1273 5687 siccitatis.
1309 5652 1328 5684 ι
1356 5630 1625 5704 (Ηὶενοη.)
1654 5632 1752 5687 lra:
1778 5630 1876 5686 Dei
1904 5632 2026 5687 uni-

444 5733 599 5777 versa
644 5723 1012 5787 consentiunt,
1066 5723 1207 5777 unde
1252 5731 1308 5777 et
1361 5723 1441 5778 sol
1497 5738 1660 5794 super
1709 5730 2028 5796 peccatores

2128 4642 2146 4674 ‹
2189 4629 2367 4687 terrae,
2400 4622 2652 4693 quoniam
2696 4619 3029 4691 defecerunt)
3055 4660 3069 4685 ,
3101 4621 3231 4690 quia
3260 4637 3364 4676 non
3393 4622 3537 4675 venit
3560 4621 3715 4692 (sire

2129 4734 2147 4766 ι
2187 4730 2296 4769 non
2324 4713 2463 4784 erat)
2514 4711 2693 4783 pluvia
2725 4725 2885 4780 super
2917 4718 3135 4764 terram.
3162 4710 3379 4767 Confusi
3404 4716 3707 4784 suntagri—

2129 4826 2148 4859 ι
2180 4800 2322 4863 ηοοιτε
2348 4847 2362 4873 ,
2415 4811 2747 4876 operuerunt
2770 4804 2945 4873 capita
2974 4818 3091 4857 sua.
3129 4824 3147 4856 ι
3183 4804 3448 4875 Tempore
3481 4805 3709 4862 siccita-

2126 4897 2193 4951 tis
2221 4938 2235 4961 ,
2264 4895 2476 4965 quando
2530 4892 2729 4947 famem
2773 4891 2979 4961 patitur
3030 4892 3317 4948 multitudo
3352 4894 3605 4949 audiendi
3648 4905 3710 4952 et

2123 4985 2363 5039 discendi
2406 4997 2707 5039 sermonem
2743 4981 2859 5046 Dei,
2913 4980 3059 5052 luget
3094 4978 3299 5045 Iudaea,
3349 4984 3548 5039 cultum
3602 4985 3709 5044 Dei

2124 5074 2275 5145 prius
2304 5073 2501 5128 habere
2528 5087 2585 5127 se
2616 5073 2849 5142 iactans,
2873 5079 2929 5127 et
2961 5070 3356 5128 confessionem
3381 5089 3522 5129 verae
3547 5075 3706 5136 ﬁdei.

2122 5166 2407 5236 Portaeque
2454 5165 2571 5235 ejus
2621 5164 2706 5219 vel
2746 5172 3061 5226 vacuantur,
3099 5165 3184 5220 vel
3227 5179 3483 5223 corruunt
3518 5184 3711 5238 :quas

2125 5258 2191 5313 ad
2221 5270 2410 5312 sensus
2439 5254 2644 5311 referre
2666 5254 2940 5322 debemus,
2987 5271 3087 5326 per
3132 5271 3269 5326 quos
3290 5257 3489 5313 animae
3515 5264 3712 5317 conci-

2124 5349 2269 5421 pitur
2295 5345 2597 5416 disciplina.
2650 5344 2803 5399 Tunc
2847 5344 3206 5401 obscurantur
3232 5348 3413 5402 omnia
3440 5356 3495 5403 et
3524 5348 3710 5406 invol-

2127 5446 2325 5495 vuntu’r
2377 5438 2634 5504 tenebris,
2681 5446 2737 5493 et
2764 5454 3105 5511 nequaquam
3146 5440 3202 5495 in
3230 5439 3531 5496 Jerusalem
3562 5445 3711 5501 ratio

2124 5541 2316 5605 regnat
2359 5541 2412 5588 et
2452 5546 2631 5587 sermo
2672 5531 2949 5597 doctrinae,
2984 5514 3080 5589 sed
3106 5533 3312 5590 clamor
3351 5544 3407 5589 et
3433 5534 3707 5591 confusio.

2125 5626 2355 5697 Majores
2378 5639 2592 5695 quoque
2626 5624 2717 5695 qui
2766 5624 3027 5681 deberent
3075 5625 3175 5697 ipsi
3215 5641 3443 5699 pergere
3470 5627 3541 5682 ad
3568 5627 3711 5681 hau-

2125 5720 2343 5781 riendas
2370 5736 2559 5796 aquas,
2587 5720 2812 5780 mittunt
2836 5717 3107 5794 juniores,
3152 5719 3206 5777 in
3228 5717 3553 5794 quibusdam
3576 5716 3710 5779 Cani
