3910 6334
169 358 271 419 917

1092 354 1455 415 EXPOSITIO
1489 354 1714 414 SUPER
1747 342 2115 411 IEREMIAM.
2148 364 2226 391 '—
2254 343 2383 406 ιω.
2427 347 2537 405 Vn.

3332 343 3437 405 918

170 476 471 548 sapientiae,
515 472 572 530 in
614 471 933 544 quibusdam
962 471 1084 527 cani
1132 484 1241 525 non
1286 478 1412 525 sunt
1448 468 1748 541 sapientiai,
1779 469 1833 532 Α
1856 464 2048 537 ceptis,
2077 463 2469 535 eompatientes
2499 463 2555 519 in
2584 457 3011 527 inﬁrmitatibus,
3044 458 3099 514 in
3142 457 3302 516 minis
3330 469 3438 517 ter-

166 578 221 625 et
242 568 447 639 idcirco
473 564 697 620 veniunt
723 564 792 619 ad
819 571 1013 635 puteos
1045 568 1104 617 et
1132 576 1242 616 non
1276 560 1561 617 inveniunt
1588 555 1757 629 aqu'as

170 673 306 729 quas
340 653 682 726 patriarchas
722 653 994 710 invenisse
1045 660 1232 706 narrat
1272 649 1515 707 historia.
1547 650 1756 723 Repor—

170 756 285 802 tant
312 760 441 799 vasa
492 759 589 800 sua
627 758 820 809 vacua,
860 740 1108 811 juniores
1151 739 1423 807 videlicet,
1469 755 1575 795 non
1591 738 1755 811 ,quod

169 853 322 907 aqua:
360 852 466 892 non
508 835 750 900 fuerint,
804 834 898 888 sed
924 832 1068 903 quod
1104 832 1178 887 illi
1219 832 1460 887 invenire
1497 847 1604 887 non
1653 845 1753 903 po-

170 930 390 986 tuerint.
416 950 433 982 ι
462 928 683 985 Confusi
710 915 835 982 sunt
870 936 924 982 et
954 926 1157 989 amicti,
1187 927 1300 981 sive
1338 927 1673 981 erubuerunt
1698 930 1754 977 et

166 1033 495 1094 Operuerunt
518 1021 695 1091 capita
719 1035 835 1085 sua,
850 1038 867 1069 ι
890 1018 1016 1089 quia
1043 1033 1147 1072 non
1163 1025 1413 1086 poterant
1427 1016 1607 1070 dicere
1628 1031 1751 1071 cum

162 1114 455 1185 Apostolo:
482 1131 501 1164 ι
522 1111 631 1168 Nos
661 1122 840 1169 autem
870 1126 1061 1173 omnes
1092 1109 1329 1164 revelata
1363 1107 1501 1187 [acie
1525 1108 1752 1178 gloriam

165 1205 381 1260 Domini
430 1196 856 1274 contemplamur
886 1199 971 1273 (ΙΙ
999 1201 1139 1257 Cor:
1171 1201 1253 1271 ιι).
1289 1221 1305 1252 ι
1340 1197 1571 1270 Propter
1598 1208 1754 1253 teme

162 1296 499 1361 vastitatem,
530 1296 645 1351 sive
676 1304 731 1349 et
757 1303 915 1349 terrm
940 1308 1104 1364 opera
1133 1292 1467 1358 defecerunt,
1503 1307 1602 1362 per
1637 1305 1755 1362 quae

164 1391 233 1446 ad
269 1390 365 1446 Dei
414 1390 663 1444 notitiam
705 1388 983 1458 pergimus
1037 1404 1050 1440 :
1104 1387 1380 1455 causaque
1423 1384 1706 1456 perspicua
1737 1424 1752 1448 ,

162 1481 293 1552 quia
347 1494 456 1532 non
506 1478 655 1533 venit
691 1476 872 1546 pluvia
909 1476 1073 1545 Super
1113 1484 1331 1529 terram.
1390 1492 1408 1524 ‹
1444 1471 1751 1527 Mandatum

160 1558 247 1627 est
286 1571 486 1642 quippe
520 1568 771 1631 nubibus,
805 1581 872 1621 ne
903 1566 1147 1637 pluerent
1175 1580 1339 1634 super
1379 1579 1496 1618 eam
1525 1564 1750 1619 imbrem

162 1662 301 1735 (ιω.
329 1663 403 1734 v).
428 1681 445 1714 ι
478 1659 742 1731 Agricolae
768 1670 985 1729 quoque
1009 1699 1021 1721 ,
1047 1672 1279 1727 quorum
1307 1671 1450 1710 unus
1474 1656 1710 1726 loquitur
1736 1672 1747 1707 :

167 1771 185 1804 ι
222 1752 319 1807 Dei
350 1750 679 1820 agricultura
701 1790 716 1816 ,
764 1750 860 1805 Dei
896 1747 1181 1803 mdiﬁcatio
1207 1746 1340 1800 estis
1380 1743 1448 1815 (Ι
1475 1741 1597 1797 Cor.
1625 1743 1709 1814 ιιι)
1736 1760 1750 1809 ;

1858 556 2079 620 ribiles,
2129 554 2185 611 in
2222 554 2689 611 exhortationibus
2743 551 2958 617 blandi,
3006 552 3061 607 in
3103 549 3441 612 ostendendo

1854 646 2169 722 magisterio
2219 645 2487 716 humiles,
2532 647 2589 703 in
2652 660 2834 702 rerum
2882 644 3261 714 temporalium
3308 660 3438 703 con-

1857 748 2061 812 temptu
2113 740 2465 813 damnantes,
2541 739 2596 794 in
2662 732 2959 793 tolerandis
3025 736 3440 794 adversitatibus

1856 831 2016 904 rigidi
2051 850 2063 886 :
2093 839 2148 886 et
2177 838 2357 886 tamen
2397 830 2524 885 dum
2572 828 2713 884 vires
2763 842 2893 885 suas
2925 823 3145 883 sibimet
3194 841 3302 881 non
3343 827 3441 881 tri-

1854 923 2030 978 buunt
2069 922 2296 978 firmiter
2320 963 2333 987 ,
2380 928 2618 991 quantus
2654 921 2725 975 sit
2767 919 2847 976 eis
2885 918 3077 987 dolor,
3122 919 3189 975 de
3238 920 3437 975 caden-

1858 1017 2001 1071 tibus
2047 1015 2283 1087 qna'ntus
2326 1016 2390 1071 de
2419 1014 2688 1069 stantibus
2727 1013 2891 1069 timor
2918 1054 2933 1081 ,
2960 1024 3068 1083 quo
3096 1010 3309 1068 fervore
3336 1011 3439 1067 alia

1857 1105 2079 1177 adipisci
2112 1113 2385 1177 appetunt,
2419 1117 2528 1175 quo
2557 1115 2760 1174 pavore
2784 1103 2887 1158 alia
2917 1103 3169 1173 adempta
3213 1117 3438 1159 conser-

1854 1206 2003 1254 vant.
2061 1199 2195 1267 Quia
2241 1213 2370 1270 ergo
2428 1206 2821 1268 perpaucorum
2878 1202 2963 1252 est
3007 1195 3111 1250 ista
3160 1209 3437 1265 pensare,

1855 1289 1991 1345 Mne
2015 1290 2062 1343 ei
2091 1289 2287 1347 dicitur
2314 1306 2326 1342 :
2355 1288 2439 1342 vel
2465 1287 2828 1357 parturientes
2873 1300 3064 1342 cervas
3105 1284 3441 1343 observasti?

1856 1380 1997 1435 Nihil
2052 1396 2179 1435 vero
2218 1380 2401 1435 obstat
2443 1381 2586 1455 quod
2614 1379 2775 1435 verba
2817 1379 2959 1433 Deus
3003 1377 3071 1433 de
3125 1375 3444 1434 doctoribus

1856 1468 2061 1525 faciens
2108 1484 2214 1524 non
2263 1484 2575 1534 cervorum,
2629 1470 2723 1524 sed
2767 1483 3052 1524 cervarum
3110 1483 3206 1524 eos
3259 1466 3439 1538 specie

1857 1562 2126 1632 designat,
2152 1561 2279 1630 quia
2307 1554 2564 1614 nimirum
2589 1539 2662 1613 illi
2690 1573 2817 1613 vere
2840 1559 3092 1615 doctores
3130 1568 3257 1613 sunt
3285 1599 3300 1624 ,
3344 1557 3442 1628 qui

1856 1671 1978 1711 cum
1998 1669 2097 1724 per
2118 1654 2357 1725 vigorem
2381 1652 2678 1723 disciplinae
2711 1659 2894 1722 patres
2921 1651 3063 1717 sint,
3095 1666 3193 1722 per
3219 1650 3442 1722 pietatis

1854 1749 2062 1803 viscera
2101 1757 2219 1801 esse
2247 1753 2449 1800 matres
2486 1745 2785 1807 noverunt;
2822 1756 2942 1814 quae
2978 1740 3191 1798 labores
3235 1748 3437 1799 sancta

159 1849 216 1895 et
242 1841 297 1895 in
334 1841 437 1894 alio
472 1839 592 1895 loco
621 1857 634 1893 :
672 1856 691 1889 ι
728 1838 823 1893 Dei
848 1838 1230 1907 cooperatores
1280 1850 1500 1899 sumus,
1541 1853 1559 1885 ι
1617 1847 1749 1903 ope—
1780 1824 1828 1888 Β
1854 1837 2221 1909 conceptionis
2249 1836 2499 1901 tolerant,
2529 1843 2585 1891 et
2609 1824 3097 1905 proferendos'Deo
3132 1831 3271 1889 ﬁlios
3291 1833 3438 1889 intra

160 1931 316 1989 riunt
370 1939 535 2001 caput
589 1945 745 1985 suum
785 1937 842 1983 et
888 1927 1331 1999 confunduntur,
1390 1924 1753 1996 intelligentes

160 2021 283 2077 sine
313 2021 403 2074 Dei
428 2020 595 2091 gratia
626 2029 681 2072 et
713 2018 984 2089 adjutorio
1011 2016 1211 2072 frustra
1240 2032 1300 2072 se
1337 2013 1580 2070 tendere.

237 2130 258 2163 ι
278 2110 415 2165 Nam
430 2119 485 2166 et
508 2126 669 2166 cerva
693 2110 820 2181 (sive
844 2108 1042 2180 cervae)
1068 2109 1123 2162 in
1140 2124 1269 2180 agro
1284 2106 1499 2179 peperit
1521 2104 1755 2178 (sivepe-

158 2203 467 2273 pererunt),
494 2210 550 2256 et
574 2201 791 2271 reliquit
814 2201 941 2268 (sive
955 2199 1335 2271 reliquerunt)‘,
1349 2199 1475 2269 quia
1501 2214 1609 2267 non
1635 2208 1754 2254 erat

158 2291 383 2346 herba.»
407 2276 469 2360 (ϐ
480 2289 610 2361 reg.)
640 2287 767 2346 Haec
795 2290 1065 2345 sententia
1098 2290 1162 2344 de
1198 2288 1516 2344 doctoribus
1545 2289 1755 2358 genitos
1794 2298 1817 2323 ⁸

159 2382 305 2437 filios
330 2382 543 2435 incaute
568 2381 963 2455 deserentibus,
996 2380 1196 2434 dicitur
1222 2394 1235 2443 ;
1258 2380 1396 2434 bene
1422 2394 1551 2449 ergo
1576 2393 1754 2434 cervae

160 2474 415 2529 doctores
458 2472 843 2528 assimilantur.
888 2470 1022 2525 Nam
1053 2472 1305 2525 doctores
1353 2471 1570 2534 sancti,
1606 2484 1755 2524 more

162 2580 455 2621 cervarum
499 2562 840 2633 interemptis
877 2562 1065 2628 vitiis,
1106 2560 1259 2630 quasi
1296 2559 1582 2631 exstinctis
1641 2575 1755 2615 ser-

157 2655 419 2727 pentibus
449 2654 653 2719 vivunt,
683 2661 739 2708 et
768 2654 834 2708 de
864 2653 979 2724 ipsa
1004 2652 1365 2707 exstinctione
1385 2651 1643 2706 vitiorum
1687 2652 1756 2707 ad

158 2746 369 2801 fontem
419 2745 547 2803 vitae
593 2744 774 2799 acrius
833 2743 1203 2799 inardescunt.
1261 2740 1416 2801 Unde
1465 2740 1754 2797 Psalmlsta

160 2838 239 2893 ait
272 2856 285 2892 :
325 2855 343 2888 ι
379 2834 537 2891 Sicut
561 2835 835 2892 desiderat
885 2850 1076 2890 cervus
1109 2834 1179 2887 ad
1208 2831 1385 2907 fontes
1438 2848 1701 2902 aquarum
1735 2874 1751 2901 ,

158 2927 239 2982 ita
288 2927 565 2985 desiderat
599 2928 776 2982 anima
815 2941 937 2982 mea
959 2927 1027 2982 ad
1060 2934 1131 2990 te,
1168 2926 1308 2981 Deus
1334 2924 1507 2996 (Psal.
1559 2925 1696 2989 xu).
1730 2945 1749 2977 ι

156 3016 270 3088 Ipsi
310 3016 477 3073 etiam
517 3017 647 3072 dum
686 3015 923 3072 labentia
972 3016 1134 3087 hujus
1181 3016 1597 3086 temporalitatis
1634 3029 1752 3071 mo-

158 3104 367 3172 menta;
394 3108 552 3178 quasi
580 3108 825 3179 quaedam
838 3107 1059 3188 ﬂumina
1083 3106 1385 3175 transeunt,
1413 3109 1751 3179 compatien-

162 3209 246 3257 tes
273 3200 544 3255 cbaritate
582 3215 747 3255 onera
805 3215 909 3255 sua
931 3199 1035 3255 sibi
1074 3199 1304 3255 invicem
1344 3208 1751 3271 superponunt,

158 3289 290 3359 quia
320 3297 480 3345 cauta
527 3276 910 3347 observatione
966 3290 1281 3345 custodiunt
1330 3290 1384 3345 id
1429 3292 1574 3361 quod
1620 3293 1757 3347 scri-

158 3388 317 3451 ptum
352 3386 434 3433 est
468 3396 483 3433 :
518 3396 539 3429 ι
582 3377 1015 3443 lnvicemonera
1053 3386 1235 3434 vestra
1262 3389 1485 3449 portate
1514 3421 1530 3448 ,
1575 3390 1629 3437 et
1678 3381 1758 3437 sic

161 3472 533 3543 adimplebitis
580 3472 753 3541 legem
808 3470 1009 3527 Christi
1072 3467 1217 3543 (Gal.
1275 3472 1373 3542 vi).
1404 3491 1423 3523 ι
1472 3472 1611 3530 Hinc
1662 3490 1759 3543 per

160 3559 268 3618 Job
306 3563 545 3619 dicitur:
576 3581 596 3614 ι
628 3561 884 3631 Nunquid
911 3547 1055 3617 nosti
1072 3569 1291 3631 tempus
1314 3571 1504 3633 partus
1524 3563 1596 3619 ibi
1633 3579 1755 3619 cum

162 3659 219 3715 in
255 3666 447 3727 petris,
464 3654 549 3711 vel
576 3654 942 3726 parturientes
968 3669 1162 3710 cervas
1185 3645 1525 3710 observasti?
1554 3676 1572 3709 ι
1611 3655 1755 3730 (Job.

161 3748 352 3820 xvm.)
412 3747 704 3803 Meridiana
740 3760 870 3816 pars
920 3746 1090 3804 ibices
1117 3760 1245 3801 aves
1280 3753 1472 3812 vocat,
1502 3761 1622 3817 qua:
1652 3747 1758 3806 Nili

148 3836 392 3893 ‘ll'uentis
443 3836 789 3891 inhabitant:
823 3834 1110 3891 orientalis
1144 3850 1274 3891 vero
1303 3835 1760 3921 occidentalisque

159 3925 325 3997 plaga
364 3938 532 3994 parva
572 3923 943 3993 quadrupedis
969 3924 1138 3981 ibiees
1158 3924 1439 3991 nominat,
1465 3924 1662 3996 quibus
1704 3936 1760 3981 et

161 4012 339 4069 moris
365 4018 442 4065 est
477 4011 532 4064 in
559 4010 731 4081 petris
754 4027 951 4082 parere
969 4050 985 4079 ,
1012 4014 1140 4084 quia
1164 4029 1340 4085 neque
1359 4016 1539 4070 sciunt
1566 4017 1671 4071 nisi
1702 4018 1758 4072 in

160 4101 343 4174 petris
370 4099 634 4153 habitare.
677 4100 807 4168 Qua:
833 4100 877 4155 si
922 4102 1141 4171 quando
1162 4105 1329 4159 etiam
1358 4104 1426 4160 de
1450 4106 1575 4164 altis
1599 4121 1761 4164 cacu-

165 4191 411 4247 minibus
440 4206 695 4245 saxorum
734 4201 931 4261 ruunt,
962 4194 1018 4248 in
1055 4194 1169 4251 suis
1209 4211 1267 4252 se
1308 4197 1567 4254 cornibus
1591 4200 1758 4256 illaesa

166 4285 497 4354 suscipiunt,
529 4293 692 4354 caput
719 4286 918 4356 quippe
948 4294 1169 4341 ruentes
1201 4285 1423 4353 feriunt,
1455 4287 1609 4357 cujus
1629 4288 1757 4345 dum

162 4376 348 4444 prima
382 4390 585 4428 cornua
616 4384 921 4446 opponunt,
968 4374 1029 4432 fit
1054 4391 1213 4431 omne
1250 4392 1448 4448 corpus
1490 4394 1520 4433 a
1542 4373 1758 4447 jactura

164 4479 334 4521 casus
376 4464 633 4519 alienum.
675 4466 973 4521 Cervarum
1033 4482 1247 4537 quoque
1274 4468 1443 4525 moris
1490 4477 1620 4536 est,
1676 4472 1759 4525 in-

162 4546 365 4610 ventos
408 4562 686 4623 serpentes
757 4556 1101 4631 exstinguere
1126 4596 1142 4623 ,
1173 4572 1470 4632 eorumque
1516 4561 1755 4615 membra

165 4639 444 4703 morsibus
491 4644 773 4700 dilaniare.
810 4644 1007 4701 Fertur
1047 4658 1260 4714 autem,
1295 4650 1421 4719 quia
1453 4648 1499 4705 si
1544 4652 1759 4721 quando

165 4734 395 4791 ﬂumina
447 4742 772 4801 transeunt,
816 4737 1053 4806 capitum
1103 4726 1323 4794 suorum
1365 4754 1537 4795 onera
1584 4742 1761 4798 dorsis

164 4827 597 4898 praecedentium
625 4836 1025 4898 superponunt,
1056 4830 1267 4900 sibique
1308 4831 1539 4887 invicem
1570 4849 1757 4903 succe-

166 4912 368 4974 dentes
395 4916 635 4972 laborem
662 4919 919 4988 ponderis
945 4920 1167 4976 omnino
1196 4937 1304 4976 non
1328 4925 1587 4980 sentiunt.
1623 4913 1756 4979 Par-

166 5007 439 5063 turientcs
480 5008 627 5061 enim
675 5024 866 5065 cervas
906 5011 1201 5069 observare
1229 5022 1311 5067 est
1346 5033 1358 5067 :
1392 5015 1511 5071 illos
1548 5016 1759 5077 labores

167 5110 415 5174 patrum,
460 5100 552 5169 qui
597 5102 865 5171 spiritales
906 5105 1045 5159 ﬁlios
1073 5114 1348 5176 generant,
1376 5118 1534 5163 cauta
1580 5111 1757 5166 consi-
1802 5176 1807 5180 δ

171 5195 458 5251 deratione
492 5208 739 5263 pensare.
796 5194 1035 5253 Solerter
1070 5198 1266 5268 quippe
1294 5198 1609 5255 intuendum
1634 5210 1755 5267 est,

172 5287 326 5358 quod
352 5286 442 5341 hic
461 5300 642 5341 sermo
669 5293 779 5339 tam
812 5287 1099 5356 vigilanter
1126 5289 1472 5361 imprimitur,
1502 5272 1579 5345 ut~
1607 5292 1755 5347 dica-

173 5387 289 5443 tur,
320 5377 655 5435 observasti?
680 5376 814 5444 Quia
854 5378 1041 5448 utique
1082 5394 1472 5451 perpaucorum
1509 5390 1595 5437 est
1629 5398 1757 5452 pen-

175 5483 328 5532 sare,
343 5469 435 5538 qui
460 5468 616 5523 labor
632 5469 702 5524 sit
722 5469 773 5523 in
796 5469 1268 5538 praedicationibus
1286 5480 1524 5541 patrum,
1543 5475 1758 5541 quantis

177 5560 458 5618 doloribus
495 5560 650 5631 quasi
695 5562 1059 5631 quibusquam
1111 5564 1397 5619 meatibus
1444 5564 1651 5620 animas
1701 5564 1757 5620 in

178 5652 290 5709 ﬁde
316 5660 367 5708 et
403 5654 814 5708 conversatione
866 5654 1177 5723 parturiunt
1222 5674 1234 5709 :
1287 5666 1451 5725 quam
1495 5664 1651 5710 cauta
1700 5670 1759 5711 se

178 5744 563 5801 observatione
587 5744 1046 5816 circumspiciunt,
1089 5755 1149 5801 ut
1187 5746 1297 5803 sint
1335 5744 1507 5803 fortes
1536 5746 1590 5801 in
1614 5760 1757 5818 pm-

1782 4518 1837 4578 D

1858 1939 2070 1984 uterum
2113 1914 2392 1984 cliaritatis
2432 1934 2670 1998 portant.
2717 1926 2776 1981 In
2827 1924 3035 1981 edenda
3100 1925 3245 1980 enim
3291 1924 3443 1996 prole

1850 2011 2088 2089 amplius
2118 2027 2320 2074 matres
2358 2017 2604 2084 laborant
2623 2022 3111 2088 quaecrescentem
3154 2016 3292 2071 intra
3321 2014 3440 2083 ute-

1857 2124 1979 2163 rum
2020 2109 2425 2178 conceptionem
2472 2108 2632 2179 longo
2669 2092 2936 2162 mensium
2989 2113 3230 2177 tempore
3279 2104 3443 2162 susti-

1857 2210 2011 2266 nent,
2035 2208 2090 2256 et
2116 2211 2237 2270 qua!
2264 2215 2331 2255 ex
2352 2206 2507 2255 utero
2533 2198 2918 2271 procedentem
2947 2212 3055 2253 non
3088 2198 3205 2253 sine
3234 2196 3443 2269 magnis

1858 2292 2135 2349 doloribus
2159 2293 2453 2363 deponunt.

1932 2400 1951 2433 ι
1981 2381 2049 2437 Ει
2062 2382 2246 2452 onagri
2263 2390 2531 2437 steterunt
2559 2382 2613 2437 in
2642 2383 2884 2453 rupibus.
2914 2389 3197 2437 traxerunt
3218 2388 3435 2436 ventum

1858 2472 2012 2541 quasi
2068 2474 2353 2538 dracones,
2412 2457 2725 2529 defecerunt
2763 2474 2904 2531 oculi
2934 2489 3149 2540 eorum,
3178 2474 3302 2545 quia
3333 2487 3442 2529 non

1858 2569 1980 2636 erat
2023 2561 2191 2616 herba
2235 2562 2359 2633 (sive
2396 2561 2624 2635 fenum).
2661 2584 2679 2616 ι
2716 2563 2990 2636 (Πίον-οη.)
3025 2562 3260 2621 Grandis
3286 2564 3443 2619 steri-

1859 2633 2007 2719 litas,
2040 2652 2258 2723 quando
2305 2662 2360 2708 ct
2395 2633 2590 2709 cervae
2616 2654 2669 2709 in
2714 2633 2843 2725 agro
2874 2633 3135 2724 pariunt,
3165 2660 3219 2709 et
3274 2652 3441 2709 relin-

1859 2741 2033 2817 quunt
2076 2746 2215 2802 fetus
2255 2762 2412 2812 suos,
2459 2747 2583 2817 quia
2610 2761 2715 2801 non
2747 2749 2817 2801 sit
2845 2746 3010 2801 herba
3067 2745 3154 2800 vel
3202 2745 3386 2800 fenum
3422 2784 3441 2813 ,

1859 2848 1921 2894 ut
1972 2854 2091 2908 quae
2134 2838 2300 2893 odore
2337 2837 2550 2892 narium
2598 2845 2879 2909 serpentes
2923 2838 3220 2893 extrahunt
3249 2836 3317 2893 de
3343 2851 3439 2893 ca-

1858 2931 2061 2995 vernis,
2092 2938 2148 2985 et
2177 2939 2437 2985 venenata
2476 2929 2807 2985 interficiunt
2835 2916 3151 2994 animantia,
3174 2929 3295 2985 cibo
3320 2943 3445 3000 gra-

1863 3020 1952 3073 tia:
1980 3034 2089 3074 non
2117 3026 2357 3072 utantur.
2390 3018 2589 3089 Onagri
2620 3033 2855 3088 quoque,
2874 3017 2942 3073 de
2968 3019 3164 3088 quibus
3186 3018 3446 3089 scriptum

1861 3118 1948 3165 est
1983 3128 1995 3162 :
2034 3127 2053 3160 ι
2087 3107 2220 3175 Quis
2248 3109 2454 3163 dimisit
2495 3109 2550 3162 in
2596 3108 2886 3164 solitudine
2920 3124 3185 3179 onagrum
3216 3102 3447 3165 liberum

1863 3200 2004 3271 (Job.
2050 3197 2280 3269 xxxrx)?
2316 3219 2333 3249 ι
2370 3198 2525 3268 plana
2550 3206 2605 3252 et
2634 3198 2961 3267 campestria
3030 3198 3397 3268 relinquentes
3426 3240 3441 3265 ,

1862 3295 2009 3344 stent
2042 3287 2096 3341 in
2124 3286 2351 3356 rupibus
2386 3294 2442 3342 et
2480 3299 2700 3341 currere
2739 3292 3042 3356 nequeant,
3075 3294 3131 3341 et
3170 3286 3450 3341 attrahaut

1860 3387 2082 3434 ventum
2134 3378 2188 3432 in
2248 3378 2543 3433 draconum
2594 3376 3035 3443 similitudinem,
3081 3375 3449 3447 deficiantque

1860 3470 2001 3525 Oculi
2054 3486 2275 3535 eorum,
2322 3477 2377 3523 et
2420 3468 2628 3523 claram
2680 3467 2855 3525 lucem
2890 3481 3114 3523 cernere
3150 3476 3442 3538 nequeant.

1860 3558 2296 3616 Rationabilibus
2350 3558 2644 3614 subtractis
2686 3558 2843 3622 cibis,
2894 3558 3112 3613 siccitas
3152 3558 3268 3613 haec
3303 3572 3445 3629 saepe

1861 3651 2059 3707 accidit
2098 3652 2151 3705 in
2192 3650 2477 3715 ecclesiis,
2524 3649 2739 3720 quando
2770 3658 2823 3705 et
2848 3649 2997 3705 cervi
3040 3657 3096 3705 et
3138 3650 3327 3721 onagri
3364 3651 3447 3705 in-

1860 3743 2152 3797 veniuntur
2182 3742 2236 3796 in
2290 3740 2522 3812 populis,
2560 3748 2617 3795 et
2648 3740 3031 3810 magistrorum
3061 3741 3287 3810 penuria
3317 3755 3447 3797 con-

1863 3832 2277 3890 contabescunt.
2317 3830 2455 3886 Sunt
2484 3829 2576 3903 qui
2599 3836 2827 3901 possunt
2850 3828 3082 3899 discere,
3106 3838 3161 3884 et
3185 3844 3293 3885 non
3320 3838 3447 3885 sunt

1860 3921 1954 3992 qui
1983 3921 2195 3993 possint
2223 3910 2438 3977 docere.

1937 4028 1958 4062 ι
2001 4008 2059 4065 Si
2098 4010 2411 4079 iniquitates
2447 4018 2647 4067 nostras
2695 4011 3076 4082 responderint
3109 4010 3235 4084 (sive
3280 4011 3444 4067 resti-

1867 4122 1885 4153 ι
1928 4101 2112 4169 terint)
2139 4101 2293 4159 nobis
2319 4143 2335 4169 ,
2377 4102 2624 4169 Domine,
2664 4101 2752 4158 fac
2786 4111 3009 4173 propter
3036 4117 3231 4159 nomen
3269 4110 3446 4170 tuum,

1867 4213 1885 4246 ι
1927 4194 2183 4266 quoniam
2224 4193 2406 4249 multae
2449 4202 2575 4250 sunt
2602 4192 2919 4250 aversiones
2952 4203 3151 4250 nostrae
3177 4193 3279 4263 (vel
3310 4208 3449 4263 pec-

1866 4306 1885 4339 ι
1930 4294 2052 4341 cata
2081 4286 2309 4357 nostra).
2340 4286 2457 4341 Tibi
2496 4286 2863 4357 peccavimus,
2892 4286 3226 4356 exspectatio
3255 4284 3442 4350 Israel,

1866 4396 1885 4428 ι
1927 4377 2163 4432 salvator
2202 4374 2319 4446 ejus
2356 4378 2411 4431 in
2459 4384 2705 4447 tempore
2741 4377 3127 4433 tribulationis.
3165 4396 3184 4429 ι
3235 4374 3293 4431 Si
3349 4376 3445 4431 du-

1861 4458 2315 4536 bitamus,'quar_e
2338 4480 2445 4521 non
2469 4466 2805 4521 descendunt
2824 4466 3016 4537 pluvia:
3036 4475 3441 4545 super‘terram,

1864 4574 2033 4629 quare
2074 4568 2269 4613 cuncta
2304 4559 2556 4613 ariditate
2594 4568 2954 4625 marcescant,
2979 4554 3265 4614 audiamus
3291 4574 3302 4613 τ
3328 4558 3439 4613 lni-

1861 4649 2099 4717 quitates
2112 4657 2310 4703 nostrae
2323 4649 2635 4703 restiterunt
2663 4650 2839 4715 npbis,
2867 4658 3170 4720 propterea,
3187 4649 3436 4713 Domine,

1863 4754 1969 4794 non
2010 4741 2303 4795 secundum
2328 4755 2490 4810 opera
2528 4748 2735 4806 nostra,
2778 4741 2873 4797 sed
2907 4740 3204 4810 secundum
3243 4755 3441 4797 nomen

1864 4841 2109 4888 sanctum
2157 4842 2309 4887 tuum
2352 4808 2509 4889 vince
2558 4832 2774 4888 .multas
2831 4808 3144 4888 aversiones
3203 4839 3439 4889 nostras.

1864 4924 1985 4979 Tibi
2030 4923 2175 4979 enim
2218 4924 2597 4993 peccavimus,
2646 4938 2807 4994 quem
2849 4922 3029 4978 cordis
3076 4933 3289 4980 secreta
3330 4939 3443 4979 non

1860 5013 2072 5080 fallunt,
2121 5024 2175 5069 et
2199 5023 2251 5069 te
2271 5015 2647 5085 praestolamur
2670 5054 2685 5080 ,
2714 5014 2804 5085 qui
2833 5030 2963 5070 vera
2994 5030 3117 5088 spes
3145 5022 3201 5070 et
3242 5030 3439 5086 exspe-

1862 5106 2032 5161 ctatio
2057 5121 2116 5160 es
2145 5104 2328 5171 Israel,
2370 5113 2426 5160 et
2449 5106 2628 5160 salvas
2654 5120 2749 5163 eos
2773 5106 2827 5159 in
2860 5113 3100 5175 tempore
3131 5104 3437 5161 tribulatio-

1840 5196 1970 5262 onis,
2009 5196 2163 5267 juxta
2192 5196 2323 5252 illud
2348 5197 2490 5267 quod
2538 5196 2797 5267 scriptum
2826 5204 2948 5253 est:
2979 5214 2999 5246 ι
3030 5196 3113 5253 Ad
3152 5196 3441 5252 Dominum

1863 5303 1985 5343 eum
2010 5287 2300 5342 tribularer
2318 5285 2544 5340 clamavi
2573 5294 2629 5341 et
2652 5285 2926 5341 exaudivit
2950 5300 3037 5341 me
3052 5282 3397 5359 (Pral.cxrx).
3411 5304 3431 5339 ι

1863 5381 2117 5435 Dicamus
2148 5388 2205 5433 et
2231 5394 2330 5433 nos
2358 5380 2411 5434 in
2457 5390 2700 5451 tempore
2743 5380 3025 5449 siccitatis,
3064 5395 3439 5451 aquarumque

1863 5474 2131 5546 penuria:
2174 5492 2193 5524 ι
2231 5472 2350 5529 Tibi
2402 5476 2742 5547 peccavimus
2789 5484 2845 5529 et
2904 5468 3104 5531 malum
3150 5489 3337 5531 coram
3382 5483 3439 5533 te

1864 5564 2092 5643 fecimus
2134 5564 2307 5637 (Psal.
2360 5567 2413 5639 ι.)
2436 5607 2451 5634 ,
2490 5587 2509 5621 ι
2542 5575 2693 5623 tuum
2732 5570 3079 5640 pratolamur
3122 5570 3437 5643 adventum.

1865 5660 1958 5728 qui
1992 5642 2175 5714 salvas
2207 5658 2392 5727 Israel,
2445 5674 2555 5716 non
2598 5674 2697 5718 suo
2747 5656 2943 5719 merito
2968 5698 2985 5727 ,
3045 5661 3141 5718 sed
3183 5642 3275 5718 tua
3317 5660 3431 5720 do-

1867 5749 2071 5804 mentis
