3910 6318
484 309 586 368 919

1116 315 1179 371 Β.
1220 316 1475 375 RABANI
1514 316 1734 377 MAURI
1769 318 2090 378 ARCHIEP.
2131 321 2438 382 MOGUNT.
2479 326 2761 386 OPERUM
2796 332 2974 388 PARS
3015 335 3098 389 lll.

3631 342 3736 397 9&0

556 447 575 478 α
619 425 800 495 Quare
846 427 1061 487 futurus
1099 444 1161 486 es
1201 431 1355 501 quasi
1396 431 1719 490 colonus'in
1757 442 1944 501 terra,
2000 436 2462 507 etADominum,
2497 424 2613 511 qui
2658 446 2814 501 statis
2870 447 2925 502 in
2983 450 3141 506 domo
3189 451 3424 520 Domini,
3460 456 3516 511 in
3583 458 3736 516 atriis

482 539 500 569 ι
543 519 699 590 quasi
724 519 899 576 viator
922 521 1197 577 declinans
1227 521 1297 578 ad
1318 524 1645 580 manendum
1664 526 1688 580 ?
1706 524 1885 593 Quare
1914 524 2061 582 iutu-

483 630 501 661 ι
549 626 642 665 rus
668 626 728 666 es
771 611 920 667 velut
966 612 1051 667 vir
1088 627 1263 684 vagus
1294 621 1389 670 aut
1418 613 1595 683 fortis,
1626 618 1719 687 qui
1746 632 1853 674 non
1880 628 2059 689 potest

480 720 499 752 ι
548 702 791 757 salvari?
828 720 845 754 ι
878 701 1228 775 Septuaginta
1263 722 1277 758 :
1316 723 1334 756 ι
1369 704 1551 773 Quare
1589 704 1766 763 factus
1817 722 1876 764 es
1917 709 2059 765 sicut

480 807 499 841 ι
543 792 749 847 advena
778 791 831 846 in
857 800 1021 854 terra,
1058 801 1114 849 et
1161 795 1317 864 quasi
1370 794 1623 868 indigena
1671 798 1946 855 divertens
1988 802 2056 858 ad

476 898 495 931 ι
542 884 903 939 manendum?
930 882 1185 956 Nunquid
1205 886 1317 942 eris
1341 889 1497 959 quasi
1537 890 1700 947 homo
1733 891 2010 949 dormiens
2036 935 2052 961 ,

474 989 492 1022 ι
536 978 591 1028 et
615 973 772 1043 quasi
798 974 884 1028 vir
904 975 997 1046 qui
1041 975 1241 1031 salvari
1275 992 1385 1032 non
1424 979 1631 1049 possit?
1660 999 1680 1033 ι
1709 978 1879 1037 Judaei
1906 982 2055 1039 hunc

465 1062 643 1120 locum
684 1066 765 1121 sic
796 1066 1102 1139 intelligunt
1134 1081 1149 1121 :
1179 1066 1358 1136 Quare
1392 1084 1648 1142 segregas
1690 1080 1745 1128 te
1782 1087 1815 1128 a
1851 1073 2052 1145 populo

463 1166 558 1213 tuo
585 1165 642 1213 et
674 1159 827 1229 quasi
858 1160 1034 1214 viator
1071 1168 1292 1232 propter
1313 1162 1475 1217 unius
1504 1162 1653 1219 hora:
1697 1162 2046 1237 refrigerium

464 1264 571 1303 non
614 1264 772 1305 curas
800 1248 943 1319 quali
972 1251 1147 1307 utaris
1187 1251 1441 1324 hospitio,
1487 1254 1582 1309 sed
1618 1254 1684 1309 ad
1715 1254 1822 1309 alia
1866 1263 2047 1311 trans-

462 1343 661 1408 iturtts,
709 1358 816 1398 non
844 1343 1023 1400 salvas
1065 1344 1279 1415 plebem
1314 1356 1464 1401 tuam
1498 1353 1553 1429 et
1578 1347 1835 1418 templum
1870 1364 2045 1418 quon-

459 1434 582 1488 dam
612 1434 872 1506 inclytum
892 1437 1135 1493 deseris?
1176 1438 1357 1494 Nostri
1389 1454 1518 1495 vero
1544 1439 1612 1504 de
1636 1438 2047 1497 futura‘Christi

458 1527 863 1598 dispensatione
897 1530 1004 1585 dici
1046 1538 1280 1601 putant,
1318 1531 1461 1602 quod
1508 1528 1723 1588 futurus
1772 1532 1844 1592 sit
1882 1549 2044 1604 pere-

410 1639 415 1645 ’
460 1620 645 1689 ετῑηιις
692 1622 746 1676 in
798 1629 985 1690 terra,
1030 1631 1087 1678 et
1127 1638 1295 1694 parvo
1343 1632 1587 1695 tempore
1634 1631 1795 1681 terrai
1847 1641 2045 1682 usurus

457 1712 585 1781 ho.r
623 1728 718 1780 ιιο,
762 1722 818 1769 et
851 1714 1007 1785 quasi
1048 1716 1132 1770 vir
1177 1717 1576 1787 pertransiens,
1627 1732 1692 1773 ac
1742 1718 1995 1775 robustus
2021 1760 2036 1786 ,

2161 528 2350 585 domus
2378 530 2472 585 Dei
2516 533 2687 587 ‘nostri
2717 534 2889 606 (Ps‘al.
2918 539 3159 611 cxxxrv).
3192 560 3210 593 ι

2235 638 2253 671 ς
2297 620 2364 674 Et
2390 621 2523 676 dixit
2547 623 2802 681 Dominus
2833 628 2900 682 ad
2926 644 3012 684 me
3040 647 3053 683 :
3078 628 3196 685 Noli
3224 648 3382 689 orare
3410 652 3513 706 pro
3536 640 3736 710 pepulo

2162 728 2181 761 ι
2229 710 2413 766 istoin
2442 713 2662 770 bonum.
2692 714 2823 772 Cum
2854 714 3248 789 jejunaverint,
3297 741 3405 780 non
3448 731 3736 788 exaudiam

2162 821 2180 855 ι
2218 816 2407 872 preces
2434 818 2621 860 eorum
2644 846 2660 874 ,
2691 815 2745 863 et
2773 809 2820 864 si
2862 811 3155 867 obtulerint
3209 815 3643 876 holocautomata
3679 835 3737 879 et

2160 909 2181 943 ‹
2223 891 2501 957 victimas,
2529 910 2631 950 non
2665 898 2950 971 suscipiam
2977 916 3071 958 eas
3092 941 3109 969 ,
3157 906 3411 974 quoniam
3449 910 3647 977 gladio,
3680 922 3737 968 et

2160 999 2179 1033 ι
2220 980 2383 1049 fame,
2428 994 2485 1040 et
2525 996 2675 1056 peste
2722 1004 2821 1061 ego
2849 1006 3162 1048 consumam
3186 1010 3297 1052 eos.
3330 1017 3349 1049 ›
3385 997 3618 1056 Stultum
3650 1016 3737 1059 est

2151 1085 2310 1127 orare
2334 1089 2432 1144 pro
2452 1089 2518 1131 eo
2542 1078 2633 1148 qui
2660 1080 2898 1148 peccarit
2918 1082 2984 1136 ad
3004 1091 3252 1150 mortem,
3268 1087 3728 1148 dicenteJoanne:

2158 1179 2177 1212 α
2212 1161 2309 1218 Est
2334 1174 2616 1235 peccatum
2640 1171 2707 1223 ad
2730 1181 2959 1226 mortem
2985 1213 3000 1239 ,
3030 1190 3140 1229 non
3168 1192 3266 1247 pro
3288 1178 3379 1234 illo
3406 1180 3527 1236 dico
3552 1192 3613 1236 ut
3637 1200 3730 1240 ro-

2150 1261 2240 1324 get
2265 1255 2388 1325 quis
2413 1255 2593 1327 (Joan.
2624 1260 2698 1331 v).
2731 1281 2749 1314 ι
2783 1261 2972 1320 Omnis
3005 1264 3261 1337 iniquitas
3292 1281 3574 1340 peccatum
3597 1284 3688 1329 est
3711 1316 3729 1341 ,

2149 1353 2305 1401 etest
2332 1359 2611 1417 peccatum
2642 1368 2747 1407 non
2780 1355 2846 1410 ad
2870 1366 3119 1413 mortem.
3150 1359 3359 1429 Jejuuia
3374 1373 3429 1417 et
3456 1381 3650 1434 preces
3677 1377 3732 1422 et

2148 1435 2379 1492 victimae
2407 1450 2462 1493 et
2490 1440 2799 1498 holocausta
2830 1454 2958 1505 tunc
3006 1450 3315 1517 proﬁciunt,
3364 1469 3489 1510 cum
3522 1458 3731 1513 recedi-

2147 1544 2267 1584 mus
2289 1542 2317 1581 a
2350 1530 2518 1598 vitiis,
2549 1541 2603 1588 et
2636 1533 2824 1591 nemus
2866 1539 3086 1609 antiqua
3134 1553 3355 1613 peccata
3384 1564 3396 1599 :
3431 1548 3514 1601 sin
3542 1558 3728 1603 autem

2147 1618 2201 1673 in
2232 1621 2527 1678 sceleribus
2551 1636 2953 1694 permanentes,
2997 1635 3363 1699 putaverimus
3390 1638 3529 1693 votis
3561 1647 3729 1708 atque

2146 1710 2425 1767 sacriﬁciis
2452 1712 2718 1773 redimere
2746 1732 2843 1771 nos
2872 1732 3029 1774 aures
3054 1719 3166 1785 Dei,
3198 1724 3551 1782 vehementer
3573 1743 3729 1782 erra-

456 1802 646 1859 relicto
691 1804 855 1861 lsrael
874 1847 889 1873 ,
923 1805 1106 1861 tendat
1136 1786 1203 1862 ad
1226 1808 1469 1878 gentium
1496 1806 1895 1865 multitudinem
1916 1850 1932 1876 ,
1979 1818 2042 1866 ut
2067 1786 2115 1847 B
2142 1816 2262 1857 mus
2284 1842 2298 1867 ν
2356 1804 2600 1873 iniquum
2650 1809 2974 1864 θτῢίιτθηῑθδ
3018 1811 3206 1866 Deum-
3260 1811 3361 1880 Ουί
3389 1817 3533 1869 ehi"!
3559 1816 3729 1873 semel

450 1891 518 1957 de
553 1893 671 1949 loco
699 1895 765 1949 ad
792 1895 968 1950 locum
985 1936 999 1961 ,
1033 1896 1100 1952 de
1125 1898 1322 1968 populo
1350 1899 1417 1952 ad
1443 1897 1723 1969 populum,
1747 1899 1813 1953 de
1841 1900 2040 1970 templo

457 1981 521 2035 ad
545 1982 843 2039 Ecclesiam
890 1994 1155 2041 transeat.
1199 1986 1353 2054 Quod
1393 1996 1573 2043 autem
1612 1988 1767 2059 juxta
1809 1988 2040 2059 Septua-

451 2072 600 2141 ginta
625 2074 828 2129 dicitur
852 2090 867 2128 :
896 2096 913 2127 ε
944 2075 1194 2145 Nunquid
1222 2077 1330 2132 eris
1354 2080 1508 2147 quasi
1542 2079 1705 2135 homo
1740 2080 2036 2147 dormiens,

449 2172 503 2218 et
529 2166 681 2235 quasi
717 2169 819 2231 vir,
838 2169 931 2238 qui
976 2168 1174 2224 salvari
1204 2185 1313 2226 non
1342 2170 1546 2241 possit?
1577 2191 1595 2223 ι
1627 2172 2036 2229 similitudinem

448 2256 640 2322 ponit,
686 2272 793 2312 non
837 2258 915 2312 rei
962 2259 1281 2325 veritatem,
1346 2260 1643 2316 secundum
1706 2263 1838 2319 illud
1891 2264 2034 2334 quod

446 2345 706 2415 scriptum
737 2356 821 2401 est
853 2362 868 2402 :
906 2369 925 2401 ί
957 2347 1147 2420 Surge,
1177 2366 1275 2405 cur
1304 2350 1508 2407 dormis
1534 2392 1549 2418 ,
1578 2353 1845 2409 Domine?
1873 2375 1891 2408 ›
1925 2372 2033 2411 non

444 2437 589 2504 quod
627 2437 887 2494 Dominus
926 2440 1183 2508 dormiat,
1210 2442 1276 2497 de
1297 2458 1404 2513 quo
1426 2443 1626 2499 dicitur
1657 2459 1673 2499 :
1715 2464 1735 2497 ι
1774 2445 1889 2502 Non
1914 2448 2036 2504 dor-

442 2527 659 2583 mitabit
714 2543 889 2599 neque
925 2532 1175 2599 dormiet,
1207 2532 1299 2602 qui
1338 2534 1577 2590 custodit
1638 2534 1803 2590 lsrael
1854 2536 2028 2607 (Psal.

442 2620 590 2693 cxxr)
610 2661 625 2685 ,
660 2640 679 2672 ι
723 2622 817 2677 sed
845 2624 991 2691 quod
1015 2623 1101 2678 bis
1122 2623 1369 2679 videatur
1386 2625 1622 2681 dormire
1644 2642 1779 2697 quos
1804 2628 2026 2684 deserit.

443 2711 685 2779 Denique
712 2718 766 2766 et
799 2712 854 2767 in
884 2716 1339 2785 consequentibus
1375 2731 1483 2772 non
1534 2718 1828 2774 scribitur:
1875 2738 1893 2771 ι
1932 2721 2031 2776 Vir

442 2801 717 2858 dormiens
739 2803 827 2870 qui
857 2802 1051 2859 salvari
1098 2819 1206 2859 non
1240 2808 1448 2877 possit,
1484 2826 1505 2861 ι
1540 2809 1635 2865 sed
1662 2826 1681 2860 ι
1703 2811 1854 2879 quasi
1885 2810 1968 2866 vir
2000 2829 2020 2865 ι

439 2890 496 2946 in
534 2902 763 2963 utroque
796 2897 1201 2959 ἀνθρωποπάθως
1225 2898 1498 2955 scribitur.

517 3050 535 3081 ε
571 3034 651 3086 't‘u
671 3042 852 3087 autem
898 3033 952 3086 in
994 3034 1149 3090 nobis
1178 3050 1255 3100 es,
1288 3036 1533 3100 Domine,
1570 3043 1625 3091 et
1652 3050 1845 3094 nomen
1876 3045 2025 3094 tuum

2143 1892 2320 1963 gladio
2344 1902 2400 1949 et
2418 1893 2567 1950 fame
2591 1904 2646 1952 et
2666 1907 2816 1968 peste
2846 1898 3009 1955 fuerit
3035 1900 3335 1959 deStinatus
3352 1944 3367 1969 ,
3421 1906 3579 1961 nullis
3601 1925 3719 1968 pre-

2142 1983 2292 2039 cibus
2322 1984 2441 2039 erui
2489 1996 2687 2055 potest.
2745 1988 2895 2045 Unde
2944 2000 2997 2045 et
3041 1994 3315 2061 prophetae
3371 1996 3601 2063 dicitur,
3652 2006 3722 2054 ne

2141 2071 2341 2129 frustra
2368 2084 2521 2145 roget
2542 2078 2681 2147 quod
2712 2078 3000 2149 impetrare
3022 2097 3133 2137 non
3165 2085 3353 2153 possit.

2215 2184 2233 2215 ι
2276 2166 2345 2220 Ει
2394 2167 2506 2221 dixi
2538 2169 2683 2235 :Ah,
2707 2171 2795 2235 ah,
2820 2172 2909 2236 ah,
2951 2173 3176 2228 Domine
3211 2175 3353 2230 Deus
3374 2175 3499 2245 {sive
3519 2180 3609 2246 qui
3638 2194 3722 2247 es,

2108 2294 2117 2301 .
2145 2274 2162 2305 ς
2204 2254 2427 2311 Domine
2450 2258 2633 2329 Deus).
2660 2250 2940 2329 Prophetze
2969 2262 3156 2317 dicunt
3180 2263 3296 2318 eis:
3322 2263 3438 2319 Non
3470 2266 3723 2325 videbitis

2143 2365 2163 2397 ι
2207 2346 2459 2415 gladium,
2505 2356 2560 2403 et
2602 2349 2776 2405 fames
2819 2366 2924 2404 non
2976 2352 3083 2407 erit
3120 2353 3175 2407 in
3205 2354 3383 2420 vobis,
3413 2356 3509 2411 sed
3532 2371 3721 2425 pacem

2142 2454 2160 2487 ι
2202 2449 2385 2491 veram
2419 2437 2568 2492 dabit
2596 2440 2749 2493 vobis
2779 2440 2830 2493 in
2860 2440 2980 2495 loco
3021 2442 3144 2496 isto.
3194 2443 3263 2497 Et
3299 2444 3434 2499 dixit
3460 2446 3721 2505 Dominus

2141 2544 2160 2577 ‹
2202 2527 2269 2580 ad
2293 2541 2379 2581 me
2421 2545 2434 2580 :
2475 2526 2637 2583 Falsa
2681 2529 2956 2599 prophetae
3002 2532 3365 2588 vaticinantur
3400 2534 3455 2588 in
3500 2536 3719 2591 nomine

2140 2633 2159 2667 ‹
2202 2632 2342 2672 meo.
2374 2617 2491 2673 Non
2520 2619 2643 2674 misi
2669 2634 2780 2685 eos,
2808 2630 2862 2675 et
2896 2637 3000 2676 non
3026 2624 3258 2693 praecepi
3286 2624 3397 2689 eis,
3432 2640 3609 2696 neque
3634 2626 3717 2682 lo-

2138 2726 2157 2758 ι
2202 2716 2356 2763 cutus
2383 2723 2502 2763 sum
2531 2711 2599 2765 ad
2631 2725 2725 2766 eos
2749 2728 2761 2765 :
2786 2712 3050 2768 visionem
3098 2715 3410 2771 mendacem
3436 2756 3451 2782 ,
3493 2725 3550 2772 et
3582 2718 3717 2772 divi-

2135 2816 2156 2849 t
2197 2798 2472 2854 nationem
2516 2798 2907 2857 fraudulentam
2938 2843 2954 2869 ,
3003 2810 3057 2859 et
3104 2805 3475 2862 seductionem
3534 2808 3715 2863 cordis

2135 2905 2154 2940 ι
2200 2889 2283 2943 sui
2325 2889 2651 2959 prophetam
2686 2892 2859 2948 vobis.
2892 2913 2912 2946 ι
2964 2894 3204 2950 Audiant
3258 2897 3375 2952 haec
3417 2896 3667 2969 magistri
3695 2936 3712 2966 ,

2130 2980 2222 3050 qui
2272 2981 2618 3051 peccantibus
2647 3022 2664 3048 ,
2719 2990 2776 3037 et
2830 2984 2882 3038 in
2931 2985 3044 3041 suis
3086 2987 3233 3043 vitiis
3270 2989 3716 3058 permanentibus

2127 3083 2388 3140 prospera
2425 3071 2771 3140 pollicentur,
2804 3074 2896 3143 qui
2926 3074 3113 3130 dicunt
3150 3077 3406 3135 divitibus
3435 3098 3448 3132 :
3484 3079 3600 3134 Non
3627 3080 3713 3135 vi-

448 3142 464 3173 ‘
498 3123 806 3179 invocatum
837 3131 921 3180 θδί
944 3140 1107 3194 super
1130 3141 1249 3232 “95’
1275 3127 1745 3232 “ξ“,άθ¹’θ¹ξ“ξ1¹¹ξ¹⁸
1770 3143 1868 3185 nos
1897 3130 2024 3232 (⁸ίυῗ
2050 3135 2096 3199 C
2128 3123 2322 3215 debitis
2350 3123 2585 3229 gla‘dium
2612 3123 3002 3219 tormenjtorum
3024 3165 3142 3232 Dei,
3170 3174 3224 3221 et
3246 3164 3417 3222 fames
3454 3184 3563 3223 non
3609 3171 3715 3227 erit

449 3234 470 3265 ‹
504 3230 611 3271 non
640 3215 975 3271 obliviscaris
1003 3216 1215 3290 nostri).
1249 3237 1268 3271 ι
1299 3217 1400 3286 Qui
1431 3219 1571 3289 apud
1596 3216 1829 3285 Iudaeos,
1871 3222 2024 3290 quasi

437 3308 641 3361 advena
670 3306 883 3363 futurus
910 3324 989 3373 es,
1020 3318 1074 3363 et
1092 3310 1287 3376 viator,
1316 3319 1371 3366 et
1404 3311 1487 3366 vir
1514 3327 1711 3381 vagus,
1744 3313 2023 3384 antiquam

436 3400 695 3452 deserens
742 3398 1093 3463 mansionem,
1146 3399 1198 3453 in
1227 3400 1382 3456 nobis
1418 3400 1669 3468 habitas,
1721 3410 1775 3458 et
1826 3417 2021 3458 nomen

436 3496 587 3543 tuum
614 3504 780 3559 super
812 3506 912 3545 nos
947 3491 1253 3548 invocatum
1277 3503 1389 3560 est,
1425 3502 1484 3550 ut
1509 3495 1840 3566 appellemur
1867 3496 2023 3553 Chri-

434 3580 594 3634 sliani
628 3598 642 3634 :
683 3582 884 3637 idcirco
924 3597 995 3639 ne
1053 3581 1392 3655 derelinquas
1432 3601 1561 3654 nos,
1620 3602 1793 3659 neque
1832 3588 2023 3645 oblivi-

435 3672 607 3727 scaris
635 3672 826 3737 nostri,
857 3674 1052 3743 quibus
1079 3675 1145 3731 de
1171 3673 1355 3732 futuro
1382 3678 1617 3734 adventu
1663 3688 1753 3735 tuo
1778 3679 2019 3737 omnium

434 3762 819 3832 prophetarum
850 3776 947 3818 ora
976 3763 1307 3820 cecinerunt.

510 3911 529 3944 ι
573 3892 699 3950 Hmc
726 3894 859 3949 dicit
886 3893 1145 3949 Dominus
1186 3893 1382 3965 populo
1438 3894 1566 3950 huic
1606 3911 1620 3949 τ
1664 3893 1802 3962 Quia
1830 3894 2020 3951 dilexit

440 4002 458 4035 ι
506 3982 636 4055 (sive
656 3983 1217 4056 dilexerunt)movere
1250 3986 1413 4055 pedes
1436 4000 1582 4053 suos,
1602 3995 1658 4042 et
1685 4001 1792 4041 non
1814 3987 2020 4057 quievit

439 4091 458 4123 ι
506 4072 634 4144 (sive
684 4089 792 4129 non
841 4074 1248 4145 pepercerunt),
1297 4084 1352 4133 et
1395 4075 1623 4131 Domino
1672 4093 1779 4134 non
1816 4076 2020 4150 placuit

438 4184 457 4215 ι
505 4164 630 4234 (sive
680 4172 735 4218 et
784 4163 929 4219 Deus
970 4180 1078 4220 non
1124 4165 1449 4236 complacuit
1481 4166 1581 4221 sibi
1612 4167 1665 4221 in
1707 4166 1841 4238 eis),
1873 4184 2018 4224 nunc

439 4272 457 4304 ι
503 4253 878 4311 recordabitur
913 4255 1257 4326 iniquitatum
1292 4270 1512 4323 eorum,
1543 4265 1599 4311 et
1622 4257 1863 4313 visitabit
1888 4273 2016 4329 pee-

437 4363 456 4396 ι
501 4353 620 4400 cata
646 4360 855 4401 eorum.
897 4365 914 4396 ›
950 4346 1169 4403 Dicente
1191 4349 1417 4418 populo:
1452 4347 1632 4416 Quare
1660 4348 1836 4405 factus
1867 4364 1927 4405 es
1957 4359 2018 4406 ut

436 4433 662 4502 advena,
694 4445 749 4493 et
776 4438 969 4501 viator,
1013 4447 1069 4493 et
1090 4453 1258 4509 vagus
1279 4480 1294 4506 ,
1322 4452 1382 4495 ut
1409 4449 1555 4496 tuam
1586 4443 1804 4499 deseras
1861 4458 2014 4497 man-

431 4525 680 4579 sionem?
705 4528 991 4598 respondet
1044 4528 1302 4586 Dominus
1351 4530 1617 4599 quondam
1641 4534 1836 4604 populo
1869 4550 1967 4592 suo
1996 4553 2009 4589 :

431 4613 527 4668 Vis
574 4628 735 4669 nosse
785 4618 1081 4685 rationem,
1135 4621 1375 4677 ausculta
1421 4622 1563 4691 quod
1610 4623 1844 4679 dicitur:
1878 4626 2016 4692 Quia

434 4701 622 4756 dilexit
667 4704 894 4775 populus
923 4722 1140 4763 movere
1169 4710 1332 4777 pedes
1380 4726 1527 4777 suos,
1568 4720 1623 4767 et
1661 4729 1767 4769 non
1794 4714 2015 4769 abstulit

433 4807 527 4847 eos
573 4794 639 4849 de
670 4796 926 4865 compede
956 4806 1329 4867 peccatorum,
1373 4803 1486 4859 sive
1528 4818 1633 4857 non
1664 4804 1911 4873 quievit,
1958 4813 2014 4862 et

430 4892 576 4939 stare
622 4900 730 4940 non
776 4887 994 4956 potuit:
1027 4888 1227 4945 idcirco
1282 4900 1335 4946 et
1385 4910 1484 4965 ego
1512 4895 1724 4951 deserui
1762 4911 1905 4962 eum,
1956 4906 2013 4954 et

431 4975 576 5030 nulla
621 4978 750 5031 mihi
798 4979 852 5033 in
896 4980 989 5034 illo
1031 4990 1115 5036 est
1149 4984 1554 5054 complacentia.
1599 4988 1697 5061 Qui
1730 4992 1892 5061 igitur
1916 4991 2009 5047 diu

431 5066 665 5132 distulit,
695 5076 749 5122 et
773 5072 1211 5152 perpatientiam
1254 5074 1425 5129 noluit
1467 5080 1657 5145 punire
1683 5089 1972 5150 peccantes
1993 5121 2009 5147 ,

431 5157 557 5224 quia
608 5157 660 5211 in
703 5159 909 5214 scelere
953 5176 1384 5233 permanserunt,
1413 5170 1786 5225 recordabitur
1819 5172 2016 5242 iniqui-

435 5250 603 5300 ta‘tum
635 5264 842 5313 eorum,
891 5258 946 5306 et
993 5252 1145 5321 quasi
1185 5259 1578 5325 azgrotantium,
1615 5267 1670 5314 et
1698 5260 1865 5315 Deum
1909 5278 2015 5317 nou

431 5336 781 5390 sentientium
813 5348 1034 5408 peccata
1090 5342 1331 5399 visitabit
1355 5386 1368 5411 ,
1396 5354 1455 5400 ut
1481 5346 1621 5401 ultra
1647 5362 1875 5417 peccare
1920 5349 2013 5404 de-

435 5426 649 5484 sistant.
682 5430 986 5487 Notandum
1009 5443 1188 5491 autem
1220 5437 1273 5491 in
1306 5436 1596 5507 Scripturis
1623 5441 1845 5506 sanctis,
1870 5442 2012 5511 quod

435 5531 649 5587 semper
671 5532 1017 5591 peccatorum
1050 5538 1371 5587 moveantur
1398 5530 1581 5600 pedes,
1606 5539 1659 5587 et
1685 5531 1895 5587 sanctis.
1934 5533 2013 5587 di-

437 5618 593 5664 catur
647 5624 766 5665 cum
822 5614 1004 5686 Moyse
1061 5633 1074 5670 :
1133 5637 1151 5668 ‹
1208 5618 1287 5674 Tu
1333 5636 1460 5677 vero
1528 5622 1615 5677 hic
1662 5630 1743 5677 sta
1799 5638 2011 5678 mecum

462 5700 617 5756 Deut.
657 5704 733 5773 v).
770 5724 785 5756 ι
816 5705 883 5761 Ει
911 5708 1036 5765 alibi
1063 5710 1323 5780 scriptum
1354 5714 1424 5769 sit
1450 5733 1462 5769 :
1493 5732 1511 5765 ι
1546 5714 1816 5781 Laudate,
1847 5715 2011 5781 servi,

2124 3253 2179 3309 in
2205 3253 2378 3309 vobis.
2410 3252 2801 3310 Saturabimini
2849 3256 3047 3327 quippe
3094 3259 3436 3315 sermonibus
3472 3260 3611 3328 Dei,
3656 3277 3714 3318 et

2120 3358 2309 3415 pacem
2352 3343 2500 3399 dabit
2527 3344 2680 3400 vobis
2706 3344 2966 3401 Dominus
2989 3348 3330 3405 verissimam
3366 3351 3423 3405 in
3461 3349 3584 3409 loco
3610 3352 3711 3409 Ec-

2122 3431 2320 3499 clesiae,
2347 3434 2462 3489 sive
2481 3432 2800 3491 Jerusalem.
2831 3434 2985 3503 Quod
3012 3446 3193 3495 autem
3239 3439 3379 3495 dixit
3411 3440 3570 3512 juxta
3597 3440 3696 3497 ﬂe-

2121 3524 2360 3579 hraicam
2386 3526 2548 3580 tertio
2586 3525 2675 3590 ah,
2708 3526 2799 3591 ah,
2827 3527 2915 3592 alt,
2956 3528 3022 3582 ad
3060 3529 3243 3598 priora
3273 3531 3575 3600 respondit,
3616 3530 3706 3587 ubi

2121 3614 2379 3669 Dominus
2404 3612 2970 3683 fueratcomminatus,
2992 3617 3177 3673 dicens
3200 3636 3213 3673 :
3238 3638 3256 3669 ι
3279 3620 3471 3677 Gladio
3489 3631 3545 3679 et
3566 3622 3708 3678 fame

2121 3713 2177 3760 et
2205 3713 2357 3775 peste
2390 3721 2491 3777 ego
2512 3720 2825 3771 consumam
2860 3723 2973 3765 eos.
3005 3729 3030 3762 οι
3055 3710 3191 3778 Quia
3214 3712 3381 3783 igitur
3399 3714 3701 3788 Propheta,

2121 3798 2230 3855 imo
2269 3800 2749 3871 pseudoprophetzn
2774 3800 2907 3858 falsa
2944 3804 3166 3874 polliciti
3204 3816 3348 3874 sunt,
3376 3808 3500 3866 ideo
3520 3812 3701 3868 Domi-

2118 3904 2222 3945 nus
2249 3888 2460 3945 locutus
2484 3898 2569 3946 est
2594 3906 2692 3961 per
2719 3890 3009 3950 Jeremiam
3043 3914 3056 3951 :
3094 3896 3271 3953 Nolite
3305 3900 3496 3957 audire
3536 3903 3701 3960 verba

2116 3982 2727 4052 pseudoprophetarum,
2761 3984 2855 4055 qui
2883 4000 2992 4041 non
3026 4001 3059 4040 a
3091 4002 3179 4044 me
3217 3988 3370 4045 missi
3418 4001 3575 4057 sunt,
3608 3992 3701 4049 sed

2117 4086 2215 4129 sua
2234 4071 2511 4127 voluntate
2534 4082 2818 4129 venerunt.
2864 4072 3019 4131 Unde
3038 4092 3379 4148 nequaquam
3401 4074 3697 4154 prophetat,

2117 4164 2210 4218 sed
2236 4162 2403 4219 divini
2433 4172 2558 4219 sunt
2601 4166 2923 4236 appellandi,
2967 4169 3057 4238 qui
3103 4168 3470 4227 seductionem
3506 4176 3702 4245 populo

2116 4254 2427 4325 loquuntur.
2460 4254 2626 4311 Multo
2654 4256 2800 4312 enim
2846 4257 3040 4314 melius
3078 4268 3162 4315 est
3194 4260 3387 4317 timore
3417 4278 3699 4334 ptenarum

2116 4350 2403 4405 emendare
2444 4358 2663 4419 peccata
2688 4390 2702 4416 ,
2755 4366 2914 4421 quam
2955 4365 3048 4421 spe
3079 4368 3467 4427 prosperorum
3506 4359 3699 4416 divina

2118 4440 2399 4495 sententia:
2426 4440 2730 4511 subjacere.

2196 4549 2214 4583 ι
2258 4530 2382 4587 Ideo
2410 4532 2527 4587 haec
2570 4532 2701 4588 dieit
2744 4533 3004 4591 Dominus
3037 4536 3105 4590 de
3140 4538 3420 4607 prophetis
3460 4542 3549 4611 qui
3572 4557 3701 4611 pro-

2122 4640 2142 4675 ι
2182 4623 2408 4693 pbetant
2435 4623 2491 4677 in
2516 4623 2736 4678 nomine
2771 4638 2896 4680 meo
2923 4664 2940 4691 ,
2970 4639 3105 4694 quos
3135 4640 3234 4697 ego
3265 4642 3374 4682 non
3403 4628 3526 4684 misi
3550 4669 3566 4695 ,
3619 4630 3700 4686 di-

2122 4732 2141 4765 i
2185 4722 2409 4770 centes:
2441 4712 2664 4769 Gladius
2692 4725 2745 4770 et
2769 4714 2941 4771 fames
2986 4732 3094 4773 non
3136 4719 3240 4772 erit
3287 4719 3342 4773 in
3375 4722 3694 4777 terra'hac:

2120 4822 2139 4855 ‹
2182 4802 2380 4859 Gladio
2403 4812 2458 4860 et
2478 4803 2620 4860 fame
2646 4815 3031 4861 consumantur
3056 4809 3334 4879 prophetae
3361 4810 3439 4865 illi
3466 4828 3482 4877 ;
3516 4820 3570 4867 et
3600 4827 3697 4883 po-

2121 4911 2138 4943 ι
2178 4892 2290 4963 puli
2318 4894 2513 4963 quibus
2540 4896 2999 4966 prophetaverunt
3040 4906 3202 4952 erunt
3242 4896 3471 4968 proiecti
3512 4900 3562 4955 in
3593 4902 3696 4957 viis

2118 5000 2137 5033 ι
2183 4980 2511 5049 Jerusalem,
2546 4998 2658 5052 pra:
2690 4982 2833 5039 fame
2878 4993 2934 5039 et
2979 4985 3185 5055 gladio,
3234 4994 3287 5041 et
3329 5002 3437 5043 non
3468 4990 3572 5043 erit
3600 4990 3697 5060 qui

2121 5090 2139 5123 ι
2186 5071 2413 5141 sepeliat
2461 5087 2573 5137 eos,
2617 5074 2718 5143 ipsi
2766 5083 2821 5127 et
2872 5089 3070 5131 uxores
3118 5091 3329 5143 eorum,
3359 5079 3456 5134 ﬁlii
3486 5090 3540 5135 et
3568 5080 3697 5140 lilia:

2121 5184 2139 5216 ι
2183 5179 2369 5221 eorum
2402 5184 2416 5219 :
2447 5176 2503 5220 et
2531 5164 2799 5221 effundam
2829 5183 2990 5237 super
3014 5183 3110 5223 eos
3150 5170 3349 5225 malum
3379 5188 3535 5228 suum
3566 5174 3696 5245 (sive

2122 5274 2141 5307 ι
2186 5256 2369 5329 mala).
2410 5277 2428 5309 ι
2459 5257 2698 5317 Caveant
2733 5260 3214 5331 pseudoprophetze
3239 5303 3254 5327 ,
3295 5264 3388 5332 qui
3434 5275 3695 5337 prospera

2117 5348 2478 5419 promittendo
2528 5350 2874 5419 supplantant
2899 5351 3168 5420 ‘populum
3208 5351 3327 5420 Dei,
3370 5369 3441 5409 ne
3490 5365 3543 5410 et
3588 5356 3696 5427 ipsi

2118 5449 2360 5509 pereant,
2389 5449 2444 5496 et
2466 5442 2721 5512 deceptus
2742 5442 2971 5513 populus
2992 5443 3154 5499 simili
3182 5444 3426 5501 deleatur
3446 5448 3691 5517 interitu,

2115 5532 2437 5607 iaceantque
2485 5534 2539 5588 in
2562 5534 2665 5589 viis
2688 5532 2983 5597 Jerusalem
3010 5576 3025 5602 ,
3072 5543 3127 5591 et
3171 5536 3383 5592 Domini
3422 5548 3692 5610 praecepta

2120 5623 2411 5691 calcantes,
2434 5624 2576 5681 fame
2603 5633 2657 5680 et
2687 5624 2865 5697 gl’adio
2890 5635 3135 5700 pereant,
3167 5636 3223 5683 et
3250 5644 3359 5683 non
3391 5631 3464 5686 sit
3489 5633 3580 5701 qui
3600 5646 3691 5688 se-

2119 5716 2282 5788 peliat
2335 5731 2452 5785 eos,
2502 5732 2604 5774 nec
2650 5720 2994 5789 ignominiam
3020 5734 3207 5777 eorum
3228 5722 3690 5793 operiatpulvero
