3910 6330
130 355 223 419 921
1010 356 1369 415 EXPOSITIO
1407 355 1634 416 SUPER
1671 352 2035 411 JEREMIAM.
2076 386 2144 399 --
2179 358 2306 415 LIB.
2352 358 2457 415 νη.

3272 352 3379 412 922

126 472 476 548 ptenitcntizn.
500 472 565 527 Et
587 472 688 541 ipsi
711 472 853 528 enim
882 472 1180 545 prophetae,
1208 480 1263 526 et
1290 471 1537 543 populus,
1568 482 1701 524 uxo—
1725 470 1781 532 Δ
1803 475 1959 543 mini,
2002 484 2057 532 et
2090 486 2374 547 peccatum
2414 478 2605 534 matris
2628 476 2746 547 ejus
2780 491 2885 532 non
2923 475 3165 532 deleatur
3202 492 3215 530 :
3244 476 3375 533 ﬁant

130 581 324 636 resque
348 580 553 628 eorum,
607 573 663 619 et
714 564 807 619 ﬁlii
851 573 904 619 et
954 563 1097 629 ﬁliae,
1121 563 1405 632 omnisque
1426 561 1705 634 generatio

128 658 334 727 absque
358 654 467 710 ullo
504 654 819 725 pollinctore
860 655 913 709 in
940 653 1337 725 Sterquilinium
1360 655 1480 709 erit.
1506 652 1703 720 Quanti

113 727 309 821 iacent
355 748 412 803 in
465 747 569 801 viis
593 746 927 803 Jerusalem!
991 753 1125 816 quot
1169 746 1438 801 cernimus
1467 743 1703 814 insepul.

130 848 214 894 tos
244 837 482 909 recipere
510 836 651 893 mala
678 851 799 902 sua,
818 850 958 906 quae,
984 834 1214 892 Domino
1251 834 1578 901 eﬁ‘undente,
1608 849 1707 906 pa-

130 931 335 986 tiuntur
358 931 372 984 ι

206 1040 227 1073 ς
270 1021 339 1076 Et
361 1021 507 1077 dices
534 1021 600 1074 ad
624 1035 716 1076 eos
740 1020 965 1077 verbum
1008 1019 1153 1076 istud
1193 1034 1209 1074 :
1252 1018 1530 1075 Deducant
1565 1017 1706 1075 oculi

132 1130 152 1163 ι
194 1112 301 1167 mei
332 1112 624 1183 lacrymam
669 1111 793 1184 (sive
841 1111 1108 1168 deducant
1153 1111 1294 1168 oculi
1323 1112 1489 1167 vestri
1534 1111 1708 1182 lacry-

132 1223 151 1256 ‹
196 1203 371 1275 mas),
409 1219 507 1275 per
533 1204 675 1260 diem
720 1212 775 1259 et
825 1212 1036 1260 noctem
1064 1244 1079 1270 ,
1120 1212 1306 1260 etnon
1338 1208 1555 1258 taceant
1580 1201 1707 1274 (sive

132 1316 150 1349 ι
199 1312 306 1352 non
338 1297 609 1369 cessent),
632 1298 890 1367 quoniam
916 1297 1238 1354 contritione
1259 1310 1451 1369 magna
1472 1295 1707 1351 contrita

129 1402 149 1438 ι
196 1396 281 1442 est
332 1388 483 1458 virgo
533 1387 640 1441 ﬁlia
676 1387 857 1457 populi
896 1389 1033 1453 mei,
1064 1387 1219 1457 plaga
1265 1387 1496 1456 pessima
1546 1385 1709 1440 vehe-

131 1494 151 1528 ι
198 1486 433 1533 menter.
469 1498 487 1531 ι
539 1477 835 1548 Dupliciter
860 1477 950 1533 hic
982 1478 1128 1533 locus
1175 1478 1490 1549 intelligitur
1518 1518 1534 1544 ,
1565 1478 1708 1548 quod

121 1566 209 1624 vel
249 1567 365 1638 ipse
398 1567 540 1623 Deus
566 1566 786 1639 plangat
828 1566 1079 1638 populum
1114 1582 1293 1633 suum,
1334 1577 1389 1622 et
1424 1566 1566 1623 oculi
1592 1564 1709 1635 ejus

122 1660 255 1718 ﬁere
284 1676 390 1716 non
426 1672 659 1728 cessent,
708 1663 790 1717 vel
834 1670 982 1718 certe
1020 1661 1249 1731 imperet
1280 1669 1339 1715 ut
1386 1645 1705 1731 populorum

100 1753 266 1809 oculi
291 1753 545 1824 lacrymis
572 1752 757 1819 fluant,
774 1768 875 1810 nec
898 1753 1015 1809 leve
1035 1768 1155 1809 esse
1176 1753 1319 1823 quod
1348 1739 1708 1825 plangendum

121 1845 216 1909 sit,
262 1860 385 1900 cum
410 1823 562 1916 virgo
607 1844 714 1899 ﬁlia
741 1843 921 1916 papuli
976 1843 1058 1898 sui
1111 1842 1435 1898 contritione
1473 1823 1707 1897 maxima
1734 1823 1783 1884 B

121 1945 179 1991 et
201 1937 358 2007 plaga
407 1937 730 1993 intolerabili
775 1952 1033 2008 percussa
1080 1937 1171 1993 sit.
1219 1936 1325 1992 Alii
1365 1951 1434 1992 ex
1472 1951 1706 2008 persona

119 2028 400 2098 prephetaa
426 2028 540 2082 haec
572 2028 678 2082 dici
707 2028 1065 2083 arbitrantur.

199 2134 218 2166 ‹
270 2115 326 2171 Si
359 2131 611 2187 egressus
640 2115 796 2172 fuero
821 2117 889 2172 ad
910 2131 1071 2185 agros
1094 2157 1110 2184 ,
1139 2130 1266 2173 ecce
1293 2116 1456 2172 occisi
1482 2117 1659 2189 gladio
1689 2135 1703 2171 :

125 2225 145 2258 ι
193 2215 250 2260 et
281 2206 327 2261 si
354 2206 612 2263 introiero
648 2206 703 2262 in
746 2207 1021 2263 civitatem
1046 2248 1060 2273 ,
1092 2221 1219 2262 ecce
1254 2207 1515 2261 attenuati
1561 2205 1706 2260 fame

123 2317 142 2349 ι
190 2297 319 2370 (sive
350 2298 532 2353 dolore
561 2296 1059 2367 famis).Prophetaa
1081 2312 1293 2366 quoque
1320 2304 1373 2350 et
1399 2295 1706 2352 sacerdotes

122 2408 141 2440 ι
190 2388 447 2442 abierunt
492 2389 545 2442 in
604 2396 807 2442 terram
870 2402 1031 2456 quam
1093 2387 1431 2458 ignorabant.
1465 2405 1483 2437 ›
1553 2384 1704 2439 Justa

117 2495 286 2537 causa
320 2479 628 2551 plangendi,
658 2480 802 2549 quod
847 2481 1001 2549 virgo
1049 2479 1281 2533 contrita
1306 2479 1416 2543 sit,
1452 2477 1562 2531 ﬁlia
1585 2491 1708 2547 per-

118 2588 304 2639 cussa,
335 2571 670 2642 populusque
724 2570 952 2626 deletus.
1003 2570 1060 2626 Si
1105 2572 1250 2626 enim
1275 2612 1288 2635 ,
1326 2571 1520 2640 inquit,
1560 2568 1708 2625 foras

116 2664 274 2719 exire
309 2660 530 2717 voluero
552 2700 568 2727 ,
608 2659 926 2717 interfectos
968 2658 1162 2715 videbo
1194 2677 1207 2712 :
1241 2659 1285 2713 si
1330 2659 1538 2731 ingredi
1578 2658 1708 2713 civi—

119 2764 324 2817 tatem,
381 2762 683 2810 attenuatos
724 2760 780 2807 et
827 2752 1038 2808 ossibus
1082 2751 1173 2805 vix
1223 2751 1508 2815 haerentes,
1549 2748 1709 2804 famis

120 2846 453 2903 necessitate
472 2846 822 2916 conspiciam.
847 2845 914 2899 Et
936 2844 1063 2915 quid
1089 2844 1288 2899 mirum
1314 2843 1419 2899 hoc
1450 2844 1516 2899 de
1553 2842 1708 2914 plebe

118 2945 175 2992 et
209 2934 432 3002 ignobili
462 2934 619 3005 vulgo
651 2935 831 2989 dicere
856 2973 872 2999 ,
913 2949 1035 2989 cum
1084 2932 1359 3004 prOpheta:
1399 2948 1612 3004 quoque
1654 2940 1708 2987 et

118 3025 435 3087 sacerdotes
462 3025 554 3095 qui
589 3024 708 3079 aliis
753 3039 1009 3095 prospera
1054 3024 1486 3094 prophetabant,
1524 3032 1579 3078 et
1615 3023 1707 3093 qui

120 3120 395 3177 cebebant
418 3118 549 3188 legis
576 3116 788 3186 aperire
811 3116 1082 3179 mandata,
1108 3115 1209 3185 ipsi
1240 3115 1400 3169 ierint
1426 3116 1478 3169 in
1504 3124 1706 3170 terram

1809 577 1997 624 contra
2028 568 2315 625 Dominum
2366 585 2607 641 semper,
2666 578 2724 626 et
2768 569 3039 639 dispereat
3105 567 3172 624 de
3232 575 3377 625 terra

1809 660 2069 715 memoria
2096 676 2285 716 eorum
2313 658 2484 733 (Psal.
2516 660 2690 733 cvm).
2730 680 2749 712 ι
2813 691 2817 695 -

1840 823 1844 827 η
1884 771 1902 804 ‹
1938 750 2015 807 Ne
2036 767 2135 808 nos
2163 753 2256 809 des
2282 753 2338 807 in
2364 754 2708 825 opprobrium
2734 759 2958 825 propter
2982 766 3177 807 nomen
3206 760 3377 817 tuu‘m,

1814 861 1835 895 ι
1876 858 2051 915 neque
2088 828 2257 900 facias
2299 844 2453 900 nobis
2476 844 2874 901 contumeliam.
2920 842 3049 900 Solii
3076 844 3256 916 glorise
3280 852 3381 899 tuae

1815 951 1833 986 ‹
1880 930 2185 1004 recordare,
2228 953 2296 992 ne
2342 937 2558 992 irritum
2581 936 2747 992 facias
2794 937 2969 993 foedus
3011 946 3161 992 tuum
3203 938 3382 995 nobis-

1815 1044 1833 1078 ι
1877 1043 2016 1082 cum.
2060 1049 2079 1081 ι
2116 1028 2320 1083 Solium
2361 1029 2545 1100 gloriae
2586 1029 2679 1083 Dei
2711 1044 2815 1083 non
2853 1030 3026 1086 solum
3061 1031 3385 1086 arbitremur

1810 1120 2068 1188 templum
2095 1119 2467 1191 Judmte,quod
2491 1136 2633 1191 saepe
2660 1122 2991 1177 destructum
3012 1130 3114 1187 est,
3140 1123 3231 1177 sed
3259 1138 3377 1177 om-

1809 1223 1931 1264 nem
1957 1216 2198 1264 sanctum
2222 1212 2276 1265 in
2310 1227 2435 1281 quo,
2465 1209 2621 1279 juxta
2650 1210 2782 1266 illud
2804 1210 2945 1280 quod
2976 1213 3233 1283 scriptum
3262 1221 3344 1267 est
3368 1230 3380 1266 :

1811 1298 2087 1355 Thronum
2109 1300 2224 1370 ejus
2261 1299 2315 1354 in
2346 1308 2560 1361 terram,
2588 1302 2816 1357 allisisti.
2852 1301 3004 1358 Tunc
3028 1302 3264 1357 alliditur
3296 1312 3379 1357 at-

1810 1403 1914 1459 que
1942 1390 2270 1464 destruitur,
2303 1392 2515 1460 quando
2549 1392 2891 1447 multitudine
2927 1402 3270 1463 peccatorum
3305 1393 3387 1447 of—

1809 1480 2041 1537 fenderit
2075 1477 2264 1537 Deum.
2302 1480 2411 1536 Sed
2443 1470 2621 1539 tamen
2648 1484 2740 1556 qui
2762 1500 2859 1540 sua
2888 1485 3043 1555 culpa
3072 1486 3252 1556 periit,
3283 1487 3386 1557 Do-

1810 1569 1941 1625 mini
1972 1569 2255 1625 clementia
2300 1579 2659 1638 sustentatur,
2683 1588 2803 1643 quae
2832 1582 3076 1629 mutatur
3103 1575 3390 1630 severitate

1812 1662 2113 1728 sententiae,
2166 1663 2216 1717 si
2244 1663 2459 1719 irritum
2488 1662 2652 1719 faciat
2680 1664 2939 1721 Dominus
2964 1674 3181 1735 pactum
3208 1681 3407 1741 suum,

1813 1767 1921 1822 quo
1950 1768 2048 1808 nos
2078 1753 2256 1809 salvos
2281 1753 2492 1810 futuros
2511 1770 2632 1811 esse
2657 1755 2925 1825 pollicitus
2944 1766 3045 1813 est.

1887 1863 1907 1896 ‹
1952 1844 2202 1914 Nunquid
2278 1856 2401 1901 sunt
2480 1847 2535 1901 in
2592 1848 2931 1916 sculptilibus
3002 1850 3243 1920 gentium
3298 1849 3391 1920 qui

1813 1958 1831 1991 ι
1876 1937 2093 2009 pluant,
2128 1944 2219 1990 aut
2257 1937 2377 1991 coeli
2419 1946 2645 2007 possunt
2674 1937 2803 1994 dare
2830 1939 3072 1996 imbres?
3114 1940 3299 1996 Nonne
3328 1948 3385 1994 tu

1813 2048 1831 2082 ι
1878 2028 2200 2097 es,‘Domine
2211 2027 2376 2095 Deus,
2403 2043 2562 2098 quem
2584 2032 3044 2099 exspectavimus?
3067 2040 3122 2086 tu
3146 2033 3290 2087 enim
3307 2032 3385 2088 fe-

1814 2143 1832 2176 ‹
1880 2123 2003 2178 cisti
2039 2123 2219 2177 omnia
2250 2122 2383 2177 haec.
2433 2141 2451 2173 ι
2483 2120 2612 2177 Post
2639 2122 2837 2178 multos
2865 2123 3153 2194 variosque
3179 2139 3388 2180 sermo-

1807 2230 1904 2271 nes
1932 2214 2072 2269 redit
2110 2215 2176 2268 ad
2200 2213 2416 2269 titulum
2436 2214 2753 2285 prophetia,
2774 2216 2828 2270 in
2850 2230 2957 2287 quo
2983 2217 3245 2286 scriptum
3265 2224 3381 2273 est:

1813 2324 1831 2358 σ
1865 2304 2019 2372 Quod
2046 2302 2246 2359 factum
2285 2312 2367 2359 est
2407 2304 2632 2359 verbum
2657 2304 2869 2360 Domini
2908 2306 2975 2360 ad
3000 2303 3290 2361 Jeremiam
3320 2306 3389 2363 de

1809 2396 2149 2452 sermonibus
2169 2394 2451 2450 siccitatis.
2484 2413 2501 2445 ι
2529 2394 2671 2467 Ergo
2691 2396 2835 2467 quod
2854 2397 3003 2463 dicit,
3020 2398 3123 2453 hoc
3138 2406 3239 2462 est,
3262 2398 3389 2468 quia

1807 2486 2111 2542 daemonum
2155 2486 2441 2542 simulacra
2487 2500 2593 2541 non
2636 2495 2861 2557 possunt
2898 2488 3112 2565 pluere,
3144 2503 3243 2545 nec
3266 2488 3388 2545 caeli

1807 2592 1905 2647 per
1923 2592 1982 2633 se
2004 2576 2133 2631 dare
2151 2576 2377 2632 imbrem
2403 2591 2579 2642 suum,
2610 2577 2729 2633 ideo
2756 2586 2833 2644 tu,
2863 2578 3090 2633 Domine
3114 2579 3257 2633 Deus
3287 2592 3383 2632 no-

1810 2675 1938 2731 ster,
1987 2681 2147 2735 quem
2198 2680 2412 2736 semper
2460 2668 2909 2735 exspectavimus,
2956 2666 3009 2721 in
3063 2681 3221 2737 quem
3267 2681 3389 2737 spes

1810 2765 2026 2813 nostras
2055 2765 2110 2813 et
2131 2766 2255 2814 vota
2294 2758 2680 2824 convertimus,
2716 2767 2796 2824 tu,
2827 2759 2893 2814 da
2923 2758 3157 2829 pluviam
3186 2766 3333 2814 tuam
3364 2776 3377 2813 :

1810 2855 1902 2901 tua
1928 2847 2074 2903 enim
2118 2856 2240 2902 sunt
2273 2848 2471 2903 omnia.
2504 2848 2581 2904 Et
2597 2848 2855 2919 quidquid
2882 2848 3008 2903 boni
3040 2858 3154 2915 est,
3185 2850 3306 2904 sine
3330 2859 3383 2905 te

1808 2937 1960 3006 cujus
2004 2947 2116 3005 est,
2156 2940 2269 2994 dari
2308 2955 2415 2995 non
2448 2947 2644 3011 potest.
2700 2939 2953 2996 Dicamus
2978 2948 3035 2996 et
3063 2941 3167 2996 hoc
3198 2951 3385 2998 contra

1810 3034 2115 3100 haereticos,
2162 3034 2251 3102 qui
2296 3033 2532 3102 pluviam
2579 3033 2947 3089 doctrinarum
2995 3016 3233 3089 tribuere
3278 3050 3385 3090 non

1809 3133 2078 3197 possunt:
2116 3132 2171 3178 et
2218 3139 2339 3179 cum
2386 3137 2445 3177 se
2483 3123 2651 3179 caelos
2694 3138 2812 3179 esse
2839 3123 3179 3194 promittant,
3225 3131 3280 3180 et
3320 3125 3387 3180 de

120 3224 292 3280 quam
321 3208 670 3281 ignorabant,
711 3215 765 3262 et
813 3208 1141 3278 capliV’italiS
1187 3209 1540 3265 sustinuerint
1587 3224 1703 3263 ηια-
1732 3207 1777 3270 C
1808 3231 1867 3271 se
1907 3216 2163 3285 scriptum
2215 3215 2512 3285 glorientur
2549 3230 2564 3269 :
2608 3232 2627 3266 ι
2680 3212 2814 3268 Coeli
2857 3222 3116 3267 enarrant
3157 3213 3384 3284 gloriam

117 3301 269 3357 lum?
290 3300 523 3355 Audiant
546 3300 649 3355 hoc
682 3300 959 3371 propheta:
980 3299 1167 3363 nostri,
1197 3308 1251 3354 et
1271 3300 1414 3370 quod
1437 3314 1535 3355 nec
1559 3300 1703 3355 intus

120 3407 226 3447 nec
257 3390 393 3446 foris
416 3398 639 3460 propter
661 3390 1041 3461 negligentiam
1083 3405 1272 3445 eorum
1312 3392 1385 3447 sit
1414 3391 1522 3446 ulla
1552 3407 1707 3447 secu-

124 3481 263 3535 ritas
292 3494 306 3533 :
336 3479 479 3550 quod
512 3488 569 3534 et
616 3492 710 3534 eos
739 3478 1140 3545 scandalizent,
1170 3480 1264 3549 qui
1302 3478 1435 3535 foris
1476 3491 1621 3549 sunt,
1652 3490 1707 3537 et

119 3587 216 3628 eos
241 3572 338 3643 qui
365 3572 531 3638 intus,
552 3570 694 3627 fame
728 3571 951 3627 interire
974 3579 1279 3641 patiantur;
1307 3580 1363 3627 et
1402 3572 1494 3643 qui
1519 3580 1707 3628 aucto-

118 3680 212 3722 res
254 3664 458 3719 fuerint
488 3664 779 3736 peccandi,
810 3665 920 3720 sint
946 3665 1282 3720 cruciatuum
1310 3665 1464 3721 socii.

198 3775 221 3809 ι
268 3755 519 3826 Nunquid
566 3756 858 3827 projiciens
906 3754 1153 3825 abiecisti
1200 3756 1411 3823 Judam,
1450 3764 1544 3812 aut
1577 3772 1710 3814 tuon

128 3867 148 3901 ι
196 3846 513 3903 abominata
545 3855 628 3903 est
653 3848 836 3902 anima
869 3849 1003 3903 tua?
1028 3847 1207 3915 Quare
1233 3863 1364 3919 ergo
1392 3847 1705 3918 percussisti

125 3954 146 3990 ‹
190 3951 331 4003 nos,
370 3934 448 3990 ita
488 3943 549 3990 ut
577 3934 719 3990 nulla
745 3936 817 3990 sit
846 3938 1093 3991 sanitas?
1126 3936 1573 4007 Exspectavimus
1612 3952 1707 4008 pa-

127 4046 147 4080 ι
193 4043 342 4093 cem,
385 4034 439 4081 et
473 4039 581 4080 non
608 4033 694 4080 est
737 4027 936 4081 bonum
980 4045 993 4080 :
1031 4034 1087 4082 et
1123 4035 1336 4098 tempus
1376 4028 1705 4095 curationis,

126 4142 145 4174 ι
192 4128 251 4176 et
280 4134 407 4174 ecce
437 4118 695 4173 turbatio.
731 4136 748 4169 ι
786 4116 1009 4172 Miratur
1028 4120 1294 4189 propheta
1333 4120 1475 4189 quod
1514 4118 1707 4174 Judam

124 4224 180 4270 et
213 4211 541 4277 Jerusalem;
565 4218 619 4265 et
644 4209 872 4265 duarum
906 4209 1159 4264 videlicet
1184 4210 1420 4265 tribuum
1458 4224 1704 4281 regnum,

123 4304 178 4358 in
205 4290 320 4371 quo
347 4309 466 4356 erat
487 4307 542 4355 et
565 4298 755 4370 religio
781 4298 899 4364 Dei,
929 4306 984 4353 et
1008 4298 1193 4370 templi
1214 4299 1572 4367 caeremoniae,
1604 4301 1708 4355 Do-

121 4393 310 4448 minds
341 4400 450 4445 tam
493 4397 711 4459 repente
740 4387 1029 4459 projecerit
1056 4428 1072 4455 ,
1098 4396 1153 4443 et
1179 4396 1330 4445 tanta
1380 4391 1709 4460 percusserit

118 4474 306 4560 plaga,
330 4492 392 4538 ut
410 4482 555 4537 nulla
573 4482 746 4553 possit
775 4482 1021 4538 adhiberi
1042 4482 1331 4538 medicina.
1369 4503 1387 4534 ‹
1415 4482 1707 4553 Exspecta-

1807 3309 1903 3365 Dei
1927 3308 2098 3379 (Paul.
2118 3305 2293 3377 svnt),
2314 3328 2332 3359 ι
2363 3320 2543 3362 tamen
2569 3321 2675 3363 non
2701 3314 2925 3377 possunt
2953 3306 3152 3361 imbres
3182 3307 3383 3362 donare

1808 3400 2084 3457 doctrinae.
2121 3397 2282 3455 Solus
2321 3405 2404 3453 est
2425 3398 2583 3481 enim
2614 3398 2775 3463 Deus,
2824 3397 2916 3468 qui
2956 3412 3113 3452 suum
3151 3397 3387 3453 instruat

1807 3490 2088 3563 populum,
2134 3498 2190 3546 et
2224 3488 2564 3546 diversitates
2603 3488 2790 3560 gratiae
2833 3488 3034 3545 tribuat
3066 3497 3390 3559 exspectan-

1808 3582 1952 3636 tibus
1978 3597 2059 3635 se.

2405 3671 2632 3730 CAPUT
2675 3672 2764 3728 XV
2776 3710 2789 3726 .

1812 3784 1941 3840 Non
1992 3786 2138 3841 audit
2182 3784 2436 3839 Dominus
2492 3800 2665 3854 preces
2715 3780 2927 3854 Moysis
2957 3789 3040 3854 et_
3070 3780 3329 3854 Samuelis
3366 3799 3388 3840 :

1879 3856 2197 3926 prmdicatur
2231 3856 2406 3926 passio
2435 3852 2645 3926 Domini
2676 3862 2724 3908 et
2754 3852 2883 3908 ultio
2911 3853 2967 3907 in
3004 3852 3259 3908 Iudaeos:
3292 3852 3386 3910 de-

1881 3925 2050 3992 fertur
2082 3941 2180 3980 vos:
2201 3925 2275 3980 ad
2302 3925 2717 3995 prtedicatorem.

1887 4056 1905 4089 ι
1947 4037 2015 4091 Et
2059 4037 2193 4093 dixit
2223 4037 2482 4092 Dominus
2524 4036 2593 4091 ad
2620 4050 2708 4092 me
2740 4038 2755 4091 ὲ
2789 4034 2865 4092 Si
2891 4038 3145 4092 steterint
3174 4036 3387 4109 Moyses

1816 4146 1834 4180 ι
1879 4138 1935 4184 et
1968 4128 2183 4183 Samuel
2226 4143 2410 4184 coram
2440 4143 2527 4184 me
2568 4113 2914 4201 (sive/contra
2959 4129 3091 4201 me),
3147 4146 3252 4187 non
3299 4140 3387 4189 est

1818 4237 1836 4269 ι
1872 4218 2049 4272 anima
2076 4232 2196 4273 mea
2217 4218 2285 4273 ad
2310 4218 2564 4288 populum
2589 4218 2770 4273 istum.
2800 4236 2819 4270 ι
2854 4216 2963 4273 Hos
2983 4202 3129 4274 enim
3154 4219 3385 4290 legimus

1812 4309 1904 4364 ira;
1930 4308 2136 4364 Domini
2170 4323 2269 4378 pro
2300 4308 2496 4380 populo
2520 4308 2815 4375 restitisse,
2846 4316 2900 4365 et
2930 4307 3040 4377 jam
3069 4309 3385 4381 Dependen-

1814 4408 1919 4455 tem
1949 4398 2204 4455 avertisse
2244 4400 2585 4455 sententiam.
2618 4400 2763 4466 Etsi,
2805 4400 3001 4471 inquit,
3029 4401 3105 4456 illi
3138 4404 3387 4461 steterint

1810 4492 1893 4547 vel
1921 4492 1975 4547 in
2004 4501 2292 4562 conspectu
2326 4508 2445 4548 meo
2466 4534 2480 4559 ,
2515 4493 2599 4548 vel
2627 4501 2814 4549 contra
2854 4507 2941 4548 me
2987 4511 3000 4546 :
3039 4509 3265 4564 quorum
3293 4497 3385 4553 uni

116 4555 326 4643 θὶπίιιε,
376 4575 568 4645 inqu“:
622 4566 812 4645 Pacem
868 4583 923 4631 ει
964 4582 1179 4646 tempus
1229 4577 1545 4642 Ουτειῑίοηῖδν
1584 4596 1602 4627 ι
1650 4555 1784 4630 81D
1811 4584 1946 4639 dixit
1979 4555 2152 4639 Deus?
2176 4596 2206 4635 τ
2244 4555 2591 4648 ῡίιηίῑιθνιηθ,
2624 4592 2680 4638 et
2702 4583 3001 4653 percutiam
3022 4555 3276 4655 populum
3307 4586 3383 4642 is-

118 4668 339 4725 nullum
394 4672 477 4720 est
530 4664 765 4731 bonum,
817 4665 913 4721 sed
974 4666 1277 4721 econtrario
1326 4666 1603 4721 turbatio:
1644 4674 1704 4721 ut

119 4760 213 4815 ubi
249 4758 407 4830 prius
450 4756 625 4811 fuerat
656 4756 832 4812 cultus
856 4757 954 4812 Dei
982 4764 1145 4828 atque
1174 4758 1537 4827 tranquillitas
1565 4797 1579 4822 ,
1628 4758 1700 4812 ibi

120 4850 486 4908 seditionibus
509 4858 563 4902 et
594 4849 773 4904 hostili
803 4848 1023 4903 fremitu
1060 4850 1241 4903 omnia
1278 4850 1698 4918 complerentur.

121 4942 179 4997 Si
211 4939 433 5011 quando
464 4954 591 5009 ergo
620 4947 676 4993 et
702 4951 887 4994 nostra
920 4938 1070 5005 Sion,
1096 4937 1390 5012 nosterque
1426 4939 1563 4996 Juda
1610 4943 1707 4997 ab-

116 5035 313 5107 jicitur
340 5073 355 5100 ,
402 5040 458 5088 et
507 5032 915 5089 abominabitur
942 5033 1089 5087 illum
1127 5035 1307 5089 anima
1337 5035 1471 5100 Dei,
1501 5052 1705 5106 nequa-

122 5145 291 5200 quam
330 5127 609 5192 miremur,
661 5127 754 5181 sed
780 5128 950 5198 magis
981 5127 1222 5183 dicamus
1248 5128 1388 5197 quod
1412 5131 1656 5198 sequitur
1690 5149 1702 5184 :

201 5242 220 5273 ι
256 5218 638 5290 Cognovimus,
670 5216 915 5283 Domine,
946 5218 1252 5287 impietates
1281 5227 1491 5274 nostras
1521 5230 1575 5275 et
1604 5221 1709 5276 ini-

130 5329 149 5363 ι
194 5312 435 5381 quitates
458 5317 672 5380 patrum
700 5316 1027 5373 nostrorum,
1044 5310 1169 5379 quia
1190 5312 1531 5379 peccavimus
1554 5313 1699 5368 tibi.»

124 5399 196 5457 Et
221 5415 345 5465 nos,
378 5400 575 5468 inquit,
602 5408 657 5454 et
678 5406 859 5468 patres
882 5401 1051 5453 nostri
1074 5400 1262 5455 eadem
1286 5401 1554 5470 dementia
1582 5418 1705 5472 per.

126 5497 289 5559 cepta
321 5488 652 5558 negleximus
677 5528 691 5553 ,
724 5498 777 5543 et
802 5489 1020 5558 impleta
1056 5500 1140 5545 est
1171 5492 1222 5545 in
1258 5492 1410 5548 nobis
1450 5508 1703 5550 mensura

130 5579 419 5650 majorum,
455 5588 514 5634 ut
540 5581 801 5650 quidquid
828 5580 931 5635 illis
956 5579 1235 5648 defuerat,
1260 5591 1447 5638 nostro
1490 5586 1704 5651 cumulo

131 5668 513 5738 compleretur.
564 5667 714 5723 Unde
746 5678 800 5724 et
848 5669 913 5724 de
950 5668 1084 5724 Juda
1111 5672 1305 5727 dicitur
1332 5692 1343 5727 :
1376 5693 1392 5723 ί
1423 5672 1479 5727 In
1502 5690 1704 5731 memo-

132 5760 274 5813 riam
305 5758 487 5813 redeat
532 5757 788 5827 iniquitas
813 5769 1027 5827 patrum
1051 5758 1167 5827 ejus
1192 5754 1245 5816 in
1275 5774 1562 5833 conspectu
1602 5767 1703 5823 Do-

1810 4686 1943 4740 tum,
1981 4696 1999 4728 ι
2034 4684 2212 4729 tamen
2239 4690 2346 4731 non
2377 4674 2683 4738 exaudiam,
2718 4674 2972 4744 quoniam
3012 4685 3382 4732 consummata

1811 4777 1936 4823 sunt
1954 4766 2157 4822 scelera
2178 4765 2355 4836 populi
2372 4764 2747 4834 delinquentis.
2770 4763 2909 4830 Quid
2928 4771 3031 4821 est.
3054 4765 3195 4834 quod
3210 4764 3384 4819 inter-

1810 4860 1990 4916 missis
2017 4859 2323 4928 relictisque
2348 4865 2427 4913 tot
2452 4857 2697 4927 patribus
2719 4855 2815 4910 soli
2846 4854 3056 4927 Moyses
3078 4865 3133 4911 et
3162 4854 3377 4911 Samuel

1813 4950 1879 5002 ad
1930 4947 2163 5012 medium
2212 4947 2588 5009 deducuntur,
2642 4958 2872 5014 quorum
2921 4944 3059 4999 mira
3110 4943 3385 5001 obtinendi

1811 5038 1980 5091 virtus
2006 5036 2306 5091 ostenditur
2324 5076 2339 5101 ,
2364 5035 2491 5089 dum
2520 5050 2619 5090 nec
2642 5035 2743 5105 ipsi
2764 5050 2923 5105 posse
2954 5035 3284 5091 intercedere
3308 5035 3385 5090 di-

1808 5136 2021 5193 cuntur,
2058 5142 2123 5183 ac
2149 5128 2196 5181 si
2223 5136 2407 5198 aperte
2433 5127 2689 5181 Dominus
2711 5126 2853 5180 dicat
2878 5143 2891 5180 :
2916 5124 3027 5181 Nec
3054 5126 3172 5181 illos
3195 5127 3378 5193 audio,

1807 5236 1942 5292 quos
1984 5231 2203 5291 propter
2240 5236 2488 5289 magnum
2531 5219 2803 5289 petitionis
2843 5235 2953 5275 suae
2994 5221 3241 5277 meritum
3282 5221 3382 5275 mi-

1808 5313 1954 5368 nime
1992 5314 2317 5369 contemno?
2343 5312 2482 5379 Quid
2520 5327 2649 5383 ergo
2677 5320 2760 5367 est
2799 5314 2943 5383 quod
2974 5312 3181 5384 Moyses
3204 5322 3259 5368 et
3285 5314 3385 5370 Sa-

1807 5404 1950 5459 muel
1978 5404 2186 5459 caeteris
2219 5404 2461 5473 patribus
2500 5403 2553 5458 in
2583 5403 2944 5472 postulatione
2990 5405 3383 5473 praeferuntur?

1804 5496 1908 5551 nisi
1938 5496 2079 5565 quod
2100 5495 2204 5549 duo
2230 5495 2317 5550 isti
2343 5494 2711 5549 tantummodo
2747 5495 3019 5555 incuncta
3051 5495 3382 5551 'l‘estamenti

1810 5584 2017 5640 Veteris
2048 5585 2188 5640 serie
2221 5585 2383 5639 etiam
2426 5600 2523 5655 pro
2567 5584 2797 5640 inimicis
2837 5585 2950 5641 suis
2995 5584 3240 5656 leguntur
3286 5600 3382 5641 ex-

1803 5690 2006 5731 orasse.
2037 5676 2186 5732 Unus
2210 5692 2239 5729 a
2262 5675 2460 5746 populo
2482 5675 2747 5746 lapidibus
2770 5676 3072 5748 impetitur,
3100 5684 3155 5729 et
3197 5683 3377 5743 tamen

1802 5782 1901 5838 pro
1926 5768 2315 5838 lapidatoribus
2335 5769 2447 5825 suis
2476 5769 2759 5826 Dominum
2787 5771 3131 5839 deprecatur-
3150 5768 3289 5823 alter
3305 5784 3372 5825 ex
