3910 6342
428 348 538 415 993

1068 350 1130 405 n:
1168 326 1425 407 assam
1463 344 1683 406 MAURI
1721 341 2029 404 sacmsr

2143 344 2403 427 ccum.
2441 340 2729 404 OPEBUM
2761 343 2942 405 rans
2978 346 3065 404 ιιι.

3610 352 3724 409 924

425 469 734 545 principatu
764 468 1035 539 dejicitur,
1081 480 1136 527 et
1173 464 1356 527 tamen
1398 470 1626 551 petitus,
1658 475 1719 526 ut
1746 474 2023 550 εισι-πει,
2130 483 2242 525 non
2277 465 2576 535 liberavit,
2613 468 2709 523 sed
2752 474 2963 524 tantum
2988 467 3140 527 ,lilias
3186 486 3307 542 qua:
3330 470 3564 529 forsitan
3612 489 3726 530 non

427 562 663 630 fatetur,
701 562 887 618 dicens
921 562 1119 618 :Absit
1145 577 1176 617 a
1208 577 1295 617 me
1345 562 1449 619 hoc
1492 556 1868 635 peccatnm‘in
1920 560 2025 618 Do-

431 654 603 719 mino,
629 652 917 733 quominus
946 644 1159 708 cessem
1211 666 1370 709 orare
1395 668 1499 726 pro
1524 654 1700 712 vobis.
1722 672 1763 706 -ι
1792 652 1850 711 Si
1877 653 2026 733 Moy-

428 736 546 810 ses,
581 734 782 815 inquit,
823 732 878 801 ct
914 741 1134 800 Samuel
1162 744 1416 800 steterint
1440 760 1627 801 coram
1663 760 1773 812 me,
1803 732 1909 800 non
1939 754 2026 801 est

372 870 375 873 -
432 836 612 891 anima
643 850 760 891 mea
781 834 1123 908 ad~p0pnlum
1150 836 1349 902 istum;
1399 857 1418 891 ι
1458 853 1522 894 ac
1550 838 1597 893 si
1620 847 1806 909 aperte
1828 838 1975 893 dicat
2006 857 2020 892 :

432 927 545 984 Nec
574 928 693 984 illos
716 928 875 984 modo
903 944 1004 999 pro
1032 926 1425 995 amicisaudio,
1450 945 1588 1002 quos
1619 944 1831 1001 magnae
1853 929 2025 984 virtu-

433 1022 505 1077 tis
531 1022 725 1078 merito
746 1038 906 1077 orare
935 1022 1101 1088 etiam
1124 1037 1226 1095 pro
1256 1022 1491 1078 inimicis
1521 1023 1654 1079 scio.
1686 1023 1873 1079 Virtus
1894 1038 2033 1095 ergo

431 1125 576 1166 verae
626 1111 890 1168 orationis
942 1117 1053 1193 est,
1108 1110 1383 1169 celsitudo
1426 1112 1714 1195 charitatis
1742 1118 1844 1173 :et
1893 1120 2022 1168 tunc

433 1202 663 1273 quisque
699 1196 843 1275 quod
875 1212 1020 1262 recte
1042 1191 1183 1285 petit
1214 1202 1534 1277 adipiscitur
1558 1246 1572 1269 ,
1604 1191 1733 1285 cum
1759 1203 1875 1274 ejus
1900 1206 2023 1260 ani.

432 1308 555 1349 mus
578 1294 631 1349 in
674 1294 936 1364 petitione
966 1284 1067 1370 nec
1098 1295 1308 1351 inimici
1337 1296 1463 1351 odio
1485 1293 1750 1351 fuscatur.
1782 1295 1920 1350 Huic
1946 1295 2022 1351 si-

408 1386 560 1442 rmile
597 1398 681 1443 est
736 1386 888 1454 illud,
936 1388 1079 1458 quod
1135 1388 1508 1445 in‘Ezechiele
1557 1388 1766 1461 legitur
1802 1386 2025 1459 (Ezech.

431 1476 545 1550 11v)
587 1494 600 1532 :
636 1467 664 1529 ἰ
701 1478 768 1533 Ει
794 1477 968 1535 factus
1002 1486 1087 1536 est
1111 1496 1291 1536 sermo
1329 1478 1545 1535 Domini
1582 1479 1646 1535 ad
1678 1494 1766 1534 me
1794 1478 2022 1534 dicens:

429 1565 535 1623 Fili
563 1566 1008 1636 hominis,‘terra
1038 1586 1162 1627 cum
1183 1571 1492 1641 peccaverit
1537 1569 1691 1636 mihi,
1723 1577 1783 1649 ut
1822 1583 2027 1639 praeva-

431 1659 637 1725 ricetur
663 1660 1048 1732 praevaricans,
1078 1672 1131 1721 et
1154 1663 1442 1720 extendam
1471 1674 1691 1718 manum
1721 1677 1898 1718 meam
1930 1677 2023 1717 su-

428 1765 529 1823 per
556 1740 707 1818 cam,
736 1760 791 1807 et
822 1763 1101 1810 conteram
1132 1755 1339 1826 virgam
1371 1753 1526 1824 panis
1562 1746 1702 1821 ejus,
1736 1751 2024 1809 et'im‘mit-

434 1849 543 1896 tam
562 1842 615 1895 in
637 1856 753 1897 eam
773 1842 990 1910 famem,
1020 1851 1077 1898 et
1104 1839 1429 1898 interliciam
1455 1843 1521 1902 de
1550 1857 1614 1897 ea
1646 1841 1943 1908 hominem,
1971 1851 2027 1899 et
2054 1826 2102 1892 Β

427 1920 715 2005 iumenta:
751 1940 805 1990 et
830 1935 876 1990 si
912 1928 1121 1991 fuerint
1159 1941 1273 1991 tres
1301 1932 1402 1989 viri
1451 1934 1543 1990 isti
1585 1934 1642 1990 in
1682 1935 1859 1991 medio
1885 1935 2023 2006 ejus,

431 2025 565 2091 Noe,
591 2033 647 2082 et
694 2025 901 2093 Daniel,
950 2036 1018 2083 et»
1046 2022 1148 2082 Job
1171 2068 1184 2091 ,
1220 2027 1321 2097 ipsi
1345 2028 1559 2097 justitia
1587 2043 1683 2083 sua
1717 2026 2027 2103 liberabunt

432 2119 646 2175 animas
695 2130 840 2183 suas,
883 2115 958 2174 ait
1008 2114 1271 2175 Dominus
1305 2116 1663 2173 exercituum.
1696 2117 1852 2184 Quod
1887 2117 1932 2172 si
1972 2124 2028 2172 et

431 2210 637 2268 bestias
680 2212 946 2287 pessimas
989 2206 1256 2279 induxero
1284 2224 1449 2282 super
1475 2218 1678 2265 terram
1715 2216 1777 2264 ut
1821 2217 2025 2266 vastem

433 2314 575 2365 eam,
605 2306 661 2354 et
701 2288 871 2355 fuerit
912 2299 1057 2357 invia
1080 2340 1096 2364 ,
1132 2316 1200 2354 eo
1231 2299 1375 2373 quod
1416 2315 1524 2357 non
1554 2299 1627 2355 sit
1653 2300 2026 2370 pertransiens

433 2399 659 2461 propter
691 2391 897 2446 bestias
916 2432 931 2456 ,
951 2397 1068 2445 tres
1093 2389 1196 2445 viri
1228 2390 1316 2446 isti
1335 2389 1440 2459 ’qui
1480 2390 1683 2447 fuerint
1703 2388 1758 2445 in
1786 2405 1874 2458 ea,
1902 2389 2027 2446 vivo

435 2494 557 2553 ego,
590 2478 720 2536 dicit
754 2476 1035 2545 Dominus,
1072 2480 1199 2551 quia
1228 2493 1329 2536 nec
1362 2479 1502 2535 ﬁlios
1530 2495 1630 2536 nec
1660 2464 2028 2537 ﬁlias‘iibera-

434 2573 610 2663 bunt:
639 2570 735 2663 sed
761 2566 867 2663 ipsi
1027 2570 1433 2663 liberabuntur,
1466 2579 1613 2627 terra
1650 2579 1843 2663 autem,
1871 2571 2028 2629 deso-

438 2661 664 2735 labitur.
681 2661 778 2719 Vel
790 2663 836 2724 si
853 2659 1092 2733 gladium
1110 2661 1374 2719 induxero
1396 2678 1558 2737 super
1572 2671 1776 2718 terram
1791 2659 1938 2718 illam
1940 2705 1959 2733 θ
1974 2671 2030 2720 et

439 2754 627 2823 dixero
653 2748 833 2826 gladio
849 2772 862 2811 :
881 2750 1074 2811 Transi
1098 2770 1195 2827 per
1204 2770 1348 2829 eam.
1375 2763 1431 2810 et
1444 2754 1768 2812 interfecero
1782 2755 1848 2811 de
1860 2770 1924 2811 ea
1938 2755 2031 2811 ho-

439 2842 642 2902 minem
663 2852 719 2902 et
735 2843 1065 2915 iumentum,
1095 2854 1151 2903 et
1171 2854 1283 2902 tres
1304 2845 1405 2900 viri
1435 2845 1526 2901 isti
1552 2844 1755 2925 fuerint
1776 2848 1830 2903 in
1853 2847 2030 2903 medio

438 2935 579 3016 ejus,
611 2936 733 2991 vivo
763 2951 894 3011 ego,
916 2933 1059 3011 dicit
1088 2934 1349 3016 Dominus
1376 2933 1519 2992 Deus
1540 2976 1556 3001 ,
1588 2951 1695 2991 non
1724 2934 2032 2994 liberabant

428 3011 580 3082 ‘ﬁiios
624 3039 725 3081 nec
766 3026 924 3092 ﬁlias,
976 3027 1070 3081 sed
1114 3011 1215 3097 ipsi
1254 3024 1356 3103 soli
1405 3026 1801 3103 liberabuntur,
1858 3047 1877 3079 ι
1924 3037 2030 3083 etc.

440 3110 716 3184 Quaeritur
742 3128 863 3171 cum
898 3118 955 3170 et
974 3115 1270 3195 Abraham,
1301 3122 1356 3171 et
1381 3115 1556 3184 Isaac,
1587 3125 1643 3172 et
1670 3116 1857 3188 Jacob,
1883 3113 2032 3189 Moy-

388 3290 395 3295 ‘
441 3225 530 3268 ses
554 3206 779 3281 quoque
826 3216 884 3266 et
933 3186 1113 3265 caeteri
1156 3210 1483 3290 patriarchae
1518 3218 1574 3264 et
1602 3184 2028 3281 prophetaejusti
2058 3184 2103 3247 Ο

441 3301 665 3367 fuerint,
690 3298 794 3363 cu'r
839 3301 1036 3357 horum
1084 3297 1462 3358 tantummodo
1503 3301 1598 3357 ﬁat
1633 3301 1859 3369 mentio,
1888 3303 2030 3377 quod

440 3391 601 3447 facile
638 3382 1046 3467 solvitur.‘Noe
1075 3391 1221 3447 enim
1255 3390 1546 3449 imminens
1573 3393 1723 3450 orbis
1759 3402 2029 3449 terrarum

441 3480 724 3548 diluvium,
769 3482 894 3553 quia
939 3480 1119 3538 omnis
1166 3490 1311 3539 terra
1338 3484 1605 3554 polluerat
1639 3484 1757 3541 vias
1792 3483 2029 3552 Domini,

443 3575 659 3657 differre
694 3591 801 3631 non
840 3577 1041 3647 potuit,
1083 3576 1178 3632 sed
1222 3576 1361 3631 ﬁlios
1389 3577 1482 3647 qui
1513 3576 1747 3641 forsitan
1787 3575 2034 3647 ejusdem

441 3674 662 3729 virtutis
684 3681 858 3738 erant,
891 3681 947 3728 et
974 3672 1046 3733 ob
1071 3672 1426 3727 seminarium
1446 3672 1667 3727 humani
1698 3672 1912 3742 generis
1933 3673 2033 3727 ha-

413 3764 563 3823 'buit
602 3756 928 3820 reservatus.
963 3761 1149 3817 Daniel
1188 3777 1401 3833 quoque
1446 3762 1825 3836 imminentem
1866 3761 2037 3833 capti-

443 3839 671 3913 vitalem
710 3855 890 3927 populi
939 3854 1247 3910 Judaeorum
1286 3853 1447 3910 nullis
1486 3852 1701 3911 fletibus
1744 3851 2029 3925 mitigavit.

446 3948 554 4006 Sed
578 3948 811 4019 Job'non
836 3948 905 4004 ob
937 3954 1181 4018 peccata,
1212 3947 1308 4002 sed
1328 3946 1397 4001 ob
1423 3947 1798 4018 probationem
1822 3959 1924 4002 nec
1943 3944 2037 4001 do-

445 4029 595 4099 mum
624 4055 724 4095 nec
755 4039 893 4094 ﬁlios
922 4038 1189 4093 liberavit.
1219 4037 1322 4091 Alii
1358 4027 1539 4091 autem
1569 4037 1753 4092 dicunt
1784 4054 1797 4091 :
1823 4036 1950 4106 quia
1981 4036 2037 4090 hi

448 4142 658 4192 tantum
698 4142 809 4188 tres
836 4132 938 4186 viri
964 4138 1020 4186 et
1058 4144 1318 4201 prospera
1360 4138 1417 4184 et
1451 4129 1701 4194 adversa,
1733 4136 1789 4183 et
1820 4142 2038 4182 rursum

448 4239 705 4299 prospera
732 4228 1149 4298 cpnspexeruut,
1176 4220 1378 4276 idcirco
1400 4210 1605 4291 pariter
1632 4219 1960 4283 nominatos,
1984 4223 2039 4272 et

449 4317 552 4375 hoc
600 4314 832 4372 latenter
882 4308 1200 4387 significari,
1260 4318 1319 4365 ut
1358 4311 1629 4383 quomodo
1673 4309 1748 4365 illi
1790 4311 1939 4367 bona
1985 4318 2041 4364 et

450 4408 616 4473 mala,
666 4411 721 4461 et
776 4420 990 4459 rursmn
1040 4402 1163 4457 laeta
1212 4396 1487 4465 viderunt,
1552 4402 1631 4456 sic
1675 4409 1731 4455 et
1780 4401 2040 4471 populum

452 4498 637 4565 Israel,
662 4496 751 4567 qui
773 4496 924 4566 prius
950 4493 1105 4550 bonis
1131 4490 1330 4574 frujtus
1356 4491 1557 4556 fuerat,
1580 4500 1635 4546 et
1658 4500 1843 4562 postea
1870 4494 2042 4562 capti-

453 4591 635 4649 vitatis
664 4587 918 4645 sustinuit
941 4583 1151 4657 jugum,
1183 4583 1226 4637 si
1250 4583 1424 4660 egerit
1442 4583 1836 4653 paenitentiam,
1863 4583 2043 4638 redire

454 4680 624 4752 possit
650 4678 719 4733 ad
756 4677 1043 4747 pristinam
1071 4672 1401 4753 felicitatem.
1432 4671 1582 4739 Quod
1610 4672 1655 4726 si
1693 4671 1826 4736 Noe,
1854 4681 1908 4726 et
1936 4672 2040 4727 Da-

455 4772 584 4839 niel,
612 4780 669 4827 et
699 4768 819 4835 Job,
849 4769 1055 4840 pariter
1099 4765 1408 4837 congregati
1452 4764 1589 4819 etin
1632 4780 1739 4819 uno
1785 4765 2044 4836 loco-po-

456 4865 567 4930 siti,
611 4863 968 4935 peccatricem
1015 4868 1241 4926 terram,
1289 4859 1392 4915 hoc
1420 4864 1653 4924 est,'eos
1678 4860 1769 4929 qui
1804 4858 1857 4914 in
1896 4868 2042 4916 terra

459 4956 734 5019 habitant,
762 4970 869 5008 non
892 4961 1128 5023 possunt
1155 4968 1249 5006 ira:
1286 4951 1382 5007 Dei
1404 4951 1725 5007 subtrahere
1759 4968 1771 5004 :
1801 4949 1929 5021 quid
1958 4951 2042 5006 di-

440 5047 687 5128 cendum
736 5052 820 5100 est
860 5046 928 5100 de
964 5043 1048 5098 bis
1075 5042 1179 5112 qui.
1201 5051 1389 5111 putant
1420 5043 1621 5097 merito
1642 5051 1928 5112 parentum
1956 5051 2043 5097 at-

460 5153 568 5211 que
611 5136 900 5191 virtutibus
944 5148 1104 5206 posse
1150 5132 1287 5188 ﬁlios
1332 5142 1648 5203 peccatores
1680 5134 1746 5188 de
1785 5126 2074 5208 gehennze

462 5230 675 5306 ignibus
721 5227 977 5287 liberari?
1014 5223 1167 5283 Unde
1205 5239 1305 5281 ree
1351 5224 1825 5313 praevaricatorem
1875 5226 2043 5281 ﬁlium

463 5332 618 5396 pater
654 5321 854 5391 poterit
912 5317 1163 5380 liberare,
1210 5322 1311 5379 nec
1359 5325 1562 5375 sancta:
1618 5319 2044 5392 conversationis

466 5422 640 5469 mater
694 5408 977 5478 impudica:
1015 5405 1138 5464 ﬁlia:
1175 5407 1331 5465 dabit
1370 5407 1593 5479 prazmia
1630 5409 1903 5478 pudicitiae
1934 5425 1947 5464 :
1989 5422 2045 5464 et

2068 4544 2122 4607 D

2128 570 2527 633 peccaverant;
2558 559 2803 640 etJosias
2822 601 2837 628 ,
2869 562 2953 616 vir
2978 569 3217 628 sanctus,
3251 580 3358 620 non
3387 565 3565 621 solum
3591 583 3728 639 pec-

2126 660 2367 710 catorem
2389 652 2646 724 populum
2679 654 2796 725 suis
2822 652 3113 720 virtutibus
3134 670 3242 711 non
3268 657 3519 723 saivavit,
3549 661 3645 715 sed
3666 670 3733 716 et

2126 751 2242 823 ipse
2258 748 2311 805 in
2326 751 2566 820 peccatis
2586 749 2732 806 illius
2748 742 2993 809 mortuus
3013 758 3095 805 est
3110 744 3165 823 (Ι
3182 746 3219 803 ν
3236 749 3491 833 Reguli
3503 764 3555 808 et
3571 754 3727 827 xm).

2119 841 2281 925 Quod
2300 842 2345 897 si
2372 843 2664 913 aliquando
2692 851 2914 915 propter
2933 836 3207 899 Abraham
3240 852 3295 900 et
3332 845 3508 901 David
3536 848 3593 904 in
3624 862 3733 917 p0—

2127 945 2303 993 steros
2329 950 2521 992 eorum
2551 936 2981 993 misericordiam
3002 952 3177 1011 suam
3204 938 3469 995 Dominus
3496 940 3728 1008 pollice-

2127 1036 2237 1094 tur,
2290 1028 2587 1084 notandum
2625 1029 2751 1099 quia
2780 1045 2886 1092 non
2913 1030 2998 1084 his
3029 1038 3237 1100 parcat,
3277 1030 3368 1100 qui
3400 1031 3454 1085 in
3492 1030 3727 1085 sceleti-

2125 1112 2637 1195 buszerseverent,
2688 1118 2780 1173 sed
2835 1119 2927 1188 qui
2977 1130 3143 1189 agunt
3184 1120 3605 1190 pmnitudinem,
3660 1129 3729 1175 ιιι

2126 1210 2321 1265 merita
2344 1217 2559 1280 patrum
2591 1209 2822 1263 ﬁliorum
2856 1204 3073 1277 adjuvet
3103 1209 3405 1263 conversio.
3442 1208 3602 1273 Cum,
3633 1206 3727 1264 in-

2126 1302 2263 1375 quit,
2308 1303 2443 1358 baec'
2470 1318 2529 1358 se
2559 1298 2633 1357 ita
2677 1302 2932 1368 habeant,
2963 1308 3020 1357 et
3057 1310 3259 1372 terram
3283 1303 3651 1371 peccatricem
3693 1317 3727 1356 ει

2128 1393 2355 1465 singulis
2385 1394 2562 1466 plagis
2595 1400 2875 1448 tantorum.
2917 1392 3157 1448 virerum
3186 1379 3292 1447 non
3324 1392 3496 1447 salvet
3522 1392 3715 1461 depre-

2126 1488 2292 1553 catio,
2347 1487 2428 1543 sic
2463 1487 2593 1543 dicit
2647 1486 2909 1542 Dominus
2937 1486 3099 1551 Deus,
3134 1484 3227 1553 qui
3263 1483 3568 1539 Jerusalem
3629 1497 3731 1538 ιιε-

2127 1572 2294 1646 fauda
2318 1576 2589 1648 peccavit,
2629 1584 2864 1647 quatuor
2894 1576 3053 1631 simul
3082 1575 3271 1646 plagas
3299 1582 3596 1637 tantorum,
3634 1574 3725 1633 in-

2126 1668 2323 1725 ducam
2364 1682 2526 1740 super
2564 1683 2687 1723 eam
2718 1666 2976 1739 gladium,
3014 1681 3122 1738 quo
3165 1661 3234 1719 ab
3280 1663 3528 1719 hostibus
3555 1661 3729 1716 truci-

2130 1761 2309 1826 datur,
2340 1768 2395 1815 et
2424 1759 2620 1815 famem
2644 1800 2659 1824 ,
2686 1773 2849 1829 quam
2876 1758 2928 1811 in
2958 1754 3239 1812 obsidione
3266 1754 3520 1819 sustinet,
3548 1754 3728 1808 ethe-

2130 1851 2297 1916 stias,
2331 1849 2529 1923 quibus
2567 1841 2835 1919 fugientes
2868 1846 2922 1901 in
2949 1845 3181 1902 desertis
3207 1852 3264 1901 et
3293 1844 3522 1899 saltibus
3560 1843 3731 1898 dero.

2129 1953 2301 2009 ratur,
2313 1952 2367 1998 et
2382 1943 2743 2013 pestilentiam
2754 1982 2767 2007 ,
2786 1956 2905 2011 qua:
2916 1955 3130 2012 semper
3145 1940 3342 1995 famem
3358 1955 3423 1995 ac
3436 1939 3727 2010 penuriam

2128 2032 2394 2102 sequitur,
2424 2047 2523 2103 pro
2558 2046 2665 2101 qua
2709 2023 2920 2104 vulgata
2962 2029 3130 2085 editio
3155 2038 3389 2085 mortem
3416 2029 3722 2086 transtulit.

2128 2118 2276 2188 Haec,
2310 2123 2506 2193 inquit,
2544 2122 2797 2179 inducam
2822 2135 2986 2191 super
3003 2136 3147 2187 eam,
3169 2129 3229 2175 ut
3254 2135 3357 2176 nec
3384 2120 3636 2175 homines
3668 2118 3725 2173 in

2128 2228 2193 2270 ea
2223 2223 2563 2279 remaneant,
2586 2210 2968 2285 necjumenta.

2204 2322 2223 2355 ι
2268 2302 2415 2373 Ejice
2445 2302 2545 2375 (vel
2571 2302 2783 2374 emitte)
2815 2302 2933 2357 illos
2963 2317 2994 2357 a
3028 2301 3167 2357 facie
3192 2312 3409 2368 mea,et
3430 2302 3723 2374 egredian-

2114 2408 2154 2446 η(
2186 2402 2292 2450 tur.
2316 2414 2334 2447 ι
2362 2393 2482 2449 Non
2505 2392 2623 2449 loco
2651 2389 2910 2447 recedunt
2932 2408 2961 2446 a
2992 2394 3469 2464 Deo-peccatores,
3504 2394 3598 2448 sed
3627 2406 3729 2446 vo-

2127 2486 2358 2552 luntate,
2386 2484 2695 2557 quanquam
2729 2486 2969 2557 legamus
2993 2492 3049 2541 et
3067 2483 3243 2540 Adam
3266 2493 3323 2541 et
3351 2483 3486 2541 Cain
3520 2483 3729 2554 eiectos

2130 2593 2249 2635 esse
2271 2593 2303 2632 a
2327 2575 2469 2635 facie
2496 2578 2590 2633 Dei
2619 2576 2772 2651 (Gen.
2807 2577 2913 2649 ιιι).

2206 2688 2225 2721 ι
2269 2669 2422 2739 Quod
2457 2671 2502 2726 si
2529 2670 2766 2727 dixerint
2796 2670 2865 2725 ad
2894 2679 2986 2727 te:
3016 2664 3134 2737 Quo
3165 2670 3551 2743 egrediemur?
3579 2667 3731 2725 dices

2136 2779 2155 2813 ‹
2201 2760 2269 2817 ad
2312 2774 2405 2816 eos
2431 2775 2446 2815 :
2478 2758 2605 2817 Haac
2639 2760 2770 2816 dicit
2797 2760 3061 2841 Dominus
3091 2774 3106 2815 :
3135 2760 3237 2827 Qui
3267 2760 3335 2814 ad
3363 2768 3627 2835 mortem,
3658 2762 3731 2815 ad

2137 2875 2157 2909 ι
2204 2864 2475 2923 mortem;
2518 2865 2576 2911 ει
2624 2856 2719 2926 qui
2748 2855 2817 2911 ad
2849 2854 3120 2927 gladium,
3150 2854 3217 2909 ad
3253 2854 3524 2926 gladium;
3557 2855 3729 2925 etqui

2138 2964 2158 2997 Ι
2202 2946 2269 3015 ad
2303 2945 2524 3010 famem,
2571 2946 2640 3001 ad
2664 2944 2895 3013 famem;
2926 2934 3102 3015 etqui
3129 2945 3195 3000 ad
3228 2946 3624 3016 captivitatem,
3661 2947 3732 3001 ad

2139 3057 2157 3089 α
2198 3036 2595 3110 captivitatem.
2622 3037 2691 3093 Et
2703 3036 2940 3093 visitabo
2955 3050 3120 3108 super
3130 3050 3224 3091 eos
3245 3045 3480 3105 quatuor
3493 3036 3730 3106 species,

2140 3148 2158 3181 ι
2198 3128 2331 3184 dicit
2365 3126 2665 3183 Dominus:
2701 3126 2939 3199 gladium
2977 3127 3045 3181 ad
3072 3126 3426 3190 occisionem,
3473 3133 3529 3180 et
3565 3116 3733 3178 canes

2140 3240 2158 3272 ε
2203 3220 2270 3276 ad
2312 3216 2684 3285 lacerandum,
2716 3227 2772 3275 et
2796 3218 3050 3274 .volatilia
3077 3217 3199 3274 coeli
3230 3225 3287 3272 et
3325 3216 3533 3289 bestias
3572 3220 3734 3271 terrae

2141 3296 2163 3365 ι⁵
2204 3312 2272 3367 ad
2297 3311 2663 3368 devorandum
2688 3319 2745 3368 et
2772 3311 3164 3381 dissipandum.
3198 3329 3216 3361 ι
3250 3310 3499 3377 Quatuor
3520 3308 3728 3380 plagas,

2090 3416 2093 3417 '
2135 3393 2332 3478 quibus
2358 3401 2698 3459 traditusest
2735 3400 2963 3471 populus
3001 3399 3330 3464 Judazorum,
3372 3394 3550 3454 etiam
3594 3398 3731 3453 Eze-

2136 3492 2326 3547 chielis
2352 3492 2635 3561 prophetia
2656 3491 2994 3563 demonstrat
3024 3483 3239 3563 (Ezech.
3271 3488 3388 3560 xiv)
3420 3507 3435 3542 :
3469 3488 3731 3558 gladium,

2135 3578 2521 3655 pestilentiam,
2564 3583 2782 3650 famem,
2826 3583 3029 3639 bestias
3076 3589 3132 3636 et
3164 3580 3558 3650 captivitatem.
3589 3579 3735 3639 inter

2137 3661 2339 3732 bestias
2388 3683 2570 3729 autem
2617 3682 2780 3729 canes
2831 3688 3045 3744 quoque
3091 3672 3423 3744 et_volatilia
3474 3672 3730 3743 intellige,

2138 3764 2334 3837 quibus
2365 3766 2431 3821 ad
2461 3764 2749 3820 laceranda
2779 3773 2834 3819 ει
2860 3763 3167 3819 devoranda
3199 3773 3254 3819 et
3275 3764 3591 3833 dissipanda
3612 3779 3735 3819 cor-

2136 3870 2270 3927 pora
2304 3854 2500 3910 tradita
2530 3862 2675 3909 sunt.
2705 3850 2891 3925 Neque
2914 3854 3057 3909 enim
3076 3853 3193 3915 ﬁeri
3222 3862 3439 3924 poterat
3466 3864 3543 3918 ut,
3573 3868 3730 3909 crea-

2140 3957 2257 4003 tore
2283 3947 2546 4019 neglecto,
2586 3962 2694 4004 non
2719 3948 2971 4003 universa
2999 3955 3248 4002 creatura
3283 3954 3640 4016 consurgeret
3678 3946 3731 4000 in

2138 4026 2476 4110 peccatores.

2217 4150 2236 4183 ι
2282 4128 2350 4185 Ει
2371 4130 2509 4185 dabo
2536 4146 2631 4186 eos
2656 4131 2711 4185 in
2740 4129 3008 4186 fervorem
3041 4129 3167 4203 (sive
3191 4129 3637 4200 commotionem)
3681 4140 3734 4183 et

2147 4240 2167 4274 ι
2212 4222 2488 4293 angustias
2510 4219 2779 4277 universis
2815 4221 2994 4291 regnis
3017 4203 3177 4275 terra:
3187 4226 3421 4295 propter
3447 4217 3731 4273 Manassen

2147 4330 2166 4367 ι
2212 4310 2378 4367 ﬁlium
2407 4304 2654 4367 Ezéchite
2689 4312 2833 4383 regis
2856 4309 2991 4365 Juda
3010 4349 3025 4375 ,
3052 4326 3214 4381 super
3237 4310 3489 4366 omnibus
3512 4324 3635 4378 qua:
3657 4307 3733 4364 fe-

2150 4419 2168 4452 ‹
2211 4402 2287 4457 cit
2315 4402 2368 4455 in
2399 4399 2720 4455 Jerusalem.
2773 4421 2791 4453 ι
2826 4401 3081 4471 Legimus
3112 4401 3166 4454 in
3208 4401 3429 4457 Dierum
3455 4401 3733 4456 volumine

2149 4495 2427 4549 Manassen
2442 4493 2938 4564 postcaptivitatem
2963 4501 3017 4548 et
3046 4491 3418 4562 pteuitentiam
3449 4506 3729 4546 reversum

2150 4585 2204 4640 in
2242 4573 2543 4639 Jerusalem
2568 4625 2582 4650 ,
2625 4592 2789 4655 atque
2832 4567 3111 4654 'regriasse,
3160 4581 3254 4637 sed
3288 4582 3557 4651 quomodo
3607 4598 3725 4637 san-

2149 4683 2359 4732 ctorum
2391 4676 2954 4753 meritaagescendunt
2977 4675 3043 4729 ad
3072 4682 3341 4743 posteros,
3368 4672 3508 4726 sicut
3533 4671 3726 4760 David,

2150 4777 2206 4823 et
2230 4776 2547 4823 caeterorum
2582 4787 2594 4823 ε
2637 4768 2715 4823 sic
2735 4775 3079 4838 peccatorum
3106 4766 3331 4836 ilagitia,
3384 4766 3428 4818 si
3460 4762 3619 4819 liberi
3649 4780 3733 4819 ne-

2148 4873 2411 4937 potesque
2446 4857 2642 4913 similia
2670 4856 2956 4929 gesserint,
3000 4857 3068 4939 ad
3106 4864 3354 4925 posteros
3386 4855 3734 4924 perveniam.

2151 4956 2303 5023 Quod
2326 4962 2506 5008 autem
2524 4950 2702 5015 dicit,«
2724 4950 2861 5005 dabo
2883 4962 2975 5002 eos
2998 4948 3050 5001 in
3070 4944 3466 5017 fervorem.sivc
3487 4960 3735 5002 commo-

2150 5048 2373 5115 tionem,
2418 5051 2471 5098 et
2503 5041 2780 5114 angustias
2825 5040 3088 5093 universae
3126 5046 3305 5101 terrae,
3344 5045 3401 5092 et
3434 5035 3535 5091 sub
3557 5034 3738 5108 Baby-

2150 5136 2309 5192 loniis
2332 5150 2400 5190 ex
2428 5143 2580 5204 parte
2618 5129 2945 5199 completum
2982 5138 3087 5192 est,
3127 5136 3181 5183 et
3224 5142 3369 5182 nunc
3399 5126 3659 5197 expletur
3686 5127 3738 5181 in

2150 5237 2285 5293 toto,
2339 5226 2553 5296 quando
2602 5222 2897 5293 pessimum
2953 5234 3133 5291 regem
3191 5227 3247 5274 et
3300 5219 3392 5289 qui
3445 5216 3739 5287 repleverit

2149 5312 2447 5374 Jerusalem
2471 5331 2499 5369 a
2523 5322 2677 5385 porta
2697 5326 2868 5382 usque
2886 5312 2953 5366 ad
2976 5317 3186 5380 portam
3218 5322 3412 5363 cruore
3435 5305 3738 5374 jnstontm,

2152 5408 2380 5481 populus
2408 5408 2649 5461 imitatus
2678 5412 2761 5459 est
2787 5402 3005 5472 impius,
3034 5416 3097 5455 ex
3128 5412 3235 5468 quo
3262 5397 3523 5452 discimus
3544 5411 3737 5468 regum

467 5500 772 5576 econtrario
817 5505 1105 5570 parentum
1141 5499 1273 5553 vitia
1306 5497 1433 5554 ﬁliis
1467 5514 1574 5554 non
1612 5500 1902 5573 nocebunt,
1955 5500 2051 5558 sed
2153 5516 2218 5556 ac
2255 5499 2553 5571 principum
2593 5504 2645 5550 et
2680 5495 3091 5566 praepositorum
3122 5488 3325 5545 scelere
3353 5488 3576 5559 populos
3613 5488 3738 5559 ple-

467 5596 645 5651 anima
687 5607 806 5664 quae
840 5590 1148 5663 peccaverit
1197 5590 1316 5672 ipsa,
1342 5591 1625 5646 morietur.
1653 5588 1757 5644 Lot
1781 5590 1834 5645 in
1876 5589 2047 5647 Sodo-

468 5690 573 5747 mis
600 5688 853 5744 habitans
879 5682 1031 5757 (Gen.
1059 5684 1176 5756 xxx)
1196 5726 1211 5753 ,
1250 5683 1346 5740 sed
1375 5690 1431 5741 et
1459 5684 1655 5755 spiritu
1679 5691 1735 5739 et
1761 5698 1926 5738 carne
1950 5699 2046 5754 pe-

471 5780 767 5861 regrinus,
802 5790 1027 5835 uxorem
1081 5790 1202 5853 quae
1254 5782 1378 5851 post
1428 5784 1642 5852 tergum
1697 5784 2046 5851 respexerat,

2150 5605 2379 5660 rumque
2413 5587 2602 5645 deleri.

2227 5700 2245 5732 ι
2292 5680 2424 5748 Quis
2470 5678 2612 5733 enim
2668 5675 3008 5732 miserebitur
3065 5674 3185 5739 tui,
3240 5669 3577 5728 Jerusalem?
3641 5676 3740 5727 aut

2160 5794 2178 5829 ι
2222 5775 2345 5851 quis
2365 5771 2776 5829 contristabitur
2793 5785 2899 5847 pro
2927 5770 3019 5825 te?
3046 5775 3140 5823 aut
3160 5767 3285 5844 quis
3321 5764 3423 5821 ibit
3444 5764 3513 5820 ad
3539 5776 3715 5837 rogat:
