3910 6320
125 382 230 439 925

1009 384 1371 443 EXPOSITIO
1406 386 1629 445 SUPER
1666 381 2035 459 JEREMIAM.
2076 421 2146 432 —
2179 391 2307 449 LIB.
2347 384 2458 452 VII.

3269 398 3376 462 928

132 514 167 586 vi
197 495 325 549 dum
355 508 453 565 pro
482 493 614 564 pate
643 494 768 549 tua?
802 513 819 547 ι
853 494 1048 568 (0rig.)
1078 487 1393 569 Exemplum
1416 499 1696 571 accipiam.
1727 504 1775 566 Α
1804 499 2006 571 posteri
2019 503 2248 564 tradunt
2265 503 2610 576 interpretari
2639 503 3030 566 Conculcatam.
3048 507 3212 568 Jebus
3242 527 3368 586 ergo

127 583 313 655 Hostis
340 586 609 655 quispiam
641 586 856 642 rebellis
887 603 950 643 ac
986 590 1278 658 perduellis
1311 600 1496 646 contra
1529 594 1699 663 impe-

125 685 365 730 ratorem
397 676 552 745 hujus
581 687 736 733 terra:
780 669 1116 751 adjudicatus
1143 690 1224 736 est
1251 697 1266 735 :
1296 683 1364 738 ab
1402 684 1505 739 hoe
1527 670 1702 740 omnis

123 767 498 822 misericordia
521 766 764 823 aufertur
787 787 799 822 :
825 769 1053 834 scilicet,
1079 786 1146 825 ne
1167 771 1293 826 dum
1311 773 1564 829 damnato
1578 775 1700 844 quis

124 862 431 924 miseretur,
465 861 686 930 incipiat
729 859 1002 916 oﬂendere
1041 865 1510 920 cundemnantem.
1560 865 1704 925 Sunt.

124 960 302 1006 autem
348 952 586 1007 nonnulli
617 953 708 1022 qui
734 953 992 1025 adjiciunt
1024 957 1092 1011 ad
1131 957 1494 1023 severitatem,
1529 955 1586 1012 ut
1634 973 1699 1013 ne

121 1043 512 1097 contristentur
561 1042 775 1112 quidem
811 1058 972 1114 super
1028 1061 1113 1110 eo,
1168 1046 1219 1100 id
1259 1055 1584 1117 m’agnOpere
1608 1050 1699 1104 de-

132 1139 376 1202 vitantes,
428 1154 497 1194 ne
524 1153 620 1210 per
664 1153 954 1195 mterurem
998 1141 1178 1197 vultus
1205 1150 1461 1212 putentur
1495 1143 1698 1214 judicio

117 1229 264 1300 regis
316 1228 533 1284 offendi.
590 1230 666 1286 Si
703 1233 1000 1288 intellixisti
1040 1233 1364 1304 exemplum,
1415 1237 1697 1291 considera

119 1326 249 1375 tunc
285 1323 354 1376 ob
385 1331 602 1392 peccata
650 1325 817 1378 multa
846 1340 877 1379 a
909 1326 1020 1380 Deo
1061 1327 1475 1382 condemnatum
1507 1344 1697 1398 pecca-

118 1418 314 1477 torem,
344 1422 398 1466 et
423 1413 543 1468 vide
568 1416 835 1483 quomodo
859 1417 1342 1474 innumerabilibus
1365 1401 1569 1491 angelis
1600 1420 1698 1475 hu-

117 1516 282 1557 mano
308 1505 494 1574 generi
531 1505 974 1575 praesidentibus,
1005 1526 1074 1565 ne
1102 1509 1170 1565 ab
1201 1526 1305 1577 uno
1338 1511 1553 1581 quidem
1591 1515 1694 1569 mi-

117 1594 414 1649 sericordia
450 1594 641 1670 dignus
682 1597 973 1666 iudicetur.
1015 1600 1221 1668 Singuli
1255 1604 1451 1674 quippe
1481 1606 1698 1677 angelo-

115 1701 236 1762 rum
265 1687 670 1756 perspicientes,
703 1693 826 1761 quia
857 1686 998 1748 Deus
1049 1703 1133 1749 est
1174 1697 1265 1764 qui
1293 1698 1694 1764 condemnavit,

115 1777 243 1846 quia
273 1789 486 1835 creator
511 1791 593 1838 est
619 1783 710 1854 qui
736 1799 857 1840 eum
882 1797 1184 1854 aversatur,
1217 1797 1272 1843 et
1305 1787 1408 1844 tale
1430 1803 1549 1844 esse
1571 1805 1696 1860 pec-

1801 592 2138 661 conculcata,
2165 609 2196 648 a
2218 593 2626 653 fortitudinibus
2651 599 2960 665 contrariis,
2988 603 3166 657 anima
3187 611 3372 660 nostra

1801 689 2158 738 transmutata
2186 691 2300 749 est,
2336 693 2390 740 et
2415 686 2556 742 facta
2585 696 2667 744 est
2700 688 3000 744 Jerusalem
3034 686 3178 746 Visio
3208 693 3371 763 pacis.

1802 771 1858 829 Si
1907 775 1979 829 ita
2037 783 2159 846 post
2200 776 2607 836 diminutionem
2653 797 2683 835 a
2731 781 2928 849 Jebus,
2982 784 3035 838 in
3077 782 3374 841 Jerusalem

1798 869 2135 936 peccaveris,
2174 877 2228 923 et
2258 869 2574 941 sanguinem
2620 875 2950 940 testamenti,
2992 874 3132 930 sicut
3155 876 3372 945 quidam

1799 965 1852 1010 et
1892 966 1948 1012 tu
1980 973 2322 1014 communem
2370 959 2792 1027 existimaveris,
2838 951 3046 1019 dicetur
3069 970 3123 1018 et
3170 966 3243 1020 de
3273 975 3326 1021 te
3355 987 3366 1022 :

1806 1066 1824 1097 ι
1859 1045 1988 1113 Quis
2012 1058 2199 1117 parcet
2229 1064 2391 1119 super
2416 1057 2485 1115 te,
2504 1049 2826 1117 Jerusalem,
2864 1061 2919 1108 et
2943 1055 3063 1122 quis
3088 1053 3376 1110 contrista-

1797 1134 1943 1192 bitur
1970 1153 2130 1208 super
2166 1141 2264 1194 te?
2299 1161 2318 1193 ι
2353 1141 2484 1208 Quis
2512 1142 2656 1196 enim
2709 1143 3113 1200 contristabitur
3135 1187 3149 1212 ,
3182 1146 3227 1200 si
3254 1145 3375 1202 talis

1797 1226 2007 1293 fueris,
2067 1238 2127 1283 ut
2179 1232 2360 1286 tradas
2416 1231 2637 1288 Jesum?
2696 1234 3072 1305 Unusquisque
3105 1244 3372 1302 nostrum,

1798 1323 2014 1390 quando
2041 1331 2249 1392 peccat,
2299 1326 2534 1381 maxime
2562 1327 2868 1397 quicunque
2896 1335 3086 1397 peccat
3116 1328 3372 1398 ingentia,

1798 1410 1851 1464 in
1881 1406 2060 1465 Jesum
2099 1421 2289 1481 peccat
2316 1431 2328 1465 :
2361 1415 2406 1467 si
2429 1422 2606 1470 autem
2633 1425 2687 1471 et
2719 1419 3005 1473 recesserit
3031 1430 3060 1471 a
3093 1417 3229 1484 fide,
3260 1418 3376 1474 haec

1799 1501 1930 1556 facit
1967 1502 2286 1570 spiritaliter
2313 1503 2552 1570 Christo,
2585 1519 2704 1576 quae
2731 1508 3085 1576 corporaliter
3129 1505 3258 1562 fecit
3283 1503 3374 1561 Je-

1797 1592 2053 1646 rusalem.
2085 1580 2446 1658 Quamobre’m
2482 1612 2500 1644 ‹
2537 1603 2737 1664 quanto
2761 1595 2880 1664 plus
2907 1591 3246 1648 arbitramini
3285 1595 3380 1653 de-

1799 1683 1995 1738 teriora
2022 1684 2218 1737 mereri
2242 1684 2499 1754 supplicia
2521 1700 2664 1750 eum,
2693 1685 2784 1754 qui
2808 1684 3001 1738 Filium
3033 1683 3128 1738 Dei
3153 1683 3373 1740 concul-

1800 1777 2021 1842 caverit',
2073 1786 2127 1831 et
2178 1777 2492 1846 sanguinem
2549 1775 2682 1831 Novi
2735 1768 3066 1832 Testamenti
3118 1775 3379 1847 pollutum

116 1883 383 1938 catum,ut
397 1877 704 1933 misericors
716 1881 771 1933 et
790 1878 1026 1935 clemens
1040 1881 1181 1937 Deus
1195 1859 1588 1951 quodammodo
1606 1898 1692 1936 ne-

1801 1869 2016 1924 duxerit
2063 1869 2116 1922 in
2145 1876 2252 1938 quo
2296 1866 2664 1923 sanctificatus
2702 1875 2802 1932 est,
2837 1877 2890 1922 et
2931 1866 3157 1938 Spiritui
3194 1867 3381 1936 gratias

113 1965 424 2021 cessitatem
440 1984 628 2038 passus
651 1971 743 2036 sit,
767 1979 825 2025 ut
840 1987 1000 2043 super
1020 1988 1142 2028 eum
1159 1973 1476 2029 sententiam
1489 1988 1702 2044 prome-

115 2064 232 2110 ret:
259 2072 367 2112 non
394 2070 644 2128 parcunt,
672 2078 778 2118 non
795 2064 1199 2130 contriStantur,
1224 2080 1328 2119 non
1352 2065 1698 2131 miserentur,

111 2163 236 2213 non
260 2161 605 2207 revertuntur
622 2161 695 2208 'ut
730 2163 919 2225 rogent
953 2171 1050 2225 pro
1088 2172 1151 2212 eo
1187 2171 1395 2226 pacem.
1430 2153 1696 2228 (Ηὶετοη.)

111 2239 304 2298 Nullus
318 2243 460 2297 enim
487 2242 691 2299 offenso
713 2245 825 2300 Deo
840 2253 1015 2314 potest
1027 2262 1123 2316 pro
1136 2245 1350 2315 flagitiis
1367 2261 1557 2316 rogare
1571 2260 1696 2317 peca

110 2333 379 2397 cautium,
411 2333 535 2401 quia
559 2348 656 2388 nec
679 2341 787 2389 tam
817 2335 1055 2390 clemens
1094 2346 1271 2406 potest
1299 2345 1550 2392 creatura
1579 2351 1697 2392 esse

112 2437 277 2492 quam
307 2425 574 2490 conditor,
612 2440 710 2480 nec
737 2426 808 2480 ita
859 2427 1069 2481 alienus
1117 2427 1375 2491 externis,
1426 2427 1697 2496 quomodo

112 2513 377 2569 Dominus
418 2515 529 2570 suis
553 2510 796 2584 parcere.
823 2516 1021 2588 (0rig.)
1048 2514 1345 2572 Jerusalem
1374 2517 1537 2589 igitur
1579 2533 1698 2587 quae

111 2607 180 2659 ad
211 2607 394 2676 priora
437 2607 640 2661 scelera
670 2608 830 2662 etiam
866 2607 966 2663 hoc
1006 2607 1195 2676 adjecit
1217 2649 1229 2672 ,
1263 2615 1320 2662 ut
1357 2608 1700 2678 cruciﬁgeret

108 2697 401 2752 Dominum
447 2712 626 2752 meum
669 2696 873 2766 Jesum,
909 2709 963 2754 et
1001 2701 1054 2754 in
1099 2707 1305 2754 tantum
1357 2697 1697 2758 consurrexit

110 2788 314 2851 scelus,
347 2798 406 2842 ut
434 2787 500 2843 de
523 2803 586 2843 ea
612 2788 815 2853 diceret
839 2787 1233 2864 ipseSalvator
1259 2805 1272 2843 :

188 2899 206 2931 ι
255 2872 588 2945 Jerusalem,
637 2877 939 2935 Jerusalem
973 2921 987 2947 ,
1046 2893 1168 2950 quae
1210 2879 1414 2936 occidis
1470 2880 1698 2952 prophe-

118 2989 136 3021 ε
185 2979 292 3034 tas,
323 2977 378 3023 et
407 2969 612 3039 iapidas
646 2970 840 3025 missos
863 2972 943 3025 ad
971 2977 1050 3037 te;
1077 2972 1287 3040 quoties
1310 2970 1453 3026 volui
1477 2985 1699 3041 congre-

123 3080 140 3114 ι
190 3079 322 3134 gare
354 3063 492 3117 ﬁlios
520 3072 639 3118 tuos
666 3064 805 3119 sicut
829 3064 1030 3135 gallina
1053 3073 1348 3136 congregat
1373 3065 1545 3135 pullos
1570 3081 1698 3120 suos

117 3172 135 3204 ι
178 3154 282 3207 sub
315 3154 428 3208 alas
466 3168 624 3219 suas,
667 3163 723 3209 et
757 3154 976 3209 noluisti
1007 3158 1027 3210 τ’
1051 3171 1176 3211 ecce
1205 3155 1506 3211 dimittetur
1543 3156 1695 3211 vobis
1724 3198 1769 3223 η

1801 1960 2185 2018 contumeliam
2227 1958 2464 2020 fecerit?
2508 1957 2566 2014 Si
2606 1957 2936 2013 conculcasti
2979 1955 3162 2012 Jesum
3209 1956 3376 2009 filium

1801 2051 1918 2120 Dei,
1950 2054 1997 2109 si
2021 2052 2194 2108 fecisti
2225 2051 2525 2106 convicium
2553 2049 2778 2121 Spiritui
2807 2049 3012 2119 gratim,
3053 2047 3175 2117 quis
3195 2053 3379 2116 parcet

1770 2128 1784 2133 ’
1803 2157 1966 2216 super
1999 2144 2086 2199 te?
2116 2141 2238 2214 quis
2276 2141 2687 2197 contristabitur
2716 2155 2880 2209 super
2915 2149 2968 2194 te
2993 2135 3019 2192 ?
3046 2139 3167 2208 quis
3200 2150 3358 2192 rever

1801 2243 1948 2292 tetur
1972 2251 2163 2308 rogare
2185 2250 2250 2290 ea
2271 2250 2391 2304 quae
2415 2234 2466 2288 in
2492 2238 2625 2305 pace
2651 2239 2778 2288 sunt
2803 2231 2899 2286 tibi
2920 2231 2943 2285 ν
2967 2231 3146 2302 ipsum
3171 2228 3378 2294 Jesum,

1799 2309 1896 2398 qui
1939 2327 2184 2398 rogabat,
2231 2325 2439 2396 pariter
2479 2334 2532 2380 et
2573 2323 2863 2394 prmstabat
2911 2337 2974 2378 ea
3003 2335 3122 2394 quze
3144 2327 3300 2376 erant
3327 2319 3380 2373 in

1799 2435 1948 2490 pace,
1978 2419 2212 2489 prodidit
2263 2419 2441 2472 anima
2490 2416 2814 2487 peccatrix:
2866 2416 2986 2484 quis
3031 2420 3209 2483 potest
3236 2410 3378 2466 ultra

1800 2520 2011 2580 ragare,
2031 2515 2328 2585 Conversus
2352 2507 2420 2561 ad
2447 2521 2511 2561 ea
2532 2520 2650 2576 qua:
2677 2513 2802 2560 sunt
2822 2504 2916 2558 tibi
2940 2504 2993 2558 in
3013 2502 3172 2573 pace?
3192 2499 3372 2557 Scien-

1801 2607 1882 2656 tes
1904 2585 2033 2672 ergo
2055 2599 2178 2670 quia
2207 2596 2535 2668 impossibile
2551 2604 2636 2652 est
2650 2611 2764 2662 eos,
2780 2595 2870 2665 qui
2889 2614 2908 2646 ‹
2935 2591 3103 2658 semel
3123 2601 3248 2648 sunt
3262 2591 3354 2647 illu

1798 2686 2018 2756 minati,
2050 2698 2401 2759 gustaverunt
2430 2687 2591 2742 etiam
2634 2686 2832 2742 donum
2862 2684 3105 2749 caeleste,
3127 2691 3182 2738 et
3209 2681 3378 2752 parti-

1796 2781 1945 2851 eipes
1970 2789 2096 2836 sunt
2136 2779 2286 2834 facti.
2311 2777 2547 2848 Spiritus
2589 2776 2782 2842 sancti,
2823 2768 3179 2845 gustaverun‘t
3219 2770 3376 2827 nihil-

1796 2874 2012 2931 ominus
2038 2873 2237 2928 bonum
2267 2869 2364 2924 Dei
2388 2869 2632 2934 verbum,
2662 2868 2997 2943 virtutesque
3026 2865 3210 2920 seaculi
3243 2876 3378 2917 ven-

1799 2965 1930 3032 turi,
1956 2973 2010 3020 et
2053 2961 2288 3036 prolapsi
2319 2969 2460 3024 sunt,
2492 2961 2743 3017 renovari
2772 2972 2985 3014 rursum
3012 2958 3079 3013 ad
3109 2955 3377 3028 pamitené
3420 2982 3424 2987 ι

1801 3054 1952 3121 tiam,
1986 3055 2180 3109 iterum
2222 3036 2598 3124 crucifigentes
2645 3050 2992 3136 sibimetipsis
3022 3047 3218 3102 Filium
3257 3046 3377 3112 Dei,

1798 3152 1854 3198 et
1883 3143 2116 3213 ostentui
2140 3142 2399 3195 habentes
2427 3159 2439 3194 :
2472 3139 2619 3194 omni
2653 3141 2840 3193 labore
2865 3138 3105 3192 nitamur
3131 3149 3200 3191 ne
3225 3144 3281 3191 et
3308 3136 3376 3191 de

119 3259 137 3293 ι
182 3243 376 3297 domus
427 3207 623 3297 vestra,
645 3244 856 3300 deserta
891 3207 1110 3317 (dilabi;
1424 3207 1562 3301 ideo
1722 3207 1772 3264 ὓ
1801 3208 1964 3290 BONA
1979 3232 2221 3287 dicam“
2246 3249 2262 3281 ί
2296 3230 2427 3297 θυῖε
2445 3238 2631 3301 Vim"ct
2654 3243 2815 3298 δυρθτ
2841 3233 2912 3292 te,
2936 3226 3260 3292 Jerusalem:
3284 3234 3375 3282 ll"

113 3335 284 3389 missa
327 3342 431 3398 est,
464 3348 517 3388 et
551 3348 719 3404 usque
765 3337 831 3390 ad
878 3352 1113 3406 priesens
1155 3350 1363 3408 tempus
1415 3337 1690 3392 destituta.

113 3427 306 3498 Angeli
341 3428 430 3498 qui
465 3441 677 3497 semper
708 3428 1107 3484 au'xiliabantur
1131 3431 1199 3496 ei,
1241 3445 1338 3503 per
1370 3446 1504 3501 quos
1530 3430 1694 3484 etiam

115 3517 204 3574 lex
235 3518 403 3590 Moysi
427 3519 623 3591 tradita
648 3528 759 3583 est,
790 3535 888 3590 per
907 3517 1128 3592 angelos
1161 3521 1212 3574 in
1245 3536 1402 3577 manu
1429 3521 1690 3576 mediato-

111 3613 214 3678 ris,
241 3613 583 3665 destruerunt
603 3621 722 3664 eam
767 3618 820 3665 et
845 3603 1097 3665 dixerunt
1124 3629 1138 3666 :
1168 3609 1344 3665 Multis
1365 3608 1692 3667 facinoribus

111 3716 374 3773 oppressa
400 3708 505 3765 est,
536 3696 717 3754 Jesum
744 3699 1033 3766 interfecit,
1066 3700 1117 3754 in
1140 3701 1426 3754 Duniiuum
1448 3707 1692 3775 nostrum

111 3795 268 3850 misit
314 3798 524 3846 manus.
576 3790 821 3857 Quandiu
870 3791 1078 3845 minora
1122 3790 1691 3862 peccavit,.potuimus

110 3899 309 3957 rogare
330 3899 428 3954 pro
451 3899 535 3946 ea,
566 3882 842 3954 potuimus
868 3883 1154 3937 obsecrare
1186 3866 1491 3945 Dominum,
1517 3880 1692 3950 potui-

109 3992 235 4030 mus
262 3981 482 4044 parcere
512 3973 558 4026 ei
585 3990 600 4028 :
629 3987 790 4041 super
818 3972 919 4026 isto
948 3987 1075 4026 vero
1097 3972 1218 4041 quis
1242 3970 1461 4042 parcat?
1483 3970 1539 4025 Si
1569 3986 1710 4042 pec:

107 4082 244 4121 cans
274 4063 578 4133 peccaverit
622 4062 706 4116 vir
737 4062 790 4115 in
817 4063 1026 4126 virum,
1071 4062 1370 4116 exorabunt
1398 4076 1496 4130 pro
1524 4077 1606 4126 eo;
1642 4061 1686 4115 si

111 4168 298 4214 autem
346 4157 397 4212 in
434 4155 718 4210 Dominum
768 4155 1094 4224 peccaverit,
1141 4154 1262 4223 quis
1313 4152 1556 4207 exorabit
1592 4167 1692 4222 pro

108 4249 210 4304 eo?
239 4266 258 4297 ‹
289 4245 500 4301 Grande
529 4244 796 4314 piaculum
824 4243 1091 4298 commisit
1123 4241 1420 4310 Jerusalem
1448 4261 1460 4296 :
1488 4243 1690 4315 grande

106 4331 446 4412 perpetravit
473 4335 642 4390 nefas.
676 4355 694 4386 ι
723 4334 896 4389 Decio
935 4333 1410 4404 comminationem
1440 4332 1579 4388 facta
1601 4339 1686 4391 est

111 4441 168 4487 et
193 4432 396 4484 dicitur
427 4427 490 4481 ad
513 4443 630 4482 eam
655 4445 667 4480 :
699 4415 829 4494 Quis
852 4435 1039 4496 parcet
1063 4435 1226 4496 s’uper
1253 4433 1324 4492 te,
1370 4423 1687 4491 Jerusalem,

1801 3325 1924 3393 quis
1958 3322 2365 3379 contristabitur
2392 3335 2554 3391 super
2582 3328 2660 3386 te,
2690 3329 2783 3374 aut
2809 3318 2933 3390 quis
2963 3321 3261 3374 revertetur
3285 3329 3378 3374 ro-

1799 3427 1927 3489 gare
1951 3415 2005 3470 in
2035 3428 2223 3485 pacem
2251 3411 2344 3467 tibi
2365 3411 2390 3465 ?
2427 3429 2443 3462 ι

1872 3545 1890 3580 ‹
1937 3525 2015 3579 Tu
2057 3517 2321 3592 reliquisti
2369 3536 2488 3587 me,
2527 3516 2674 3576 dicit
2710 3516 3020 3574 Dominus:
3073 3525 3375 3574 retrorsum

1802 3635 1820 3667 ι
1865 3613 2066 3669 abiisti.
2107 3633 2124 3664 ι
2168 3608 2436 3684 (Ηὶἓνοη.)
2482 3607 2655 3665 Causa
2685 3608 2948 3675 redditur,
2991 3623 3158 3678 quare
3197 3608 3376 3665 nullus

1796 3707 2115 3760 misereatur
2162 3699 2480 3766 Jerusalem,
2512 3715 2611 3755 nec
2635 3699 2988 3755 contristetur
3011 3713 3112 3769 pro
3149 3710 3238 3764 ea,
3273 3711 3376 3756 nec

1794 3811 1893 3867 pro
1915 3791 2048 3866 pace
2070 3792 2212 3848 illius
2226 3793 2490 3865 obsecret.
2530 3791 2682 3859 Quod
2698 3806 2838 3855 eum,
2864 3790 3017 3860 juxta
3032 3789 3372 3860 Apostolum,

1794 3885 2154 3958 posteriorum
2181 3874 2547 3945 obliviscens,
2565 3881 2633 3934 ad
2667 3880 2849 3949 priora
2878 3890 2936 3932 se
2958 3877 3249 3932 extendere
3279 3877 3374 3933 de-

1793 3966 1994 4044 buerit,
2023 3975 2328 4034 econtrario
2356 3983 2657 4030 retroversa
2677 3975 2749 4028 sit
2773 3980 2828 4028 et
2871 3971 3156 4057 Egyptias
3179 3987 3374 4057 carnes

1794 4068 2133 4126 desiderarit.
2164 4065 2302 4134 Quid
2329 4075 2508 4121 autem
2544 4066 2614 4121 sit
2645 4073 2789 4120 retro
2817 4064 3114 4130 ambulare,
3147 4064 3261 4120 sive
3285 4077 3359 4119 ex-

1796 4163 1939 4218 tendi
1964 4163 2017 4216 in
2041 4161 2245 4233 priora,
2277 4157 2578 4214 considera.
2618 4156 2816 4229 (Θήῃ.)
2840 4154 3022 4210 Justus
3045 4169 3230 4210 eorum
3256 4168 3375 4224 qua'

1794 4261 1941 4309 retro
1968 4258 2093 4304 sunt
2122 4247 2443 4325 obliviscens
2467 4288 2480 4312 ,
2512 4247 2561 4301 in
2591 4245 2770 4316 priora
2794 4245 3100 4308 extenditur
3129 4261 3141 4297 :
3177 4254 3370 4324 pecca-

1795 4352 1878 4397 tor
1916 4337 2273 4412 posteriorum
2306 4336 2573 4403 meminit,
2619 4336 2803 4407 priora
2826 4350 2936 4389 non
2963 4341 3237 4405 appetens.
3271 4331 3370 4401 Qui

1792 4438 1970 4496 autem
2031 4428 2388 4500 posteriorum
2451 4423 2693 4480 meminit
2757 4425 3142 4496 praevaricatur
3189 4426 3242 4478 in
3299 4424 3373 4479 le-

112 4531 204 4575 aut
233 4521 357 4590 quis
397 4518 808 4573 contristabitur
830 4533 992 4586 super
1018 4525 1068 4572 te
1089 4518 1112 4570 ‘!
1133 4515 1240 4571 Nos
1266 4528 1385 4570 norr
1405 4517 1689 4576 contrista-
1713 4538 1765 4599 Β
1790 4535 1909 4590 gem
1929 4515 2053 4572 Jesu
2079 4515 2305 4584 dicentis
2337 4533 2350 4568 :
2383 4532 2402 4565 ε
2439 4513 2515 4568 Ne
2548 4524 2896 4569 convertatur
2935 4523 3227 4568 retrorsum
3273 4510 3373 4567 tol-

113 4611 296 4663 biniur
325 4623 484 4676 super
530 4606 865 4670 Jerusalem,
913 4613 967 4660 et
1007 4605 1406 4661 calamitatibus
1438 4601 1586 4672 ejus,
1630 4610 1683 4658 et

111 4704 297 4756 omnis
318 4701 495 4771 populi
534 4701 675 4755 illius
701 4715 714 4754 :
749 4701 958 4754 illorum
987 4701 1182 4770 quippe
1209 4700 1403 4754 delicto
1427 4700 1571 4753 salus
1598 4716 1686 4754 no—

109 4795 194 4848 bis
218 4793 360 4846 facta
384 4800 462 4846 est
486 4793 552 4846 ad
573 4790 930 4845 aemulandum
954 4805 1063 4844 eos.
1096 4790 1296 4858 thuia
1321 4789 1397 4842 sic
1424 4790 1684 4857 peccavit,

107 4894 166 4937 ut
193 4897 329 4936 voce
359 4881 570 4936 Domini
595 4882 881 4945 diceretur,
911 4878 1041 4949 Quis
1063 4886 1246 4949 parcet
1280 4893 1440 4947 super
1482 4885 1553 4942 te,
1599 4877 1686 4934 Je-

111 4973 348 5027 rusalem
375 4972 397 5024 ?
421 4987 519 5042 ego
544 4986 757 5041 quoque
781 4971 898 5025 dico
926 4969 991 5022 ad
1028 4967 1443 5024 interfectricem
1473 4969 1687 5024 Domini

109 5069 217 5120 mei
251 5079 266 5117 :
297 5063 428 5130 Quis
463 5071 647 5132 parcat
670 5078 827 5131 super
849 5071 918 5128 te,
947 5059 1466 5129 Jerusalem,et-quis
1487 5062 1690 5118 contri-

109 5155 346 5208 stabitur
371 5167 531 5221 super
553 5153 639 5206 te?
665 5151 1063 5205 Transcendam
1101 5158 1276 5204 autem
1300 5151 1366 5204 ad
1393 5151 1686 5219 spiritalem

111 5242 447 5298 intellectum
485 5241 552 5293 ab
596 5240 899 5294 humilitate
948 5241 1162 5307 litterze,
1204 5241 1344 5293 viam
1380 5241 1509 5295 mihi
1556 5257 1688 5312 pan-

108 5335 276 5389 dente
302 5331 526 5395 ratione,
549 5339 607 5384 ut
628 5331 840 5384 videam
865 5332 1130 5400 quomodo
1155 5345 1483 5399 unaquaeque
1507 5332 1684 5385 anima

116 5425 279 5495 digna
323 5437 454 5494 pace
483 5422 574 5476 Dei
615 5420 911 5476 Jerusalem
965 5430 1316 5491 nuncupetur.
1357 5421 1482 5476 Post
1523 5422 1685 5477 discl-

115 5517 320 5584 plinam
373 5515 565 5584 quippe
615 5513 848 5567 divinam
895 5511 1066 5566 factus
1113 5523 1194 5567 est
1239 5512 1552 5577 Jerusalem,
1584 5515 1681 5584 qui

117 5608 271 5676 prius
289 5605 470 5659 fuerat
501 5603 680 5659 Jebus.
727 5603 960 5657 Historia
992 5602 1171 5668 refert,
1212 5604 1334 5673 quia
1361 5618 1550 5658 nomen
1579 5604 1682 5660 loci

119 5698 278 5750 istius
319 5696 492 5751 fuerat
535 5696 715 5759 Jebus,
761 5703 814 5750 et
849 5703 1032 5765 postea
1063 5705 1392 5751 commutato
1420 5699 1679 5755 vocabulo

119 5798 424 5860 nuncupata
453 5789 522 5842 sit
545 5786 895 5844 Hierusalem.
931 5786 1094 5843 Jebus
1127 5796 1304 5843 autem
1332 5786 1678 5845 Hebraeorum

1789 4609 1899 4665 lere
1929 4609 2302 4663 vestimentum
2331 4621 2515 4669 suum,
2557 4624 2574 4656 ›
2608 4604 2920 4659 inobediens
2951 4613 3033 4659 est
3063 4605 3207 4659 dicto
3232 4603 3368 4672 ejus.

1791 4700 2109 4754 Mementote
2124 4698 2307 4752 uxoris
2330 4696 2433 4752 Lot
2459 4715 2470 4750 :
2497 4695 2790 4751 contemnit
2813 4696 3094 4767 imperium
3121 4695 3370 4750 Salvato-

1791 4792 1897 4846 ris:
1939 4809 1956 4842 ι
1993 4789 2160 4846 Nemo
2195 4789 2412 4842 mittens
2445 4803 2606 4858 super
2638 4795 2872 4845 aratrum
2901 4800 3111 4850 manus,
3136 4793 3190 4840 et
3227 4786 3368 4855 aspi-

1793 4882 1940 4936 ciens
1977 4888 2299 4942 retrorsum,
2332 4885 2486 4949 aptus
2505 4884 2587 4933 est
2615 4891 2780 4948 regno
2805 4877 2897 4932 Dei
2923 4874 3072 4948 (Luc.
3102 4875 3200 4943 ix).
3237 4890 3255 4926 ›

1868 4991 1886 5022 ‹
1932 4970 1998 5024 Ει
2022 4968 2308 5024 extendam
2336 4981 2552 5020 manum
2581 4974 2756 5023 meam
2783 4979 2943 5035 super
2973 4975 3044 5030 te,
3075 4973 3128 5020 et
3159 4964 3366 5019 interii‘

1788 5061 1924 5116 ciam
1961 5068 2034 5115 te.
2086 5057 2349 5113 Laboravi
2378 5065 2595 5128 rogatus
2623 5057 2746 5128 (sive
2776 5054 3014 5126 rogans).
3052 5073 3068 5105 ›
3117 5055 3221 5109 Pro
3250 5070 3358 5123 quo

1793 5166 1810 5202 ί
1858 5149 2208 5220 Septuaginta
2269 5147 2695 5210 transtulerunt,
2750 5161 2768 5198 t
2823 5156 3159 5217 nequaquam
3221 5147 3356 5200 ultra

1793 5257 1813 5294 ‹
1856 5241 2122 5296 dimittam
2153 5255 2264 5295 eos.
2313 5255 2332 5291 ι
2376 5235 2668 5307 (Πὶενοη.)
2706 5235 2892 5292 Manus
2920 5246 3135 5292 extenta
3168 5249 3359 5306 percu.

1786 5331 1966 5387 tientis
1994 5331 2248 5386 indicium
2265 5335 2347 5384 est
2376 5343 2389 5382 :
2419 5326 2739 5391 interfectio,
2757 5335 3096 5395 peccatorum
3123 5327 3260 5381 iram
3286 5327 3360 5381 si-

1789 5425 2466 5494 gniﬁcatconsummatam.
2493 5419 2644 5487 Quod
2673 5427 2849 5473 autem
2881 5418 3060 5472 intulit
3087 5435 3101 5474 :
3140 5436 3159 5469 ι
3189 5418 3360 5474 Labo-

1789 5513 1900 5568 ravi
1933 5523 2149 5583 rogatus
2177 5512 2301 5583 (sive
2346 5509 2578 5580 rogans),
2629 5528 2646 5560 ι
2697 5509 2960 5576 duplicem
3008 5517 3223 5565 sensum
3262 5512 3358 5564 lia-

1787 5603 1901 5669 bet,
1931 5603 2195 5674 quodjam
2227 5600 2487 5655 defecerit
2511 5601 2674 5663 Deus,
2696 5600 2888 5654 crebro
2905 5599 2984 5655 eis
3006 5601 3354 5671 ignoscendo,

1785 5705 1840 5751 et
1869 5695 2040 5751 lassus
2065 5695 2157 5759 sit,
2187 5706 2400 5763 semper
2424 5706 2518 5746 eos
2545 5705 2845 5762 provocans
2872 5693 2939 5746 ad
2964 5692 3207 5746 salutem.

1860 5800 1880 5837 ‹
1925 5785 1992 5839 Et
2034 5783 2340 5860 dispergam
2380 5795 2476 5838 eos
2523 5780 2822 5837 ventilabro
2877 5781 2929 5835 tn
2980 5782 3151 5853 portis
3197 5791 3358 5846 terra
