3926 6324
475 342 580 413 991

1116 336 2086 407 BT'nABANI’uAunt'AucmEP.
2126 344 2436 405 uocum.
2477 344 2764 405 OPERUM
2803 346 2984 404 rAns
3021 348 3109 404 lli.

478 481 503 520 ι
540 466 667 538 (sive
717 462 900 536 populi
946 461 1095 534 mei).
1150 458 1406 516 Intérfe‘ci
1454 468 1510 515 et
1549 457 1761 531 perdidi
1806 457 2062 529 populum
2089 457 2140 519 Α
2168 456 2244 514 De
2269 466 2426 514 nocte
2449 458 2648 514 etenim
2692 466 2875 515 custos
2912 460 3078 525 venit,
3107 461 3234 531 quia
3260 461 3489 517 humani
3541 460 3761 532 generis

479 571 503 608 σ
545 566 763 619 meum,
790 561 848 608 et
884 560 1068 607 tamen
1099 549 1257 605 aviis
1294 549 1409 605 suis
1451 565 1560 608 non
1605 557 1732 605 sunt
1775 548 2003 604 reversi.
2040 566 2060 601 ι

472 643 613 714 Quid
631 644 855 716 prodest
880 642 1077 714 saepius
1111 656 1201 697 me
1228 641 1430 713 rogari,
1462 655 1588 696 cum
1613 656 1644 695 a
1674 640 1778 695 viis
1797 639 1915 695 suis
1934 653 2065 709 pes-

473 735 628 792 simis
652 750 759 791 non
800 743 1164 799 revertantur,
1196 747 1301 789 nec
1326 739 1492 803 agant
1515 730 1937 802 ptenit’entiam?
1974 730 2069 785 Di-

473 827 648 900 spersi
697 824 844 883 enim
897 839 1011 889 eos,
1077 818 1233 896 quasi
1283 823 1612 889 ventilabro,
1666 831 1728 877 ut
1774 835 2067 894 purgarem

472 932 659 974 aream
682 931 881 982 meam,
914 923 969 972 et
994 915 1227 987 dispersi
1256 915 1310 970 in
1349 915 1522 985 portis
1550 921 1727 979 terrm,
1767 922 1828 967 ut
1865 911 2067 969 inferni

472 1009 871 1084 quodammodo
911 1009 1187 1067 calcarent
1220 1008 1448 1067 limina:
1484 1016 1539 1063 et
1576 1004 1822 1062 interfeci
1851 1015 1910 1064 et
1938 1023 2068 1080 per-

472 1103 581 1163 didi
607 1103 865 1175 p0pulum
892 1103 1107 1176 meum),
1142 1111 1202 1157 ut
1230 1103 1405 1159 coacti
1437 1102 1704 1158 malorum
1730 1102 2065 1159 necessitate

474 1195 844 1269 impendentia
874 1195 1115 1252 vitarent
1152 1194 1318 1251 mala.

549 1307 569 1340 ι
605 1287 967 1358 Μυιιίριίεωω
991 1295 1119 1343 sunt
1142 1287 1277 1343 mihi
1306 1284 1481 1342 vidua:
1506 1285 1625 1356 ejus
1653 1300 1816 1356 super
1839 1299 2065 1341 arenam

477 1397 501 1434 ι
543 1379 732 1436 maris.
764 1379 956 1435 Induxi
974 1380 1054 1435 eis
1078 1394 1243 1450 super
1255 1388 1485 1435 matrem
1508 1378 1866 1434 adolescentis
1884 1388 2067 1435 vasta-

478 1486 500 1523 ι
546 1478 723 1525 torem
750 1469 977 1525 meridie
1010 1486 1025 1525 :
1058 1469 1181 1525 misi
1223 1483 1387 1539 super
1423 1468 1671 1525 civitates
1708 1475 1930 1539 repente
1960 1476 2068 1524 ter-

478 1578 499 1614 ι
544 1575 745 1618 rorem.
785 1580 805 1615 ι
849 1560 1092 1617 Diversis
1118 1557 1571 1616 medicaminibus
1610 1558 1756 1628 cupit
1780 1557 1925 1614 Deus
1959 1558 2067 1615 sal-

472 1668 605 1711 vare
628 1660 941 1725 peccantes,
974 1661 1035 1706 ut
1068 1651 1161 1721 qui
1194 1656 1636 1720 contempserant
1675 1647 2062 1715 blandientem,

473 1745 703 1802 timeant
726 1743 1168 1801 comminantem.
1210 1742 1397 1798 Vidua:
1420 1739 1788 1810 multiplicata:
1823 1748 1951 1797 sunt
1973 1755 2066 1796 su-

2167 560 2465 625 protector,
2488 562 2543 609 et
2570 553 2889 610 manifestus
2918 554 2971 609 in
2996 568 3161 609 carne
3186 556 3462 626 apparuit,
3492 563 3548 611 et
3578 564 3760 611 tamen

2167 645 2312 701 hunc
2361 660 2546 715 pressa
2585 644 2826 715 perﬁdia:
2869 660 2980 701 sua:
3029 644 3269 701 tenebris
3314 645 3506 702 Iudaea
3532 646 3761 703 minime

2169 736 2436 808 cognovit.
2462 735 2565 793 Ubi
2582 735 2721 792 bene
2748 751 2816 793 ex
2842 752 2975 794 voce
3002 737 3242 793 custodis
3270 738 3493 794 additur
3522 757 3535 793 :
3569 757 3588 790 ι
3613 738 3764 795 venit

2167 841 2327 883 mane
2354 833 2409 882 et
2429 840 2555 882 nox.
2583 846 2601 878 ι
2630 826 2766 895 Quia
2794 843 2894 899 per
2920 828 3038 900 ejus
3065 829 3481 900 pratscientiam,
3513 838 3569 884 et
3614 840 3759 885 nova

2168 917 2260 973 lux
2288 920 2489 973 mundo
2531 918 2804 983 inclaruit,
2838 929 2894 975 et
2926 928 3109 975 tamen
3154 920 3209 975 in
3242 920 3406 975 corde
3454 920 3761 976 inﬁdelium

2166 1018 2379 1067 vetusta
2406 1010 2623 1068 caecitas
2652 1013 2931 1067 remansit.
2964 1012 3108 1068 Bene
3132 1020 3317 1068 autem
3339 1012 3562 1079 dicitur,
3597 1014 3759 1085 quasi

2168 1102 2222 1157 in
2252 1110 2410 1159 nocte
2439 1103 2519 1159 sic
2539 1102 2835 1174 palpabunt
2861 1104 2915 1157 in
2955 1103 3201 1158 meridie.
3233 1103 3349 1160 Hoc
3381 1120 3601 1177 quoque
3640 1104 3761 1177 pal-

2166 1194 2346 1265 pando
2378 1195 2717 1266 exquirimus
2753 1194 2897 1266 quod
2933 1195 3105 1251 oculis
3147 1211 3257 1253 non
3284 1197 3546 1253 videmus.
3577 1196 3757 1255 Judaei

2167 1297 2351 1345 autem
2376 1298 2560 1360 aperta
2592 1289 2711 1361 ejus
2748 1289 3009 1346 miracula
3032 1290 3303 1359 viderant,
3337 1300 3394 1348 et
3426 1293 3609 1349 adhuc
3632 1309 3761 1349 eum

2168 1379 2321 1451 quasi
2353 1380 2636 1451 palpantes
2665 1380 3030 1451 inquirebant,
3060 1398 3182 1437 cum
3210 1383 3454 1439 dicerent
3492 1400 3505 1439 :
3538 1384 3761 1452 Quous-

2167 1483 2274 1539 que
2309 1468 2451 1524 tollis
2499 1471 2734 1525 animam
2776 1472 3058 1525 nostram?
3098 1471 3156 1528 Si
3183 1480 3243 1527 tu
3280 1488 3340 1529 es
3368 1474 3643 1540 Christus,
3673 1475 3762 1532 die

2168 1562 2324 1618 nobis
2368 1563 2569 1632 palam.

2247 1670 2265 1703 ι
2303 1651 2395 1709 Va":
2461 1653 2631 1719 mihi,
2683 1663 2860 1710 mater
2901 1670 3063 1723 mea,
3109 1670 3279 1726 quare
3335 1658 3567 1728 genuisti
3634 1672 3760 1726 me,

2176 1766 2193 1797 ι
2231 1747 2408 1801 virum
2433 1747 2563 1804 rixae
2590 1746 2716 1819 (sive
2738 1746 2974 1820 judicii),
2997 1748 3173 1804 virum
3199 1749 3481 1804 discordia:
3504 1748 3637 1819 (sire
3666 1750 3761 1821 qui

470 1851 570 1908 per
606 1851 831 1893 arenam
852 1835 1021 1890 maris
1046 1875 1060 1888 .
1086 1833 1391 1893 interfectis
1416 1832 1566 1899 viris,
1588 1840 1811 1900 matres,
1838 1833 2067 1903 perditis
2094 1850 2144 1910 Β
2178 1853 2195 1887 ι
2228 1834 2463 1908 judicer)
2483 1878 2497 1902 ,
2524 1838 2578 1892 in
2610 1839 2868 1893 universa
2896 1847 3065 1893 terra.
3097 1858 3117 1891 ›
3147 1837 3418 1911 (Hieron)
3443 1840 3633 1896 Potest
3656 1840 3762 1898 hoc

471 1927 681 1994 liberis,
721 1942 941 1984 sensere
970 1935 1297 1985 vastantem.
1330 1940 1439 1981 non
1466 1925 1521 1979 in
1543 1933 1702 1980 nocte
1730 1934 1781 1980 eI
1807 1938 1904 1995 per
1930 1926 2064 1981 insi-

472 2019 615 2083 dias,
654 2018 750 2074 sed
790 2018 940 2073 clara
984 2017 1105 2073 luce
1138 2035 1153 2072 :
1188 2028 1247 2073 ut
1279 2016 1531 2073 ostendat
1559 2023 1800 2085 apertam
1829 2015 1939 2070 vim
1962 2016 2063 2071 ad-

472 2110 703 2165 versarii
747 2109 1009 2165 fortioris.
1049 2127 1069 2160 ι
1114 2107 1251 2173 Misi,
1287 2107 1477 2177 inquit,
1519 2121 1682 2176 super
1723 2105 1994 2162 civitates.
2037 2125 2058 2159 ι

472 2199 627 2256 Haud
649 2200 871 2256 dubiant
903 2200 1034 2272 quin
1059 2198 1197 2255 Juda
1224 2207 1279 2255 et
1305 2198 1484 2270 populi
1512 2199 1814 2269 peccatoris
1841 2205 2065 2269 repente

471 2303 764 2361 terrorem,
781 2303 841 2350 ut
855 2303 1059 2365 quanto
1076 2294 1177 2351 fuit
1200 2293 1437 2351 subitum
1456 2292 1681 2356 malum,
1708 2288 2066 2348 tantodiﬂici—

472 2387 578 2443 lius
607 2396 753 2443 esset
789 2385 1066 2458 effugium.

554 2499 571 2529 ι
613 2476 893 2533 Inﬁrmata
935 2486 1021 2533 cst
1057 2476 1182 2549 (sive
1205 2474 1445 2549 abjecit),
1476 2484 1566 2529 aut
1588 2489 1757 2530 vacua
1785 2475 1931 2531 facta
1956 2482 2062 2542 est,

480 2588 499 2621 ι
545 2584 665 2640 qute
686 2569 895 2639 peperit
918 2577 1123 2639 septem
1146 2568 1275 2640 (sive
1302 2567 1587 2639 plurimos)
1618 2585 1633 2621 :
1660 2566 1858 2623 defecit
1882 2566 2066 2623 anima

480 2680 502 2717 ι
542 2661 680 2733 ejus,
729 2661 929 2717 occidit
978 2662 1028 2717 ei
1067 2661 1179 2727 sol,
1216 2676 1341 2717 cum
1377 2661 1553 2717 adhuc
1604 2668 1747 2715 esset
1792 2659 1907 2715 dies
1949 2658 2066 2732 (aut

481 2770 503 2807 ι
545 2752 756 2809 medius
782 2751 921 2823 dies)
961 2769 977 2808 :
1007 2753 1233 2808 confusa
1260 2761 1344 2807 est
1373 2760 1428 2806 et
1454 2752 1688 2807 erubuit.
1723 2751 1789 2806 Et
1819 2749 2067 2808 residuos

481 2862 503 2899 ι
547 2843 666 2914 ejus
719 2844 776 2899 in
823 2842 1063 2916 gladium
1118 2843 1296 2909 dabo,
1356 2842 1411 2897 iu
1466 2850 1763 2912 conspectu
1818 2840 2067 2898 inimicoo

481 2954 503 2989 ι
546 2948 670 2991 rum
690 2949 904 2999 eorum,
934 2935 1011 2989 ait
1033 2934 1312 2989 Dominus.
1349 2952 1368 2985 ι
1395 2931 1552 3003 Stepe
1580 2931 1817 2988 diximus
1840 2932 2067 2990 verbum

474 3028 802 3087 Hebraicum
831 3036 960 3092 vate
996 3026 1081 3081 vel
1111 3036 1324 3097 septem,
1356 3025 1439 3080 vel
1455 3024 1818 3095 juramenlum
1846 3038 2063 3090 sonare,

473 3121 560 3177 vel
609 3119 885 3193 plurimos.
935 3117 1089 3175 Unde
1144 3120 1198 3174 c't
1240 3116 1453 3172 diversa
1499 3124 1582 3171 est
1635 3115 2059 3185 interpretatio:

2168 1926 2554 1999 συνεκδοχικῶς
2583 1927 2650 1983 de
2684 1926 2919 1983 Ieremia
2960 1928 3207 1999 intelligi,
3241 1931 3385 1999 quod
3418 1947 3526 1987 non
3556 1934 3610 1985 in
3643 1940 3760 1988 toto

2166 2016 2296 2071 orbe
2314 2019 2700 2083 terrarum,sed
2718 2019 2770 2073 in
2784 2027 2927 2074 terra
2939 2018 3121 2074 Iudaea
3137 2020 3206 2074 sit
3212 2018 3660 2089 judicatus.\’ere
3673 2036 3763 2078 au-

2167 2115 2275 2163 tem
2306 2108 2533 2163 Domino
2556 2106 2813 2179 competit
2831 2108 3121 2176 Salvatori,
3138 2112 3229 2180 qui
3250 2110 3558 2181 loquituriu
3575 2113 3761 2169 Evan-

2166 2198 2501 2270 geiio(Joan.
2519 2201 2597 2272 rx)
2618 2218 2630 2253 :
2649 2200 2706 2254 In
2724 2198 2986 2269 judicium
2998 2215 3097 2273 ego
3114 2202 3167 2257 in
3190 2203 3450 2258 mundum
3472 2206 3643 2259 istum
3669 2221 3761 2262 ve-

2165 2293 2245 2358 ni,
2259 2300 2317 2345 ut
2337 2292 2429 2363 qui
2452 2307 2557 2348 non
2579 2294 2764 2349 vident
2785 2295 3023 2363 videant,
3042 2304 3097 2352 et
3116 2296 3207 2366 qui
3231 2297 3417 2353 vident
3439 2300 3569 2353 επεὶ
3594 2300 3757 2357 ﬁant.

2167 2382 2244 2437 De
2293 2398 2400 2453 quo
2444 2384 2704 2454 scriptum
2751 2394 2835 2441 est
2867 2404 2879 2441 :
2917 2406 2935 2438 ‹
2985 2386 3127 2443 Ecce
3172 2388 3381 2458 positus
3431 2398 3518 2444 est
3558 2391 3649 2447 hic
3702 2393 3758 2447 in

2166 2472 2381 2528 ruinam
2418 2481 2473 2528 et
2512 2474 2570 2528 in
2611 2476 3067 2530 resurrectionem
3107 2476 3404 2532 multorum
3450 2479 3507 2533 in
3552 2478 3756 2546 Israel,

2166 2573 2223 2620 et
2272 2565 2327 2619 in
2377 2564 2590 2635 signum
2635 2564 2723 2619 cui
2762 2564 3164 2621 contradicetur
3214 2565 3383 2637 (Luc.
3421 2583 3459 2621 ιι
3480 2567 3523 2639 ).
3557 2587 3575 2619 ι
3625 2568 3762 2637 Qui;

2164 2656 2310 2711 enim
2366 2656 2841 2728 phi1030phorum?
2888 2658 3011 2728 quis
3064 2659 3211 2713 enim
3259 2660 3582 2729 gentilium?
3634 2660 3762 2732 quis

2167 2750 2549 2807 haereticorum
2580 2766 2687 2805 non
2715 2749 2921 2821 judicat
2968 2750 3283 2818 Christum,
3334 2753 3657 2823 ponentium
3707 2752 3761 2813 ἀ

2166 2842 2313 2915 leges
2343 2842 2663 2909 nativitatis,
2684 2852 2739 2898 et
2762 2843 3051 2913 passionis,
3074 2843 3602 2916 resurrectionisque
3624 2861 3759 2913 sua,

2166 2944 2221 2990 et
2260 2934 2619 2990 substantiae?
2647 2933 2759 2990 Nec
2802 2935 3000 2990 mirum
3025 2935 3184 3005 juxta
3213 2937 3479 3007 assumpti
3508 2938 3758 3007 corporis

2166 3025 2453 3083 veritatem
2469 3023 2743 3079 Christum
2775 3024 2982 3080 dicere:
3007 3042 3025 3075 ‹
3048 3024 3143 3080 Vae
3167 3024 3299 3080 mihi
3319 3065 3335 3091 ,
3362 3034 3542 3080 mater
3568 3041 3711 3092 mea,
3732 3046 3754 3080 ι

2167 3128 2289 3169 cum
2331 3120 2387 3168 et
2428 3112 2484 3168 in
2526 3111 2633 3167 alio
2660 3112 2779 3169 loco
2823 3114 3107 3184 perspicue
3135 3129 3381 3185 persona:
3410 3114 3530 3183 ejus
3561 3130 3760 3172 conve-

473 3211 694 3283 Aquila,
726 3209 1081 3281 Septuaginta
1120 3217 1175 3263 et
1206 3202 1574 3263 Theodotione
1603 3216 1797 3276 septem
1832 3204 2063 3261 transfe-
2089 3212 2135 3277 ο
2167 3205 2299 3271 niat,
2326 3204 2471 3274 quod
2502 3204 2739 3260 dicitur:
2778 3224 2795 3255 ι
2829 3205 2922 3260 Vae
2948 3205 3103 3271 mihi,
3128 3205 3253 3274 quia
3278 3204 3456 3261 factus
3478 3222 3601 3261 sum
3619 3208 3761 3264 sicut

474 3302 739 3368 rentibus,
772 3299 1101 3372 Symmacho
1127 3298 1401 3369 plurimos.
1425 3297 1555 3364 Qum
1580 3297 1749 3367 igitur
1770 3296 2063 3353 eratdives

475 3392 682 3457 liberis,
706 3391 839 3449 orba
877 3391 1058 3449 subito
1087 3389 1232 3447 facta
1259 3398 1361 3457 est,
1390 3397 1446 3445 ct
1472 3390 1619 3445 clara
1647 3389 1764 3444 luce
1794 3388 2061 3459 disperiit,

474 3493 533 3545 ct
557 3482 781 3541 confusa
811 3490 899 3540 est
936 3483 992 3540 in
1035 3482 1323 3538 solitudine
1366 3478 1471 3536 sui.
1522 3478 1811 3548 Reliquum
1856 3485 2061 3545 autem,

476 3577 572 3641 ait,
605 3566 861 3645 pupulum
894 3573 1104 3629 tradam
1130 3571 1328 3645 gladio,
1352 3578 1413 3625 ut
1442 3576 1695 3635 mortem,
1720 3578 1774 3625 et
1804 3568 1941 3624 iram
1966 3568 2065 3625 Dei

475 3667 654 3725 nullus
680 3664 919 3738 effugiat.
958 3665 1063 3720 Alii
1089 3665 1157 3719 ad
1185 3677 1511 3735 synagogam
1558 3659 1801 3716 referunt
1838 3674 1960 3730 qua:
1982 3660 2067 3714 in-

477 3758 695 3815 ﬁrmata
736 3765 840 3823 est,
886 3764 946 3811 ut
972 3754 1230 3811 Ecclesia:
1274 3761 1549 3810 cresceret
1582 3749 1888 3816 multitudo,
1909 3750 2067 3821 juxta

476 3847 609 3905 illud
637 3845 784 3919 quod
825 3846 1089 3917 scriptum
1127 3852 1251 3900 est:
1289 3860 1307 3895 ι
1365 3840 1578 3897 Sterilis
1607 3840 1818 3911 peperit
1858 3847 2068 3911 septem

481 3942 609 4015 (sive
659 3938 948 4011 plurimos)
979 3978 996 4006 ,
1046 3946 1103 3993 et
1162 3950 1282 4009 quae
1331 3934 1529 3991 multos
1587 3932 1820 3988 habebat
1862 3932 2067 3993 liberos

477 4033 757 4090 inﬁrmata
785 4041 871 4087 est
905 4030 969 4102 (1
1001 4029 1131 4100 Reg.
1166 4028 1252 4101 ιι),
1284 4047 1302 4081 ι
1347 4028 1488 4082 unde
1530 4034 1587 4081 et
1642 4026 1839 4082 occidit
1878 4026 1930 4080 ei
1987 4023 2070 4080 sol

471 4122 722 4194 justitiae,
778 4121 834 4176 in
885 4116 1041 4187 cujus
1077 4118 1270 4189 pennis
1302 4124 1385 4172 est
1417 4117 1622 4170 sanitas
1666 4115 1922 4186 (Malach.
1957 4115 2065 4174 tvl:

475 4222 533 4271 et
579 4213 785 4270 idcirco
852 4219 1056 4279 aeterna
1115 4206 1434 4263 confusione
1490 4212 1742 4276 cooperta
1794 4212 1897 4270 est,
1945 4219 2071 4277 per—

477 4306 614 4364 dens
638 4302 896 4375 pupulum
908 4314 1067 4357 suum
1088 4298 1267 4371 gladio
1280 4295 1568 4367 spirituali.
1594 4288 1796 4367 (Greg.)
1821 4294 1959 4351 Hinc
1987 4303 2073 4352 est

477 4395 623 4471 quod
662 4396 717 4453 in
759 4393 859 4449 Job
906 4392 1145 4464 legitur:
1183 4408 1201 4440 ι
1246 4388 1352 4444 Per
1402 4388 1543 4443 diem
1580 4388 1863 4442 incurrant
1916 4393 2072 4442 tene-

477 4490 639 4552 bras,
689 4495 746 4542 et
773 4484 925 4555 quasi
979 4483 1035 4539 in
1078 4490 1258 4545 nocte,
1290 4479 1371 4534 sic
1401 4477 1698 4548 palpabunt
1734 4478 1787 4531 in
1838 4476 2067 4533 meridie

2168 3298 2259 3369 qui
2290 3296 2493 3367 colligit
2523 3294 2778 3365 stipulam
2809 3296 2863 3349 iu
2893 3310 3070 3351 messe
3090 3336 3105 3361 ,
3142 3304 3207 3350 et-
3241 3296 3387 3351 sicut
3416 3312 3671 3354 racemus
3698 3300 3756 3356 in

2168 3388 2438 3444 vindemia
2463 3401 2571 3442 non
2599 3387 2805 3442 habens
2831 3388 3065 3458 spicam,
3096 3396 3158 3442 ut
3180 3388 3429 3443 comedat
3457 3390 3757 3460 primitiva.

2167 3480 2235 3535 Et
2260 3493 2327 3534 ne
2342 3485 2593 3550 putemus
2612 3478 2910 3548 gemituum
2927 3476 3215 3534 utilitatem
3238 3476 3429 3534 referri
3447 3479 3515 3534 ad
3534 3480 3760 3536 verbum

2166 3572 2286 3637 Dei,
2329 3572 2423 3641 qui
2452 3571 2524 3626 sit
2547 3570 2675 3637 iste,
2703 3570 2794 3641 qui
2821 3570 3060 3642 plangat,
3090 3571 3277 3625 statim
3297 3571 3578 3641 sequitur:
3617 3590 3636 3623 ι
3670 3572 3762 3629 Va:

2168 3664 2324 3727 mihi,
2366 3662 2579 3727 anima,
2616 3662 2745 3731 quia
2772 3662 2934 3731 periit
2977 3668 3261 3717 revertens
3294 3676 3326 3715 a
3354 3670 3504 3717 terra
3542 3680 3557 3716 :
3596 3681 3617 3715 ι
3653 3678 3761 3719 non

2167 3753 2311 3825 quod
2341 3751 2644 3807 dividamus
2671 3765 2931 3821 personas
2948 3791 2963 3816 ,
2984 3760 3045 3805 ut
3062 3750 3215 3821 impii
3237 3749 3446 3807 faciunt
3470 3770 3482 3805 :
3503 3752 3598 3807 sed
3615 3752 3759 3824 quod

2168 3860 2310 3901 unus
2330 3851 2491 3913 atque
2510 3842 2653 3898 idem
2680 3841 2849 3897 Filius
2869 3842 2992 3907 Dei,
3008 3856 3153 3897 nunc
3166 3840 3321 3911 juxta
3343 3857 3587 3908 carnem,
3613 3859 3758 3902 nunc

2163 3935 2319 4006 juxta
2345 3934 2568 3988 verbum
2595 3932 2848 4003 loquatur
2874 3931 2989 3987 Dei.
3010 3932 3029 4004 (
3051 3930 3234 4003 Orig.)
3257 3931 3442 4003 Neque
3471 3934 3623 3989 enim
3652 3949 3761 3991 serb

2171 4039 2260 4079 mo
2307 4023 2402 4078 Dei
2444 4023 2675 4079 sustinet
2720 4031 2983 4090 mortem,
3028 4024 3122 4078 sed
3166 4025 3350 4090 homo,
3381 4026 3476 4095 qui
3504 4024 3644 4083 istos
3669 4041 3764 4099 pa-

2173 4114 2308 4168 titur
2354 4112 2614 4179 ail‘ectus,
2662 4122 2723 4167 ut
2765 4128 2907 4183 saepe
2950 4113 3321 4183 exposuimus.
3355 4113 3414 4170 Si
3443 4116 3763 4174 consideres

2172 4206 2370 4276 ubique
2400 4212 2668 4275 martyres
2697 4204 3085 4260 condemnatos
3104 4245 3119 4271 ,
3148 4213 3205 4260 et
3239 4206 3307 4261 de
3335 4206 3563 4275 singulis
3590 4206 3765 4264 eccle-

2172 4296 2268 4353 siis
2294 4295 2565 4352 exbibitos
2593 4296 2663 4351 ad
2688 4296 2962 4364 tribunal,
2984 4294 3196 4353 videbis
3224 4297 3498 4374 quomodo
3526 4313 3632 4369 per
3659 4301 3764 4356 sin-

2172 4388 2326 4459 gulos
2373 4395 2642 4458 martyres
2665 4384 2837 4454 ,Jesus
2878 4387 3127 4444 Christus
3173 4390 3587 4446 condemnetur.
3644 4392 3762 4464 Ipse

2173 4479 2319 4533 enim
2352 4486 2455 4545 est,
2481 4478 2574 4547 qui
2600 4478 2657 4533 in
2690 4478 3095 4548 perhibentibus
3132 4480 3353 4535 veritati
3390 4482 3763 4537 testimonium

482 4576 646 4650 (Job.
677 4575 756 4646 v).
785 4594 804 4627 ο
843 4573 948 4629 Per
977 4572 1123 4627 diem
1162 4568 1417 4637 tenebras
1453 4566 1796 4621 incurrerunt
1828 4583 1841 4619 :
1869 4564 1961 4636 qui
2012 4566 2068 4620 in
2093 4565 2147 4627 D
2166 4568 2443 4640 judicatur
2473 4587 2485 4623 :
2518 4568 2702 4631 ethoc
2742 4568 2970 4624 ﬁdeliter
2994 4570 3238 4641 suscipe,
3270 4571 3449 4627 sciens
3481 4572 3610 4642 quia
3655 4589 3762 4629 non

483 4670 600 4740 ipsa
625 4663 876 4723 veritatis
897 4662 1209 4735 praesentia,
1234 4658 1474 4732 perﬁdia:
1494 4672 1679 4714 errore
1702 4656 1888 4713 emeati
1920 4665 2065 4714 sunt.

482 4759 642 4818 Clare
686 4758 885 4830 quippe
926 4770 1025 4828 per
1053 4755 1196 4811 diem
1237 4752 1501 4818 cernitur,
1540 4766 1639 4822 per
1684 4757 1900 4805 noctem
1940 4762 2071 4804 vero

485 4861 670 4909 nostra
698 4851 844 4907 acies
863 4849 1207 4905 obscuratur.
1237 4846 1623 4901 Persecutores
1652 4841 1818 4913 igitur
1837 4838 2071 4897 Redem-

482 4947 659 5021 ptoris
688 4945 885 5010 nostri,
933 4944 1061 4998 dum
1103 4943 1299 4999 divinm
1336 4941 1553 4997 virtutis
1595 4938 1857 4995 miracula
1885 4952 2077 4995 cerne-

482 5047 630 5105 rent,
675 5046 732 5093 et
757 5045 938 5092 tamen
964 5034 1032 5090 de
1057 5033 1174 5103 ejus
1214 5033 1494 5089 divinitate
1520 5031 1853 5097 dubitarent,
1902 5030 1957 5085 in
1987 5030 2074 5088 die

486 5130 743 5188 tenebras
762 5127 909 5200 passi
937 5134 1081 5190 sunt,
1106 5125 1230 5195 quia
1259 5124 1432 5179 visum
1466 5123 1521 5177 in
1548 5122 1667 5178 luce
1694 5122 2069 5193 perdiderunt.

486 5223 748 5280 Hinceos
770 5221 886 5290 ipsa
915 5218 1033 5275 Lux
1056 5217 1309 5274 admonet
1334 5216 1519 5271 dicens
1543 5234 1558 5270 :
1588 5231 1607 5266 ι
1635 5214 1920 5271 Ambulate
1940 5215 2071 5272 dum

494 5312 671 5369 lucem
730 5311 944 5367 habetis
969 5351 986 5376 ,
1042 5325 1113 5367 ne
1170 5323 1268 5365 vos
1317 5308 1554 5364 tenebrae
1616 5309 2076 5377 comprehendant

492 5402 678 5478 (Joan.
707 5403 828 5475 xu).
859 5422 878 5455 ι
913 5402 1053 5459 Hinc
1080 5408 1160 5458 est
1184 5400 1326 5471 quod
1369 5413 1559 5455 vocem
1597 5398 1973 5470 pmnitentium
2013 5401 2072 5456 in

496 5510 557 5554 se
583 5494 844 5567 propheta
865 5496 1062 5550 iterum
1078 5493 1306 5566 sumpsit
1324 5492 1544 5549 dicens:
1567 5512 1585 5543 ς
1604 5491 1928 5563 lmpegimus
1951 5504 2069 5546 me-

494 5584 657 5657 ridie,
687 5589 841 5661 quasi
873 5589 928 5644 in
966 5591 1232 5656 tenebris;
1270 5596 1327 5643 et
1348 5586 1657 5660 caliginosis
1684 5585 1839 5656 quasi
1873 5584 2077 5640 mortui

498 5682 637 5757 (ιω.
654 5683 794 5757 xxi).
817 5704 835 5737 ι
855 5682 993 5739 Hinc
1012 5684 1206 5740 iterum
1229 5682 1394 5738 dixit:
1426 5680 1650 5737 «Custos
1661 5679 1790 5751 quid
1811 5678 1878 5735 de
1897 5685 2080 5744 nocte,

499 5784 686 5837 custos
697 5777 824 5848 quid
839 5772 907 5834 de
922 5776 1111 5834 nocte?
1132 5775 1279 5831 Dixit
1301 5773 1658 5840 custos,venit
1668 5786 1825 5828 mane
1834 5778 1891 5828 et
1901 5772 2072 5844 nox.)

2175 4675 2228 4721 te
2252 4663 2449 4719 dixerit
2470 4678 2590 4719 esse
2617 4664 2673 4717 in
2700 4678 2936 4728 carcere,
2955 4678 3079 4719 cum
3104 4662 3276 4720 fueris
3302 4664 3359 4719 in
3382 4680 3627 4735 carcere,
3659 4683 3762 4722 non

2176 4766 2228 4813 te
2254 4757 2463 4813 esurire
2491 4771 2616 4811 cum
2640 4756 2900 4813 esurieris
2922 4796 2938 4824 ,
2974 4770 3098 4812 cum
3126 4756 3332 4813 sitieris
3360 4773 3469 4813 non
3501 4767 3550 4813 te
3572 4759 3763 4826 sitire,

2176 4848 2273 4905 sed
2286 4848 2653 4919 semetipsum.
2684 4867 2702 4900 ι
2725 4848 2783 4903 In
2798 4863 3040 4914 carcere,
3058 4848 3255 4920 inquit,
3282 4848 3360 4905 fui
3386 4858 3443 4905 et
3456 4850 3690 4909 venistis
3703 4852 3765 4909 ad

2177 4953 2284 5005 me,
2308 4939 2509 4993 esurivi
2535 4947 2591 4993 et
2615 4937 2839 4994 dedistis
2864 4939 2998 4994 mihi
3024 4939 3353 4996 manducare
3370 4980 3387 5007 ,
3412 4942 3556 4997 sitivi
3582 4952 3644 4997 et
3670 4958 3767 5014 po-

2178 5028 2333 5085 tastis
2358 5043 2445 5083 me
2475 5026 2687 5100 (Matth.
2715 5027 2865 5101 xxv).
2894 5028 3081 5099 Itaque
3107 5029 3274 5085 etiam
3299 5031 3347 5086 si
3371 5032 3768 5090 condemnatur

2178 5121 2537 5187 Christianus,
2551 5136 2656 5177 non
2678 5137 2777 5193 pro
2797 5121 2899 5177 alia
2930 5130 3109 5177 tamen
3126 5138 3201 5188 re,
3226 5139 3402 5194 neque
3417 5141 3519 5195 pro
3541 5126 3769 5185 sceleri-

2181 5214 2281 5269 bus
2306 5213 2438 5278 suis,
2469 5213 2563 5268 sed
2588 5228 2687 5284 pro
2714 5206 2818 5269 hoc
2850 5220 3079 5280 tantum,
3111 5216 3253 5286 quod
3285 5214 3630 5274 Christianus
3659 5231 3765 5289 est,

2181 5304 2428 5362 Christus
2450 5314 2552 5373 est,
2577 5307 2670 5377 qui
2688 5306 3109 5363 condemnatur:
3133 5324 3199 5365 ex
3225 5310 3606 5381 quoeﬁicitur,
3623 5322 3691 5369 ut
3702 5315 3767 5372 in

2179 5399 2326 5453 omni
2349 5408 2491 5456 terra
2515 5401 2902 5457 condemnetur
2921 5400 3076 5458 Jesus
3094 5443 3108 5468 ,
3134 5404 3557 5473 quotiescunque
3593 5404 3649 5461 is
3680 5406 3771 5463 ad-

2181 5490 2397 5558 dicitur,
2436 5493 2527 5563 qui
2566 5507 2665 5563 pro
2690 5508 2755 5549 eo
2779 5493 3188 5570 condemnatur.
3218 5492 3335 5549 Non
3365 5494 3539 5550 solum
3577 5506 3768 5553 autem

2181 5584 2324 5653 apud
2346 5583 2556 5653 judices
2586 5583 2764 5640 saeculi
2807 5592 2863 5641 et
2907 5583 3255 5641 tribunalium
3280 5594 3581 5656 potestates
3604 5586 3771 5644 Chri-

2182 5684 2297 5731 stus
2328 5676 2560 5743 auditur,
2590 5676 2685 5733 sed
2713 5677 2876 5732 etiam
2902 5678 2947 5732 si
2974 5676 3296 5733 calumniam
3322 5676 3673 5733 Christianus
3699 5677 3770 5734 ab

2185 5766 2365 5839 aliquo
2385 5770 2609 5839 patitur,
2634 5776 2691 5824 et
2735 5774 3062 5840 provocatur
3089 5768 3159 5824 ad
3185 5768 3367 5825 litem:
3395 5778 3522 5825 tunc
3545 5784 3768 5840 quoque

3652 345 3759 405 ρ..
3866 89 3874 441 l
