3926 6324
132 343 238 401 929

132 456 381 512 Christus
396 455 722 525 dijudicatur
739 458 953 531 injuste.
971 460 1186 531 Ubique
1200 460 1448 518 Christus
1464 463 1713 519 condem-

134 554 315 610 natur,
333 554 493 615 atque
506 546 854 614 discernitur,
871 552 1005 605 etab
1022 550 1142 606 aliis
1156 551 1374 620 quidem
1390 554 1711 609 condemna-

136 646 241 701 tur,
258 637 327 691 ab
347 636 467 692 aliis
490 654 595 693 non
620 640 1035 706 condemnatur,
1060 642 1104 697 si
1129 651 1311 705 autem
1336 660 1442 700 non
1465 646 1715 701 condent-

134 737 319 794 natur,
345 729 633 800 excipitur.
662 732 857 803 Aperis
883 733 932 787 ei
957 734 1156 788 ostium
1174 774 1189 799 ,
1213 735 1507 805 ingreditur
1527 736 1593 792 ad
1622 746 1709 793 te:

135 821 314 876 credis
342 822 396 876 in
426 838 547 878 eum
569 865 583 889 ,
616 826 857 880 vescitur
886 833 1083 880 tecum.
1116 826 1172 881 Si
1205 842 1333 882 vero
1363 828 1429 882 de
1457 829 1713 900 religione

136 913 364 970 audiens
400 914 709 971 Christiana
747 931 854 971 non
890 917 1193 987 susceperis
1226 931 1368 984 eam,
1403 920 1536 975 nihil
1567 919 1712 975 aliud

135 1003 302 1069 facis,
353 1018 515 1073 quam
552 1002 877 1062 condemnas
921 1005 1142 1073 Jesum,
1174 1015 1235 1062 ut
1263 1009 1572 1065 mendacem
1596 1051 1611 1076 ,
1654 1018 1715 1065 ut

134 1096 473 1151 seductorem
504 1098 812 1165 hominum,
844 1108 905 1154 ut
942 1100 996 1154 in
1032 1115 1272 1156 errorem
1308 1102 1563 1157 mundum
1600 1111 1711 1156 tra-

136 1184 355 1241 hentem
381 1201 395 1240 :
419 1206 436 1238 ι
458 1188 613 1257 quasi
642 1203 799 1258 quem
834 1190 1066 1261 genuisti
1098 1191 1293 1255 virum,
1321 1192 1413 1260 qui
1439 1189 1650 1258 judicer
1663 1199 1717 1246 et

134 1278 419 1335 discet-nar
446 1282 592 1336 omni
626 1290 801 1337 teme.
850 1301 867 1334 ι
901 1282 1222 1353 Quicunque
1265 1283 1479 1353 penitus
1519 1284 1569 1337 ei
1609 1299 1715 1340 non

135 1371 399 1437 credunt,
428 1372 791 1427 condemnant
821 1388 979 1438 eum;
1014 1374 1105 1442 qui
1146 1381 1326 1428 autem
1358 1374 1627 1440 credunt,
1663 1381 1721 1429 et

136 1463 319 1519 adhuc
350 1466 662 1536 ambigunt,
693 1465 996 1534 diiudicant
1033 1466 1201 1521 illum.
1245 1468 1359 1522 Duo
1388 1468 1550 1538 igitur
1577 1467 1718 1538 apud

136 1555 388 1611 homines
418 1557 669 1611 Christus
696 1558 997 1627 perpetitur
1022 1574 1033 1612 :
1066 1558 1134 1614 ab
1158 1558 1446 1614 incredulis
1471 1560 1721 1619 condem-

136 1653 324 1710 natur,
356 1646 423 1700 ab
454 1646 855 1717 ambigentibus
884 1647 1225 1703 discernitur.
1258 1646 1315 1702 Si
1357 1656 1540 1717 portas
1581 1648 1719 1702 ima-

135 1737 319 1807 ginem
369 1738 639 1804 caelestis,
693 1739 934 1810 deposita
984 1740 1215 1810 imagine
1247 1739 1477 1803 terreni,
1527 1755 1633 1793 non
1662 1754 1723 1795 es

1024 345 1386 404 EXPOSITIO
1423 345 1652 403 SUPER
1686 344 2161 419 JEREMIAM._-
2196 347 2321 403 LIB.
2364 347 2475 404 VII.

1737 515 1785 576 Α

3279 354 3384 411 950

1891 461 1915 514 ι’
1943 463 2084 519 Dicit
2108 464 2367 520 Dominus
2393 482 2405 517 :
2440 464 2497 519 Si
2530 480 2637 519 non
2668 464 2908 535 reliquiae
2938 475 3044 521 tua:
3074 464 3127 521 in
3157 466 3350 521 bonum
3370 509 3383 531 ,

1822 574 1841 606 ι
1879 555 1927 610 si
1964 571 2071 612 non
2106 557 2315 612 occurri
2356 557 2450 612 tibi
2484 558 2540 612 in
2578 564 2817 628 tempore
2857 558 3195 623 amictionis,
3238 567 3290 613 et
3337 559 3391 612 in

1819 664 1839 697 ι
1876 652 2120 717 tempore
2151 646 2512 703 tribulationis
2540 656 2593 703 et
2619 648 2879 719 angustia:
2907 648 3191 711 adversum
3213 647 3391 703 inimi-

1820 754 1838 787 ι
1874 752 2017 794 cum.
2050 737 2338 810 (Ηὶενοη.)
2380 738 2611 793 Possunt
2636 739 2752 795 haec
2789 750 2843 795 et
2872 754 2937 816 ex
2965 754 3194 811 persona
3243 736 3393 795 Jere-

1814 826 1935 882 mia:
1958 828 2165 899 accipi,
2190 828 2281 898 qui
2305 828 2540 898 pessimo
2570 836 2826 899 tempore,
2857 840 2912 886 et
2937 831 3051 901 jam
3080 830 3392 885 imminente

1815 918 2128 989 captivitate
2145 919 2473 989 prophetare
2493 919 2801 989 compulsus
2821 928 2923 986 est,
2947 928 3002 974 et
3026 919 3160 974 dura
3182 918 3389 990 perpeti

1816 1022 1848 1061 a
1877 1009 2071 1080 populo
2098 1025 2203 1065 non
2234 1010 2519 1076 credente,
2568 1010 2636 1064 ad
2667 1009 2739 1075 id,
2770 1011 2913 1079 quod
2941 1025 3101 1081 supra
3134 1009 3347 1065 dixerat
3373 1026 3387 1063 :

1822 1114 1841 1147 ‹
1874 1096 1969 1152 Va:
1994 1098 2145 1163 mihi,
2168 1108 2358 1165 mater,
2378 1108 2437 1154 ut
2462 1098 2594 1169 quid
2606 1113 2693 1153 me
2712 1099 2943 1169 genuisti
2966 1098 3160 1165 virum,
3186 1096 3277 1167 qui
3297 1095 3392 1164 ju-

1815 1184 1970 1241 dicer
1986 1194 2043 1241 et
2067 1186 2346 1243 discernar
2370 1188 2519 1244 omni
2546 1196 2804 1257 tempore,
2827 1195 2883 1242 et
2907 1187 3114 1257 reliqua
3140 1205 3153 1241 :
3178 1201 3395 1258 respon-

1817 1277 1897 1333 dit
1920 1279 2182 1334 Dominus
2208 1297 2221 1333 :
2254 1280 2371 1335 Noli
2398 1280 2746 1338 considerare
2773 1282 3095 1353 praesentia,
3129 1281 3225 1337 sed
3254 1280 3393 1336 futu«

1818 1385 1900 1437 ra,
1926 1370 2169 1441 reliquiae
2194 1372 2338 1427 enim
2364 1381 2469 1428 tua:
2491 1382 2547 1429 et
2570 1373 2865 1430 novissima
2891 1380 3050 1429 erunt
3074 1373 3128 1428 in
3151 1373 3352 1429 bonum
3377 1389 3391 1427 :

1820 1462 2061 1535 Denique
2095 1472 2149 1519 et
2172 1463 2226 1519 in
2246 1466 2651 1534 praesentiarum
2682 1482 2803 1523 cum
2834 1475 2886 1533 te
2911 1476 3167 1538 cuperent
3188 1466 3395 1523 inimici

1819 1556 2146 1626 opprimere,
2206 1555 2333 1611 affui
2368 1557 2498 1624 tibi,
2530 1566 2587 1613 et
2616 1573 2734 1613 meo
2766 1569 3042 1629 protectus
3076 1574 3137 1615 es
3169 1557 3390 1613 auxilio.

1821 1646 1937 1703 Hoc
1964 1655 2145 1703 autem
2176 1655 2284 1703 tam
2312 1647 2379 1702 ad
2408 1646 2697 1703 Jeremiam
2718 1688 2733 1713 ,
2778 1663 2939 1719 quam
2968 1650 3261 1705 secundum
3292 1648 3399 1705 dis-

1822 1740 2191 1809 pensationem
2216 1740 2395 1795 earnis
2420 1751 2710 1810 assumptae
2729 1742 2795 1797 ad
2843 1740 3181 1798 Salvatorem
3205 1741 3399 1797 referri

138 1838 289 1883 terra
346 1831 711 1885 condemnans
770 1846 891 1886 eum
913 1871 928 1897 ,
985 1846 1158 1902 neque
1197 1839 1342 1886 terra
1362 1872 1377 1896 ,
1409 1831 1463 1886 in
1503 1847 1607 1901 qua
1628 1828 1721 1900 ju-
1748 1862 1798 1923 Β
1823 1838 2020 1901 potest.
2053 1831 2159 1886 Pro
2186 1847 2251 1887 eo
2282 1833 2425 1902 quod
2474 1848 2573 1888 nos
2595 1830 2749 1900 juxta
2779 1833 3099 1890 Hebraicum
3139 1834 3399 1903 interpre-

135 1918 356 1974 dicatur
383 1932 544 1991 atque
575 1923 918 1987 discernitur.

215 2029 233 2060 ‹
275 2009 393 2065 Non
441 2010 715 2076 fcneravi,
763 2028 865 2067 nec
910 2010 1174 2067 feneravit
1222 2012 1353 2067 mihi
1395 2012 1718 2082 quisquam:

142 2119 161 2151 ι
198 2116 392 2156 onmes
440 2102 763 2157 maledicent
792 2104 945 2157 mihi.
982 2123 999 2154 ι
1030 2104 1135 2159 Pro
1187 2120 1294 2175 quo
1338 2104 1480 2159 LXX
1508 2123 1521 2158 :
1554 2125 1571 2156 ‹
1607 2105 1723 2159 Non

142 2210 161 2241 ι
199 2191 419 2260 profui,
444 2208 620 2261 neque
642 2193 844 2262 profuit
866 2194 998 2248 mihi
1026 2196 1330 2264 quisquam.
1357 2215 1375 2247 ι
1403 2196 1721 2261 Theodotio,

142 2302 162 2334 ι
198 2283 320 2338 Non
353 2285 535 2350 debui,
569 2301 742 2356 neque
764 2286 948 2341 debuit
976 2288 1108 2341 mihi
1130 2289 1436 2357 quisquam.
1468 2308 1485 2337 ι
1519 2288 1721 2343 Ριωαὶ-

137 2374 292 2428 cavit
354 2374 615 2429 Jeremias
680 2377 933 2430 mandata
997 2378 1197 2430 divina.
1242 2377 1409 2432 Nemo
1457 2378 1575 2443 his,
1632 2378 1723 2446 qui

137 2465 583 2535 prmdicabantur
611 2467 876 2521 attendit:
911 2468 1257 2536 quamobrem
1302 2468 1455 2536 quasi
1486 2468 1726 2523 medicus

139 2558 324 2615 libens
364 2566 458 2613 aut
495 2567 776 2629 promptus
824 2559 1180 2615 medicamina
1225 2558 1604 2630 languentibus
1632 2560 1728 2613 tri—

140 2646 311 2712 buat,
343 2658 397 2703 et
424 2648 529 2703 illis
558 2664 663 2703 non
695 2663 754 2704 se
782 2656 992 2703 castum
1018 2647 1304 2703 artificium
1334 2649 1606 2713 curantis,
1636 2648 1729 2703 sed

134 2735 299 2806 juxta
331 2740 659 2796 voluntatem
692 2754 847 2795 suam
877 2740 1156 2809 agentibus
1187 2739 1364 2793 dicat:
1392 2738 1506 2793 Non
1530 2739 1726 2808 profui,

143 2844 329 2898 neque
372 2830 574 2899 profuit
615 2829 745 2882 mihi
790 2828 1094 2897 quisquam.
1144 2827 1547 2893 Quodannnodo
1585 2826 1728 2881 enim

144 2920 480 2977 beneficium
521 2920 874 2989 consequitur
917 2919 1031 2987 ipse
1066 2918 1154 2989 qui
1195 2925 1379 2981 curat,
1412 2917 1455 2971 si
1496 2915 1729 2971 fructum

144 3011 357 3066 laboris
388 3012 471 3066 sui
502 3011 556 3065 in
583 3018 883 3081 aegrotante
912 3008 1248 3077 conspiciat:
1280 3015 1336 3062 et
1362 3022 1459 3076 per
1488 3006 1729 3061 laetitiam

147 3103 355 3157 mentis
385 3102 545 3157 etiam
578 3102 690 3169 ipse
718 3100 1064 3169 consequitur
1090 3099 1377 3160 utilitatem
1395 3138 1408 3162 ,
1437 3096 1732 3153 secundum

1829 1921 1931 1975 tati
1961 1936 2185 1976 sumus:
2221 1940 2239 1971 ι
2273 1919 2473 1976 Omnes
2503 1921 2827 1977 maledicunt
2864 1923 3028 1989 mihi,
3064 1943 3083 1975 ›
3110 1938 3288 1995 usque
3331 1922 3400 1977 ad

1827 2028 1950 2069 eum
1981 2014 2158 2071 locum
2178 2053 2192 2079 ,
2226 2014 2315 2069 ubi
2341 2014 2603 2084 scriptum
2632 2023 2752 2069 est:
2783 2034 2801 2066 ι
2834 2014 2889 2069 ln
2919 2007 3165 2087 tempore
3188 2015 3402 2072 tribula-

1826 2105 1990 2160 tionis
2018 2107 2305 2161 adversum
2345 2104 2621 2159 inimicum
2641 2144 2655 2170 ,
2686 2124 2704 2157 ι
2732 2104 2787 2159 in
2813 2105 3051 2162 editione
3078 2106 3290 2178 vulgata
3324 2108 3399 2162 ita

1825 2196 2089 2266 scriptum
2117 2195 2294 2265 reperi
2322 2210 2337 2247 :
2372 2214 2389 2246 ι
2418 2193 2699 2251 Fortitudo
2724 2211 2844 2251 mea
2868 2195 3063 2251 defecit
3091 2197 3145 2252 in
3176 2198 3258 2252 his
3306 2197 3399 2267 qui

1826 2290 2155 2346 maledicunt
2182 2288 2314 2344 mihi
2343 2304 2357 2355 ;
2389 2286 2502 2353 flat,
2530 2287 2776 2353 Domine,
2798 2288 3161 2358 .dirigentibus
3189 2286 3292 2341 illis
3312 2326 3326 2352 ,
3356 2286 3403 2341 si

1827 2396 1935 2436 non
1968 2380 2117 2435 astiti
2146 2380 2241 2435 tibi
2271 2380 2328 2434 in
2360 2386 2603 2448 tempore
2644 2376 2946 2433 amictionis
2986 2392 3208 2438 eorum,
3248 2384 3302 2430 et
3348 2376 3403 2429 in

1830 2478 2073 2539 tempore
2103 2468 2467 2524 tribulationis
2494 2482 2682 2523 eorum
2703 2506 2717 2532 ,
2748 2467 2801 2521 in
2828 2468 2968 2522 bona
3000 2474 3185 2521 contra
3227 2464 3404 2519 inimi-

1829 2576 1974 2616 cum.
2009 2579 2029 2611 ι
2064 2560 2132 2614 Εῑ
2164 2568 2249 2615 est
2284 2573 2476 2614 sensus
2508 2575 2521 2611 :
2558 2577 2577 2610 ‹
2625 2556 2905 2614 Fortitudo
2957 2572 3076 2612 mea
3118 2555 3317 2611 defecit
3338 2555 3407 2631 in

1831 2651 1917 2705 his
1954 2666 2074 2720 quae
2111 2650 2441 2705 maledicunt
2470 2648 2604 2703 mihi
2637 2666 2651 2702 :
2692 2667 2710 2698 ›
2752 2662 2859 2703 ιιοιι
2911 2647 3055 2703 enim
3104 2644 3409 2715 intelligunt

1830 2742 2087 2797 virtutem
2148 2757 2326 2797 meam
2350 2781 2364 2806 ,
2401 2756 2522 2810 quae
2574 2740 2627 2793 in
2663 2738 2976 2793 infirmitate
3008 2736 3313 2807 perficitur,
3349 2743 3405 2789 et

1832 2841 2034 2901 quanto
2069 2832 2189 2902 plus
2224 2832 2356 2885 mihi
2387 2830 2798 2895 maledixcrint,
2842 2838 2994 2884 tanto
3028 2843 3150 2883 mea
3195 2828 3249 2881 in
3301 2826 3402 2881 illis

1832 2925 2061 2995 amplius
2090 2924 2285 2990 defecit
2315 2923 2589 2978 fortitudo.
2624 2920 2841 2993 (Oi-ig.)
2874 2920 3163 2976 Videamus
3191 2928 3403 2985 autem,

1834 3015 1878 3068 si
1910 3014 2025 3082 ipso
2055 3013 2210 3069 nobis
2239 3014 2507 3067 tribuente
2534 3026 2696 3067 sensu
2734 3020 2791 3067 et
2837 3026 3088 3067 sermone
3114 3026 3403 3082 possumus

1834 3113 1889 3160 et
1937 3106 2082 3170 aliud
2129 3106 2257 3176 quid
2304 3104 2639 3160 manifestius
2700 3103 2887 3159 abhis
2944 3119 3064 3174 quae
3098 3103 3240 3159 dicta
3274 3113 3402 3159 sunt

150 3194 285 3250 iHud
338 3194 483 3263 quod
511 3192 637 3247 alibi
663 3192 862 3247 dicitur
888 3209 899 3244 :
930 3189 1127 3245 Beatus
1173 3191 1263 3259 qui
1295 3188 1531 3259 loquitur
1559 3188 1614 3243 in
1643 3203 1733 3243 au-
1760 3222 1806 3285 Ο
1837 3195 2015 3249 dicere
2043 3209 2057 3247 :
2090 3214 2108 3245 ι
2143 3194 2273 3248 Erat
2318 3193 2406 3247 lux
2440 3208 2564 3247 vera
2597 3207 2715 3261 quae
2749 3192 3015 3247 illuminat
3046 3206 3261 3248 omnem
3299 3193 3401 3263 ho-

151 3300 241 3341 res
271 3284 628 3340 audientium.
663 3282 814 3336 Hanc
840 3283 1005 3351 igitur
1031 3281 1317 3336 utilitatem
1344 3295 1511 3335 ovans
1539 3293 1730 3335 consc-

149 3374 340 3443 quitur
374 3372 629 3443 magister
659 3370 725 3425 ab
752 3370 1084 3425 auditoribus
1114 3372 1228 3424 suis
1257 3370 1302 3425 si
1332 3369 1618 3439 proficiant
1647 3384 1737 3423 au-

152 3462 376 3527 diendo,
409 3461 535 3515 dum
570 3459 777 3515 fructus
805 3475 872 3514 ex
903 3459 1077 3515 salute
1114 3474 1299 3515 eorum
1339 3459 1736 3529 quodammodo

150 3554 334 3609 metit.
367 3551 629 3608 Jeremias
674 3552 727 3607 in
759 3552 958 3607 Judaeis
988 3568 1095 3608 non
1125 3554 1323 3608 habere
1354 3567 1412 3607 se
1450 3552 1628 3608 locum
1657 3552 1736 3607 di-

150 3647 255 3710 cit,
308 3648 459 3711 ideo,
509 3646 715 3715 inquit,
758 3661 862 3699 non
907 3644 1107 3713 profuit
1152 3645 1285 3697 mihi
1328 3644 1632 3713 quisquam.
1678 3644 1735 3699 Si

151 3736 299 3791 enim
335 3736 497 3789 debet
525 3736 863 3790 auditoribus
891 3734 1169 3803 prodesse,
1202 3732 1346 3802 quod
1378 3733 1606 3802 loquor:
1638 3748 1735 3786 au-

151 3826 364 3881 ditores
412 3841 534 3881 vero
565 3842 625 3881 ea
650 3868 662 3892 ,
694 3842 815 3896 qua:
845 3826 1099 3879 dicuntur
1127 3824 1406 3895 abjiciunt,
1438 3834 1493 3878 et
1530 3838 1628 3893 ego
1658 3823 1738 3877 di-

151 3930 218 3970 co
244 3930 259 3968 :
293 3914 413 3969 Non
442 3915 638 3985 profui,
672 3930 845 3984 neque
872 3912 1229 3983 profuit'mihi
1258 3914 1541 3982 quisquam
1567 3931 1578 3966 :
1611 3912 1735 3981 quia

151 4005 298 4060 hanc
327 4006 617 4061 utilitatem
662 4021 771 4060 non
814 4020 933 4060 sum
983 4012 1321 4069 consecutus,
1367 4020 1527 4074 quam
1554 4019 1740 4059 conse-

154 4100 346 4170 quitur
378 4100 423 4153 is
452 4100 544 4168 qui
572 4099 762 4154 beatus
786 4098 1035 4162 efficitur,
1084 4098 1209 4151 dum
1240 4099 1292 4151 in
1319 4113 1477 4152 aures
1504 4096 1739 4167 loquitur

155 4190 522 4244 audientium.
569 4189 833 4261 (Hieron.
862 4189 881 4260 )
913 4188 1021 4245 Sed
1052 4191 1177 4260 quia
1220 4191 1443 4245 diversa:
1478 4192 1740 4247 editiones

152 4282 377 4337 diversa
404 4268 489 4335 hic
517 4282 717 4337 habent
738 4283 900 4338 verba
920 4322 934 4347 ,
962 4283 1154 4337 borum
1178 4293 1356 4337 tamen
1384 4282 1621 4337 omnium
1651 4282 1741 4337 hic

152 4387 354 4428 sensus
398 4380 508 4437 cst,
539 4388 603 4427 ex
632 4389 861 4443 persona
902 4372 1143 4429 Christi:
1176 4374 1362 4429 Nullus
1402 4389 1462 4429 se
1513 4373 1742 4442 praabuit

151 4465 245 4534 qui
286 4465 451 4534 digna
481 4480 599 4518 mea
642 4480 746 4518 aera
791 4466 1089 4534 susciperet
1128 4483 1140 4519 :
1171 4480 1270 4520 nec
1308 4465 1573 4521 feneravit
1610 4465 1739 4519 mihi

1838 3285 2040 3341 minem
2072 3285 2376 3340 venientem
2404 3286 2459 3339 in
2491 3286 2634 3339 hunc
2663 3284 2918 3339 mundum
2946 3283 3144 3353 '(Joau.
3176 3283 3350 3354 xvm).
3383 3304 3400 3335 ι

1845 3396 1863 3429 ‹
1891 3376 2007 3431 Lux
2038 3392 2165 3432 vera
2200 3396 2217 3428 ›
2238 3376 2406 3433 Filius
2433 3385 2516 3432 est
2545 3377 2640 3431 Dei
2673 3396 2689 3427 ι
2711 3392 2829 3445 quae
2854 3376 3171 3433 illuminavit
3197 3391 3406 3430 omnem

1839 3471 2113 3526 hominem
2144 3472 2448 3527 venientem
2482 3472 2536 3525 in
2567 3471 2710 3525 hunc
2736 3470 3013 3526 mundum.
3050 3490 3067 3521 ι
3097 3470 3404 3538 Quicunque

1837 3562 2115 3617 rationalis
2148 3572 2231 3618 est
2264 3563 2529 3633 particeps
2577 3577 2715 3617 vera:
2758 3562 2891 3617 lucis
2934 3561 3180 3618 eflicitur.
3230 3562 3398 3617 Ratio

1839 3652 2036 3707 nabilis
2076 3661 2159 3708 est
2200 3661 2378 3707 autem
2416 3644 2593 3708 omnis
2638 3654 2819 3708 homo.
2854 3652 2987 3707 Cum
3026 3653 3192 3723 igitur
3223 3668 3399 3708 omne:

1840 3742 2089 3798 homines
2124 3742 2469 3799 rationabiles
2507 3744 2651 3808 sint,
2690 3743 2744 3797 in
2780 3743 3095 3812 quibusdam
3131 3743 3406 3797 minuitur.

1842 3833 1899 3888 Si
1942 3834 2143 3890 videris
2192 3835 2425 3889 animam
2470 3834 2613 3888 vitiis
2656 3843 2707 3887 et
2756 3834 3249 3902 perturbationibus
3297 3848 3411 3887 ser-

1841 3924 2107 3989 vientem,
2160 3925 2369 3978 videbis
2408 3924 2677 3993 quomodo
2719 3924 2890 3977 virtus
2928 3923 3077 3977 verbi
3114 3920 3327 3977 deﬁciat
3356 3924 3410 3976 in

1841 4027 1905 4067 ea
1935 4030 1949 4066 :
1984 4014 2029 4067 si
2060 4013 2260 4067 videris
2307 4021 2549 4067 sanctam
2598 4021 2651 4065 et
2690 4011 2924 4081 justam,
2970 4010 3176 4065 videbis
3218 4018 3278 4063 ut
3319 4024 3415 4079 per

1842 4103 2081 4173 singulos
2111 4103 2227 4157 dies
2256 4104 2430 4157 virtus
2455 4102 2548 4157 Dei
2584 4102 2832 4171 proﬁciat
2866 4110 2921 4155 et
2954 4109 3189 4167 crescat,
3228 4110 3281 4155 ct
3311 4102 3413 4156 hoc

1843 4199 1987 4268 quod
2018 4198 2272 4253 scribitur
2301 4199 2366 4252 de
2396 4198 2521 4254 Jesu
2552 4199 2761 4267 aptabis
2792 4198 2859 4251 ei.
2903 4196 3085 4267 Neque
3114 4197 3256 4252 enim
3288 4206 3407 4251 tan-

1846 4291 2123 4345 tummodo
2152 4292 2205 4343 in
2244 4306 2301 4345 se
2331 4289 2488 4344 Jesus
2518 4287 2832 4358 proficiebat
2869 4288 3130 4357 sapientia
3153 4328 3166 4350 ,
3196 4296 3250 4342 et
3280 4296 3409 4342 teta-

1846 4388 1899 4434 te
1923 4419 1937 4444 ,
1968 4388 2025 4434 et
2053 4380 2223 4449 gratia
2260 4379 2399 4448 apud
2429 4379 2595 4433 Deum
2635 4386 2687 4432 et
2723 4378 2967 4433 homines
2998 4396 3010 4432 :
3042 4393 3227 4434 verum
3268 4391 3322 4433 et
3358 4380 3408 4433 in

1843 4468 2069 4539 singulis
2117 4467 2418 4537 profectum
2456 4468 2729 4535 sapientia:
2762 4475 2815 4521 et
2849 4468 3052 4530 :ctatis,
3099 4474 3153 4520 et
3195 4468 3407 4537 gratim,

154 4556 446 4626 quisquam
487 4555 539 4608 in
584 4555 784 4610 sanctis
825 4564 984 4624 atque
1023 4556 1349 4626 pauperibus
1392 4556 1739 4611 confovendis
1764 4571 1817 4631 ι)
1848 4559 2263 4628 recipientibus,
2314 4556 2525 4627 proficit
2571 4546 2733 4610 Jcsus
2775 4556 3031 4625 sapientia
3082 4565 3136 4610 et
3170 4564 3326 4610 relate
3359 4568 3413 4609 et

156 4658 244 4701 .‘Je
276 4644 383 4699 sibi
416 4643 617 4699 faciens
646 4645 940 4701 debitorem
960 4687 974 4711 ,
1009 4648 1120 4703 sive
1150 4664 1255 4703 non
1288 4648 1464 4717 profui
1497 4662 1595 4702 nec
1624 4662 1743 4719 pro-

157 4731 262 4787 fuit
292 4733 431 4795 mihi
461 4733 767 4804 quisquam.
816 4735 1001 4791 Nullus
1026 4738 1167 4792 enim
1204 4745 1407 4791 tantum
1446 4737 1615 4791 voluit
1646 4751 1737 4790 ac-

156 4824 378 4890 cipere,
437 4831 697 4892 quantum
726 4839 824 4894 ego
853 4826 1091 4881 tribuere
1119 4826 1440 4895 desideravi.
1481 4826 1588 4881 Nec
1616 4841 1740 4895 pro-

157 4912 259 4967 fuit
298 4913 438 4967 mihi
479 4915 805 4985 quisquam:
838 4916 984 4972 salus
1012 4918 1155 4973 enim
1196 4914 1483 4981 creaturae,
1527 4917 1736 4972 lucrum

158 5012 243 5057 est
273 5004 562 5057 creatoris.
594 5005 704 5059 Aut
730 5016 879 5061 certe
908 5022 1015 5063 non
1044 5008 1238 5075 debui,
1270 5024 1369 5065 nec
1397 5010 1581 5065 debuit
1605 5009 1740 5063 mihi

158 5094 473 5163 quisquam.
522 5092 690 5150 Nemo
730 5098 865 5152 mihi
895 5100 1040 5154 dedit
1081 5107 1338 5169 quantum
1374 5101 1622 5170 accipere
1650 5116 1744 5155 cu-

160 5174 383 5254 piebam
403 5226 417 5251 ,
442 5200 542 5241 nec
562 5201 647 5241 me
668 5186 770 5241 sibi
793 5188 923 5243 fecit
943 5191 998 5244 in
1023 5190 1201 5261 aliquo
1221 5190 1538 5245 debitorem.
1564 5191 1743 5257 Quod-

164 5293 270 5346 que
312 5278 483 5334 infert
505 5319 518 5343 ,
551 5293 650 5333 nec
679 5279 861 5334 debuit
889 5281 1018 5335 mihi
1051 5283 1335 5353 quisquam
1369 5300 1380 5334 :
1414 5283 1557 5336 hunc
1583 5282 1745 5337 habet

166 5385 413 5426 sensum.
441 5372 715 5437 Quomodo
736 5373 878 5428 enim
897 5383 1109 5443 poterat
1133 5375 1262 5429 mihi
1284 5388 1502 5429 usuram
1525 5371 1741 5439 debere,

168 5462 261 5531 qui
288 5461 450 5516 fenus
472 5478 578 5516 non
602 5471 683 5517 est
706 5464 955 5535 dignatus
979 5465 1257 5535 accipere?
1293 5464 1511 5528 Omnes,
1538 5462 1741 5533 inquit,

170 5552 509 5609 maledicunt
537 5554 687 5607 mihi.
721 5554 852 5622 Quis
895 5556 1036 5610 enim
1067 5556 1440 5611 haereticorum
1476 5562 1636 5624 atque
1659 5569 1744 5608 er-

174 5646 415 5701 rantium
448 5661 553 5701 non
587 5647 861 5703 maledicit
888 5648 1142 5703 Christo?
1169 5647 1425 5705 Perversa
1452 5647 1721 5703 credendo

175 5745 231 5789 ct
256 5735 599 5807 perversiora
627 5736 1041 5808 blasphemans?

1846 4651 2047 4720 gratia,
2078 4649 2215 4719 apud
2243 4649 2409 4703 Deum
2437 4656 2490 4699 ct
2518 4646 2779 4701 homines.
2816 4644 3094 4714 (Ηὶενοιι.)
3126 4644 3414 4716 Jungitquc

1847 4740 1931 4795 vel
1961 4740 2219 4809 propheta
2251 4737 2335 4792 vel
2367 4737 2655 4799 Dominus,
2686 4744 2743 4789 et
2772 4735 2848 4789 ait
2874 4749 2888 4787 :
2924 4753 2940 4783 ι
2974 4734 3121 4798 Fiat,
3156 4734 3409 4800 Domine,

1847 4828 2197 4900 dirigentibus
2226 4827 2359 4891 illis,
2395 4847 2413 4878 ι
2444 4826 2545 4879 hoc
2573 4833 2683 4888 cst,
2711 4832 2765 4876 et
2791 4822 3008 4876 veniant
3034 4818 3161 4877 mihi
3194 4822 3414 4877 maledi-

1848 4927 1967 4981 cta,
2001 4919 2093 4987 qui
2121 4919 2409 4986 loquuntur
2440 4914 2671 4977 inimici,
2703 4922 2757 4967 et
2784 4913 2857 4967 illi
2894 4913 3193 4983 dirigantur
3227 4914 3281 4967 in
3321 4914 3416 4968 bo-

1847 5024 1973 5063 num
1994 5049 2008 5073 ,
2032 5009 2076 5062 si
2104 5022 2209 5061 non
2236 5007 2290 5059 in
2318 5015 2555 5073 tempore
2579 5002 2933 5058 tribulationis
2957 5018 3143 5057 eorum
3170 5012 3223 5058 et
3248 5019 3415 5073 angu-

1844 5100 1961 5153 stia:
1987 5099 2202 5167 quando
2229 5111 2321 5151 eos
2348 5094 2594 5148 vastabat
2623 5093 2869 5147 inimicus
2898 5102 2952 5146 ct
2980 5107 3172 5161 capere
3197 5092 3414 5149 festina-

1843 5191 1967 5257 bat,
2001 5190 2123 5245 steti
2153 5190 2203 5243 in
2245 5194 2529 5256 conspectu
2572 5194 2689 5247 tuo,
2733 5193 2789 5239 et
2819 5186 3001 5255 rogavi
3049 5195 3101 5240 te
3141 5200 3238 5254 pro
3271 5185 3409 5247 illis,

1845 5290 1900 5336 et
1940 5282 2094 5337 dixi:
2130 5301 2147 5331 ‹
2178 5280 2355 5344 Pater,
2399 5279 2616 5348 ignosce
2654 5278 2763 5342 eis,
2804 5280 2945 5347 quod
2984 5278 3127 5332 enim
3169 5277 3409 5344 faciunt,

1846 5377 2093 5433 nesciunt
2121 5374 2284 5447 (Luc.
2309 5373 2497 5445 mu).
2532 5393 2549 5424 ι
2579 5372 2598 5445 [
2622 5371 2768 5443 Orig.
2792 5370 2813 5443 ]
2842 5372 3030 5427 Astitit
3054 5370 3199 5426 Patri
3225 5370 3411 5440 propi-

1850 5466 2003 5521 tiatio
2046 5480 2145 5534 pro
2189 5464 2425 5534 peccatis
2464 5462 2687 5525 nostris,
2731 5471 2784 5515 et
2825 5462 3141 5531 deprecatus
3179 5471 3260 5515 est
3288 5474 3407 5513 cum

1852 5555 1904 5609 in
1937 5566 2171 5623 tempore
2201 5554 2458 5608 malorum
2490 5562 2813 5607 nostrorum.
2860 5550 3044 5629 Neque
3073 5552 3214 5606 enim
3245 5550 3414 5603 astitit

1851 5655 1973 5713 post
2005 5652 2213 5713 tempus
2242 5641 2541 5697 afﬂictionis
2571 5650 2789 5706 nostne,
2820 5642 2913 5697 sed
2941 5657 3059 5696 cum
3088 5640 3260 5694 adhuc
3288 5652 3413 5707 pcc~

1853 5744 2065 5791 catorcs
2096 5749 2356 5798 essemus,
2393 5732 2546 5788 Jcsus
2580 5732 2824 5787 Christus
2851 5749 2945 5801 pro
2990 5730 3139 5785 nobis
3170 5736 3412 5783 mortuus
