  <div class='ocr_page' id='page_1' title='image "/cluster/home/n/w/nwhite01/storage/ocr_20150623/111/uva.x000827067/473.png"; bbox 0 0 3926 6320; ppageno 0'>
   <div class='ocr_carea' id='block_1_1' title="bbox 557 321 659 386">
    <p class='ocr_par' dir='ltr' id='par_1_1' title="bbox 557 321 659 386">
     <span class='ocr_line' id='line_1_1' title="bbox 557 321 659 386; baseline -0.02 0"><span class='ocrx_word' id='word_1_1' title='bbox 557 321 659 386; x_wconf 73' lang='lat'><strong>931</strong></span> 
     </span>
    </p>
   </div>
   <div class='ocr_carea' id='block_1_2' title="bbox 1201 311 2125 418">
    <p class='ocr_par' dir='ltr' id='par_1_2' title="bbox 1201 311 2125 418">
     <span class='ocr_line' id='line_1_2' title="bbox 1201 311 2125 418; baseline -0.001 -37"><span class='ocrx_word' id='word_1_2' title='bbox 1201 316 1263 382; x_wconf 79' lang='grc' dir='ltr'><strong>Β.</strong></span> <span class='ocrx_word' id='word_1_3' title='bbox 1303 314 1558 381; x_wconf 66' lang='grc' dir='ltr'><strong>ΒΑΒΔΝῘ</strong></span> <span class='ocrx_word' id='word_1_4' title='bbox 1595 313 1816 384; x_wconf 72' lang='lat' dir='ltr'><strong>MAURI</strong></span> <span class='ocrx_word' id='word_1_5' title='bbox 1852 311 2125 418; x_wconf 63' lang='lat' dir='ltr'><strong>ARCHIEI</strong></span> 
     </span>
    </p>
   </div>
   <div class='ocr_carea' id='block_1_3' title="bbox 2230 311 3169 418">
    <p class='ocr_par' dir='ltr' id='par_1_3' title="bbox 2230 314 3169 413">
     <span class='ocr_line' id='line_1_3' title="bbox 2230 314 3169 413; baseline 0.006 -33"><span class='ocrx_word' id='word_1_6' title='bbox 2230 314 2838 385; x_wconf 70' lang='lat' dir='ltr'><strong>iOGUNT.,0PERUM</strong></span> <span class='ocrx_word' id='word_1_7' title='bbox 2870 321 3049 386; x_wconf 66' lang='lat' dir='ltr'><strong>psus</strong></span> <span class='ocrx_word' id='word_1_8' title='bbox 3083 330 3169 413; x_wconf 77' lang='lat' dir='ltr'><strong>nr.</strong></span> 
     </span>
    </p>
   </div>
   <div class='ocr_carea' id='block_1_4' title="bbox 3711 329 3810 392">
    <p class='ocr_par' dir='ltr' id='par_1_4' title="bbox 3711 329 3810 392">
     <span class='ocr_line' id='line_1_4' title="bbox 3711 329 3810 392; baseline 0 0"><span class='ocrx_word' id='word_1_9' title='bbox 3711 329 3810 392; x_wconf 66' lang='grc'><strong>959</strong></span> 
     </span>
    </p>
   </div>
   <div class='ocr_carea' id='block_1_5' title="bbox 555 428 3809 535">
    <p class='ocr_par' dir='ltr' id='par_1_5' title="bbox 555 428 3809 535">
     <span class='ocr_line' id='line_1_5' title="bbox 555 428 3809 535; baseline 0.004 -40"><span class='ocrx_word' id='word_1_10' title='bbox 555 449 662 499; x_wconf 87' lang='lat' dir='ltr'><strong>est.</strong></span> <span class='ocrx_word' id='word_1_11' title='bbox 710 439 845 509; x_wconf 83' lang='lat' dir='ltr'><strong>Quis</strong></span> <span class='ocrx_word' id='word_1_12' title='bbox 892 447 1074 523; x_wconf 88' lang='lat' dir='ltr'><strong>autem</strong></span> <span class='ocrx_word' id='word_1_13' title='bbox 1241 439 1522 535; x_wconf 82' lang='lat' dir='ltr'><strong>inimicus,</strong></span> <span class='ocrx_word' id='word_1_14' title='bbox 1567 440 1672 497; x_wconf 87' lang='lat' dir='ltr'><strong>nisi</strong></span> <span class='ocrx_word' id='word_1_15' title='bbox 1714 428 1989 507; x_wconf 79' lang='lat' dir='ltr'><strong>diabolus,</strong></span> <span class='ocrx_word' id='word_1_16' title='bbox 2036 440 2131 535; x_wconf 80' lang='lat' dir='ltr'><strong>qui</strong></span> <span class='ocrx_word' id='word_1_17' title='bbox 2159 440 2209 503; x_wconf 81' lang='grc' dir='ltr'><strong>Δ</strong></span> <span class='ocrx_word' id='word_1_18' title='bbox 2235 454 2356 512; x_wconf 90' lang='lat' dir='ltr'><strong>gem</strong></span> <span class='ocrx_word' id='word_1_19' title='bbox 2399 450 2456 498; x_wconf 93' lang='lat' dir='ltr'><strong>et</strong></span> <span class='ocrx_word' id='word_1_20' title='bbox 2487 444 2811 515; x_wconf 82' lang='lat' dir='ltr'><strong>prophetas,</strong></span> <span class='ocrx_word' id='word_1_21' title='bbox 2846 445 3048 501; x_wconf 90' lang='lat' dir='ltr'><strong>habent</strong></span> <span class='ocrx_word' id='word_1_22' title='bbox 3080 446 3353 504; x_wconf 78' lang='lat' dir='ltr'><strong>volumina</strong></span> <span class='ocrx_word' id='word_1_23' title='bbox 3381 450 3693 519; x_wconf 82' lang='lat' dir='ltr'><strong>divmarum</strong></span> <span class='ocrx_word' id='word_1_24' title='bbox 3722 452 3809 535; x_wconf 81' lang='lat' dir='ltr'><strong>lit-</strong></span> 
     </span>
    </p>
   </div>
   <div class='ocr_carea' id='block_1_6' title="bbox 555 519 2129 609">
    <p class='ocr_par' dir='ltr' id='par_1_6' title="bbox 555 519 2129 609">
     <span class='ocr_line' id='line_1_6' title="bbox 555 519 2129 609; baseline -0.002 -22"><span class='ocrx_word' id='word_1_25' title='bbox 555 531 852 588; x_wconf 87' lang='lat' dir='ltr'><strong>tribulabat</strong></span> <span class='ocrx_word' id='word_1_26' title='bbox 900 519 1032 595; x_wconf 87' lang='lat' dir='ltr'><strong>nos,</strong></span> <span class='ocrx_word' id='word_1_27' title='bbox 1084 536 1140 597; x_wconf 82' lang='lat' dir='ltr'><strong>et</strong></span> <span class='ocrx_word' id='word_1_28' title='bbox 1176 528 1307 599; x_wconf 86' lang='lat' dir='ltr'><strong>jugo</strong></span> <span class='ocrx_word' id='word_1_29' title='bbox 1349 530 1624 586; x_wconf 89' lang='lat' dir='ltr'><strong>servitutis</strong></span> <span class='ocrx_word' id='word_1_30' title='bbox 1672 531 1984 609; x_wconf 80' lang='lat' dir='ltr'><strong>premebat?</strong></span> <span class='ocrx_word' id='word_1_31' title='bbox 2021 530 2129 585; x_wconf 83' lang='lat' dir='ltr'><strong>Ad-</strong></span> 
     </span>
    </p>
   </div>
   <div class='ocr_carea' id='block_1_7' title="bbox 554 618 2129 693">
    <p class='ocr_par' dir='ltr' id='par_1_7' title="bbox 554 618 2129 693">
     <span class='ocr_line' id='line_1_7' title="bbox 554 618 2129 693; baseline -0.001 -15"><span class='ocrx_word' id='word_1_32' title='bbox 554 638 773 679; x_wconf 79' lang='lat' dir='ltr'><strong>versum</strong></span> <span class='ocrx_word' id='word_1_33' title='bbox 803 636 962 693; x_wconf 87' lang='lat' dir='ltr'><strong>quem</strong></span> <span class='ocrx_word' id='word_1_34' title='bbox 995 620 1165 678; x_wconf 90' lang='lat' dir='ltr'><strong>astitit</strong></span> <span class='ocrx_word' id='word_1_35' title='bbox 1193 618 1460 686; x_wconf 79' lang='lat' dir='ltr'><strong>SalVator,</strong></span> <span class='ocrx_word' id='word_1_36' title='bbox 1496 630 1552 676; x_wconf 89' lang='lat' dir='ltr'><strong>et</strong></span> <span class='ocrx_word' id='word_1_37' title='bbox 1578 622 1645 677; x_wconf 88' lang='lat' dir='ltr'><strong>de</strong></span> <span class='ocrx_word' id='word_1_38' title='bbox 1665 622 1991 692; x_wconf 77' lang='lat' dir='ltr'><strong>captivitate</strong></span> <span class='ocrx_word' id='word_1_39' title='bbox 2030 636 2129 676; x_wconf 89' lang='lat' dir='ltr'><strong>nos</strong></span> 
     </span>
    </p>
   </div>
   <div class='ocr_carea' id='block_1_8' title="bbox 556 708 2129 789">
    <p class='ocr_par' dir='ltr' id='par_1_8' title="bbox 556 708 2129 789">
     <span class='ocr_line' id='line_1_8' title="bbox 556 708 2129 789; baseline -0.002 -21"><span class='ocrx_word' id='word_1_40' title='bbox 556 711 795 768; x_wconf 68' lang='lat' dir='ltr'><strong>ﬁberans</strong></span> <span class='ocrx_word' id='word_1_41' title='bbox 824 710 1057 766; x_wconf 82' lang='lat' dir='ltr'><strong>reddidit</strong></span> <span class='ocrx_word' id='word_1_42' title='bbox 1082 709 1354 789; x_wconf 88' lang='lat' dir='ltr'><strong>libertati,</strong></span> <span class='ocrx_word' id='word_1_43' title='bbox 1380 712 1496 765; x_wconf 67' lang='lat' dir='ltr'><strong>haec</strong></span> <span class='ocrx_word' id='word_1_44' title='bbox 1522 710 1841 781; x_wconf 75' lang='lat' dir='ltr'><strong>prophetiae</strong></span> <span class='ocrx_word' id='word_1_45' title='bbox 1868 708 2129 766; x_wconf 82' lang='lat' dir='ltr'><strong>Dominus</strong></span> 
     </span>
    </p>
   </div>
   <div class='ocr_carea' id='block_1_9' title="bbox 556 792 2129 877">
    <p class='ocr_par' dir='ltr' id='par_1_9' title="bbox 556 792 2129 877">
     <span class='ocr_line' id='line_1_9' title="bbox 556 792 2129 877; baseline -0.002 -19"><span class='ocrx_word' id='word_1_46' title='bbox 556 801 775 877; x_wconf 80' lang='lat' dir='ltr'><strong>dixerit.</strong></span> <span class='ocrx_word' id='word_1_47' title='bbox 814 800 1125 873; x_wconf 73' lang='grc' dir='ltr'><strong>(Ηὶενοκ.)</strong></span> <span class='ocrx_word' id='word_1_48' title='bbox 1166 800 1273 859; x_wconf 91' lang='lat' dir='ltr'><strong>Sed</strong></span> <span class='ocrx_word' id='word_1_49' title='bbox 1316 808 1376 858; x_wconf 89' lang='lat' dir='ltr'><strong>et</strong></span> <span class='ocrx_word' id='word_1_50' title='bbox 1415 792 1707 857; x_wconf 70' lang='lat' dir='ltr'><strong>Ieremiain</strong></span> <span class='ocrx_word' id='word_1_51' title='bbox 1748 808 1892 871; x_wconf 71' lang='lat' dir='ltr'><strong>saepe</strong></span> <span class='ocrx_word' id='word_1_52' title='bbox 1931 800 2129 872; x_wconf 78' lang='lat' dir='ltr'><strong>depre-</strong></span> 
     </span>
    </p>
   </div>
   <div class='ocr_carea' id='block_1_10' title="bbox 554 892 1980 965">
    <p class='ocr_par' dir='ltr' id='par_1_10' title="bbox 554 892 1980 965">
     <span class='ocr_line' id='line_1_10' title="bbox 554 892 1980 965; baseline -0.002 -14"><span class='ocrx_word' id='word_1_53' title='bbox 554 893 842 951; x_wconf 81' lang='lat' dir='ltr'><strong>hendimus</strong></span> <span class='ocrx_word' id='word_1_54' title='bbox 868 893 923 948; x_wconf 93' lang='lat' dir='ltr'><strong>in</strong></span> <span class='ocrx_word' id='word_1_55' title='bbox 954 892 1058 949; x_wconf 86' lang='lat' dir='ltr'><strong>hoc</strong></span> <span class='ocrx_word' id='word_1_56' title='bbox 1084 892 1358 948; x_wconf 81' lang='lat' dir='ltr'><strong>volumine</strong></span> <span class='ocrx_word' id='word_1_57' title='bbox 1384 906 1603 965; x_wconf 85' lang='lat' dir='ltr'><strong>rogasse</strong></span> <span class='ocrx_word' id='word_1_58' title='bbox 1627 908 1728 963; x_wconf 89' lang='lat' dir='ltr'><strong>pro</strong></span> <span class='ocrx_word' id='word_1_59' title='bbox 1764 892 1980 964; x_wconf 91' lang='lat' dir='ltr'><strong>populo.</strong></span> 
     </span>
    </p>
   </div>
   <div class='ocr_carea' id='block_1_11' title="bbox 630 982 2133 1056">
    <p class='ocr_par' dir='ltr' id='par_1_11' title="bbox 630 982 2133 1056">
     <span class='ocr_line' id='line_1_11' title="bbox 630 982 2133 1056; baseline 0.001 -19"><span class='ocrx_word' id='word_1_60' title='bbox 630 1002 652 1037; x_wconf 87' lang='lat' dir='ltr'><strong>s</strong></span> <span class='ocrx_word' id='word_1_61' title='bbox 680 982 948 1056; x_wconf 80' lang='lat' dir='ltr'><strong>Nunquid</strong></span> <span class='ocrx_word' id='word_1_62' title='bbox 970 983 1322 1041; x_wconf 75' lang='lat' dir='ltr'><strong>fmderabitur</strong></span> <span class='ocrx_word' id='word_1_63' title='bbox 1358 982 1565 1051; x_wconf 84' lang='lat' dir='ltr'><strong>ferrum</strong></span> <span class='ocrx_word' id='word_1_64' title='bbox 1593 983 1741 1041; x_wconf 85' lang='lat' dir='ltr'><strong>ferro</strong></span> <span class='ocrx_word' id='word_1_65' title='bbox 1770 985 1840 1040; x_wconf 86' lang='lat' dir='ltr'><strong>ab</strong></span> <span class='ocrx_word' id='word_1_66' title='bbox 1867 984 2133 1055; x_wconf 81' lang='lat' dir='ltr'><strong>Aquilone</strong></span> 
     </span>
    </p>
   </div>
   <div class='ocr_carea' id='block_1_12' title="bbox 562 1074 2127 1147">
    <p class='ocr_par' dir='ltr' id='par_1_12' title="bbox 562 1074 2127 1147">
     <span class='ocr_line' id='line_1_12' title="bbox 562 1074 2127 1147; baseline 0.002 -19"><span class='ocrx_word' id='word_1_67' title='bbox 562 1076 773 1146; x_wconf 60' lang='lat' dir='ltr'><strong>(etuas</strong></span> <span class='ocrx_word' id='word_1_68' title='bbox 792 1074 819 1129; x_wconf 70' lang='grc' dir='ltr'><strong><em>Ἰ</em></strong></span> <span class='ocrx_word' id='word_1_69' title='bbox 851 1094 872 1129; x_wconf 75' lang='grc' dir='ltr'>ι</span> <span class='ocrx_word' id='word_1_70' title='bbox 907 1074 1267 1146; x_wconf 80' lang='lat' dir='ltr'><strong>Symmachus</strong></span> <span class='ocrx_word' id='word_1_71' title='bbox 1295 1092 1310 1129; x_wconf 88' lang='lat'><strong>:</strong></span> <span class='ocrx_word' id='word_1_72' title='bbox 1344 1090 1363 1127; x_wconf 75' lang='grc' dir='ltr'>ι</span> <span class='ocrx_word' id='word_1_73' title='bbox 1398 1074 1651 1147; x_wconf 82' lang='lat' dir='ltr'><strong>Nunquid</strong></span> <span class='ocrx_word' id='word_1_74' title='bbox 1679 1077 1901 1133; x_wconf 78' lang='lat' dir='ltr'><strong>nocebit</strong></span> <span class='ocrx_word' id='word_1_75' title='bbox 1925 1075 2127 1132; x_wconf 88' lang='lat' dir='ltr'><strong>ferrum</strong></span> 
     </span>
    </p>
   </div>
   <div class='ocr_carea' id='block_1_13' title="bbox 557 1165 2129 1238">
    <p class='ocr_par' dir='ltr' id='par_1_13' title="bbox 557 1165 2129 1238">
     <span class='ocr_line' id='line_1_13' title="bbox 557 1165 2129 1238; baseline -0.001 -16"><span class='ocrx_word' id='word_1_76' title='bbox 557 1184 578 1221; x_wconf 87' lang='lat' dir='ltr'><strong>s</strong></span> <span class='ocrx_word' id='word_1_77' title='bbox 609 1166 759 1223; x_wconf 85' lang='lat' dir='ltr'><strong>ferro</strong></span> <span class='ocrx_word' id='word_1_78' title='bbox 782 1168 852 1223; x_wconf 92' lang='lat' dir='ltr'><strong>ab</strong></span> <span class='ocrx_word' id='word_1_79' title='bbox 874 1166 1136 1238; x_wconf 66' lang='lat' dir='ltr'><strong>Aquilone</strong></span> <span class='ocrx_word' id='word_1_80' title='bbox 1160 1174 1217 1222; x_wconf 90' lang='lat' dir='ltr'><strong>et</strong></span> <span class='ocrx_word' id='word_1_81' title='bbox 1237 1178 1336 1223; x_wconf 64' lang='lat' dir='ltr'><strong>es.</strong></span> <span class='ocrx_word' id='word_1_82' title='bbox 1356 1184 1377 1220; x_wconf 77' lang='grc' dir='ltr'><strong><em>ι</em></strong></span> <span class='ocrx_word' id='word_1_83' title='bbox 1404 1165 1549 1222; x_wconf 76' lang='lat' dir='ltr'><strong>LXX</strong></span> <span class='ocrx_word' id='word_1_84' title='bbox 1577 1174 1633 1222; x_wconf 88' lang='lat' dir='ltr'><strong>et</strong></span> <span class='ocrx_word' id='word_1_85' title='bbox 1661 1166 1998 1223; x_wconf 88' lang='lat' dir='ltr'><strong>Theodotio:</strong></span> <span class='ocrx_word' id='word_1_86' title='bbox 2031 1185 2050 1219; x_wconf 72' lang='grc' dir='ltr'><strong><em>ι</em></strong></span> <span class='ocrx_word' id='word_1_87' title='bbox 2071 1165 2129 1222; x_wconf 87' lang='lat' dir='ltr'><strong>Si</strong></span> 
     </span>
    </p>
   </div>
   <div class='ocr_carea' id='block_1_14' title="bbox 558 1256 2128 1328">
    <p class='ocr_par' dir='ltr' id='par_1_14' title="bbox 558 1256 2128 1328">
     <span class='ocr_line' id='line_1_14' title="bbox 558 1256 2128 1328; baseline 0.002 -19"><span class='ocrx_word' id='word_1_88' title='bbox 558 1274 580 1309; x_wconf 74' lang='grc' dir='ltr'>ι</span> <span class='ocrx_word' id='word_1_89' title='bbox 614 1266 903 1328; x_wconf 84' lang='lat' dir='ltr'><strong>cognoscet</strong></span> <span class='ocrx_word' id='word_1_90' title='bbox 926 1256 1128 1323; x_wconf 63' lang='lat' dir='ltr'><strong>fenum</strong></span> <span class='ocrx_word' id='word_1_91' title='bbox 1154 1264 1211 1312; x_wconf 87' lang='lat' dir='ltr'><strong>et</strong></span> <span class='ocrx_word' id='word_1_92' title='bbox 1222 1258 1618 1327; x_wconf 81' lang='lat' dir='ltr'><strong>operimentum</strong></span> <span class='ocrx_word' id='word_1_93' title='bbox 1631 1257 1877 1314; x_wconf 67' lang='lat' dir='ltr'><strong>meum?</strong></span> <span class='ocrx_word' id='word_1_94' title='bbox 1894 1258 2128 1312; x_wconf 78' lang='lat' dir='ltr'><strong>varieta-</strong></span> 
     </span>
    </p>
   </div>
   <div class='ocr_carea' id='block_1_15' title="bbox 558 1348 2130 1431">
    <p class='ocr_par' dir='ltr' id='par_1_15' title="bbox 558 1348 2130 1431">
     <span class='ocr_line' id='line_1_15' title="bbox 558 1348 2130 1431; baseline 0 -28"><span class='ocrx_word' id='word_1_95' title='bbox 558 1368 579 1402; x_wconf 78' lang='grc' dir='ltr'>ι</span> <span class='ocrx_word' id='word_1_96' title='bbox 614 1350 686 1417; x_wconf 78' lang='lat' dir='ltr'><strong>tis</strong></span> <span class='ocrx_word' id='word_1_97' title='bbox 712 1363 878 1404; x_wconf 83' lang='lat' dir='ltr'><strong>causa</strong></span> <span class='ocrx_word' id='word_1_98' title='bbox 922 1348 1225 1426; x_wconf 82' lang='lat' dir='ltr'><strong>perspicua.</strong></span> <span class='ocrx_word' id='word_1_99' title='bbox 1270 1367 1293 1401; x_wconf 71' lang='grc' dir='ltr'><strong><em>ι</em></strong></span> <span class='ocrx_word' id='word_1_100' title='bbox 1321 1349 1556 1431; x_wconf 59' lang='grc' dir='ltr'><strong>γει-Μαι</strong></span> <span class='ocrx_word' id='word_1_101' title='bbox 1578 1349 1723 1405; x_wconf 85' lang='lat' dir='ltr'><strong>enim</strong></span> <span class='ocrx_word' id='word_1_102' title='bbox 1757 1356 1882 1415; x_wconf 56' lang='grc' dir='ltr'><strong>γῆν</strong></span> <span class='ocrx_word' id='word_1_103' title='bbox 1904 1350 2048 1431; x_wconf 88' lang='lat' dir='ltr'><strong>quod</strong></span> <span class='ocrx_word' id='word_1_104' title='bbox 2076 1349 2130 1403; x_wconf 93' lang='lat' dir='ltr'><strong>in</strong></span> 
     </span>
    </p>
   </div>
   <div class='ocr_carea' id='block_1_16' title="bbox 2233 535 3811 615">
    <p class='ocr_par' dir='ltr' id='par_1_16' title="bbox 2233 535 3811 615">
     <span class='ocr_line' id='line_1_16' title="bbox 2233 535 3811 615; baseline 0.01 -30"><span class='ocrx_word' id='word_1_105' title='bbox 2233 538 2468 586; x_wconf 88' lang='lat' dir='ltr'><strong>terarum</strong></span> <span class='ocrx_word' id='word_1_106' title='bbox 2489 573 2503 599; x_wconf 94' lang='lat'><strong>,</strong></span> <span class='ocrx_word' id='word_1_107' title='bbox 2532 535 2625 589; x_wconf 85' lang='lat' dir='ltr'><strong>sed</strong></span> <span class='ocrx_word' id='word_1_108' title='bbox 2651 536 2853 605; x_wconf 80' lang='lat' dir='ltr'><strong>absque</strong></span> <span class='ocrx_word' id='word_1_109' title='bbox 2877 536 3227 607; x_wconf 76' lang='lat' dir='ltr'><strong>intelligentia</strong></span> <span class='ocrx_word' id='word_1_110' title='bbox 3246 580 3262 605; x_wconf 92' lang='lat'><strong>,</strong></span> <span class='ocrx_word' id='word_1_111' title='bbox 3287 550 3453 612; x_wconf 88' lang='lat' dir='ltr'><strong>atque</strong></span> <span class='ocrx_word' id='word_1_112' title='bbox 3482 545 3557 598; x_wconf 88' lang='lat' dir='ltr'><strong>ita</strong></span> <span class='ocrx_word' id='word_1_113' title='bbox 3591 559 3811 615; x_wconf 77' lang='lat' dir='ltr'><strong>regnum</strong></span> 
     </span>
    </p>
   </div>
   <div class='ocr_carea' id='block_1_17' title="bbox 2232 620 3809 705">
    <p class='ocr_par' dir='ltr' id='par_1_17' title="bbox 2232 620 3809 705">
     <span class='ocr_line' id='line_1_17' title="bbox 2232 620 3809 705; baseline 0.01 -31"><span class='ocrx_word' id='word_1_114' title='bbox 2232 621 2331 676; x_wconf 90' lang='lat' dir='ltr'><strong>Dei</strong></span> <span class='ocrx_word' id='word_1_115' title='bbox 2365 620 2603 678; x_wconf 87' lang='lat' dir='ltr'><strong>ablatum</strong></span> <span class='ocrx_word' id='word_1_116' title='bbox 2638 635 2724 680; x_wconf 90' lang='lat' dir='ltr'><strong>est</strong></span> <span class='ocrx_word' id='word_1_117' title='bbox 2757 627 2825 705; x_wconf 87' lang='lat' dir='ltr'><strong>ab</strong></span> <span class='ocrx_word' id='word_1_118' title='bbox 2861 629 2940 681; x_wconf 92' lang='lat' dir='ltr'><strong>eis</strong></span> <span class='ocrx_word' id='word_1_119' title='bbox 2961 668 2976 693; x_wconf 97' lang='lat'><strong>,</strong></span> <span class='ocrx_word' id='word_1_120' title='bbox 3007 628 3132 683; x_wconf 84' lang='lat' dir='ltr'><strong>dum</strong></span> <span class='ocrx_word' id='word_1_121' title='bbox 3164 630 3459 700; x_wconf 69' lang='lat' dir='ltr'><strong>Scriptum</strong></span> <span class='ocrx_word' id='word_1_122' title='bbox 3491 651 3688 691; x_wconf 79' lang='lat' dir='ltr'><strong>sensus</strong></span> <span class='ocrx_word' id='word_1_123' title='bbox 3714 652 3809 689; x_wconf 55' lang='lat' dir='ltr'><strong>au-</strong></span> 
     </span>
    </p>
   </div>
   <div class='ocr_carea' id='block_1_18' title="bbox 2230 712 3811 800">
    <p class='ocr_par' dir='ltr' id='par_1_18' title="bbox 2230 712 3811 800">
     <span class='ocr_line' id='line_1_18' title="bbox 2230 712 3811 800; baseline 0.009 -32"><span class='ocrx_word' id='word_1_124' title='bbox 2230 712 2403 770; x_wconf 78' lang='lat' dir='ltr'><strong>fertur</strong></span> <span class='ocrx_word' id='word_1_125' title='bbox 2439 714 2676 800; x_wconf 26' lang='lat' dir='ltr'><strong>cessavit.</strong></span> <span class='ocrx_word' id='word_1_126' title='bbox 2706 718 2846 787; x_wconf 90' lang='lat' dir='ltr'><strong>apud</strong></span> <span class='ocrx_word' id='word_1_127' title='bbox 2880 734 3005 787; x_wconf 91' lang='lat' dir='ltr'><strong>eos;</strong></span> <span class='ocrx_word' id='word_1_128' title='bbox 3063 720 3197 793; x_wconf 90' lang='lat' dir='ltr'><strong>legis</strong></span> <span class='ocrx_word' id='word_1_129' title='bbox 3227 732 3282 777; x_wconf 89' lang='lat' dir='ltr'><strong>et</strong></span> <span class='ocrx_word' id='word_1_130' title='bbox 3308 728 3701 795; x_wconf 86' lang='lat' dir='ltr'><strong>prophetarum</strong></span> <span class='ocrx_word' id='word_1_131' title='bbox 3736 732 3811 783; x_wconf 83' lang='lat' dir='ltr'><strong>in-</strong></span> 
     </span>
    </p>
   </div>
   <div class='ocr_carea' id='block_1_19' title="bbox 2234 807 3811 885">
    <p class='ocr_par' dir='ltr' id='par_1_19' title="bbox 2234 807 3811 885">
     <span class='ocr_line' id='line_1_19' title="bbox 2234 807 3811 885; baseline 0.01 -27"><span class='ocrx_word' id='word_1_132' title='bbox 2234 807 2566 876; x_wconf 84' lang='lat' dir='ltr'><strong>terpretatio.</strong></span> <span class='ocrx_word' id='word_1_133' title='bbox 2608 807 2819 879; x_wconf 91' lang='lat' dir='ltr'><strong>Legunt</strong></span> <span class='ocrx_word' id='word_1_134' title='bbox 2855 810 3037 866; x_wconf 83' lang='lat' dir='ltr'><strong>omnia</strong></span> <span class='ocrx_word' id='word_1_135' title='bbox 3078 821 3134 868; x_wconf 92' lang='lat' dir='ltr'><strong>et</strong></span> <span class='ocrx_word' id='word_1_136' title='bbox 3175 829 3282 868; x_wconf 91' lang='lat' dir='ltr'><strong>non</strong></span> <span class='ocrx_word' id='word_1_137' title='bbox 3322 815 3671 885; x_wconf 84' lang='lat' dir='ltr'><strong>intelligunt,</strong></span> <span class='ocrx_word' id='word_1_138' title='bbox 3722 837 3811 873; x_wconf 81' lang='lat' dir='ltr'><strong>ex-</strong></span> 
     </span>
    </p>
   </div>
   <div class='ocr_carea' id='block_1_20' title="bbox 2227 889 3809 977">
    <p class='ocr_par' dir='ltr' id='par_1_20' title="bbox 2227 889 3809 977">
     <span class='ocr_line' id='line_1_20' title="bbox 2227 889 3809 977; baseline 0.009 -31"><span class='ocrx_word' id='word_1_139' title='bbox 2227 892 2369 965; x_wconf 89' lang='lat' dir='ltr'><strong>pleta</strong></span> <span class='ocrx_word' id='word_1_140' title='bbox 2398 893 2509 963; x_wconf 84' lang='lat' dir='ltr'><strong>jain</strong></span> <span class='ocrx_word' id='word_1_141' title='bbox 2552 896 2669 962; x_wconf 91' lang='lat' dir='ltr'><strong>illa,</strong></span> <span class='ocrx_word' id='word_1_142' title='bbox 2700 907 2821 969; x_wconf 91' lang='lat' dir='ltr'><strong>post</strong></span> <span class='ocrx_word' id='word_1_143' title='bbox 2857 889 3147 956; x_wconf 80' lang='lat' dir='ltr'><strong>adventum</strong></span> <span class='ocrx_word' id='word_1_144' title='bbox 3189 902 3433 971; x_wconf 89' lang='lat' dir='ltr'><strong>Domini,</strong></span> <span class='ocrx_word' id='word_1_145' title='bbox 3475 908 3809 977; x_wconf 85' lang='lat' dir='ltr'><strong>prophetia:</strong></span> 
     </span>
    </p>
   </div>
   <div class='ocr_carea' id='block_1_21' title="bbox 2234 982 3810 1056">
    <p class='ocr_par' dir='ltr' id='par_1_21' title="bbox 2234 982 3810 1056">
     <span class='ocr_line' id='line_1_21' title="bbox 2234 982 3810 1056; baseline 0.009 -21"><span class='ocrx_word' id='word_1_146' title='bbox 2234 999 2255 1035; x_wconf 72' lang='grc' dir='ltr'>ι</span> <span class='ocrx_word' id='word_1_147' title='bbox 2288 982 2383 1039; x_wconf 92' lang='lat' dir='ltr'><strong>Dic</strong></span> <span class='ocrx_word' id='word_1_148' title='bbox 2411 986 2609 1056; x_wconf 87' lang='lat' dir='ltr'><strong>populo</strong></span> <span class='ocrx_word' id='word_1_149' title='bbox 2637 987 2767 1044; x_wconf 87' lang='lat' dir='ltr'><strong>huic</strong></span> <span class='ocrx_word' id='word_1_150' title='bbox 2794 1006 2807 1042; x_wconf 89' lang='lat'><strong>:</strong></span> <span class='ocrx_word' id='word_1_151' title='bbox 2839 988 3129 1045; x_wconf 85' lang='lat' dir='ltr'><strong>Auditione</strong></span> <span class='ocrx_word' id='word_1_152' title='bbox 3159 992 3393 1049; x_wconf 84' lang='lat' dir='ltr'><strong>audietis</strong></span> <span class='ocrx_word' id='word_1_153' title='bbox 3420 1002 3478 1050; x_wconf 89' lang='lat' dir='ltr'><strong>et</strong></span> <span class='ocrx_word' id='word_1_154' title='bbox 3509 1010 3621 1051; x_wconf 90' lang='lat' dir='ltr'><strong>non</strong></span> <span class='ocrx_word' id='word_1_155' title='bbox 3654 995 3810 1050; x_wconf 82' lang='lat' dir='ltr'><strong>intel-</strong></span> 
     </span>
    </p>
   </div>
   <div class='ocr_carea' id='block_1_22' title="bbox 2228 1071 3812 1146">
    <p class='ocr_par' dir='ltr' id='par_1_22' title="bbox 2228 1071 3812 1146">
     <span class='ocr_line' id='line_1_22' title="bbox 2228 1071 3812 1146; baseline 0.01 -18"><span class='ocrx_word' id='word_1_156' title='bbox 2228 1071 2441 1146; x_wconf 89' lang='lat' dir='ltr'><strong>ligetis,</strong></span> <span class='ocrx_word' id='word_1_157' title='bbox 2485 1084 2541 1132; x_wconf 88' lang='lat' dir='ltr'><strong>et</strong></span> <span class='ocrx_word' id='word_1_158' title='bbox 2584 1088 2871 1135; x_wconf 88' lang='lat' dir='ltr'><strong>cernentes</strong></span> <span class='ocrx_word' id='word_1_159' title='bbox 2910 1080 3162 1138; x_wconf 84' lang='lat' dir='ltr'><strong>videbitis</strong></span> <span class='ocrx_word' id='word_1_160' title='bbox 3204 1093 3257 1138; x_wconf 89' lang='lat' dir='ltr'><strong>et</strong></span> <span class='ocrx_word' id='word_1_161' title='bbox 3300 1101 3407 1141; x_wconf 90' lang='lat' dir='ltr'><strong>non</strong></span> <span class='ocrx_word' id='word_1_162' title='bbox 3440 1088 3634 1143; x_wconf 86' lang='lat' dir='ltr'><strong>scietis</strong></span> <span class='ocrx_word' id='word_1_163' title='bbox 3668 1106 3681 1141; x_wconf 94' lang='lat'><strong>:</strong></span> <span class='ocrx_word' id='word_1_164' title='bbox 3735 1089 3812 1143; x_wconf 86' lang='lat' dir='ltr'><strong>in-</strong></span> 
     </span>
    </p>
   </div>
   <div class='ocr_carea' id='block_1_23' title="bbox 2192 1167 3813 1247">
    <p class='ocr_par' dir='ltr' id='par_1_23' title="bbox 2192 1167 3813 1247">
     <span class='ocr_line' id='line_1_23' title="bbox 2192 1167 3813 1247; baseline 0.008 -28"><span class='ocrx_word' id='word_1_165' title='bbox 2192 1188 2193 1191; x_wconf 53' lang='grc' dir='ltr'><strong>η</strong></span> <span class='ocrx_word' id='word_1_166' title='bbox 2230 1171 2533 1239; x_wconf 70' lang='lat' dir='ltr'><strong>crassatum</strong></span> <span class='ocrx_word' id='word_1_167' title='bbox 2558 1174 2643 1223; x_wconf 89' lang='lat' dir='ltr'><strong>est</strong></span> <span class='ocrx_word' id='word_1_168' title='bbox 2665 1167 2810 1223; x_wconf 90' lang='lat' dir='ltr'><strong>enim</strong></span> <span class='ocrx_word' id='word_1_169' title='bbox 2832 1184 2928 1224; x_wconf 92' lang='lat' dir='ltr'><strong>cor</strong></span> <span class='ocrx_word' id='word_1_170' title='bbox 2947 1168 3127 1243; x_wconf 83' lang='lat' dir='ltr'><strong>populi</strong></span> <span class='ocrx_word' id='word_1_171' title='bbox 3149 1171 3308 1241; x_wconf 87' lang='lat' dir='ltr'><strong>hujus</strong></span> <span class='ocrx_word' id='word_1_172' title='bbox 3331 1173 3481 1244; x_wconf 77' lang='lat' dir='ltr'><strong>(ha.</strong></span> <span class='ocrx_word' id='word_1_173' title='bbox 3510 1192 3561 1230; x_wconf 76' lang='lat' dir='ltr'><strong>vi</strong></span> <span class='ocrx_word' id='word_1_174' title='bbox 3587 1177 3631 1247; x_wconf 93' lang='lat'><strong>).</strong></span> <span class='ocrx_word' id='word_1_175' title='bbox 3664 1196 3685 1230; x_wconf 76' lang='grc' dir='ltr'><strong><em>ι</em></strong></span> <span class='ocrx_word' id='word_1_176' title='bbox 3710 1177 3813 1233; x_wconf 73' lang='lat' dir='ltr'><strong>Nec</strong></span> 
     </span>
    </p>
   </div>
   <div class='ocr_carea' id='block_1_24' title="bbox 2230 1256 3815 1328">
    <p class='ocr_par' dir='ltr' id='par_1_24' title="bbox 2230 1256 3815 1328">
     <span class='ocr_line' id='line_1_24' title="bbox 2230 1256 3815 1328; baseline 0.007 -17"><span class='ocrx_word' id='word_1_177' title='bbox 2230 1268 2338 1311; x_wconf 89' lang='lat' dir='ltr'><strong>non</strong></span> <span class='ocrx_word' id='word_1_178' title='bbox 2366 1263 2423 1310; x_wconf 92' lang='lat' dir='ltr'><strong>et</strong></span> <span class='ocrx_word' id='word_1_179' title='bbox 2451 1256 2582 1312; x_wconf 92' lang='lat' dir='ltr'><strong>illud</strong></span> <span class='ocrx_word' id='word_1_180' title='bbox 2607 1259 2751 1328; x_wconf 88' lang='lat' dir='ltr'><strong>quod</strong></span> <span class='ocrx_word' id='word_1_181' title='bbox 2780 1260 2847 1314; x_wconf 90' lang='lat' dir='ltr'><strong>ab</strong></span> <span class='ocrx_word' id='word_1_182' title='bbox 2876 1260 3012 1315; x_wconf 89' lang='lat' dir='ltr'><strong>isaia</strong></span> <span class='ocrx_word' id='word_1_183' title='bbox 3056 1262 3289 1318; x_wconf 88' lang='lat' dir='ltr'><strong>dicitur:</strong></span> <span class='ocrx_word' id='word_1_184' title='bbox 3324 1283 3343 1315; x_wconf 72' lang='grc' dir='ltr'><strong>ε</strong></span> <span class='ocrx_word' id='word_1_185' title='bbox 3373 1264 3601 1321; x_wconf 81' lang='lat' dir='ltr'><strong>Auferet</strong></span> <span class='ocrx_word' id='word_1_186' title='bbox 3637 1266 3815 1322; x_wconf 87' lang='lat' dir='ltr'><strong>Domi-</strong></span> 
     </span>
    </p>
   </div>
   <div class='ocr_carea' id='block_1_25' title="bbox 2215 1347 3813 1425">
    <p class='ocr_par' dir='ltr' id='par_1_25' title="bbox 2215 1347 3813 1425">
     <span class='ocr_line' id='line_1_25' title="bbox 2215 1347 3813 1425; baseline 0.005 -22"><span class='ocrx_word' id='word_1_187' title='bbox 2215 1355 2333 1420; x_wconf 15' lang='lat' dir='ltr'><strong>.n‘us</strong></span> <span class='ocrx_word' id='word_1_188' title='bbox 2369 1348 2400 1401; x_wconf 86' lang='lat' dir='ltr'><strong>a</strong></span> <span class='ocrx_word' id='word_1_189' title='bbox 2428 1347 2614 1404; x_wconf 65' lang='lat' dir='ltr'><strong>Iudaea</strong></span> <span class='ocrx_word' id='word_1_190' title='bbox 2646 1358 2702 1405; x_wconf 89' lang='lat' dir='ltr'><strong>et</strong></span> <span class='ocrx_word' id='word_1_191' title='bbox 2736 1349 2804 1420; x_wconf 85' lang='lat' dir='ltr'><strong>ab</strong></span> <span class='ocrx_word' id='word_1_192' title='bbox 2832 1348 3130 1409; x_wconf 75' lang='lat' dir='ltr'><strong>Jerusalem</strong></span> <span class='ocrx_word' id='word_1_193' title='bbox 3172 1353 3406 1409; x_wconf 89' lang='lat' dir='ltr'><strong>validum</strong></span> <span class='ocrx_word' id='word_1_194' title='bbox 3449 1364 3507 1412; x_wconf 90' lang='lat' dir='ltr'><strong>et</strong></span> <span class='ocrx_word' id='word_1_195' title='bbox 3542 1356 3813 1425; x_wconf 84' lang='lat' dir='ltr'><strong>validam,</strong></span> 
     </span>
    </p>
   </div>
   <div class='ocr_carea' id='block_1_26' title="bbox 549 1438 2133 1519">
    <p class='ocr_par' dir='ltr' id='par_1_26' title="bbox 549 1438 2133 1519">
     <span class='ocr_line' id='line_1_26' title="bbox 549 1438 2133 1519; baseline -0.001 -25"><span class='ocrx_word' id='word_1_196' title='bbox 549 1439 807 1509; x_wconf 68' lang='lat' dir='ltr'><strong>praesenti</strong></span> <span class='ocrx_word' id='word_1_197' title='bbox 826 1440 945 1495; x_wconf 88' lang='lat' dir='ltr'><strong>loco</strong></span> <span class='ocrx_word' id='word_1_198' title='bbox 960 1440 1218 1509; x_wconf 90' lang='lat' dir='ltr'><strong>scriptum</strong></span> <span class='ocrx_word' id='word_1_199' title='bbox 1240 1446 1326 1496; x_wconf 87' lang='lat' dir='ltr'><strong>est</strong></span> <span class='ocrx_word' id='word_1_200' title='bbox 1344 1479 1359 1505; x_wconf 89' lang='lat'><strong>,</strong></span> <span class='ocrx_word' id='word_1_201' title='bbox 1381 1454 1483 1510; x_wconf 90' lang='lat' dir='ltr'><strong>pro</strong></span> <span class='ocrx_word' id='word_1_202' title='bbox 1508 1440 1862 1519; x_wconf 82' lang='lat' dir='ltr'><strong>ambiguitate</strong></span> <span class='ocrx_word' id='word_1_203' title='bbox 1884 1438 2133 1494; x_wconf 81' lang='lat' dir='ltr'><strong>enuntia-</strong></span> 
     </span>
    </p>
   </div>
   <div class='ocr_carea' id='block_1_27' title="bbox 553 1528 2132 1597">
    <p class='ocr_par' dir='ltr' id='par_1_27' title="bbox 553 1528 2132 1597">
     <span class='ocr_line' id='line_1_27' title="bbox 553 1528 2132 1597; baseline -0.001 -12"><span class='ocrx_word' id='word_1_204' title='bbox 553 1530 749 1597; x_wconf 87' lang='lat' dir='ltr'><strong>tionis,</strong></span> <span class='ocrx_word' id='word_1_205' title='bbox 803 1537 859 1585; x_wconf 80' lang='lat' dir='ltr'><strong>et</strong></span> <span class='ocrx_word' id='word_1_206' title='bbox 904 1530 1195 1584; x_wconf 67' lang='lat' dir='ltr'><strong>amicitiam</strong></span> <span class='ocrx_word' id='word_1_207' title='bbox 1240 1538 1403 1585; x_wconf 85' lang='lat' dir='ltr'><strong>sonat</strong></span> <span class='ocrx_word' id='word_1_208' title='bbox 1444 1539 1502 1585; x_wconf 86' lang='lat' dir='ltr'><strong>et</strong></span> <span class='ocrx_word' id='word_1_209' title='bbox 1557 1531 1836 1584; x_wconf 76' lang='lat' dir='ltr'><strong>malitiam.</strong></span> <span class='ocrx_word' id='word_1_210' title='bbox 1879 1528 2034 1596; x_wconf 86' lang='lat' dir='ltr'><strong>Quod</strong></span> <span class='ocrx_word' id='word_1_211' title='bbox 2085 1528 2132 1584; x_wconf 84' lang='lat' dir='ltr'><strong>si</strong></span> 
     </span>
    </p>
   </div>
   <div class='ocr_carea' id='block_1_28' title="bbox 2215 1438 3815 1516">
    <p class='ocr_par' dir='ltr' id='par_1_28' title="bbox 2215 1438 3815 1516">
     <span class='ocr_line' id='line_1_28' title="bbox 2215 1438 3815 1516; baseline 0.004 -19"><span class='ocrx_word' id='word_1_212' title='bbox 2215 1438 2503 1509; x_wconf 62' lang='lat' dir='ltr'><strong>fgigantem</strong></span> <span class='ocrx_word' id='word_1_213' title='bbox 2544 1449 2601 1496; x_wconf 94' lang='lat' dir='ltr'><strong>et</strong></span> <span class='ocrx_word' id='word_1_214' title='bbox 2638 1440 2913 1498; x_wconf 82' lang='lat' dir='ltr'><strong>heminem</strong></span> <span class='ocrx_word' id='word_1_215' title='bbox 2938 1444 3276 1511; x_wconf 86' lang='lat' dir='ltr'><strong>bellatorem,</strong></span> <span class='ocrx_word' id='word_1_216' title='bbox 3304 1453 3359 1501; x_wconf 93' lang='lat' dir='ltr'><strong>et</strong></span> <span class='ocrx_word' id='word_1_217' title='bbox 3398 1445 3666 1516; x_wconf 73' lang='lat' dir='ltr'><strong>iudicem,</strong></span> <span class='ocrx_word' id='word_1_218' title='bbox 3721 1467 3739 1499; x_wconf 77' lang='grc' dir='ltr'>ι</span> <span class='ocrx_word' id='word_1_219' title='bbox 3766 1458 3815 1503; x_wconf 80' lang='lat' dir='ltr'><strong>et</strong></span> 
     </span>
    </p>
   </div>
   <div class='ocr_carea' id='block_1_29' title="bbox 2231 1529 3811 1607">
    <p class='ocr_par' dir='ltr' id='par_1_29' title="bbox 2231 1529 3811 1607">
     <span class='ocr_line' id='line_1_29' title="bbox 2231 1529 3811 1607; baseline 0.01 -27"><span class='ocrx_word' id='word_1_220' title='bbox 2231 1529 2573 1598; x_wconf 87' lang='lat' dir='ltr'><strong>prophetam,</strong></span> <span class='ocrx_word' id='word_1_221' title='bbox 2604 1538 2660 1586; x_wconf 90' lang='lat' dir='ltr'><strong>et</strong></span> <span class='ocrx_word' id='word_1_222' title='bbox 2686 1531 2972 1600; x_wconf 88' lang='lat' dir='ltr'><strong>arbitrum,</strong></span> <span class='ocrx_word' id='word_1_223' title='bbox 2999 1543 3055 1590; x_wconf 91' lang='lat' dir='ltr'><strong>et</strong></span> <span class='ocrx_word' id='word_1_224' title='bbox 3077 1537 3395 1605; x_wconf 83' lang='lat' dir='ltr'><strong>prudentem</strong></span> <span class='ocrx_word' id='word_1_225' title='bbox 3417 1541 3811 1607; x_wconf 82' lang='lat' dir='ltr'><strong>architectum,</strong></span> 
     </span>
    </p>
   </div>
   <div class='ocr_carea' id='block_1_30' title="bbox 550 1610 3811 1699">
    <p class='ocr_par' dir='ltr' id='par_1_30' title="bbox 550 1610 3811 1699">
     <span class='ocr_line' id='line_1_30' title="bbox 550 1610 3811 1699; baseline 0.003 -23"><span class='ocrx_word' id='word_1_226' title='bbox 550 1635 651 1692; x_wconf 89' lang='lat' dir='ltr'><strong>pro</strong></span> <span class='ocrx_word' id='word_1_227' title='bbox 673 1635 715 1681; x_wconf 74' lang='grc' dir='ltr'><strong>ἰ</strong></span> <span class='ocrx_word' id='word_1_228' title='bbox 740 1620 940 1688; x_wconf 90' lang='lat' dir='ltr'><strong>littera,</strong></span> <span class='ocrx_word' id='word_1_229' title='bbox 970 1636 1091 1695; x_wconf 77' lang='lat' dir='ltr'><strong>quae</strong></span> <span class='ocrx_word' id='word_1_230' title='bbox 1115 1628 1153 1683; x_wconf 71' lang='grc' dir='ltr'><strong>Ἰ</strong></span> <span class='ocrx_word' id='word_1_231' title='bbox 1176 1620 1370 1677; x_wconf 60' lang='lat' dir='ltr'><strong>litterae</strong></span> <span class='ocrx_word' id='word_1_232' title='bbox 1396 1618 1587 1675; x_wconf 80' lang='lat' dir='ltr'><strong>similis</strong></span> <span class='ocrx_word' id='word_1_233' title='bbox 1612 1627 1716 1685; x_wconf 88' lang='lat' dir='ltr'><strong>est,</strong></span> <span class='ocrx_word' id='word_1_234' title='bbox 1746 1616 1955 1690; x_wconf 79' lang='lat' dir='ltr'><strong>legatur</strong></span> <span class='ocrx_word' id='word_1_235' title='bbox 1990 1627 2130 1687; x_wconf 59' lang='grc' dir='ltr'><strong>γῆν,</strong></span> <span class='ocrx_word' id='word_1_236' title='bbox 2232 1624 2301 1671; x_wconf 76' lang='lat' dir='ltr'><strong>et</strong></span> <span class='ocrx_word' id='word_1_237' title='bbox 2336 1619 2632 1689; x_wconf 85' lang='lat' dir='ltr'><strong>sapientem</strong></span> <span class='ocrx_word' id='word_1_238' title='bbox 2684 1610 2987 1679; x_wconf 87' lang='lat' dir='ltr'><strong>auditorem</strong></span> <span class='ocrx_word' id='word_1_239' title='bbox 3034 1624 3191 1697; x_wconf 83' lang='lat' dir='ltr'><strong>(lsa.</strong></span> <span class='ocrx_word' id='word_1_240' title='bbox 3224 1643 3285 1682; x_wconf 81' lang='grc' dir='ltr'><strong>ιιι</strong></span> <span class='ocrx_word' id='word_1_241' title='bbox 3310 1627 3350 1699; x_wconf 93' lang='grc'><strong>).</strong></span> <span class='ocrx_word' id='word_1_242' title='bbox 3391 1648 3410 1680; x_wconf 80' lang='grc' dir='ltr'><strong><em>ι</em></strong></span> <span class='ocrx_word' id='word_1_243' title='bbox 3452 1630 3578 1686; x_wconf 62' lang='lat' dir='ltr'><strong>Haec</strong></span> <span class='ocrx_word' id='word_1_244' title='bbox 3632 1633 3811 1687; x_wconf 84' lang='lat' dir='ltr'><strong>omnia</strong></span> 
     </span>
    </p>
   </div>
   <div class='ocr_carea' id='block_1_31' title="bbox 548 1700 3813 1795">
    <p class='ocr_par' dir='ltr' id='par_1_31' title="bbox 548 1700 3813 1795">
     <span class='ocr_line' id='line_1_31' title="bbox 548 1700 3813 1795; baseline 0.004 -30"><span class='ocrx_word' id='word_1_245' title='bbox 548 1710 822 1765; x_wconf 70' lang='lat' dir='ltr'><strong>scientiam</strong></span> <span class='ocrx_word' id='word_1_246' title='bbox 853 1711 1300 1781; x_wconf 66' lang='lat' dir='ltr'><strong>cognitionemque</strong></span> <span class='ocrx_word' id='word_1_247' title='bbox 1327 1708 1612 1780; x_wconf 83' lang='lat' dir='ltr'><strong>signiﬁcat.</strong></span> <span class='ocrx_word' id='word_1_248' title='bbox 1653 1700 1807 1777; x_wconf 76' lang='lat' dir='ltr'><strong>Quod</strong></span> <span class='ocrx_word' id='word_1_249' title='bbox 1851 1718 2029 1766; x_wconf 89' lang='lat' dir='ltr'><strong>autem</strong></span> <span class='ocrx_word' id='word_1_250' title='bbox 2060 1710 2136 1767; x_wconf 88' lang='lat' dir='ltr'><strong>di-</strong></span> <span class='ocrx_word' id='word_1_251' title='bbox 2234 1710 2459 1795; x_wconf 84' lang='lat' dir='ltr'><strong>abstulit</strong></span> <span class='ocrx_word' id='word_1_252' title='bbox 2491 1714 2561 1770; x_wconf 90' lang='lat' dir='ltr'><strong>ab</strong></span> <span class='ocrx_word' id='word_1_253' title='bbox 2590 1714 2697 1779; x_wconf 80' lang='lat' dir='ltr'><strong>illis</strong></span> <span class='ocrx_word' id='word_1_254' title='bbox 2720 1716 3009 1785; x_wconf 82' lang='lat' dir='ltr'><strong>Dominus,</strong></span> <span class='ocrx_word' id='word_1_255' title='bbox 3040 1727 3095 1774; x_wconf 90' lang='lat' dir='ltr'><strong>et</strong></span> <span class='ocrx_word' id='word_1_256' title='bbox 3125 1720 3279 1775; x_wconf 86' lang='lat' dir='ltr'><strong>nobis</strong></span> <span class='ocrx_word' id='word_1_257' title='bbox 3297 1760 3313 1786; x_wconf 93' lang='lat'><strong>,</strong></span> <span class='ocrx_word' id='word_1_258' title='bbox 3347 1721 3439 1791; x_wconf 91' lang='lat' dir='ltr'><strong>qui</strong></span> <span class='ocrx_word' id='word_1_259' title='bbox 3469 1738 3537 1776; x_wconf 83' lang='lat' dir='ltr'><strong>ex</strong></span> <span class='ocrx_word' id='word_1_260' title='bbox 3564 1722 3813 1793; x_wconf 72' lang='lat' dir='ltr'><strong>gentibus</strong></span> 
     </span>
    </p>
   </div>
   <div class='ocr_carea' id='block_1_32' title="bbox 548 1795 3814 1883">
    <p class='ocr_par' dir='ltr' id='par_1_32' title="bbox 548 1795 3814 1883">
     <span class='ocr_line' id='line_1_32' title="bbox 548 1795 3814 1883; baseline 0.004 -28"><span class='ocrx_word' id='word_1_261' title='bbox 548 1800 710 1867; x_wconf 89' lang='lat' dir='ltr'><strong>citur,</strong></span> <span class='ocrx_word' id='word_1_262' title='bbox 739 1801 819 1857; x_wconf 81' lang='lat' dir='ltr'><strong>sic</strong></span> <span class='ocrx_word' id='word_1_263' title='bbox 845 1808 931 1855; x_wconf 88' lang='lat' dir='ltr'><strong>est</strong></span> <span class='ocrx_word' id='word_1_264' title='bbox 956 1799 1361 1871; x_wconf 83' lang='lat' dir='ltr'><strong>intelligendum</strong></span> <span class='ocrx_word' id='word_1_265' title='bbox 1390 1817 1403 1853; x_wconf 74' lang='grc' dir='ltr'>ε</span> <span class='ocrx_word' id='word_1_266' title='bbox 1439 1798 1761 1883; x_wconf 76' lang='lat' dir='ltr'><strong>Nedoleas,</strong></span> <span class='ocrx_word' id='word_1_267' title='bbox 1793 1801 1937 1870; x_wconf 90' lang='lat' dir='ltr'><strong>quod</strong></span> <span class='ocrx_word' id='word_1_268' title='bbox 1964 1815 2127 1871; x_wconf 72' lang='lat' dir='ltr'><strong>popu-</strong></span> <span class='ocrx_word' id='word_1_269' title='bbox 2154 1795 2205 1856; x_wconf 90' lang='lat' dir='ltr'><strong>B</strong></span> <span class='ocrx_word' id='word_1_270' title='bbox 2231 1816 2433 1869; x_wconf 91' lang='lat' dir='ltr'><strong>sumus,</strong></span> <span class='ocrx_word' id='word_1_271' title='bbox 2465 1804 2511 1860; x_wconf 92' lang='lat' dir='ltr'><strong>si</strong></span> <span class='ocrx_word' id='word_1_272' title='bbox 2541 1811 2721 1862; x_wconf 89' lang='lat' dir='ltr'><strong>tamen</strong></span> <span class='ocrx_word' id='word_1_273' title='bbox 2754 1808 3001 1879; x_wconf 81' lang='lat' dir='ltr'><strong>accipere</strong></span> <span class='ocrx_word' id='word_1_274' title='bbox 3025 1810 3372 1880; x_wconf 87' lang='lat' dir='ltr'><strong>voluerimus,</strong></span> <span class='ocrx_word' id='word_1_275' title='bbox 3406 1814 3632 1870; x_wconf 86' lang='lat' dir='ltr'><strong>tradidit</strong></span> <span class='ocrx_word' id='word_1_276' title='bbox 3663 1834 3678 1868; x_wconf 91' lang='lat'><strong>:</strong></span> <span class='ocrx_word' id='word_1_277' title='bbox 3707 1835 3727 1865; x_wconf 75' lang='grc' dir='ltr'>ι</span> <span class='ocrx_word' id='word_1_278' title='bbox 3763 1823 3814 1869; x_wconf 80' lang='lat' dir='ltr'><strong>et</strong></span> 
     </span>
    </p>
   </div>
   <div class='ocr_carea' id='block_1_33' title="bbox 551 1888 3811 1969">
    <p class='ocr_par' dir='ltr' id='par_1_33' title="bbox 551 1888 3811 1969">
     <span class='ocr_line' id='line_1_33' title="bbox 551 1888 3811 1969; baseline 0.004 -25"><span class='ocrx_word' id='word_1_279' title='bbox 551 1889 640 1945; x_wconf 87' lang='lat' dir='ltr'><strong>lus</strong></span> <span class='ocrx_word' id='word_1_280' title='bbox 671 1888 923 1945; x_wconf 89' lang='lat' dir='ltr'><strong>inimicus</strong></span> <span class='ocrx_word' id='word_1_281' title='bbox 950 1896 1078 1944; x_wconf 88' lang='lat' dir='ltr'><strong>tuus</strong></span> <span class='ocrx_word' id='word_1_282' title='bbox 1102 1888 1174 1944; x_wconf 86' lang='lat' dir='ltr'><strong>sit</strong></span> <span class='ocrx_word' id='word_1_283' title='bbox 1211 1906 1225 1943; x_wconf 72' lang='grc' dir='ltr'><em>ε</em></span> <span class='ocrx_word' id='word_1_284' title='bbox 1257 1897 1310 1944; x_wconf 89' lang='lat' dir='ltr'><strong>te</strong></span> <span class='ocrx_word' id='word_1_285' title='bbox 1336 1889 1484 1944; x_wconf 92' lang='lat' dir='ltr'><strong>enim</strong></span> <span class='ocrx_word' id='word_1_286' title='bbox 1512 1889 1647 1949; x_wconf 88' lang='lat' dir='ltr'><strong>dura</strong></span> <span class='ocrx_word' id='word_1_287' title='bbox 1678 1890 1994 1955; x_wconf 86' lang='lat' dir='ltr'><strong>nuntiante,</strong></span> <span class='ocrx_word' id='word_1_288' title='bbox 2024 1902 2132 1945; x_wconf 87' lang='lat' dir='ltr'><strong>non</strong></span> <span class='ocrx_word' id='word_1_289' title='bbox 2236 1893 2519 1951; x_wconf 86' lang='lat' dir='ltr'><strong>thesauros</strong></span> <span class='ocrx_word' id='word_1_290' title='bbox 2550 1904 2672 1952; x_wconf 91' lang='lat' dir='ltr'><strong>tuos</strong></span> <span class='ocrx_word' id='word_1_291' title='bbox 2706 1896 2762 1951; x_wconf 92' lang='lat' dir='ltr'><strong>in</strong></span> <span class='ocrx_word' id='word_1_292' title='bbox 2797 1897 3248 1967; x_wconf 70' lang='lat' dir='ltr'><strong>depraedationem</strong></span> <span class='ocrx_word' id='word_1_293' title='bbox 3292 1899 3431 1957; x_wconf 91' lang='lat' dir='ltr'><strong>dabo</strong></span> <span class='ocrx_word' id='word_1_294' title='bbox 3458 1920 3472 1955; x_wconf 92' lang='lat'><strong>:</strong></span> <span class='ocrx_word' id='word_1_295' title='bbox 3528 1913 3811 1969; x_wconf 82' lang='lat' dir='ltr'><strong>conmuta-</strong></span> 
     </span>
    </p>
   </div>
   <div class='ocr_carea' id='block_1_34' title="bbox 548 1977 3811 2061">
    <p class='ocr_par' dir='ltr' id='par_1_34' title="bbox 548 1977 3811 2061">
     <span class='ocr_line' id='line_1_34' title="bbox 548 1977 3811 2061; baseline 0.005 -28"><span class='ocrx_word' id='word_1_296' title='bbox 548 1986 729 2050; x_wconf 89' lang='lat' dir='ltr'><strong>potest</strong></span> <span class='ocrx_word' id='word_1_297' title='bbox 757 1990 942 2033; x_wconf 89' lang='lat' dir='ltr'><strong>amare</strong></span> <span class='ocrx_word' id='word_1_298' title='bbox 969 1986 1052 2044; x_wconf 90' lang='lat' dir='ltr'><strong>te,</strong></span> <span class='ocrx_word' id='word_1_299' title='bbox 1084 1977 1178 2047; x_wconf 90' lang='lat' dir='ltr'><strong>qui</strong></span> <span class='ocrx_word' id='word_1_300' title='bbox 1205 1977 1522 2033; x_wconf 77' lang='lat' dir='ltr'><strong>durusestz&#39;</strong></span> <span class='ocrx_word' id='word_1_301' title='bbox 1553 1979 1668 2034; x_wconf 86' lang='lat' dir='ltr'><strong>sive</strong></span> <span class='ocrx_word' id='word_1_302' title='bbox 1693 1977 2008 2049; x_wconf 85' lang='lat' dir='ltr'><strong>Babylonii,</strong></span> <span class='ocrx_word' id='word_1_303' title='bbox 2039 1979 2133 2055; x_wconf 83' lang='lat' dir='ltr'><strong>qui</strong></span> <span class='ocrx_word' id='word_1_304' title='bbox 2236 1986 2438 2041; x_wconf 90' lang='lat' dir='ltr'><strong>tionem</strong></span> <span class='ocrx_word' id='word_1_305' title='bbox 2470 1978 2706 2058; x_wconf 47' lang='lat' dir='ltr'><strong>&#39;pr0pter</strong></span> <span class='ocrx_word' id='word_1_306' title='bbox 2753 1989 2931 2044; x_wconf 91' lang='lat' dir='ltr'><strong>omnia</strong></span> <span class='ocrx_word' id='word_1_307' title='bbox 2977 2000 3200 2061; x_wconf 87' lang='lat' dir='ltr'><strong>peccata</strong></span> <span class='ocrx_word' id='word_1_308' title='bbox 3245 1986 3338 2046; x_wconf 86' lang='lat' dir='ltr'><strong>tua</strong></span> <span class='ocrx_word' id='word_1_309' title='bbox 3378 1993 3515 2049; x_wconf 88' lang='lat' dir='ltr'><strong>etin</strong></span> <span class='ocrx_word' id='word_1_310' title='bbox 3559 1994 3811 2051; x_wconf 84' lang='lat' dir='ltr'><strong>omnibus</strong></span> 
     </span>
    </p>
   </div>
   <div class='ocr_carea' id='block_1_35' title="bbox 549 2070 3813 2159">
    <p class='ocr_par' dir='ltr' id='par_1_35' title="bbox 549 2070 3813 2159">
     <span class='ocr_line' id='line_1_35' title="bbox 549 2070 3813 2159; baseline 0.006 -36"><span class='ocrx_word' id='word_1_311' title='bbox 549 2071 616 2136; x_wconf 77' lang='lat' dir='ltr'><strong>ab</strong></span> <span class='ocrx_word' id='word_1_312' title='bbox 650 2070 919 2139; x_wconf 79' lang='lat' dir='ltr'><strong>Aquilone</strong></span> <span class='ocrx_word' id='word_1_313' title='bbox 957 2070 1185 2157; x_wconf 84' lang='lat' dir='ltr'><strong>veniunt</strong></span> <span class='ocrx_word' id='word_1_314' title='bbox 1215 2088 1229 2123; x_wconf 92' lang='lat'><strong>:</strong></span> <span class='ocrx_word' id='word_1_315' title='bbox 1260 2078 1496 2141; x_wconf 86' lang='lat' dir='ltr'><strong>suntque</strong></span> <span class='ocrx_word' id='word_1_316' title='bbox 1522 2070 1739 2126; x_wconf 83' lang='lat' dir='ltr'><strong>ferrum</strong></span> <span class='ocrx_word' id='word_1_317' title='bbox 1782 2072 2130 2128; x_wconf 82' lang='lat' dir='ltr'><strong>durissimum</strong></span> <span class='ocrx_word' id='word_1_318' title='bbox 2231 2076 2429 2133; x_wconf 72' lang='lat' dir='ltr'><strong>ﬁnibus</strong></span> <span class='ocrx_word' id='word_1_319' title='bbox 2453 2078 2578 2134; x_wconf 90' lang='lat' dir='ltr'><strong>tuis.</strong></span> <span class='ocrx_word' id='word_1_320' title='bbox 2602 2078 2793 2147; x_wconf 56' lang='lat' dir='ltr'><strong>sQuod</strong></span> <span class='ocrx_word' id='word_1_321' title='bbox 2818 2080 2950 2136; x_wconf 91' lang='lat' dir='ltr'><strong>dicit</strong></span> <span class='ocrx_word' id='word_1_322' title='bbox 2972 2081 3081 2159; x_wconf 86' lang='lat' dir='ltr'><strong>tale</strong></span> <span class='ocrx_word' id='word_1_323' title='bbox 3108 2093 3192 2138; x_wconf 89' lang='lat' dir='ltr'><strong>est</strong></span> <span class='ocrx_word' id='word_1_324' title='bbox 3218 2096 3233 2136; x_wconf 88' lang='lat'><strong>:</strong></span> <span class='ocrx_word' id='word_1_325' title='bbox 3258 2082 3361 2138; x_wconf 89' lang='lat' dir='ltr'><strong>ista</strong></span> <span class='ocrx_word' id='word_1_326' title='bbox 3389 2085 3571 2139; x_wconf 89' lang='lat' dir='ltr'><strong>omnia</strong></span> <span class='ocrx_word' id='word_1_327' title='bbox 3590 2094 3813 2155; x_wconf 84' lang='lat' dir='ltr'><strong>propter</strong></span> 
     </span>
    </p>
   </div>
   <div class='ocr_carea' id='block_1_36' title="bbox 549 2152 2126 2235">
    <p class='ocr_par' dir='ltr' id='par_1_36' title="bbox 549 2152 2126 2235">
     <span class='ocr_line' id='line_1_36' title="bbox 549 2152 2126 2235; baseline 0 -15"><span class='ocrx_word' id='word_1_328' title='bbox 549 2164 678 2220; x_wconf 88' lang='lat' dir='ltr'><strong>huic</strong></span> <span class='ocrx_word' id='word_1_329' title='bbox 705 2162 903 2235; x_wconf 88' lang='lat' dir='ltr'><strong>populo</strong></span> <span class='ocrx_word' id='word_1_330' title='bbox 929 2152 1168 2230; x_wconf 84' lang='lat' dir='ltr'><strong>duriori,</strong></span> <span class='ocrx_word' id='word_1_331' title='bbox 1197 2172 1253 2219; x_wconf 90' lang='lat' dir='ltr'><strong>et</strong></span> <span class='ocrx_word' id='word_1_332' title='bbox 1282 2164 1338 2219; x_wconf 93' lang='lat' dir='ltr'><strong>in</strong></span> <span class='ocrx_word' id='word_1_333' title='bbox 1366 2164 1489 2219; x_wconf 69' lang='lat' dir='ltr'><strong>teris</strong></span> <span class='ocrx_word' id='word_1_334' title='bbox 1514 2164 1925 2220; x_wconf 80' lang='lat' dir='ltr'><strong>similitudinem</strong></span> <span class='ocrx_word' id='word_1_335' title='bbox 1969 2165 2126 2220; x_wconf 85' lang='lat' dir='ltr'><strong>indo—</strong></span> 
     </span>
    </p>
   </div>
   <div class='ocr_carea' id='block_1_37' title="bbox 522 2239 2129 2325">
    <p class='ocr_par' dir='ltr' id='par_1_37' title="bbox 522 2239 2129 2325">
     <span class='ocr_line' id='line_1_37' title="bbox 522 2239 2129 2325; baseline -0.001 -13"><span class='ocrx_word' id='word_1_336' title='bbox 522 2256 703 2321; x_wconf 75' lang='lat' dir='ltr'><strong>mito,</strong></span> <span class='ocrx_word' id='word_1_337' title='bbox 744 2270 853 2310; x_wconf 91' lang='lat' dir='ltr'><strong>non</strong></span> <span class='ocrx_word' id='word_1_338' title='bbox 890 2263 1149 2325; x_wconf 87' lang='lat' dir='ltr'><strong>poterunt</strong></span> <span class='ocrx_word' id='word_1_339' title='bbox 1187 2239 1431 2311; x_wconf 74' lang='lat' dir='ltr'><strong>amicitia</strong></span> <span class='ocrx_word' id='word_1_340' title='bbox 1469 2256 1739 2325; x_wconf 78' lang='lat' dir='ltr'><strong>c0pnlari;</strong></span> <span class='ocrx_word' id='word_1_341' title='bbox 1770 2257 1898 2312; x_wconf 82' lang='lat' dir='ltr'><strong>sive</strong></span> <span class='ocrx_word' id='word_1_342' title='bbox 1925 2255 2129 2311; x_wconf 86' lang='lat' dir='ltr'><strong>ferrum</strong></span> 
     </span>
    </p>
   </div>
   <div class='ocr_carea' id='block_1_38' title="bbox 548 2344 2127 2418">
    <p class='ocr_par' dir='ltr' id='par_1_38' title="bbox 548 2344 2127 2418">
     <span class='ocr_line' id='line_1_38' title="bbox 548 2344 2127 2418; baseline 0 -17"><span class='ocrx_word' id='word_1_343' title='bbox 548 2345 926 2410; x_wconf 85' lang='lat' dir='ltr'><strong>durissimum,</strong></span> <span class='ocrx_word' id='word_1_344' title='bbox 961 2345 1063 2402; x_wconf 89' lang='lat' dir='ltr'><strong>hoc</strong></span> <span class='ocrx_word' id='word_1_345' title='bbox 1087 2352 1173 2400; x_wconf 90' lang='lat' dir='ltr'><strong>est</strong></span> <span class='ocrx_word' id='word_1_346' title='bbox 1193 2384 1210 2409; x_wconf 89' lang='lat'><strong><em>.</em></strong></span> <span class='ocrx_word' id='word_1_347' title='bbox 1239 2345 1468 2415; x_wconf 84' lang='lat' dir='ltr'><strong>populus</strong></span> <span class='ocrx_word' id='word_1_348' title='bbox 1495 2344 1661 2400; x_wconf 89' lang='lat' dir='ltr'><strong>Israel</strong></span> <span class='ocrx_word' id='word_1_349' title='bbox 1690 2346 1788 2400; x_wconf 92' lang='lat' dir='ltr'><strong>Dei</strong></span> <span class='ocrx_word' id='word_1_350' title='bbox 1816 2346 2127 2418; x_wconf 89' lang='lat' dir='ltr'><strong>cognitione</strong></span> 
     </span>
    </p>
   </div>
   <div class='ocr_carea' id='block_1_39' title="bbox 548 2436 2131 2509">
    <p class='ocr_par' dir='ltr' id='par_1_39' title="bbox 548 2436 2131 2509">
     <span class='ocr_line' id='line_1_39' title="bbox 548 2436 2131 2509; baseline 0.001 -17"><span class='ocrx_word' id='word_1_351' title='bbox 548 2436 800 2509; x_wconf 88' lang='lat' dir='ltr'><strong>indignus</strong></span> <span class='ocrx_word' id='word_1_352' title='bbox 835 2445 953 2504; x_wconf 88' lang='lat' dir='ltr'><strong>est,</strong></span> <span class='ocrx_word' id='word_1_353' title='bbox 973 2440 977 2445; x_wconf 82' lang='grc'><em>’</em></span> <span class='ocrx_word' id='word_1_354' title='bbox 996 2437 1090 2507; x_wconf 79' lang='lat' dir='ltr'><strong>qui</strong></span> <span class='ocrx_word' id='word_1_355' title='bbox 1131 2437 1188 2492; x_wconf 90' lang='lat' dir='ltr'><strong>in</strong></span> <span class='ocrx_word' id='word_1_356' title='bbox 1232 2445 1439 2493; x_wconf 88' lang='lat' dir='ltr'><strong>tantam</strong></span> <span class='ocrx_word' id='word_1_357' title='bbox 1469 2439 1716 2508; x_wconf 90' lang='lat' dir='ltr'><strong>pervenit</strong></span> <span class='ocrx_word' id='word_1_358' title='bbox 1746 2438 2041 2507; x_wconf 86' lang='lat' dir='ltr'><strong>malitiam,</strong></span> <span class='ocrx_word' id='word_1_359' title='bbox 2070 2447 2131 2494; x_wconf 93' lang='lat' dir='ltr'><strong>ut</strong></span> 
     </span>
    </p>
   </div>
   <div class='ocr_carea' id='block_1_40' title="bbox 547 2527 1664 2593">
    <p class='ocr_par' dir='ltr' id='par_1_40' title="bbox 547 2527 1664 2593">
     <span class='ocr_line' id='line_1_40' title="bbox 547 2527 1664 2593; baseline -0.001 -10"><span class='ocrx_word' id='word_1_360' title='bbox 547 2527 751 2583; x_wconf 86' lang='lat' dir='ltr'><strong>duriori</strong></span> <span class='ocrx_word' id='word_1_361' title='bbox 781 2527 999 2584; x_wconf 88' lang='lat' dir='ltr'><strong>metallo</strong></span> <span class='ocrx_word' id='word_1_362' title='bbox 1025 2542 1135 2585; x_wconf 65' lang='lat' dir='ltr'><strong>are</strong></span> <span class='ocrx_word' id='word_1_363' title='bbox 1174 2528 1545 2593; x_wconf 86' lang='lat' dir='ltr'><strong>circumdatus</strong></span> <span class='ocrx_word' id='word_1_364' title='bbox 1573 2530 1664 2585; x_wconf 87' lang='lat' dir='ltr'><strong>sit.</strong></span> 
     </span>
    </p>
   </div>
   <div class='ocr_carea' id='block_1_41' title="bbox 623 2617 2130 2690">
    <p class='ocr_par' dir='ltr' id='par_1_41' title="bbox 623 2617 2130 2690">
     <span class='ocr_line' id='line_1_41' title="bbox 623 2617 2130 2690; baseline 0.003 -20"><span class='ocrx_word' id='word_1_365' title='bbox 623 2637 643 2670; x_wconf 70' lang='grc' dir='ltr'><em>α</em></span> <span class='ocrx_word' id='word_1_366' title='bbox 677 2617 905 2675; x_wconf 90' lang='lat' dir='ltr'><strong>Divitias</strong></span> <span class='ocrx_word' id='word_1_367' title='bbox 942 2626 1068 2677; x_wconf 82' lang='lat' dir='ltr'><strong>tuas</strong></span> <span class='ocrx_word' id='word_1_368' title='bbox 1102 2626 1162 2674; x_wconf 87' lang='lat' dir='ltr'><strong>et</strong></span> <span class='ocrx_word' id='word_1_369' title='bbox 1197 2620 1486 2677; x_wconf 87' lang='lat' dir='ltr'><strong>thesauros</strong></span> <span class='ocrx_word' id='word_1_370' title='bbox 1523 2628 1646 2677; x_wconf 88' lang='lat' dir='ltr'><strong>tuos</strong></span> <span class='ocrx_word' id='word_1_371' title='bbox 1686 2621 1743 2676; x_wconf 89' lang='lat' dir='ltr'><strong>in</strong></span> <span class='ocrx_word' id='word_1_372' title='bbox 1770 2620 2130 2690; x_wconf 85' lang='lat' dir='ltr'><strong>direptionem</strong></span> 
     </span>
    </p>
   </div>
   <div class='ocr_carea' id='block_1_42' title="bbox 552 2706 2131 2781">
    <p class='ocr_par' dir='ltr' id='par_1_42' title="bbox 552 2706 2131 2781">
     <span class='ocr_line' id='line_1_42' title="bbox 552 2706 2131 2781; baseline 0.003 -21"><span class='ocrx_word' id='word_1_373' title='bbox 552 2724 574 2760; x_wconf 72' lang='grc' dir='ltr'>ι</span> <span class='ocrx_word' id='word_1_374' title='bbox 609 2706 751 2762; x_wconf 84' lang='lat' dir='ltr'><strong>dabo</strong></span> <span class='ocrx_word' id='word_1_375' title='bbox 775 2708 945 2776; x_wconf 88' lang='lat' dir='ltr'><strong>gratis</strong></span> <span class='ocrx_word' id='word_1_376' title='bbox 972 2708 1119 2781; x_wconf 77' lang='lat' dir='ltr'><strong>(sive</strong></span> <span class='ocrx_word' id='word_1_377' title='bbox 1145 2709 1349 2777; x_wconf 79' lang='lat' dir='ltr'><strong>absque</strong></span> <span class='ocrx_word' id='word_1_378' title='bbox 1377 2709 1597 2781; x_wconf 89' lang='lat' dir='ltr'><strong>pretio)</strong></span> <span class='ocrx_word' id='word_1_379' title='bbox 1638 2710 1695 2765; x_wconf 90' lang='lat' dir='ltr'><strong>in</strong></span> <span class='ocrx_word' id='word_1_380' title='bbox 1725 2708 1977 2765; x_wconf 88' lang='lat' dir='ltr'><strong>omnibus</strong></span> <span class='ocrx_word' id='word_1_381' title='bbox 2007 2725 2131 2779; x_wconf 60' lang='lat' dir='ltr'><strong>peco</strong></span> 
     </span>
    </p>
   </div>
   <div class='ocr_carea' id='block_1_43' title="bbox 555 2788 2129 2855">
    <p class='ocr_par' dir='ltr' id='par_1_43' title="bbox 555 2788 2129 2855">
     <span class='ocr_line' id='line_1_43' title="bbox 555 2788 2129 2855; baseline 0.002 -4"><span class='ocrx_word' id='word_1_382' title='bbox 555 2816 575 2851; x_wconf 76' lang='grc' dir='ltr'>ι</span> <span class='ocrx_word' id='word_1_383' title='bbox 608 2798 745 2855; x_wconf 80' lang='lat' dir='ltr'><strong>catis</strong></span> <span class='ocrx_word' id='word_1_384' title='bbox 773 2798 881 2854; x_wconf 88' lang='lat' dir='ltr'><strong>tuis</strong></span> <span class='ocrx_word' id='word_1_385' title='bbox 918 2806 974 2854; x_wconf 84' lang='lat' dir='ltr'><strong>et</strong></span> <span class='ocrx_word' id='word_1_386' title='bbox 997 2792 1054 2855; x_wconf 82' lang='lat' dir='ltr'><strong>in</strong></span> <span class='ocrx_word' id='word_1_387' title='bbox 1081 2800 1291 2854; x_wconf 88' lang='lat' dir='ltr'><strong>cunctis</strong></span> <span class='ocrx_word' id='word_1_388' title='bbox 1318 2798 1567 2854; x_wconf 83' lang='lat' dir='ltr'><strong>terminis</strong></span> <span class='ocrx_word' id='word_1_389' title='bbox 1615 2788 1739 2853; x_wconf 76' lang='lat' dir='ltr'><strong>tuis.</strong></span> <span class='ocrx_word' id='word_1_390' title='bbox 1769 2798 1839 2853; x_wconf 86' lang='lat' dir='ltr'><strong>Et</strong></span> <span class='ocrx_word' id='word_1_391' title='bbox 1864 2798 2129 2854; x_wconf 87' lang='lat' dir='ltr'><strong>adducam</strong></span> 
     </span>
    </p>
   </div>
   <div class='ocr_carea' id='block_1_44' title="bbox 554 2888 2129 2967">
    <p class='ocr_par' dir='ltr' id='par_1_44' title="bbox 554 2888 2129 2967">
     <span class='ocr_line' id='line_1_44' title="bbox 554 2888 2129 2967; baseline -0.001 -21"><span class='ocrx_word' id='word_1_392' title='bbox 554 2909 574 2967; x_wconf 66' lang='grc' dir='ltr'><em>ᾳ</em></span> <span class='ocrx_word' id='word_1_393' title='bbox 610 2888 858 2946; x_wconf 84' lang='lat' dir='ltr'><strong>inimicos</strong></span> <span class='ocrx_word' id='word_1_394' title='bbox 887 2898 1009 2946; x_wconf 89' lang='lat' dir='ltr'><strong>tuos</strong></span> <span class='ocrx_word' id='word_1_395' title='bbox 1037 2888 1182 2961; x_wconf 77' lang='lat' dir='ltr'><strong>(sive</strong></span> <span class='ocrx_word' id='word_1_396' title='bbox 1210 2890 1416 2946; x_wconf 81' lang='lat' dir='ltr'><strong>servire</strong></span> <span class='ocrx_word' id='word_1_397' title='bbox 1446 2897 1497 2944; x_wconf 90' lang='lat' dir='ltr'><strong>te</strong></span> <span class='ocrx_word' id='word_1_398' title='bbox 1527 2888 1723 2945; x_wconf 85' lang='lat' dir='ltr'><strong>faciam</strong></span> <span class='ocrx_word' id='word_1_399' title='bbox 1755 2888 2029 2961; x_wconf 89' lang='lat' dir='ltr'><strong>inimicis)</strong></span> <span class='ocrx_word' id='word_1_400' title='bbox 2059 2889 2129 2946; x_wconf 91' lang='lat' dir='ltr'><strong>de</strong></span> 
     </span>
    </p>
   </div>
   <div class='ocr_carea' id='block_1_45' title="bbox 552 2980 2129 3050">
    <p class='ocr_par' dir='ltr' id='par_1_45' title="bbox 552 2980 2129 3050">
     <span class='ocr_line' id='line_1_45' title="bbox 552 2980 2129 3050; baseline -0.001 -15"><span class='ocrx_word' id='word_1_401' title='bbox 552 2998 572 3045; x_wconf 67' lang='grc' dir='ltr'>ᾳ</span> <span class='ocrx_word' id='word_1_402' title='bbox 607 2989 772 3047; x_wconf 84' lang='lat' dir='ltr'><strong>terra,</strong></span> <span class='ocrx_word' id='word_1_403' title='bbox 796 2996 958 3050; x_wconf 91' lang='lat' dir='ltr'><strong>quam</strong></span> <span class='ocrx_word' id='word_1_404' title='bbox 980 2980 1197 3037; x_wconf 87' lang='lat' dir='ltr'><strong>nescis:</strong></span> <span class='ocrx_word' id='word_1_405' title='bbox 1226 2980 1353 3050; x_wconf 90' lang='lat' dir='ltr'><strong>quia</strong></span> <span class='ocrx_word' id='word_1_406' title='bbox 1378 2980 1518 3050; x_wconf 93' lang='lat' dir='ltr'><strong>ignis</strong></span> <span class='ocrx_word' id='word_1_407' title='bbox 1546 2994 1836 3036; x_wconf 90' lang='lat' dir='ltr'><strong>succensus</strong></span> <span class='ocrx_word' id='word_1_408' title='bbox 1860 2981 2021 3036; x_wconf 90' lang='lat' dir='ltr'><strong>estin</strong></span> <span class='ocrx_word' id='word_1_409' title='bbox 2045 2980 2129 3034; x_wconf 88' lang='lat' dir='ltr'><strong>fu-</strong></span> 
     </span>
    </p>
   </div>
   <div class='ocr_carea' id='block_1_46' title="bbox 553 3070 2121 3144">
    <p class='ocr_par' dir='ltr' id='par_1_46' title="bbox 553 3070 2121 3144">
     <span class='ocr_line' id='line_1_46' title="bbox 553 3070 2121 3144; baseline 0.001 -19"><span class='ocrx_word' id='word_1_410' title='bbox 553 3092 573 3125; x_wconf 76' lang='grc' dir='ltr'>ι</span> <span class='ocrx_word' id='word_1_411' title='bbox 607 3088 729 3133; x_wconf 84' lang='lat' dir='ltr'><strong>rore</strong></span> <span class='ocrx_word' id='word_1_412' title='bbox 747 3088 917 3139; x_wconf 83' lang='lat' dir='ltr'><strong>meo;</strong></span> <span class='ocrx_word' id='word_1_413' title='bbox 959 3088 1125 3144; x_wconf 82' lang='lat' dir='ltr'><strong>super</strong></span> <span class='ocrx_word' id='word_1_414' title='bbox 1156 3085 1253 3127; x_wconf 86' lang='lat' dir='ltr'><strong>vos</strong></span> <span class='ocrx_word' id='word_1_415' title='bbox 1287 3072 1517 3126; x_wconf 89' lang='lat' dir='ltr'><strong>ardebit.</strong></span> <span class='ocrx_word' id='word_1_416' title='bbox 1553 3090 1572 3123; x_wconf 75' lang='grc' dir='ltr'><strong><em>ι</em></strong></span> <span class='ocrx_word' id='word_1_417' title='bbox 1604 3070 1866 3137; x_wconf 92' lang='lat' dir='ltr'><strong>Omnem,</strong></span> <span class='ocrx_word' id='word_1_418' title='bbox 1910 3072 2121 3141; x_wconf 90' lang='lat' dir='ltr'><strong>inquit,</strong></span> 
     </span>
    </p>
   </div>
   <div class='ocr_carea' id='block_1_47' title="bbox 2228 2169 3806 2244">
    <p class='ocr_par' dir='ltr' id='par_1_47' title="bbox 2228 2169 3806 2244">
     <span class='ocr_line' id='line_1_47' title="bbox 2228 2169 3806 2244; baseline 0.006 -24"><span class='ocrx_word' id='word_1_419' title='bbox 2228 2174 2451 2236; x_wconf 88' lang='lat' dir='ltr'><strong>peccata</strong></span> <span class='ocrx_word' id='word_1_420' title='bbox 2493 2175 2614 2233; x_wconf 89' lang='lat' dir='ltr'><strong>tua,</strong></span> <span class='ocrx_word' id='word_1_421' title='bbox 2650 2179 2770 2239; x_wconf 69' lang='lat' dir='ltr'><strong>qua:</strong></span> <span class='ocrx_word' id='word_1_422' title='bbox 2801 2169 2853 2223; x_wconf 91' lang='lat' dir='ltr'><strong>in</strong></span> <span class='ocrx_word' id='word_1_423' title='bbox 2886 2170 3177 2226; x_wconf 86' lang='lat' dir='ltr'><strong>universos</strong></span> <span class='ocrx_word' id='word_1_424' title='bbox 3207 2171 3341 2227; x_wconf 83' lang='lat' dir='ltr'><strong>lines</strong></span> <span class='ocrx_word' id='word_1_425' title='bbox 3379 2179 3502 2229; x_wconf 90' lang='lat' dir='ltr'><strong>tuos</strong></span> <span class='ocrx_word' id='word_1_426' title='bbox 3536 2188 3806 2244; x_wconf 82' lang='lat' dir='ltr'><strong>provene-</strong></span> 
     </span>
    </p>
   </div>
   <div class='ocr_carea' id='block_1_48' title="bbox 2230 2255 3812 2332">
    <p class='ocr_par' dir='ltr' id='par_1_48' title="bbox 2230 2255 3812 2332">
     <span class='ocr_line' id='line_1_48' title="bbox 2230 2255 3812 2332; baseline 0.007 -23"><span class='ocrx_word' id='word_1_427' title='bbox 2230 2264 2391 2322; x_wconf 87' lang='lat' dir='ltr'><strong>runt,</strong></span> <span class='ocrx_word' id='word_1_428' title='bbox 2434 2255 2529 2312; x_wconf 91' lang='lat' dir='ltr'><strong>tibi</strong></span> <span class='ocrx_word' id='word_1_429' title='bbox 2570 2259 2777 2313; x_wconf 80' lang='lat' dir='ltr'><strong>reddita</strong></span> <span class='ocrx_word' id='word_1_430' title='bbox 2819 2268 2974 2327; x_wconf 71' lang='lat' dir='ltr'><strong>sunt,</strong></span> <span class='ocrx_word' id='word_1_431' title='bbox 3011 2258 3199 2315; x_wconf 85' lang='lat' dir='ltr'><strong>Nullus</strong></span> <span class='ocrx_word' id='word_1_432' title='bbox 3246 2262 3443 2332; x_wconf 88' lang='lat' dir='ltr'><strong>quippe</strong></span> <span class='ocrx_word' id='word_1_433' title='bbox 3488 2262 3615 2317; x_wconf 83' lang='lat' dir='ltr'><strong>ﬁnis</strong></span> <span class='ocrx_word' id='word_1_434' title='bbox 3675 2264 3812 2320; x_wconf 79' lang='lat' dir='ltr'><strong>illius</strong></span> 
     </span>
    </p>
   </div>
   <div class='ocr_carea' id='block_1_49' title="bbox 2230 2340 3807 2420">
    <p class='ocr_par' dir='ltr' id='par_1_49' title="bbox 2230 2340 3807 2420">
     <span class='ocr_line' id='line_1_49' title="bbox 2230 2340 3807 2420; baseline 0.003 -20"><span class='ocrx_word' id='word_1_435' title='bbox 2230 2352 2314 2400; x_wconf 89' lang='lat' dir='ltr'><strong>est</strong></span> <span class='ocrx_word' id='word_1_436' title='bbox 2338 2345 2554 2415; x_wconf 89' lang='lat' dir='ltr'><strong>populi,</strong></span> <span class='ocrx_word' id='word_1_437' title='bbox 2585 2342 2679 2414; x_wconf 89' lang='lat' dir='ltr'><strong>qui</strong></span> <span class='ocrx_word' id='word_1_438' title='bbox 2710 2362 2818 2401; x_wconf 90' lang='lat' dir='ltr'><strong>non</strong></span> <span class='ocrx_word' id='word_1_439' title='bbox 2844 2348 3082 2417; x_wconf 82' lang='lat' dir='ltr'><strong>peccatis</strong></span> <span class='ocrx_word' id='word_1_440' title='bbox 3110 2346 3228 2416; x_wconf 83' lang='lat' dir='ltr'><strong>ejus</strong></span> <span class='ocrx_word' id='word_1_441' title='bbox 3273 2340 3509 2420; x_wconf 83' lang='lat' dir='ltr'><strong>repletus</strong></span> <span class='ocrx_word' id='word_1_442' title='bbox 3550 2351 3661 2415; x_wconf 92' lang='lat' dir='ltr'><strong>sit,</strong></span> <span class='ocrx_word' id='word_1_443' title='bbox 3709 2367 3807 2406; x_wconf 86' lang='lat' dir='ltr'><strong>nec</strong></span> 
     </span>
    </p>
   </div>
   <div class='ocr_carea' id='block_1_50' title="bbox 2230 2437 3809 2511">
    <p class='ocr_par' dir='ltr' id='par_1_50' title="bbox 2230 2437 3809 2511">
     <span class='ocr_line' id='line_1_50' title="bbox 2230 2437 3809 2511; baseline 0.004 -23"><span class='ocrx_word' id='word_1_444' title='bbox 2230 2444 2445 2511; x_wconf 85' lang='lat' dir='ltr'><strong>poterat</strong></span> <span class='ocrx_word' id='word_1_445' title='bbox 2471 2451 2579 2491; x_wconf 90' lang='lat' dir='ltr'><strong>non</strong></span> <span class='ocrx_word' id='word_1_446' title='bbox 2608 2437 2783 2491; x_wconf 91' lang='lat' dir='ltr'><strong>omnis</strong></span> <span class='ocrx_word' id='word_1_447' title='bbox 2808 2439 3046 2507; x_wconf 86' lang='lat' dir='ltr'><strong>peccatis</strong></span> <span class='ocrx_word' id='word_1_448' title='bbox 3073 2453 3257 2493; x_wconf 90' lang='lat' dir='ltr'><strong>eorum</strong></span> <span class='ocrx_word' id='word_1_449' title='bbox 3288 2439 3411 2493; x_wconf 85' lang='lat' dir='ltr'><strong>iinis</strong></span> <span class='ocrx_word' id='word_1_450' title='bbox 3441 2440 3664 2510; x_wconf 87' lang='lat' dir='ltr'><strong>repleri.</strong></span> <span class='ocrx_word' id='word_1_451' title='bbox 3712 2441 3809 2508; x_wconf 80' lang='lat' dir='ltr'><strong>Qui</strong></span> 
     </span>
    </p>
   </div>
   <div class='ocr_carea' id='block_1_51' title="bbox 2232 2526 3897 2599">
    <p class='ocr_par' dir='ltr' id='par_1_51' title="bbox 2232 2526 3897 2599">
     <span class='ocr_line' id='line_1_51' title="bbox 2232 2526 3897 2599; baseline 0.004 -18"><span class='ocrx_word' id='word_1_452' title='bbox 2232 2538 2494 2597; x_wconf 85' lang='lat' dir='ltr'><strong>quantum</strong></span> <span class='ocrx_word' id='word_1_453' title='bbox 2529 2529 2585 2583; x_wconf 93' lang='lat' dir='ltr'><strong>in</strong></span> <span class='ocrx_word' id='word_1_454' title='bbox 2620 2536 2681 2583; x_wconf 90' lang='lat' dir='ltr'><strong>se</strong></span> <span class='ocrx_word' id='word_1_455' title='bbox 2718 2526 2819 2583; x_wconf 88' lang='lat' dir='ltr'><strong>fuit</strong></span> <span class='ocrx_word' id='word_1_456' title='bbox 2853 2528 3176 2585; x_wconf 82' lang='lat' dir='ltr'><strong>interfecere</strong></span> <span class='ocrx_word' id='word_1_457' title='bbox 3216 2529 3481 2599; x_wconf 87' lang='lat' dir='ltr'><strong>justitiam</strong></span> <span class='ocrx_word' id='word_1_458' title='bbox 3514 2548 3531 2587; x_wconf 88' lang='lat'><strong>:</strong></span> <span class='ocrx_word' id='word_1_459' title='bbox 3582 2533 3807 2588; x_wconf 74' lang='lat' dir='ltr'><strong>interie-</strong></span> <span class='ocrx_word' id='word_1_460' title='bbox 3896 2526 3897 2559; x_wconf 34' lang='grc' dir='ltr'><strong>ἶ</strong></span> 
     </span>
    </p>
   </div>
   <div class='ocr_carea' id='block_1_52' title="bbox 2231 2618 3809 2691">
    <p class='ocr_par' dir='ltr' id='par_1_52' title="bbox 2231 2618 3809 2691">
     <span class='ocr_line' id='line_1_52' title="bbox 2231 2618 3809 2691; baseline 0.001 -17"><span class='ocrx_word' id='word_1_461' title='bbox 2231 2633 2357 2674; x_wconf 88' lang='lat' dir='ltr'><strong>cere</strong></span> <span class='ocrx_word' id='word_1_462' title='bbox 2389 2618 2742 2689; x_wconf 87' lang='lat' dir='ltr'><strong>sapientiam,</strong></span> <span class='ocrx_word' id='word_1_463' title='bbox 2776 2619 2819 2674; x_wconf 86' lang='lat' dir='ltr'><strong>si</strong></span> <span class='ocrx_word' id='word_1_464' title='bbox 2849 2618 3094 2675; x_wconf 90' lang='lat' dir='ltr'><strong>Christus</strong></span> <span class='ocrx_word' id='word_1_465' title='bbox 3130 2628 3215 2675; x_wconf 89' lang='lat' dir='ltr'><strong>est</strong></span> <span class='ocrx_word' id='word_1_466' title='bbox 3250 2622 3513 2691; x_wconf 86' lang='lat' dir='ltr'><strong>sapientia</strong></span> <span class='ocrx_word' id='word_1_467' title='bbox 3546 2640 3559 2674; x_wconf 91' lang='lat'><strong>:</strong></span> <span class='ocrx_word' id='word_1_468' title='bbox 3588 2621 3809 2676; x_wconf 86' lang='lat' dir='ltr'><strong>interfe-</strong></span> 
     </span>
    </p>
   </div>
   <div class='ocr_carea' id='block_1_53' title="bbox 2232 2707 3806 2782">
    <p class='ocr_par' dir='ltr' id='par_1_53' title="bbox 2232 2707 3806 2782">
     <span class='ocr_line' id='line_1_53' title="bbox 2232 2707 3806 2782; baseline 0.001 -17"><span class='ocrx_word' id='word_1_469' title='bbox 2232 2723 2355 2765; x_wconf 88' lang='lat' dir='ltr'><strong>cere</strong></span> <span class='ocrx_word' id='word_1_470' title='bbox 2390 2710 2715 2777; x_wconf 81' lang='lat' dir='ltr'><strong>veritatem,</strong></span> <span class='ocrx_word' id='word_1_471' title='bbox 2746 2710 2792 2765; x_wconf 90' lang='lat' dir='ltr'><strong>si</strong></span> <span class='ocrx_word' id='word_1_472' title='bbox 2825 2707 3070 2766; x_wconf 87' lang='lat' dir='ltr'><strong>Christus</strong></span> <span class='ocrx_word' id='word_1_473' title='bbox 3097 2719 3181 2766; x_wconf 89' lang='lat' dir='ltr'><strong>est</strong></span> <span class='ocrx_word' id='word_1_474' title='bbox 3207 2712 3427 2767; x_wconf 89' lang='lat' dir='ltr'><strong>veritas.</strong></span> <span class='ocrx_word' id='word_1_475' title='bbox 3486 2711 3643 2767; x_wconf 89' lang='lat' dir='ltr'><strong>Unde</strong></span> <span class='ocrx_word' id='word_1_476' title='bbox 3681 2727 3806 2782; x_wconf 83' lang='lat' dir='ltr'><strong>pro-</strong></span> 
     </span>
    </p>
   </div>
   <div class='ocr_carea' id='block_1_54' title="bbox 2229 2798 3807 2869">
    <p class='ocr_par' dir='ltr' id='par_1_54' title="bbox 2229 2798 3807 2869">
     <span class='ocr_line' id='line_1_54' title="bbox 2229 2798 3807 2869; baseline 0.001 -14"><span class='ocrx_word' id='word_1_477' title='bbox 2229 2808 2351 2869; x_wconf 88' lang='lat' dir='ltr'><strong>pter</strong></span> <span class='ocrx_word' id='word_1_478' title='bbox 2383 2800 2627 2855; x_wconf 90' lang='lat' dir='ltr'><strong>crudeles</strong></span> <span class='ocrx_word' id='word_1_479' title='bbox 2656 2808 2843 2855; x_wconf 88' lang='lat' dir='ltr'><strong>contra</strong></span> <span class='ocrx_word' id='word_1_480' title='bbox 2871 2799 3065 2855; x_wconf 87' lang='lat' dir='ltr'><strong>Filium</strong></span> <span class='ocrx_word' id='word_1_481' title='bbox 3094 2798 3191 2857; x_wconf 90' lang='lat' dir='ltr'><strong>Dei</strong></span> <span class='ocrx_word' id='word_1_482' title='bbox 3225 2801 3665 2867; x_wconf 85' lang='lat' dir='ltr'><strong>acclamationes,</strong></span> <span class='ocrx_word' id='word_1_483' title='bbox 3696 2802 3807 2856; x_wconf 64' lang='lat' dir='ltr'><strong>haec</strong></span> 
     </span>
    </p>
   </div>
   <div class='ocr_carea' id='block_1_55' title="bbox 2230 2888 3807 2961">
    <p class='ocr_par' dir='ltr' id='par_1_55' title="bbox 2230 2888 3807 2961">
     <span class='ocr_line' id='line_1_55' title="bbox 2230 2888 3807 2961; baseline -0.001 -15"><span class='ocrx_word' id='word_1_484' title='bbox 2230 2890 2411 2946; x_wconf 89' lang='lat' dir='ltr'><strong>omnia</strong></span> <span class='ocrx_word' id='word_1_485' title='bbox 2439 2888 2817 2960; x_wconf 90' lang='lat' dir='ltr'><strong>perdiderunt,</strong></span> <span class='ocrx_word' id='word_1_486' title='bbox 2847 2897 2902 2944; x_wconf 91' lang='lat' dir='ltr'><strong>et</strong></span> <span class='ocrx_word' id='word_1_487' title='bbox 2927 2898 3217 2961; x_wconf 82' lang='lat' dir='ltr'><strong>resurgens</strong></span> <span class='ocrx_word' id='word_1_488' title='bbox 3242 2888 3397 2946; x_wconf 70' lang='lat' dir='ltr'><strong>Iesus</strong></span> <span class='ocrx_word' id='word_1_489' title='bbox 3422 2889 3679 2946; x_wconf 79' lang='lat' dir='ltr'><strong>Christus</strong></span> <span class='ocrx_word' id='word_1_490' title='bbox 3707 2891 3807 2945; x_wconf 89' lang='lat' dir='ltr'><strong>Do-</strong></span> 
     </span>
    </p>
   </div>
   <div class='ocr_carea' id='block_1_56' title="bbox 2230 2977 3804 3049">
    <p class='ocr_par' dir='ltr' id='par_1_56' title="bbox 2230 2977 3804 3049">
     <span class='ocr_line' id='line_1_56' title="bbox 2230 2977 3804 3049; baseline 0 -16"><span class='ocrx_word' id='word_1_491' title='bbox 2230 2980 2410 3033; x_wconf 91' lang='lat' dir='ltr'><strong>minus</strong></span> <span class='ocrx_word' id='word_1_492' title='bbox 2439 2994 2592 3033; x_wconf 86' lang='lat' dir='ltr'><strong>meus</strong></span> <span class='ocrx_word' id='word_1_493' title='bbox 2621 2994 2728 3033; x_wconf 89' lang='lat' dir='ltr'><strong>non</strong></span> <span class='ocrx_word' id='word_1_494' title='bbox 2755 2978 3003 3049; x_wconf 83' lang='lat' dir='ltr'><strong>apparuit</strong></span> <span class='ocrx_word' id='word_1_495' title='bbox 3026 2977 3173 3033; x_wconf 86' lang='lat' dir='ltr'><strong>ultra</strong></span> <span class='ocrx_word' id='word_1_496' title='bbox 3203 2978 3643 3034; x_wconf 83' lang='lat' dir='ltr'><strong>interfectoribus</strong></span> <span class='ocrx_word' id='word_1_497' title='bbox 3673 2980 3804 3041; x_wconf 81' lang='lat' dir='ltr'><strong>suis,</strong></span> 
     </span>
    </p>
   </div>
   <div class='ocr_carea' id='block_1_57' title="bbox 2232 3064 3897 3127">
    <p class='ocr_par' dir='ltr' id='par_1_57' title="bbox 2232 3064 3897 3127">
     <span class='ocr_line' id='line_1_57' title="bbox 2232 3064 3897 3127; baseline -0.001 -2"><span class='ocrx_word' id='word_1_498' title='bbox 2232 3072 2326 3126; x_wconf 87' lang='lat' dir='ltr'><strong>sed</strong></span> <span class='ocrx_word' id='word_1_499' title='bbox 2353 3078 2531 3126; x_wconf 87' lang='lat' dir='ltr'><strong>tamen</strong></span> <span class='ocrx_word' id='word_1_500' title='bbox 2557 3070 2899 3126; x_wconf 90' lang='lat' dir='ltr'><strong>credentibus</strong></span> <span class='ocrx_word' id='word_1_501' title='bbox 2933 3070 3033 3125; x_wconf 90' lang='lat' dir='ltr'><strong>sibi</strong></span> <span class='ocrx_word' id='word_1_502' title='bbox 3067 3086 3134 3126; x_wconf 91' lang='lat' dir='ltr'><strong>ex</strong></span> <span class='ocrx_word' id='word_1_503' title='bbox 3163 3072 3389 3127; x_wconf 87' lang='lat' dir='ltr'><strong>mortuis</strong></span> <span class='ocrx_word' id='word_1_504' title='bbox 3416 3072 3592 3126; x_wconf 91' lang='lat' dir='ltr'><strong>victor</strong></span> <span class='ocrx_word' id='word_1_505' title='bbox 3618 3082 3805 3126; x_wconf 82' lang='lat' dir='ltr'><strong>osten-</strong></span> <span class='ocrx_word' id='word_1_506' title='bbox 3896 3064 3897 3111; x_wconf 57' lang='lat' dir='ltr'><strong>l</strong></span> 
     </span>
    </p>
   </div>
   <div class='ocr_carea' id='block_1_58' title="bbox 549 3139 3805 3232">
    <p class='ocr_par' dir='ltr' id='par_1_58' title="bbox 549 3139 3805 3232">
     <span class='ocr_line' id='line_1_58' title="bbox 549 3139 3805 3232; baseline -0.001 -13"><span class='ocrx_word' id='word_1_507' title='bbox 549 3163 921 3223; x_wconf 55' lang='lat' dir='ltr'><strong>substantiam,</strong></span> <span class='ocrx_word' id='word_1_508' title='bbox 936 3139 1148 3218; x_wconf 78' lang='lat' dir='ltr'><strong>tradam</strong></span> <span class='ocrx_word' id='word_1_509' title='bbox 1176 3161 1414 3221; x_wconf 86' lang='lat' dir='ltr'><strong>inimicis</strong></span> <span class='ocrx_word' id='word_1_510' title='bbox 1442 3161 1549 3216; x_wconf 86' lang='lat' dir='ltr'><strong>tuis</strong></span> <span class='ocrx_word' id='word_1_511' title='bbox 1580 3162 1785 3232; x_wconf 85' lang='lat' dir='ltr'><strong>absque</strong></span> <span class='ocrx_word' id='word_1_512' title='bbox 1815 3161 1922 3217; x_wconf 90' lang='lat' dir='ltr'><strong>ullo</strong></span> <span class='ocrx_word' id='word_1_513' title='bbox 1950 3139 2122 3231; x_wconf 76' lang='lat' dir='ltr'><strong>pretio</strong></span> <span class='ocrx_word' id='word_1_514' title='bbox 2147 3139 2198 3206; x_wconf 64' lang='grc' dir='ltr'><strong>(ἶ</strong></span> <span class='ocrx_word' id='word_1_515' title='bbox 2226 3176 2320 3217; x_wconf 90' lang='lat' dir='ltr'><strong>sus</strong></span> <span class='ocrx_word' id='word_1_516' title='bbox 2352 3170 2454 3215; x_wconf 82' lang='lat' dir='ltr'><strong>est.</strong></span> <span class='ocrx_word' id='word_1_517' title='bbox 2493 3161 2618 3215; x_wconf 89' lang='lat' dir='ltr'><strong>Post</strong></span> <span class='ocrx_word' id='word_1_518' title='bbox 2657 3161 2744 3215; x_wconf 90' lang='lat' dir='ltr'><strong>illa</strong></span> <span class='ocrx_word' id='word_1_519' title='bbox 2772 3170 2803 3225; x_wconf 78' lang='lat'><strong>,‘</strong></span> <span class='ocrx_word' id='word_1_520' title='bbox 2842 3176 2960 3230; x_wconf 68' lang='lat' dir='ltr'><strong>quae</strong></span> <span class='ocrx_word' id='word_1_521' title='bbox 3006 3162 3352 3231; x_wconf 82' lang='lat' dir='ltr'><strong>exposuimus</strong></span> <span class='ocrx_word' id='word_1_522' title='bbox 3400 3169 3456 3217; x_wconf 89' lang='lat' dir='ltr'><strong>et</strong></span> <span class='ocrx_word' id='word_1_523' title='bbox 3503 3163 3805 3215; x_wconf 82' lang='lat' dir='ltr'><strong>commina-</strong></span> 
     </span>
    </p>
   </div>
   <div class='ocr_carea' id='block_1_59' title="bbox 547 3255 2127 3331">
    <p class='ocr_par' dir='ltr' id='par_1_59' title="bbox 547 3255 2127 3331">
     <span class='ocr_line' id='line_1_59' title="bbox 547 3255 2127 3331; baseline 0.001 -20"><span class='ocrx_word' id='word_1_524' title='bbox 547 3266 770 3327; x_wconf 90' lang='lat' dir='ltr'><strong>propter</strong></span> <span class='ocrx_word' id='word_1_525' title='bbox 817 3266 1076 3327; x_wconf 75' lang='lat' dir='ltr'><strong>peccata,</strong></span> <span class='ocrx_word' id='word_1_526' title='bbox 1126 3271 1247 3326; x_wconf 64' lang='lat' dir='ltr'><strong>quae</strong></span> <span class='ocrx_word' id='word_1_527' title='bbox 1294 3255 1470 3312; x_wconf 85' lang='lat' dir='ltr'><strong>fecisti</strong></span> <span class='ocrx_word' id='word_1_528' title='bbox 1516 3257 1595 3331; x_wconf 13' lang='lat' dir='ltr'><strong>in}</strong></span> <span class='ocrx_word' id='word_1_529' title='bbox 1620 3256 1832 3312; x_wconf 88' lang='lat' dir='ltr'><strong>cunctis</strong></span> <span class='ocrx_word' id='word_1_530' title='bbox 1881 3256 2127 3312; x_wconf 84' lang='lat' dir='ltr'><strong>terminis</strong></span> 
     </span>
    </p>
   </div>
   <div class='ocr_carea' id='block_1_60' title="bbox 550 3346 2128 3417">
    <p class='ocr_par' dir='ltr' id='par_1_60' title="bbox 550 3346 2128 3417">
     <span class='ocr_line' id='line_1_60' title="bbox 550 3346 2128 3417; baseline -0.001 -14"><span class='ocrx_word' id='word_1_531' title='bbox 550 3346 676 3403; x_wconf 85' lang='lat' dir='ltr'><strong>tuis.</strong></span> <span class='ocrx_word' id='word_1_532' title='bbox 705 3347 1000 3417; x_wconf 87' lang='lat' dir='ltr'><strong>Propterea</strong></span> <span class='ocrx_word' id='word_1_533' title='bbox 1045 3347 1307 3417; x_wconf 84' lang='lat' dir='ltr'><strong>adducam</strong></span> <span class='ocrx_word' id='word_1_534' title='bbox 1352 3347 1603 3410; x_wconf 84' lang='lat' dir='ltr'><strong>inimicos</strong></span> <span class='ocrx_word' id='word_1_535' title='bbox 1648 3353 1804 3413; x_wconf 90' lang='lat' dir='ltr'><strong>tuos,</strong></span> <span class='ocrx_word' id='word_1_536' title='bbox 1850 3346 1965 3402; x_wconf 87' lang='lat' dir='ltr'><strong>sive</strong></span> <span class='ocrx_word' id='word_1_537' title='bbox 2008 3361 2128 3401; x_wconf 87' lang='lat' dir='ltr'><strong>ser-</strong></span> 
     </span>
    </p>
   </div>
   <div class='ocr_carea' id='block_1_61' title="bbox 549 3436 2123 3507">
    <p class='ocr_par' dir='ltr' id='par_1_61' title="bbox 549 3436 2123 3507">
     <span class='ocr_line' id='line_1_61' title="bbox 549 3436 2123 3507; baseline -0.004 -10"><span class='ocrx_word' id='word_1_538' title='bbox 549 3441 665 3497; x_wconf 87' lang='lat' dir='ltr'><strong>vire</strong></span> <span class='ocrx_word' id='word_1_539' title='bbox 710 3450 761 3494; x_wconf 88' lang='lat' dir='ltr'><strong>te</strong></span> <span class='ocrx_word' id='word_1_540' title='bbox 801 3438 997 3495; x_wconf 80' lang='lat' dir='ltr'><strong>faciam</strong></span> <span class='ocrx_word' id='word_1_541' title='bbox 1029 3439 1083 3493; x_wconf 90' lang='lat' dir='ltr'><strong>in</strong></span> <span class='ocrx_word' id='word_1_542' title='bbox 1113 3447 1260 3494; x_wconf 81' lang='lat' dir='ltr'><strong>terra</strong></span> <span class='ocrx_word' id='word_1_543' title='bbox 1288 3436 1539 3495; x_wconf 66' lang='lat' dir='ltr'><strong>Chaldaea</strong></span> <span class='ocrx_word' id='word_1_544' title='bbox 1565 3456 1578 3492; x_wconf 89' lang='lat'><strong>:</strong></span> <span class='ocrx_word' id='word_1_545' title='bbox 1612 3438 1738 3507; x_wconf 89' lang='lat' dir='ltr'><strong>quia</strong></span> <span class='ocrx_word' id='word_1_546' title='bbox 1768 3438 1909 3507; x_wconf 88' lang='lat' dir='ltr'><strong>ignis</strong></span> <span class='ocrx_word' id='word_1_547' title='bbox 1936 3450 2087 3492; x_wconf 72' lang='lat' dir='ltr'><strong>metu</strong></span> <span class='ocrx_word' id='word_1_548' title='bbox 2106 3474 2123 3503; x_wconf 89' lang='lat'><strong>,</strong></span> 
     </span>
    </p>
   </div>
   <div class='ocr_carea' id='block_1_62' title="bbox 544 3532 2125 3606">
    <p class='ocr_par' dir='ltr' id='par_1_62' title="bbox 544 3532 2125 3606">
     <span class='ocr_line' id='line_1_62' title="bbox 544 3532 2125 3606; baseline -0.002 -17"><span class='ocrx_word' id='word_1_549' title='bbox 544 3534 638 3606; x_wconf 91' lang='lat' dir='ltr'><strong>qui</strong></span> <span class='ocrx_word' id='word_1_550' title='bbox 680 3533 848 3590; x_wconf 85' lang='lat' dir='ltr'><strong>semei</strong></span> <span class='ocrx_word' id='word_1_551' title='bbox 875 3534 930 3588; x_wconf 87' lang='lat' dir='ltr'><strong>in</strong></span> <span class='ocrx_word' id='word_1_552' title='bbox 961 3549 1081 3590; x_wconf 85' lang='lat' dir='ltr'><strong>meo</strong></span> <span class='ocrx_word' id='word_1_553' title='bbox 1122 3532 1306 3589; x_wconf 85' lang='lat' dir='ltr'><strong>furore</strong></span> <span class='ocrx_word' id='word_1_554' title='bbox 1348 3547 1643 3589; x_wconf 86' lang='lat' dir='ltr'><strong>succensus</strong></span> <span class='ocrx_word' id='word_1_555' title='bbox 1672 3541 1774 3599; x_wconf 89' lang='lat' dir='ltr'><strong>est,</strong></span> <span class='ocrx_word' id='word_1_556' title='bbox 1806 3532 1859 3586; x_wconf 91' lang='lat' dir='ltr'><strong>in</strong></span> <span class='ocrx_word' id='word_1_557' title='bbox 1890 3539 1942 3587; x_wconf 91' lang='lat' dir='ltr'><strong>te</strong></span> <span class='ocrx_word' id='word_1_558' title='bbox 1968 3532 2125 3587; x_wconf 86' lang='lat' dir='ltr'><strong>arde-</strong></span> 
     </span>
    </p>
   </div>
   <div class='ocr_carea' id='block_1_63' title="bbox 543 3622 2126 3693">
    <p class='ocr_par' dir='ltr' id='par_1_63' title="bbox 543 3622 2126 3693">
     <span class='ocr_line' id='line_1_63' title="bbox 543 3622 2126 3693; baseline -0.003 -14"><span class='ocrx_word' id='word_1_559' title='bbox 543 3624 647 3689; x_wconf 88' lang='lat' dir='ltr'><strong>bit,</strong></span> <span class='ocrx_word' id='word_1_560' title='bbox 673 3631 729 3678; x_wconf 88' lang='lat' dir='ltr'><strong>et</strong></span> <span class='ocrx_word' id='word_1_561' title='bbox 752 3624 1021 3693; x_wconf 80' lang='lat' dir='ltr'><strong>exstingui</strong></span> <span class='ocrx_word' id='word_1_562' title='bbox 1052 3638 1159 3679; x_wconf 91' lang='lat' dir='ltr'><strong>non</strong></span> <span class='ocrx_word' id='word_1_563' title='bbox 1185 3622 1402 3693; x_wconf 84' lang='lat' dir='ltr'><strong>poterit.</strong></span> <span class='ocrx_word' id='word_1_564' title='bbox 1432 3622 1517 3686; x_wconf 81' lang='lat' dir='ltr'><strong>Tu</strong></span> <span class='ocrx_word' id='word_1_565' title='bbox 1536 3624 1680 3677; x_wconf 88' lang='lat' dir='ltr'><strong>enim</strong></span> <span class='ocrx_word' id='word_1_566' title='bbox 1705 3622 1980 3693; x_wconf 82' lang='lat' dir='ltr'><strong>praebuisti</strong></span> <span class='ocrx_word' id='word_1_567' title='bbox 2008 3636 2126 3676; x_wconf 59' lang='lat' dir='ltr'><strong>ma-</strong></span> 
     </span>
    </p>
   </div>
   <div class='ocr_carea' id='block_1_64' title="bbox 552 3713 2127 3783">
    <p class='ocr_par' dir='ltr' id='par_1_64' title="bbox 552 3713 2127 3783">
     <span class='ocr_line' id='line_1_64' title="bbox 552 3713 2127 3783; baseline -0.003 -13"><span class='ocrx_word' id='word_1_568' title='bbox 552 3715 745 3771; x_wconf 90' lang='lat' dir='ltr'><strong>teriam</strong></span> <span class='ocrx_word' id='word_1_569' title='bbox 773 3714 984 3770; x_wconf 88' lang='lat' dir='ltr'><strong>ardoris</strong></span> <span class='ocrx_word' id='word_1_570' title='bbox 1013 3715 1128 3777; x_wconf 87' lang='lat' dir='ltr'><strong>tui,</strong></span> <span class='ocrx_word' id='word_1_571' title='bbox 1157 3722 1216 3768; x_wconf 89' lang='lat' dir='ltr'><strong>ut</strong></span> <span class='ocrx_word' id='word_1_572' title='bbox 1247 3728 1413 3768; x_wconf 77' lang='lat' dir='ltr'><strong>meus</strong></span> <span class='ocrx_word' id='word_1_573' title='bbox 1462 3713 1603 3783; x_wconf 86' lang='lat' dir='ltr'><strong>ignis</strong></span> <span class='ocrx_word' id='word_1_574' title='bbox 1645 3723 1769 3776; x_wconf 90' lang='lat' dir='ltr'><strong>tua,</strong></span> <span class='ocrx_word' id='word_1_575' title='bbox 1812 3728 1932 3782; x_wconf 75' lang='lat' dir='ltr'><strong>qua:</strong></span> <span class='ocrx_word' id='word_1_576' title='bbox 1978 3713 2031 3766; x_wconf 91' lang='lat' dir='ltr'><strong>in</strong></span> <span class='ocrx_word' id='word_1_577' title='bbox 2073 3720 2127 3766; x_wconf 90' lang='lat' dir='ltr'><strong>te</strong></span> 
     </span>
    </p>
   </div>
   <div class='ocr_carea' id='block_1_65' title="bbox 546 3802 2129 3878">
    <p class='ocr_par' dir='ltr' id='par_1_65' title="bbox 546 3802 2129 3878">
     <span class='ocr_line' id='line_1_65' title="bbox 546 3802 2129 3878; baseline -0.006 -14"><span class='ocrx_word' id='word_1_578' title='bbox 546 3815 693 3873; x_wconf 86' lang='lat' dir='ltr'><strong>sunt,</strong></span> <span class='ocrx_word' id='word_1_579' title='bbox 723 3806 868 3878; x_wconf 88' lang='lat' dir='ltr'><strong>ligna</strong></span> <span class='ocrx_word' id='word_1_580' title='bbox 892 3813 1197 3874; x_wconf 89' lang='lat' dir='ltr'><strong>consumat,</strong></span> <span class='ocrx_word' id='word_1_581' title='bbox 1213 3813 1267 3859; x_wconf 91' lang='lat' dir='ltr'><strong>et</strong></span> <span class='ocrx_word' id='word_1_582' title='bbox 1298 3802 1476 3858; x_wconf 82' lang='lat' dir='ltr'><strong>fenum</strong></span> <span class='ocrx_word' id='word_1_583' title='bbox 1507 3812 1563 3859; x_wconf 91' lang='lat' dir='ltr'><strong>ct</strong></span> <span class='ocrx_word' id='word_1_584' title='bbox 1600 3804 1871 3872; x_wconf 86' lang='lat' dir='ltr'><strong>stipulam.</strong></span> <span class='ocrx_word' id='word_1_585' title='bbox 1916 3804 1995 3857; x_wconf 85' lang='lat' dir='ltr'><strong>Ac</strong></span> <span class='ocrx_word' id='word_1_586' title='bbox 2029 3817 2129 3872; x_wconf 88' lang='lat' dir='ltr'><strong>per</strong></span> 
     </span>
    </p>
   </div>
   <div class='ocr_carea' id='block_1_66' title="bbox 549 3888 2126 3962">
    <p class='ocr_par' dir='ltr' id='par_1_66' title="bbox 549 3888 2126 3962">
     <span class='ocr_line' id='line_1_66' title="bbox 549 3888 2126 3962; baseline -0.004 -7"><span class='ocrx_word' id='word_1_587' title='bbox 549 3901 653 3955; x_wconf 91' lang='lat' dir='ltr'><strong>hoc</strong></span> <span class='ocrx_word' id='word_1_588' title='bbox 690 3915 796 3954; x_wconf 91' lang='lat' dir='ltr'><strong>non</strong></span> <span class='ocrx_word' id='word_1_589' title='bbox 838 3907 924 3953; x_wconf 87' lang='lat' dir='ltr'><strong>est</strong></span> <span class='ocrx_word' id='word_1_590' title='bbox 961 3913 1122 3954; x_wconf 88' lang='lat' dir='ltr'><strong>causa</strong></span> <span class='ocrx_word' id='word_1_591' title='bbox 1163 3888 1378 3952; x_wconf 88' lang='lat' dir='ltr'><strong>ardoris</strong></span> <span class='ocrx_word' id='word_1_592' title='bbox 1406 3896 1459 3950; x_wconf 93' lang='lat' dir='ltr'><strong>in</strong></span> <span class='ocrx_word' id='word_1_593' title='bbox 1492 3896 1750 3962; x_wconf 91' lang='lat' dir='ltr'><strong>Domino,</strong></span> <span class='ocrx_word' id='word_1_594' title='bbox 1804 3895 1899 3949; x_wconf 89' lang='lat' dir='ltr'><strong>sed</strong></span> <span class='ocrx_word' id='word_1_595' title='bbox 1939 3894 1994 3948; x_wconf 92' lang='lat' dir='ltr'><strong>in</strong></span> <span class='ocrx_word' id='word_1_596' title='bbox 2039 3894 2126 3949; x_wconf 87' lang='lat' dir='ltr'><strong>his</strong></span> 
     </span>
    </p>
   </div>
   <div class='ocr_carea' id='block_1_67' title="bbox 549 3985 2127 4062">
    <p class='ocr_par' dir='ltr' id='par_1_67' title="bbox 549 3985 2127 4062">
     <span class='ocr_line' id='line_1_67' title="bbox 549 3985 2127 4062; baseline -0.004 -17"><span class='ocrx_word' id='word_1_597' title='bbox 549 3993 640 4062; x_wconf 91' lang='lat' dir='ltr'><strong>qui</strong></span> <span class='ocrx_word' id='word_1_598' title='bbox 697 3988 933 4045; x_wconf 83' lang='lat' dir='ltr'><strong>fomenta</strong></span> <span class='ocrx_word' id='word_1_599' title='bbox 982 3989 1236 4044; x_wconf 91' lang='lat' dir='ltr'><strong>incendio</strong></span> <span class='ocrx_word' id='word_1_600' title='bbox 1280 3988 1672 4042; x_wconf 90' lang='lat' dir='ltr'><strong>ministrarunt.</strong></span> <span class='ocrx_word' id='word_1_601' title='bbox 1734 3985 1923 4056; x_wconf 87' lang='lat' dir='ltr'><strong>(Orig.</strong></span> <span class='ocrx_word' id='word_1_602' title='bbox 1948 3985 1971 4059; x_wconf 56' lang='grc'><strong>)⁴</strong></span> <span class='ocrx_word' id='word_1_603' title='bbox 2018 3985 2127 4039; x_wconf 86' lang='lat' dir='ltr'><strong>Sed</strong></span> 
     </span>
    </p>
   </div>
   <div class='ocr_carea' id='block_1_68' title="bbox 547 4072 2125 4149">
    <p class='ocr_par' dir='ltr' id='par_1_68' title="bbox 547 4072 2125 4149">
     <span class='ocr_line' id='line_1_68' title="bbox 547 4072 2125 4149; baseline -0.004 -15"><span class='ocrx_word' id='word_1_604' title='bbox 547 4080 767 4149; x_wconf 90' lang='lat' dir='ltr'><strong>quinam</strong></span> <span class='ocrx_word' id='word_1_605' title='bbox 787 4072 935 4134; x_wconf 44' lang='lat' dir='ltr'><strong>‘sunt</strong></span> <span class='ocrx_word' id='word_1_606' title='bbox 964 4077 1051 4132; x_wconf 91' lang='lat' dir='ltr'><strong>isti</strong></span> <span class='ocrx_word' id='word_1_607' title='bbox 1083 4076 1329 4131; x_wconf 87' lang='lat' dir='ltr'><strong>thesauri</strong></span> <span class='ocrx_word' id='word_1_608' title='bbox 1360 4076 1702 4144; x_wconf 78' lang='lat' dir='ltr'><strong>peccantium</strong></span> <span class='ocrx_word' id='word_1_609' title='bbox 1722 4114 1736 4139; x_wconf 94' lang='lat'><strong>,</strong></span> <span class='ocrx_word' id='word_1_610' title='bbox 1769 4089 1905 4142; x_wconf 91' lang='lat' dir='ltr'><strong>quos</strong></span> <span class='ocrx_word' id='word_1_611' title='bbox 1944 4074 2003 4127; x_wconf 69' lang='lat' dir='ltr'><strong>in‘</strong></span> <span class='ocrx_word' id='word_1_612' title='bbox 2030 4073 2125 4128; x_wconf 91' lang='lat' dir='ltr'><strong>de-</strong></span> 
     </span>
    </p>
   </div>
   <div class='ocr_carea' id='block_1_69' title="bbox 546 4163 2128 4239">
    <p class='ocr_par' dir='ltr' id='par_1_69' title="bbox 546 4163 2128 4239">
     <span class='ocr_line' id='line_1_69' title="bbox 546 4163 2128 4239; baseline -0.004 -17"><span class='ocrx_word' id='word_1_613' title='bbox 546 4166 931 4239; x_wconf 62' lang='lat' dir='ltr'><strong>praedationem</strong></span> <span class='ocrx_word' id='word_1_614' title='bbox 962 4165 1210 4222; x_wconf 90' lang='lat' dir='ltr'><strong>concedit</strong></span> <span class='ocrx_word' id='word_1_615' title='bbox 1252 4165 1429 4228; x_wconf 88' lang='lat' dir='ltr'><strong>Deus,</strong></span> <span class='ocrx_word' id='word_1_616' title='bbox 1460 4171 1516 4217; x_wconf 90' lang='lat' dir='ltr'><strong>et</strong></span> <span class='ocrx_word' id='word_1_617' title='bbox 1554 4163 1645 4217; x_wconf 90' lang='lat' dir='ltr'><strong>dat</strong></span> <span class='ocrx_word' id='word_1_618' title='bbox 1693 4177 1787 4217; x_wconf 88' lang='lat' dir='ltr'><strong>eos</strong></span> <span class='ocrx_word' id='word_1_619' title='bbox 1828 4172 2128 4220; x_wconf 84' lang='lat' dir='ltr'><strong>commuta-</strong></span> 
     </span>
    </p>
   </div>
   <div class='ocr_carea' id='block_1_70' title="bbox 548 4252 2126 4328">
    <p class='ocr_par' dir='ltr' id='par_1_70' title="bbox 548 4252 2126 4328">
     <span class='ocr_line' id='line_1_70' title="bbox 548 4252 2126 4328; baseline -0.007 -13"><span class='ocrx_word' id='word_1_620' title='bbox 548 4261 748 4315; x_wconf 91' lang='lat' dir='ltr'><strong>tionem</strong></span> <span class='ocrx_word' id='word_1_621' title='bbox 796 4266 1016 4328; x_wconf 89' lang='lat' dir='ltr'><strong>propter</strong></span> <span class='ocrx_word' id='word_1_622' title='bbox 1055 4256 1238 4311; x_wconf 88' lang='lat' dir='ltr'><strong>omnia</strong></span> <span class='ocrx_word' id='word_1_623' title='bbox 1293 4260 1517 4323; x_wconf 89' lang='lat' dir='ltr'><strong>peccata</strong></span> <span class='ocrx_word' id='word_1_624' title='bbox 1587 4252 1819 4308; x_wconf 85' lang='lat' dir='ltr'><strong>eorum?</strong></span> <span class='ocrx_word' id='word_1_625' title='bbox 1875 4258 2126 4305; x_wconf 89' lang='lat' dir='ltr'><strong>utrumne</strong></span> 
     </span>
    </p>
   </div>
   <div class='ocr_carea' id='block_1_71' title="bbox 546 4342 2128 4421">
    <p class='ocr_par' dir='ltr' id='par_1_71' title="bbox 546 4342 2128 4421">
     <span class='ocr_line' id='line_1_71' title="bbox 546 4342 2128 4421; baseline -0.008 -11"><span class='ocrx_word' id='word_1_626' title='bbox 546 4354 647 4410; x_wconf 89' lang='lat' dir='ltr'><strong>hos</strong></span> <span class='ocrx_word' id='word_1_627' title='bbox 672 4367 810 4421; x_wconf 77' lang='lat' dir='ltr'><strong>quos</strong></span> <span class='ocrx_word' id='word_1_628' title='bbox 840 4352 940 4407; x_wconf 90' lang='lat' dir='ltr'><strong>sibi</strong></span> <span class='ocrx_word' id='word_1_629' title='bbox 971 4351 1024 4404; x_wconf 90' lang='lat' dir='ltr'><strong>in</strong></span> <span class='ocrx_word' id='word_1_630' title='bbox 1050 4357 1227 4413; x_wconf 87' lang='lat' dir='ltr'><strong>terra,</strong></span> <span class='ocrx_word' id='word_1_631' title='bbox 1251 4346 1772 4401; x_wconf 88' lang='lat' dir='ltr'><strong>thesaurizaverunt.</strong></span> <span class='ocrx_word' id='word_1_632' title='bbox 1825 4342 2128 4411; x_wconf 87' lang='lat' dir='ltr'><strong>Unusquis-</strong></span> 
     </span>
    </p>
   </div>
   <div class='ocr_carea' id='block_1_72' title="bbox 549 4432 2120 4513">
    <p class='ocr_par' dir='ltr' id='par_1_72' title="bbox 549 4432 2120 4513">
     <span class='ocr_line' id='line_1_72' title="bbox 549 4432 2120 4513; baseline -0.01 -14"><span class='ocrx_word' id='word_1_633' title='bbox 549 4460 654 4513; x_wconf 89' lang='lat' dir='ltr'><strong>que</strong></span> <span class='ocrx_word' id='word_1_634' title='bbox 692 4442 970 4498; x_wconf 88' lang='lat' dir='ltr'><strong>hominum</strong></span> <span class='ocrx_word' id='word_1_635' title='bbox 1010 4437 1344 4493; x_wconf 86' lang='lat' dir='ltr'><strong>thesaurizat</strong></span> <span class='ocrx_word' id='word_1_636' title='bbox 1384 4435 1531 4490; x_wconf 87' lang='lat' dir='ltr'><strong>sibi:</strong></span> <span class='ocrx_word' id='word_1_637' title='bbox 1574 4434 1621 4489; x_wconf 90' lang='lat' dir='ltr'><strong>si</strong></span> <span class='ocrx_word' id='word_1_638' title='bbox 1660 4442 1746 4490; x_wconf 88' lang='lat' dir='ltr'><strong>est</strong></span> <span class='ocrx_word' id='word_1_639' title='bbox 1786 4440 2035 4502; x_wconf 84' lang='lat' dir='ltr'><strong>peccator</strong></span> <span class='ocrx_word' id='word_1_640' title='bbox 2065 4432 2120 4484; x_wconf 92' lang='lat' dir='ltr'><strong>in</strong></span> 
     </span>
    </p>
   </div>
   <div class='ocr_carea' id='block_1_73' title="bbox 550 4520 2114 4602">
    <p class='ocr_par' dir='ltr' id='par_1_73' title="bbox 550 4520 2114 4602">
     <span class='ocr_line' id='line_1_73' title="bbox 550 4520 2114 4602; baseline -0.011 -12"><span class='ocrx_word' id='word_1_641' title='bbox 550 4544 693 4590; x_wconf 86' lang='lat' dir='ltr'><strong>terra</strong></span> <span class='ocrx_word' id='word_1_642' title='bbox 714 4574 729 4598; x_wconf 92' lang='lat'><strong>,</strong></span> <span class='ocrx_word' id='word_1_643' title='bbox 759 4533 804 4587; x_wconf 90' lang='lat' dir='ltr'><strong>si</strong></span> <span class='ocrx_word' id='word_1_644' title='bbox 830 4533 1009 4602; x_wconf 88' lang='lat' dir='ltr'><strong>justus</strong></span> <span class='ocrx_word' id='word_1_645' title='bbox 1036 4530 1092 4583; x_wconf 94' lang='lat' dir='ltr'><strong>in</strong></span> <span class='ocrx_word' id='word_1_646' title='bbox 1121 4527 1287 4592; x_wconf 70' lang='lat' dir='ltr'><strong>cmlo,</strong></span> <span class='ocrx_word' id='word_1_647' title='bbox 1314 4533 1375 4579; x_wconf 89' lang='lat' dir='ltr'><strong>ut</strong></span> <span class='ocrx_word' id='word_1_648' title='bbox 1402 4540 1502 4580; x_wconf 88' lang='lat' dir='ltr'><strong>nos</strong></span> <span class='ocrx_word' id='word_1_649' title='bbox 1530 4525 1701 4579; x_wconf 83' lang='lat' dir='ltr'><strong>docet.</strong></span> <span class='ocrx_word' id='word_1_650' title='bbox 1725 4520 2074 4590; x_wconf 85' lang='lat' dir='ltr'><strong>Evangelium</strong></span> <span class='ocrx_word' id='word_1_651' title='bbox 2100 4538 2114 4573; x_wconf 88' lang='lat'><strong>:</strong></span> 
     </span>
    </p>
   </div>
   <div class='ocr_carea' id='block_1_74' title="bbox 551 4614 2119 4695">
    <p class='ocr_par' dir='ltr' id='par_1_74' title="bbox 551 4614 2119 4695">
     <span class='ocr_line' id='line_1_74' title="bbox 551 4614 2119 4695; baseline -0.01 -12"><span class='ocrx_word' id='word_1_652' title='bbox 551 4645 619 4683; x_wconf 88' lang='lat' dir='ltr'><strong>an</strong></span> <span class='ocrx_word' id='word_1_653' title='bbox 650 4626 790 4695; x_wconf 88' lang='lat' dir='ltr'><strong>quod</strong></span> <span class='ocrx_word' id='word_1_654' title='bbox 828 4622 958 4678; x_wconf 88' lang='lat' dir='ltr'><strong>dicit</strong></span> <span class='ocrx_word' id='word_1_655' title='bbox 997 4617 1298 4676; x_wconf 88' lang='lat' dir='ltr'><strong>istiusmodi</strong></span> <span class='ocrx_word' id='word_1_656' title='bbox 1326 4617 1455 4673; x_wconf 82' lang='lat' dir='ltr'><strong>est?</strong></span> <span class='ocrx_word' id='word_1_657' title='bbox 1500 4616 1637 4671; x_wconf 83' lang='lat' dir='ltr'><strong>Ecce</strong></span> <span class='ocrx_word' id='word_1_658' title='bbox 1665 4629 1802 4668; x_wconf 89' lang='lat' dir='ltr'><strong>unus</strong></span> <span class='ocrx_word' id='word_1_659' title='bbox 1832 4614 2119 4668; x_wconf 86' lang='lat' dir='ltr'><strong>thesaurus</strong></span> 
     </span>
    </p>
   </div>
   <div class='ocr_carea' id='block_1_75' title="bbox 548 4709 2120 4781">
    <p class='ocr_par' dir='ltr' id='par_1_75' title="bbox 548 4709 2120 4781">
     <span class='ocr_line' id='line_1_75' title="bbox 548 4709 2120 4781; baseline -0.009 -8"><span class='ocrx_word' id='word_1_660' title='bbox 548 4717 843 4781; x_wconf 81' lang='lat' dir='ltr'><strong>Jeremias,</strong></span> <span class='ocrx_word' id='word_1_661' title='bbox 892 4716 1031 4769; x_wconf 90' lang='lat' dir='ltr'><strong>alius</strong></span> <span class='ocrx_word' id='word_1_662' title='bbox 1082 4715 1368 4767; x_wconf 86' lang='lat' dir='ltr'><strong>thesaurus</strong></span> <span class='ocrx_word' id='word_1_663' title='bbox 1419 4710 1617 4773; x_wconf 85' lang='lat' dir='ltr'><strong>isaias,</strong></span> <span class='ocrx_word' id='word_1_664' title='bbox 1673 4709 1955 4762; x_wconf 88' lang='lat' dir='ltr'><strong>thesaurus</strong></span> <span class='ocrx_word' id='word_1_665' title='bbox 2004 4714 2120 4760; x_wconf 88' lang='lat' dir='ltr'><strong>erat</strong></span> 
     </span>
    </p>
   </div>
   <div class='ocr_carea' id='block_1_76' title="bbox 551 4799 2119 4880">
    <p class='ocr_par' dir='ltr' id='par_1_76' title="bbox 551 4799 2119 4880">
     <span class='ocr_line' id='line_1_76' title="bbox 551 4799 2119 4880; baseline -0.008 -15"><span class='ocrx_word' id='word_1_666' title='bbox 551 4819 607 4865; x_wconf 86' lang='lat' dir='ltr'><strong>ct</strong></span> <span class='ocrx_word' id='word_1_667' title='bbox 635 4810 842 4880; x_wconf 83' lang='lat' dir='ltr'><strong>Moyses</strong></span> <span class='ocrx_word' id='word_1_668' title='bbox 868 4850 883 4875; x_wconf 90' lang='lat'><strong>,</strong></span> <span class='ocrx_word' id='word_1_669' title='bbox 913 4818 967 4863; x_wconf 89' lang='lat' dir='ltr'><strong>et</strong></span> <span class='ocrx_word' id='word_1_670' title='bbox 998 4807 1205 4875; x_wconf 87' lang='lat' dir='ltr'><strong>reliqui.</strong></span> <span class='ocrx_word' id='word_1_671' title='bbox 1250 4804 1359 4860; x_wconf 84' lang='lat' dir='ltr'><strong>Hos</strong></span> <span class='ocrx_word' id='word_1_672' title='bbox 1399 4804 1683 4857; x_wconf 87' lang='lat' dir='ltr'><strong>thesauros</strong></span> <span class='ocrx_word' id='word_1_673' title='bbox 1720 4801 1941 4869; x_wconf 69' lang='lat' dir='ltr'><strong>abstulit</strong></span> <span class='ocrx_word' id='word_1_674' title='bbox 1975 4799 2119 4853; x_wconf 89' lang='lat' dir='ltr'><strong>Deus</strong></span> 
     </span>
    </p>
   </div>
   <div class='ocr_carea' id='block_1_77' title="bbox 553 4891 2117 4972">
    <p class='ocr_par' dir='ltr' id='par_1_77' title="bbox 553 4891 2117 4972">
     <span class='ocr_line' id='line_1_77' title="bbox 553 4891 2117 4972; baseline -0.009 -15"><span class='ocrx_word' id='word_1_675' title='bbox 553 4921 582 4957; x_wconf 89' lang='lat' dir='ltr'><strong>a</strong></span> <span class='ocrx_word' id='word_1_676' title='bbox 612 4903 839 4972; x_wconf 82' lang='lat' dir='ltr'><strong>populo,</strong></span> <span class='ocrx_word' id='word_1_677' title='bbox 869 4914 923 4954; x_wconf 89' lang='lat' dir='ltr'><strong>et</strong></span> <span class='ocrx_word' id='word_1_678' title='bbox 951 4916 1047 4971; x_wconf 90' lang='lat' dir='ltr'><strong>per</strong></span> <span class='ocrx_word' id='word_1_679' title='bbox 1076 4899 1384 4961; x_wconf 87' lang='lat' dir='ltr'><strong>Christum,</strong></span> <span class='ocrx_word' id='word_1_680' title='bbox 1416 4896 1505 4965; x_wconf 91' lang='lat' dir='ltr'><strong>qui</strong></span> <span class='ocrx_word' id='word_1_681' title='bbox 1535 4895 1669 4949; x_wconf 83' lang='lat' dir='ltr'><strong>dixit</strong></span> <span class='ocrx_word' id='word_1_682' title='bbox 1701 4908 1715 4946; x_wconf 90' lang='lat'><strong>:</strong></span> <span class='ocrx_word' id='word_1_683' title='bbox 1751 4913 1767 4945; x_wconf 72' lang='grc' dir='ltr'><strong>ε</strong></span> <span class='ocrx_word' id='word_1_684' title='bbox 1799 4891 2057 4972; x_wconf 80' lang='lat' dir='ltr'><strong>Aufertur</strong></span> <span class='ocrx_word' id='word_1_685' title='bbox 2086 4906 2117 4943; x_wconf 90' lang='lat' dir='ltr'><strong>a</strong></span> 
     </span>
    </p>
   </div>
   <div class='ocr_carea' id='block_1_78' title="bbox 554 4980 2124 5060">
    <p class='ocr_par' dir='ltr' id='par_1_78' title="bbox 554 4980 2124 5060">
     <span class='ocr_line' id='line_1_78' title="bbox 554 4980 2124 5060; baseline -0.01 -12"><span class='ocrx_word' id='word_1_686' title='bbox 554 4993 707 5048; x_wconf 80' lang='lat' dir='ltr'><strong>vobis</strong></span> <span class='ocrx_word' id='word_1_687' title='bbox 735 5006 957 5060; x_wconf 78' lang='lat' dir='ltr'><strong>regnum</strong></span> <span class='ocrx_word' id='word_1_688' title='bbox 991 4990 1115 5053; x_wconf 89' lang='lat' dir='ltr'><strong>Dei,</strong></span> <span class='ocrx_word' id='word_1_689' title='bbox 1146 4997 1200 5042; x_wconf 89' lang='lat' dir='ltr'><strong>ct</strong></span> <span class='ocrx_word' id='word_1_690' title='bbox 1236 4986 1453 5041; x_wconf 84' lang='lat' dir='ltr'><strong>dabitur</strong></span> <span class='ocrx_word' id='word_1_691' title='bbox 1488 4984 1631 5053; x_wconf 86' lang='lat' dir='ltr'><strong>genti</strong></span> <span class='ocrx_word' id='word_1_692' title='bbox 1664 4981 1879 5036; x_wconf 83' lang='lat' dir='ltr'><strong>facienti</strong></span> <span class='ocrx_word' id='word_1_693' title='bbox 1916 4980 2124 5034; x_wconf 90' lang='lat' dir='ltr'><strong>fructus</strong></span> 
     </span>
    </p>
   </div>
   <div class='ocr_carea' id='block_1_79' title="bbox 553 5062 2122 5156">
    <p class='ocr_par' dir='ltr' id='par_1_79' title="bbox 553 5062 2122 5156">
     <span class='ocr_line' id='line_1_79' title="bbox 553 5062 2122 5156; baseline -0.009 -15"><span class='ocrx_word' id='word_1_694' title='bbox 553 5083 717 5156; x_wconf 83' lang='lat' dir='ltr'><strong>ejus’(</strong></span> <span class='ocrx_word' id='word_1_695' title='bbox 740 5082 929 5136; x_wconf 69' lang='lat' dir='ltr'><strong>Matth.</strong></span> <span class='ocrx_word' id='word_1_696' title='bbox 964 5062 1055 5134; x_wconf 73' lang='lat' dir='ltr'><strong>xxi</strong></span> <span class='ocrx_word' id='word_1_697' title='bbox 1075 5079 1117 5149; x_wconf 87' lang='lat'><strong>).</strong></span> <span class='ocrx_word' id='word_1_698' title='bbox 1152 5098 1171 5129; x_wconf 73' lang='grc' dir='ltr'><strong><em>ι</em></strong></span> <span class='ocrx_word' id='word_1_699' title='bbox 1201 5078 1451 5145; x_wconf 89' lang='lat' dir='ltr'><strong>Largitus</strong></span> <span class='ocrx_word' id='word_1_700' title='bbox 1476 5062 1561 5129; x_wconf 84' lang='lat' dir='ltr'><strong>est</strong></span> <span class='ocrx_word' id='word_1_701' title='bbox 1590 5075 1743 5128; x_wconf 90' lang='lat' dir='ltr'><strong>nobis</strong></span> <span class='ocrx_word' id='word_1_702' title='bbox 1775 5092 1787 5126; x_wconf 92' lang='lat'><strong>:</strong></span> <span class='ocrx_word' id='word_1_703' title='bbox 1821 5072 1967 5127; x_wconf 87' lang='lat' dir='ltr'><strong>Dabo</strong></span> <span class='ocrx_word' id='word_1_704' title='bbox 1994 5086 2122 5142; x_wconf 83' lang='lat' dir='ltr'><strong>ergo</strong></span> 
     </span>
    </p>
   </div>
   <div class='ocr_carea' id='block_1_80' title="bbox 546 5162 2122 5246">
    <p class='ocr_par' dir='ltr' id='par_1_80' title="bbox 546 5162 2122 5246">
     <span class='ocr_line' id='line_1_80' title="bbox 546 5162 2122 5246; baseline -0.009 -16"><span class='ocrx_word' id='word_1_705' title='bbox 546 5184 774 5245; x_wconf 88' lang='lat' dir='ltr'><strong>propter</strong></span> <span class='ocrx_word' id='word_1_706' title='bbox 815 5180 1033 5241; x_wconf 87' lang='lat' dir='ltr'><strong>peccata</strong></span> <span class='ocrx_word' id='word_1_707' title='bbox 1076 5177 1166 5223; x_wconf 86' lang='lat' dir='ltr'><strong>tua</strong></span> <span class='ocrx_word' id='word_1_708' title='bbox 1202 5169 1485 5246; x_wconf 79' lang='lat' dir='ltr'><strong>thesauros</strong></span> <span class='ocrx_word' id='word_1_709' title='bbox 1522 5174 1639 5218; x_wconf 91' lang='lat' dir='ltr'><strong>tuos</strong></span> <span class='ocrx_word' id='word_1_710' title='bbox 1676 5164 1730 5216; x_wconf 92' lang='lat' dir='ltr'><strong>in</strong></span> <span class='ocrx_word' id='word_1_711' title='bbox 1769 5162 2122 5231; x_wconf 60' lang='lat' dir='ltr'><strong>depraedatio-</strong></span> 
     </span>
    </p>
   </div>
   <div class='ocr_carea' id='block_1_81' title="bbox 554 5252 2118 5323">
    <p class='ocr_par' dir='ltr' id='par_1_81' title="bbox 554 5252 2118 5323">
     <span class='ocr_line' id='line_1_81' title="bbox 554 5252 2118 5323; baseline -0.01 -3"><span class='ocrx_word' id='word_1_712' title='bbox 554 5280 698 5323; x_wconf 87' lang='lat' dir='ltr'><strong>nem.</strong></span> <span class='ocrx_word' id='word_1_713' title='bbox 741 5263 895 5319; x_wconf 91' lang='lat' dir='ltr'><strong>Dedit</strong></span> <span class='ocrx_word' id='word_1_714' title='bbox 931 5261 1086 5317; x_wconf 87' lang='lat' dir='ltr'><strong>nobis</strong></span> <span class='ocrx_word' id='word_1_715' title='bbox 1115 5260 1401 5318; x_wconf 82' lang='lat' dir='ltr'><strong>thesauros</strong></span> <span class='ocrx_word' id='word_1_716' title='bbox 1440 5256 1583 5309; x_wconf 89' lang='lat' dir='ltr'><strong>illius</strong></span> <span class='ocrx_word' id='word_1_717' title='bbox 1621 5253 1797 5322; x_wconf 92' lang='lat' dir='ltr'><strong>populi</strong></span> <span class='ocrx_word' id='word_1_718' title='bbox 1830 5252 2118 5316; x_wconf 87' lang='lat' dir='ltr'><strong>Dominus,</strong></span> 
     </span>
    </p>
   </div>
   <div class='ocr_carea' id='block_1_82' title="bbox 554 5342 2123 5425">
    <p class='ocr_par' dir='ltr' id='par_1_82' title="bbox 554 5342 2123 5425">
     <span class='ocr_line' id='line_1_82' title="bbox 554 5342 2123 5425; baseline -0.008 -17"><span class='ocrx_word' id='word_1_719' title='bbox 554 5355 684 5425; x_wconf 85' lang='lat' dir='ltr'><strong>quia</strong></span> <span class='ocrx_word' id='word_1_720' title='bbox 711 5354 940 5424; x_wconf 89' lang='lat' dir='ltr'><strong>primum</strong></span> <span class='ocrx_word' id='word_1_721' title='bbox 971 5351 1075 5405; x_wconf 90' lang='lat' dir='ltr'><strong>illis</strong></span> <span class='ocrx_word' id='word_1_722' title='bbox 1107 5350 1310 5405; x_wconf 84' lang='lat' dir='ltr'><strong>credita</strong></span> <span class='ocrx_word' id='word_1_723' title='bbox 1341 5354 1463 5401; x_wconf 89' lang='lat' dir='ltr'><strong>sunt</strong></span> <span class='ocrx_word' id='word_1_724' title='bbox 1491 5345 1701 5413; x_wconf 87' lang='lat' dir='ltr'><strong>eloquia</strong></span> <span class='ocrx_word' id='word_1_725' title='bbox 1732 5342 1854 5407; x_wconf 88' lang='lat' dir='ltr'><strong>Dei,</strong></span> <span class='ocrx_word' id='word_1_726' title='bbox 1885 5350 1939 5395; x_wconf 90' lang='lat' dir='ltr'><strong>ct</strong></span> <span class='ocrx_word' id='word_1_727' title='bbox 1968 5342 2123 5396; x_wconf 91' lang='lat' dir='ltr'><strong>nobis</strong></span> 
     </span>
    </p>
   </div>
   <div class='ocr_carea' id='block_1_83' title="bbox 555 5430 2124 5513">
    <p class='ocr_par' dir='ltr' id='par_1_83' title="bbox 555 5430 2124 5513">
     <span class='ocr_line' id='line_1_83' title="bbox 555 5430 2124 5513; baseline -0.01 -12"><span class='ocrx_word' id='word_1_728' title='bbox 555 5444 810 5513; x_wconf 67' lang='lat' dir='ltr'><strong>deinceps</strong></span> <span class='ocrx_word' id='word_1_729' title='bbox 832 5442 1109 5496; x_wconf 87' lang='lat' dir='ltr'><strong>attributa.</strong></span> <span class='ocrx_word' id='word_1_730' title='bbox 1126 5440 1184 5494; x_wconf 89' lang='lat' dir='ltr'><strong>id</strong></span> <span class='ocrx_word' id='word_1_731' title='bbox 1207 5440 1348 5507; x_wconf 89' lang='lat' dir='ltr'><strong>quod</strong></span> <span class='ocrx_word' id='word_1_732' title='bbox 1374 5436 1634 5504; x_wconf 89' lang='lat' dir='ltr'><strong>scriptum</strong></span> <span class='ocrx_word' id='word_1_733' title='bbox 1659 5441 1773 5488; x_wconf 88' lang='lat' dir='ltr'><strong>est:</strong></span> <span class='ocrx_word' id='word_1_734' title='bbox 1796 5452 1814 5483; x_wconf 84' lang='grc'><strong>‹</strong></span> <span class='ocrx_word' id='word_1_735' title='bbox 1834 5430 2124 5486; x_wconf 76' lang='lat' dir='ltr'><strong>Auferetur</strong></span> 
     </span>
    </p>
   </div>
   <div class='ocr_carea' id='block_1_84' title="bbox 562 5521 2121 5602">
    <p class='ocr_par' dir='ltr' id='par_1_84' title="bbox 562 5521 2121 5602">
     <span class='ocr_line' id='line_1_84' title="bbox 562 5521 2121 5602; baseline -0.01 -12"><span class='ocrx_word' id='word_1_736' title='bbox 562 5550 594 5590; x_wconf 89' lang='lat' dir='ltr'><strong>a</strong></span> <span class='ocrx_word' id='word_1_737' title='bbox 627 5533 781 5589; x_wconf 88' lang='lat' dir='ltr'><strong>vobis</strong></span> <span class='ocrx_word' id='word_1_738' title='bbox 819 5546 1042 5602; x_wconf 89' lang='lat' dir='ltr'><strong>regnum</strong></span> <span class='ocrx_word' id='word_1_739' title='bbox 1076 5530 1204 5593; x_wconf 91' lang='lat' dir='ltr'><strong>Dei,</strong></span> <span class='ocrx_word' id='word_1_740' title='bbox 1242 5537 1297 5583; x_wconf 88' lang='lat' dir='ltr'><strong>et</strong></span> <span class='ocrx_word' id='word_1_741' title='bbox 1328 5528 1542 5583; x_wconf 86' lang='lat' dir='ltr'><strong>dabitur</strong></span> <span class='ocrx_word' id='word_1_742' title='bbox 1576 5524 1723 5595; x_wconf 90' lang='lat' dir='ltr'><strong>genti</strong></span> <span class='ocrx_word' id='word_1_743' title='bbox 1758 5522 1975 5579; x_wconf 88' lang='lat' dir='ltr'><strong>facienti</strong></span> <span class='ocrx_word' id='word_1_744' title='bbox 2008 5521 2121 5575; x_wconf 88' lang='lat' dir='ltr'><strong>fru-</strong></span> 
     </span>
    </p>
   </div>
   <div class='ocr_carea' id='block_1_85' title="bbox 559 5614 2125 5695">
    <p class='ocr_par' dir='ltr' id='par_1_85' title="bbox 559 5614 2125 5695">
     <span class='ocr_line' id='line_1_85' title="bbox 559 5614 2125 5695; baseline -0.01 -13"><span class='ocrx_word' id='word_1_745' title='bbox 559 5635 679 5682; x_wconf 89' lang='lat' dir='ltr'><strong>ctus</strong></span> <span class='ocrx_word' id='word_1_746' title='bbox 732 5626 879 5695; x_wconf 83' lang='lat' dir='ltr'><strong>ejus,</strong></span> <span class='ocrx_word' id='word_1_747' title='bbox 918 5642 934 5674; x_wconf 80' lang='grc' dir='ltr'><strong><em>ι</em></strong></span> <span class='ocrx_word' id='word_1_748' title='bbox 972 5622 1265 5676; x_wconf 87' lang='lat' dir='ltr'><strong>asserimus</strong></span> <span class='ocrx_word' id='word_1_749' title='bbox 1300 5621 1413 5688; x_wconf 88' lang='lat' dir='ltr'><strong>jam</strong></span> <span class='ocrx_word' id='word_1_750' title='bbox 1455 5633 1573 5673; x_wconf 85' lang='lat' dir='ltr'><strong>esse</strong></span> <span class='ocrx_word' id='word_1_751' title='bbox 1618 5614 1976 5685; x_wconf 89' lang='lat' dir='ltr'><strong>completum,</strong></span> <span class='ocrx_word' id='word_1_752' title='bbox 2017 5629 2125 5668; x_wconf 89' lang='lat' dir='ltr'><strong>non</strong></span> 
     </span>
    </p>
   </div>
   <div class='ocr_carea' id='block_1_86' title="bbox 559 5702 2123 5785">
    <p class='ocr_par' dir='ltr' id='par_1_86' title="bbox 559 5702 2123 5785">
     <span class='ocr_line' id='line_1_86' title="bbox 559 5702 2123 5785; baseline -0.009 -14"><span class='ocrx_word' id='word_1_753' title='bbox 559 5730 665 5785; x_wconf 82' lang='lat' dir='ltr'><strong>quo</strong></span> <span class='ocrx_word' id='word_1_754' title='bbox 700 5714 975 5785; x_wconf 81' lang='lat' dir='ltr'><strong>Scriptura</strong></span> <span class='ocrx_word' id='word_1_755' title='bbox 1011 5711 1078 5766; x_wconf 83' lang='lat' dir='ltr'><strong>ab</strong></span> <span class='ocrx_word' id='word_1_756' title='bbox 1110 5710 1190 5766; x_wconf 88' lang='lat' dir='ltr'><strong>eis</strong></span> <span class='ocrx_word' id='word_1_757' title='bbox 1234 5708 1411 5765; x_wconf 80' lang='lat' dir='ltr'><strong>ablata</strong></span> <span class='ocrx_word' id='word_1_758' title='bbox 1458 5708 1545 5761; x_wconf 90' lang='lat' dir='ltr'><strong>sit.</strong></span> <span class='ocrx_word' id='word_1_759' title='bbox 1584 5705 1794 5761; x_wconf 82' lang='lat' dir='ltr'><strong>Habent</strong></span> <span class='ocrx_word' id='word_1_760' title='bbox 1822 5703 2018 5774; x_wconf 89' lang='lat' dir='ltr'><strong>quippe</strong></span> <span class='ocrx_word' id='word_1_761' title='bbox 2046 5702 2123 5757; x_wconf 89' lang='lat' dir='ltr'><strong>le-</strong></span> 
     </span>
    </p>
   </div>
   <div class='ocr_carea' id='block_1_87' title="bbox 2152 4482 2199 4541">
    <p class='ocr_par' dir='ltr' id='par_1_87' title="bbox 2152 4482 2199 4541">
     <span class='ocr_line' id='line_1_87' title="bbox 2152 4482 2199 4541; baseline 0 0"><span class='ocrx_word' id='word_1_762' title='bbox 2152 4482 2199 4541; x_wconf 91' lang='lat' dir='ltr'><strong>D</strong></span> 
     </span>
    </p>
   </div>
   <div class='ocr_carea' id='block_1_88' title="bbox 2226 3250 3806 3322">
    <p class='ocr_par' dir='ltr' id='par_1_88' title="bbox 2226 3250 3806 3322">
     <span class='ocr_line' id='line_1_88' title="bbox 2226 3250 3806 3322; baseline 0 -16"><span class='ocrx_word' id='word_1_763' title='bbox 2226 3251 2391 3306; x_wconf 91' lang='lat' dir='ltr'><strong>tionis</strong></span> <span class='ocrx_word' id='word_1_764' title='bbox 2429 3251 2590 3305; x_wconf 87' lang='lat' dir='ltr'><strong>verba</strong></span> <span class='ocrx_word' id='word_1_765' title='bbox 2632 3251 2701 3305; x_wconf 91' lang='lat' dir='ltr'><strong>ad</strong></span> <span class='ocrx_word' id='word_1_766' title='bbox 2742 3250 3031 3320; x_wconf 85' lang='lat' dir='ltr'><strong>popultim,</strong></span> <span class='ocrx_word' id='word_1_767' title='bbox 3073 3250 3162 3306; x_wconf 91' lang='lat' dir='ltr'><strong>ille</strong></span> <span class='ocrx_word' id='word_1_768' title='bbox 3203 3250 3294 3320; x_wconf 90' lang='lat' dir='ltr'><strong>qui</strong></span> <span class='ocrx_word' id='word_1_769' title='bbox 3336 3252 3585 3322; x_wconf 88' lang='lat' dir='ltr'><strong>superius</strong></span> <span class='ocrx_word' id='word_1_770' title='bbox 3614 3266 3806 3306; x_wconf 81' lang='lat' dir='ltr'><strong>orave-</strong></span> 
     </span>
    </p>
   </div>
   <div class='ocr_carea' id='block_1_89' title="bbox 2225 3340 3803 3419">
    <p class='ocr_par' dir='ltr' id='par_1_89' title="bbox 2225 3340 3803 3419">
     <span class='ocr_line' id='line_1_89' title="bbox 2225 3340 3803 3419; baseline -0.003 -23"><span class='ocrx_word' id='word_1_771' title='bbox 2225 3349 2343 3407; x_wconf 86' lang='lat' dir='ltr'><strong>rat,</strong></span> <span class='ocrx_word' id='word_1_772' title='bbox 2375 3340 2607 3419; x_wconf 89' lang='lat' dir='ltr'><strong>complet</strong></span> <span class='ocrx_word' id='word_1_773' title='bbox 2640 3341 2972 3407; x_wconf 88' lang='lat' dir='ltr'><strong>orationem,</strong></span> <span class='ocrx_word' id='word_1_774' title='bbox 3004 3347 3060 3395; x_wconf 91' lang='lat' dir='ltr'><strong>et</strong></span> <span class='ocrx_word' id='word_1_775' title='bbox 3087 3340 3360 3411; x_wconf 88' lang='lat' dir='ltr'><strong>prioribus</strong></span> <span class='ocrx_word' id='word_1_776' title='bbox 3408 3352 3530 3411; x_wconf 69' lang='lat' dir='ltr'><strong>quae</strong></span> <span class='ocrx_word' id='word_1_777' title='bbox 3576 3354 3803 3409; x_wconf 87' lang='lat' dir='ltr'><strong>sequun-</strong></span> 
     </span>
    </p>
   </div>
   <div class='ocr_carea' id='block_1_90' title="bbox 2231 3430 2626 3501">
    <p class='ocr_par' dir='ltr' id='par_1_90' title="bbox 2231 3430 2626 3501">
     <span class='ocr_line' id='line_1_90' title="bbox 2231 3430 2626 3501; baseline 0.003 -16"><span class='ocrx_word' id='word_1_778' title='bbox 2231 3439 2319 3485; x_wconf 91' lang='lat' dir='ltr'><strong>tur</strong></span> <span class='ocrx_word' id='word_1_779' title='bbox 2347 3430 2589 3501; x_wconf 86' lang='lat' dir='ltr'><strong>adjungit</strong></span> <span class='ocrx_word' id='word_1_780' title='bbox 2613 3447 2626 3486; x_wconf 93' lang='lat'><strong>:</strong></span> 
     </span>
    </p>
   </div>
   <div class='ocr_carea' id='block_1_91' title="bbox 2301 3518 3794 3586">
    <p class='ocr_par' dir='ltr' id='par_1_91' title="bbox 2301 3518 3794 3586">
     <span class='ocr_line' id='line_1_91' title="bbox 2301 3518 3794 3586; baseline 0.001 -15"><span class='ocrx_word' id='word_1_781' title='bbox 2301 3539 2319 3571; x_wconf 74' lang='grc' dir='ltr'>ι</span> <span class='ocrx_word' id='word_1_782' title='bbox 2357 3519 2436 3574; x_wconf 90' lang='lat' dir='ltr'><strong>Tu</strong></span> <span class='ocrx_word' id='word_1_783' title='bbox 2466 3521 2605 3586; x_wconf 86' lang='lat' dir='ltr'><strong>scis,</strong></span> <span class='ocrx_word' id='word_1_784' title='bbox 2635 3519 2890 3585; x_wconf 90' lang='lat' dir='ltr'><strong>Domine,</strong></span> <span class='ocrx_word' id='word_1_785' title='bbox 2918 3518 3204 3580; x_wconf 84' lang='lat' dir='ltr'><strong>recordare</strong></span> <span class='ocrx_word' id='word_1_786' title='bbox 3232 3518 3374 3584; x_wconf 88' lang='lat' dir='ltr'><strong>mei,</strong></span> <span class='ocrx_word' id='word_1_787' title='bbox 3405 3526 3460 3574; x_wconf 89' lang='lat' dir='ltr'><strong>et</strong></span> <span class='ocrx_word' id='word_1_788' title='bbox 3489 3518 3644 3573; x_wconf 88' lang='lat' dir='ltr'><strong>visita</strong></span> <span class='ocrx_word' id='word_1_789' title='bbox 3679 3534 3794 3582; x_wconf 84' lang='lat' dir='ltr'><strong>me,</strong></span> 
     </span>
    </p>
   </div>
   <div class='ocr_carea' id='block_1_92' title="bbox 2233 3608 3800 3679">
    <p class='ocr_par' dir='ltr' id='par_1_92' title="bbox 2233 3608 3800 3679">
     <span class='ocr_line' id='line_1_92' title="bbox 2233 3608 3800 3679; baseline 0 -16"><span class='ocrx_word' id='word_1_790' title='bbox 2233 3629 2253 3663; x_wconf 84' lang='lat' dir='ltr'><strong>s</strong></span> <span class='ocrx_word' id='word_1_791' title='bbox 2290 3618 2346 3667; x_wconf 88' lang='lat' dir='ltr'><strong>et</strong></span> <span class='ocrx_word' id='word_1_792' title='bbox 2372 3619 2524 3665; x_wconf 90' lang='lat' dir='ltr'><strong>tuere</strong></span> <span class='ocrx_word' id='word_1_793' title='bbox 2554 3627 2641 3666; x_wconf 93' lang='lat' dir='ltr'><strong>me</strong></span> <span class='ocrx_word' id='word_1_794' title='bbox 2669 3612 2738 3665; x_wconf 89' lang='lat' dir='ltr'><strong>ab</strong></span> <span class='ocrx_word' id='word_1_795' title='bbox 2767 3610 2852 3673; x_wconf 86' lang='lat' dir='ltr'><strong>his</strong></span> <span class='ocrx_word' id='word_1_796' title='bbox 2884 3610 2976 3679; x_wconf 89' lang='lat' dir='ltr'><strong>qui</strong></span> <span class='ocrx_word' id='word_1_797' title='bbox 3010 3616 3408 3679; x_wconf 85' lang='lat' dir='ltr'><strong>persequuntur</strong></span> <span class='ocrx_word' id='word_1_798' title='bbox 3447 3624 3555 3665; x_wconf 89' lang='lat' dir='ltr'><strong>me.</strong></span> <span class='ocrx_word' id='word_1_799' title='bbox 3593 3608 3717 3663; x_wconf 81' lang='lat' dir='ltr'><strong>Noli</strong></span> <span class='ocrx_word' id='word_1_800' title='bbox 3750 3611 3800 3663; x_wconf 90' lang='lat' dir='ltr'><strong>in</strong></span> 
     </span>
    </p>
   </div>
   <div class='ocr_carea' id='block_1_93' title="bbox 2233 3684 3800 3771">
    <p class='ocr_par' dir='ltr' id='par_1_93' title="bbox 2233 3684 3800 3771">
     <span class='ocr_line' id='line_1_93' title="bbox 2233 3684 3800 3771; baseline 0.001 -20"><span class='ocrx_word' id='word_1_801' title='bbox 2233 3719 2250 3751; x_wconf 76' lang='grc' dir='ltr'>ι</span> <span class='ocrx_word' id='word_1_802' title='bbox 2286 3699 2547 3771; x_wconf 86' lang='lat' dir='ltr'><strong>patientia</strong></span> <span class='ocrx_word' id='word_1_803' title='bbox 2589 3707 2678 3753; x_wconf 88' lang='lat' dir='ltr'><strong>tua</strong></span> <span class='ocrx_word' id='word_1_804' title='bbox 2714 3687 2989 3767; x_wconf 83' lang='lat' dir='ltr'><strong>suscipere</strong></span> <span class='ocrx_word' id='word_1_805' title='bbox 3015 3684 3310 3752; x_wconf 40' lang='lat' dir='ltr'><strong>mefScito</strong></span> <span class='ocrx_word' id='word_1_806' title='bbox 3339 3697 3595 3769; x_wconf 80' lang='lat' dir='ltr'><strong>quoniam</strong></span> <span class='ocrx_word' id='word_1_807' title='bbox 3628 3698 3800 3752; x_wconf 77' lang='lat' dir='ltr'><strong>&#39;suSti-</strong></span> 
     </span>
    </p>
   </div>
   <div class='ocr_carea' id='block_1_94' title="bbox 2234 3789 3798 3862">
    <p class='ocr_par' dir='ltr' id='par_1_94' title="bbox 2234 3789 3798 3862">
     <span class='ocr_line' id='line_1_94' title="bbox 2234 3789 3798 3862; baseline -0.002 -17"><span class='ocrx_word' id='word_1_808' title='bbox 2234 3811 2253 3844; x_wconf 78' lang='grc' dir='ltr'><strong>σ</strong></span> <span class='ocrx_word' id='word_1_809' title='bbox 2290 3793 2379 3847; x_wconf 90' lang='lat' dir='ltr'><strong>nui</strong></span> <span class='ocrx_word' id='word_1_810' title='bbox 2407 3807 2507 3862; x_wconf 88' lang='lat' dir='ltr'><strong>pro</strong></span> <span class='ocrx_word' id='word_1_811' title='bbox 2532 3801 2586 3847; x_wconf 90' lang='lat' dir='ltr'><strong>te</strong></span> <span class='ocrx_word' id='word_1_812' title='bbox 2612 3791 2976 3861; x_wconf 88' lang='lat' dir='ltr'><strong>opprobrium.</strong></span> <span class='ocrx_word' id='word_1_813' title='bbox 2999 3790 3203 3845; x_wconf 87' lang='lat' dir='ltr'><strong>inventi</strong></span> <span class='ocrx_word' id='word_1_814' title='bbox 3232 3800 3357 3843; x_wconf 89' lang='lat' dir='ltr'><strong>sunt</strong></span> <span class='ocrx_word' id='word_1_815' title='bbox 3384 3803 3660 3843; x_wconf 87' lang='lat' dir='ltr'><strong>sermones</strong></span> <span class='ocrx_word' id='word_1_816' title='bbox 3687 3789 3798 3853; x_wconf 89' lang='lat' dir='ltr'><strong>tui,</strong></span> 
     </span>
    </p>
   </div>
   <div class='ocr_carea' id='block_1_95' title="bbox 2234 3879 3799 3953">
    <p class='ocr_par' dir='ltr' id='par_1_95' title="bbox 2234 3879 3799 3953">
     <span class='ocr_line' id='line_1_95' title="bbox 2234 3879 3799 3953; baseline -0.002 -17"><span class='ocrx_word' id='word_1_817' title='bbox 2234 3902 2253 3936; x_wconf 72' lang='grc' dir='ltr'><em>α</em></span> <span class='ocrx_word' id='word_1_818' title='bbox 2287 3891 2342 3938; x_wconf 88' lang='lat' dir='ltr'><strong>ct</strong></span> <span class='ocrx_word' id='word_1_819' title='bbox 2372 3882 2580 3938; x_wconf 88' lang='lat' dir='ltr'><strong>comedi</strong></span> <span class='ocrx_word' id='word_1_820' title='bbox 2608 3898 2701 3937; x_wconf 87' lang='lat' dir='ltr'><strong>eos</strong></span> <span class='ocrx_word' id='word_1_821' title='bbox 2730 3881 2876 3953; x_wconf 79' lang='lat' dir='ltr'><strong>(sive</strong></span> <span class='ocrx_word' id='word_1_822' title='bbox 2908 3879 2977 3937; x_wconf 82' lang='lat' dir='ltr'><strong>ab</strong></span> <span class='ocrx_word' id='word_1_823' title='bbox 3012 3881 3098 3936; x_wconf 86' lang='lat' dir='ltr'><strong>his</strong></span> <span class='ocrx_word' id='word_1_824' title='bbox 3133 3882 3224 3950; x_wconf 90' lang='lat' dir='ltr'><strong>qui</strong></span> <span class='ocrx_word' id='word_1_825' title='bbox 3263 3880 3555 3951; x_wconf 89' lang='lat' dir='ltr'><strong>reprobant</strong></span> <span class='ocrx_word' id='word_1_826' title='bbox 3593 3894 3799 3949; x_wconf 61' lang='lat' dir='ltr'><strong>sermo:</strong></span> 
     </span>
    </p>
   </div>
   <div class='ocr_carea' id='block_1_96' title="bbox 2235 3962 3897 4041">
    <p class='ocr_par' dir='ltr' id='par_1_96' title="bbox 2235 3962 3897 4041">
     <span class='ocr_line' id='line_1_96' title="bbox 2235 3962 3897 4041; baseline -0.001 -16"><span class='ocrx_word' id='word_1_827' title='bbox 2235 3993 2255 4025; x_wconf 69' lang='grc' dir='ltr'><strong><em>ι</em></strong></span> <span class='ocrx_word' id='word_1_828' title='bbox 2292 3987 2391 4027; x_wconf 91' lang='lat' dir='ltr'><strong>nes</strong></span> <span class='ocrx_word' id='word_1_829' title='bbox 2420 3981 2570 4038; x_wconf 90' lang='lat' dir='ltr'><strong>tuos,</strong></span> <span class='ocrx_word' id='word_1_830' title='bbox 2600 3986 2854 4027; x_wconf 87' lang='lat' dir='ltr'><strong>consume</strong></span> <span class='ocrx_word' id='word_1_831' title='bbox 2878 3987 2973 4027; x_wconf 88' lang='lat' dir='ltr'><strong>eos</strong></span> <span class='ocrx_word' id='word_1_832' title='bbox 2994 3972 3034 4041; x_wconf 91' lang='lat'><strong>).</strong></span> <span class='ocrx_word' id='word_1_833' title='bbox 3064 3971 3129 4028; x_wconf 86' lang='lat' dir='ltr'><strong>Et</strong></span> <span class='ocrx_word' id='word_1_834' title='bbox 3157 3970 3358 4026; x_wconf 89' lang='lat' dir='ltr'><strong>factum</strong></span> <span class='ocrx_word' id='word_1_835' title='bbox 3384 3981 3467 4026; x_wconf 90' lang='lat' dir='ltr'><strong>est</strong></span> <span class='ocrx_word' id='word_1_836' title='bbox 3494 3971 3628 4025; x_wconf 89' lang='lat' dir='ltr'><strong>mihi</strong></span> <span class='ocrx_word' id='word_1_837' title='bbox 3659 3970 3801 4040; x_wconf 76' lang='lat' dir='ltr'><strong>(sire</strong></span> <span class='ocrx_word' id='word_1_838' title='bbox 3896 3962 3897 3977; x_wconf 60' lang='grc'><strong>¹</strong></span> 
     </span>
    </p>
   </div>
   <div class='ocr_carea' id='block_1_97' title="bbox 2236 4048 3801 4135">
    <p class='ocr_par' dir='ltr' id='par_1_97' title="bbox 2236 4048 3801 4135">
     <span class='ocr_line' id='line_1_97' title="bbox 2236 4048 3801 4135; baseline -0.001 -20"><span class='ocrx_word' id='word_1_839' title='bbox 2236 4083 2255 4115; x_wconf 72' lang='grc' dir='ltr'>ι</span> <span class='ocrx_word' id='word_1_840' title='bbox 2293 4063 2396 4117; x_wconf 89' lang='lat' dir='ltr'><strong>erit</strong></span> <span class='ocrx_word' id='word_1_841' title='bbox 2418 4061 2438 4135; x_wconf 94' lang='lat'>)</span> <span class='ocrx_word' id='word_1_842' title='bbox 2464 4048 2691 4117; x_wconf 66' lang='lat' dir='ltr'><strong>verbum</strong></span> <span class='ocrx_word' id='word_1_843' title='bbox 2723 4070 2870 4115; x_wconf 88' lang='lat' dir='ltr'><strong>tuum</strong></span> <span class='ocrx_word' id='word_1_844' title='bbox 2903 4061 2955 4114; x_wconf 92' lang='lat' dir='ltr'><strong>in</strong></span> <span class='ocrx_word' id='word_1_845' title='bbox 2984 4060 3238 4131; x_wconf 90' lang='lat' dir='ltr'><strong>gaudium</strong></span> <span class='ocrx_word' id='word_1_846' title='bbox 3269 4068 3324 4113; x_wconf 87' lang='lat' dir='ltr'><strong>ct</strong></span> <span class='ocrx_word' id='word_1_847' title='bbox 3351 4059 3595 4115; x_wconf 63' lang='lat' dir='ltr'><strong>lmtitiam</strong></span> <span class='ocrx_word' id='word_1_848' title='bbox 3626 4055 3801 4114; x_wconf 87' lang='lat' dir='ltr'><strong>cordis</strong></span> 
     </span>
    </p>
   </div>
   <div class='ocr_carea' id='block_1_98' title="bbox 2236 4142 3802 4222">
    <p class='ocr_par' dir='ltr' id='par_1_98' title="bbox 2236 4142 3802 4222">
     <span class='ocr_line' id='line_1_98' title="bbox 2236 4142 3802 4222; baseline -0.003 -16"><span class='ocrx_word' id='word_1_849' title='bbox 2236 4172 2254 4206; x_wconf 85' lang='grc'>‹</span> <span class='ocrx_word' id='word_1_850' title='bbox 2293 4155 2397 4209; x_wconf 90' lang='lat' dir='ltr'><strong>mei</strong></span> <span class='ocrx_word' id='word_1_851' title='bbox 2426 4171 2441 4220; x_wconf 90' lang='lat'><strong>;</strong></span> <span class='ocrx_word' id='word_1_852' title='bbox 2481 4153 2733 4222; x_wconf 88' lang='lat' dir='ltr'><strong>quoniam</strong></span> <span class='ocrx_word' id='word_1_853' title='bbox 2767 4142 3076 4207; x_wconf 83' lang='lat' dir='ltr'><strong>invocatum</strong></span> <span class='ocrx_word' id='word_1_854' title='bbox 3107 4160 3191 4206; x_wconf 89' lang='lat' dir='ltr'><strong>est</strong></span> <span class='ocrx_word' id='word_1_855' title='bbox 3224 4166 3419 4205; x_wconf 84' lang='lat' dir='ltr'><strong>nomen</strong></span> <span class='ocrx_word' id='word_1_856' title='bbox 3459 4159 3614 4204; x_wconf 91' lang='lat' dir='ltr'><strong>tuum</strong></span> <span class='ocrx_word' id='word_1_857' title='bbox 3647 4163 3802 4217; x_wconf 89' lang='lat' dir='ltr'><strong>super</strong></span> 
     </span>
    </p>
   </div>
   <div class='ocr_carea' id='block_1_99' title="bbox 2234 4240 3897 4312">
    <p class='ocr_par' dir='ltr' id='par_1_99' title="bbox 2234 4240 3897 4312">
     <span class='ocr_line' id='line_1_99' title="bbox 2234 4240 3897 4312; baseline -0.002 -15"><span class='ocrx_word' id='word_1_858' title='bbox 2234 4265 2252 4297; x_wconf 77' lang='grc' dir='ltr'>ι</span> <span class='ocrx_word' id='word_1_859' title='bbox 2288 4260 2403 4307; x_wconf 90' lang='lat' dir='ltr'><strong>me,</strong></span> <span class='ocrx_word' id='word_1_860' title='bbox 2438 4244 2663 4298; x_wconf 90' lang='lat' dir='ltr'><strong>Domine</strong></span> <span class='ocrx_word' id='word_1_861' title='bbox 2690 4242 2829 4297; x_wconf 88' lang='lat' dir='ltr'><strong>Deus</strong></span> <span class='ocrx_word' id='word_1_862' title='bbox 2854 4242 3203 4303; x_wconf 74' lang='lat' dir='ltr'><strong>exercituum.</strong></span> <span class='ocrx_word' id='word_1_863' title='bbox 3242 4261 3262 4294; x_wconf 72' lang='grc' dir='ltr'><strong>ι</strong></span> <span class='ocrx_word' id='word_1_864' title='bbox 3297 4240 3611 4312; x_wconf 70' lang='grc' dir='ltr'><strong>(Ηίθνοη.)</strong></span> <span class='ocrx_word' id='word_1_865' title='bbox 3652 4240 3761 4294; x_wconf 84' lang='lat' dir='ltr'><strong>Hoc</strong></span> <span class='ocrx_word' id='word_1_866' title='bbox 3785 4281 3798 4304; x_wconf 88' lang='lat'><strong>,</strong></span> <span class='ocrx_word' id='word_1_867' title='bbox 3896 4240 3897 4261; x_wconf 68' lang='grc'>³</span> 
     </span>
    </p>
   </div>
   <div class='ocr_carea' id='block_1_100' title="bbox 2229 4331 3897 4405">
    <p class='ocr_par' dir='ltr' id='par_1_100' title="bbox 2229 4331 3897 4405">
     <span class='ocr_line' id='line_1_100' title="bbox 2229 4331 3897 4405; baseline -0.004 -15"><span class='ocrx_word' id='word_1_868' title='bbox 2229 4336 2369 4405; x_wconf 91' lang='lat' dir='ltr'><strong>quod</strong></span> <span class='ocrx_word' id='word_1_869' title='bbox 2399 4335 2661 4388; x_wconf 84' lang='lat' dir='ltr'><strong>diximus:</strong></span> <span class='ocrx_word' id='word_1_870' title='bbox 2693 4350 2711 4384; x_wconf 74' lang='grc' dir='ltr'><strong><em>ι</em></strong></span> <span class='ocrx_word' id='word_1_871' title='bbox 2739 4333 2969 4396; x_wconf 84' lang='lat' dir='ltr'><strong>Tuscis,</strong></span> <span class='ocrx_word' id='word_1_872' title='bbox 2998 4352 3017 4382; x_wconf 69' lang='grc' dir='ltr'><strong><em>ι</em></strong></span> <span class='ocrx_word' id='word_1_873' title='bbox 3045 4334 3096 4385; x_wconf 91' lang='lat' dir='ltr'><strong>in</strong></span> <span class='ocrx_word' id='word_1_874' title='bbox 3127 4331 3473 4401; x_wconf 89' lang='lat' dir='ltr'><strong>Septuaginta</strong></span> <span class='ocrx_word' id='word_1_875' title='bbox 3504 4347 3613 4385; x_wconf 87' lang='lat' dir='ltr'><strong>non</strong></span> <span class='ocrx_word' id='word_1_876' title='bbox 3649 4334 3799 4385; x_wconf 84' lang='lat' dir='ltr'><strong>habc-</strong></span> <span class='ocrx_word' id='word_1_877' title='bbox 3896 4342 3897 4383; x_wconf 48' lang='grc' dir='ltr'>γ</span> 
     </span>
    </p>
   </div>
   <div class='ocr_carea' id='block_1_101' title="bbox 2232 4422 3800 4491">
    <p class='ocr_par' dir='ltr' id='par_1_101' title="bbox 2232 4422 3800 4491">
     <span class='ocr_line' id='line_1_101' title="bbox 2232 4422 3800 4491; baseline -0.005 -10"><span class='ocrx_word' id='word_1_878' title='bbox 2232 4436 2335 4482; x_wconf 92' lang='lat' dir='ltr'><strong>tur.</strong></span> <span class='ocrx_word' id='word_1_879' title='bbox 2366 4425 2515 4480; x_wconf 79' lang='lat' dir='ltr'><strong>Felix</strong></span> <span class='ocrx_word' id='word_1_880' title='bbox 2546 4432 2629 4479; x_wconf 90' lang='lat' dir='ltr'><strong>est</strong></span> <span class='ocrx_word' id='word_1_881' title='bbox 2664 4431 2841 4478; x_wconf 87' lang='lat' dir='ltr'><strong>autem</strong></span> <span class='ocrx_word' id='word_1_882' title='bbox 2879 4423 2966 4491; x_wconf 73' lang='lat' dir='ltr'><strong>illa</strong></span> <span class='ocrx_word' id='word_1_883' title='bbox 3004 4422 3359 4483; x_wconf 87' lang='lat' dir='ltr'><strong>conscientia,</strong></span> <span class='ocrx_word' id='word_1_884' title='bbox 3393 4437 3512 4489; x_wconf 68' lang='lat' dir='ltr'><strong>qua:</strong></span> <span class='ocrx_word' id='word_1_885' title='bbox 3558 4438 3664 4491; x_wconf 86' lang='lat' dir='ltr'><strong>pro</strong></span> <span class='ocrx_word' id='word_1_886' title='bbox 3702 4424 3800 4474; x_wconf 65' lang='lat' dir='ltr'><strong>Deo</strong></span> 
     </span>
    </p>
   </div>
   <div class='ocr_carea' id='block_1_102' title="bbox 2228 4510 3897 4591">
    <p class='ocr_par' dir='ltr' id='par_1_102' title="bbox 2228 4510 3897 4591">
     <span class='ocr_line' id='line_1_102' title="bbox 2228 4510 3897 4591; baseline -0.008 -19"><span class='ocrx_word' id='word_1_887' title='bbox 2228 4517 2459 4573; x_wconf 89' lang='lat' dir='ltr'><strong>sustinet</strong></span> <span class='ocrx_word' id='word_1_888' title='bbox 2492 4514 2885 4585; x_wconf 90' lang='lat' dir='ltr'><strong>opprobrium:</strong></span> <span class='ocrx_word' id='word_1_889' title='bbox 2944 4512 3087 4565; x_wconf 86' lang='lat' dir='ltr'><strong>unde</strong></span> <span class='ocrx_word' id='word_1_890' title='bbox 3144 4510 3317 4564; x_wconf 90' lang='lat' dir='ltr'><strong>dicit:</strong></span> <span class='ocrx_word' id='word_1_891' title='bbox 3363 4528 3381 4560; x_wconf 73' lang='grc' dir='ltr'>ι</span> <span class='ocrx_word' id='word_1_892' title='bbox 3418 4510 3629 4563; x_wconf 84' lang='lat' dir='ltr'><strong>inventi</strong></span> <span class='ocrx_word' id='word_1_893' title='bbox 3684 4518 3800 4563; x_wconf 77' lang='lat' dir='ltr'><strong>sunt</strong></span> <span class='ocrx_word' id='word_1_894' title='bbox 3896 4572 3897 4591; x_wconf 21' lang='grc' dir='ltr'>Ε</span> 
     </span>
    </p>
   </div>
   <div class='ocr_carea' id='block_1_103' title="bbox 2228 4601 3797 4675">
    <p class='ocr_par' dir='ltr' id='par_1_103' title="bbox 2228 4601 3797 4675">
     <span class='ocr_line' id='line_1_103' title="bbox 2228 4601 3797 4675; baseline -0.008 -10"><span class='ocrx_word' id='word_1_895' title='bbox 2228 4623 2506 4667; x_wconf 90' lang='lat' dir='ltr'><strong>sermones</strong></span> <span class='ocrx_word' id='word_1_896' title='bbox 2549 4607 2652 4671; x_wconf 91' lang='lat' dir='ltr'><strong>tui,</strong></span> <span class='ocrx_word' id='word_1_897' title='bbox 2684 4625 2702 4656; x_wconf 83' lang='grc'>›</span> <span class='ocrx_word' id='word_1_898' title='bbox 2738 4620 2874 4675; x_wconf 91' lang='lat' dir='ltr'><strong>quos</strong></span> <span class='ocrx_word' id='word_1_899' title='bbox 2908 4617 3029 4658; x_wconf 89' lang='lat' dir='ltr'><strong>meo</strong></span> <span class='ocrx_word' id='word_1_900' title='bbox 3057 4616 3151 4659; x_wconf 82' lang='lat' dir='ltr'><strong>ore</strong></span> <span class='ocrx_word' id='word_1_901' title='bbox 3184 4601 3523 4669; x_wconf 84' lang='lat' dir='ltr'><strong>loquebaris,</strong></span> <span class='ocrx_word' id='word_1_902' title='bbox 3560 4619 3580 4649; x_wconf 74' lang='grc' dir='ltr'><strong><em>ι</em></strong></span> <span class='ocrx_word' id='word_1_903' title='bbox 3611 4610 3667 4654; x_wconf 87' lang='lat' dir='ltr'><strong>et</strong></span> <span class='ocrx_word' id='word_1_904' title='bbox 3717 4616 3797 4652; x_wconf 70' lang='lat' dir='ltr'><strong>co-</strong></span> 
     </span>
    </p>
   </div>
   <div class='ocr_carea' id='block_1_104' title="bbox 2230 4690 3897 4765">
    <p class='ocr_par' dir='ltr' id='par_1_104' title="bbox 2230 4690 3897 4765">
     <span class='ocr_line' id='line_1_104' title="bbox 2230 4690 3897 4765; baseline -0.01 -8"><span class='ocrx_word' id='word_1_905' title='bbox 2230 4702 2543 4765; x_wconf 78' lang='lat' dir='ltr'><strong>medieos,</strong></span> <span class='ocrx_word' id='word_1_906' title='bbox 2582 4718 2599 4750; x_wconf 73' lang='grc' dir='ltr'><strong><em>ι</em></strong></span> <span class='ocrx_word' id='word_1_907' title='bbox 2656 4698 2710 4752; x_wconf 90' lang='lat' dir='ltr'><strong>id</strong></span> <span class='ocrx_word' id='word_1_908' title='bbox 2757 4704 2873 4761; x_wconf 88' lang='lat' dir='ltr'><strong>est,</strong></span> <span class='ocrx_word' id='word_1_909' title='bbox 2924 4695 2977 4748; x_wconf 93' lang='lat' dir='ltr'><strong>in</strong></span> <span class='ocrx_word' id='word_1_910' title='bbox 3026 4693 3203 4747; x_wconf 89' lang='lat' dir='ltr'><strong>cibum</strong></span> <span class='ocrx_word' id='word_1_911' title='bbox 3250 4691 3382 4745; x_wconf 87' lang='lat' dir='ltr'><strong>mihi</strong></span> <span class='ocrx_word' id='word_1_912' title='bbox 3437 4690 3577 4743; x_wconf 78' lang='lat' dir='ltr'><strong>versi</strong></span> <span class='ocrx_word' id='word_1_913' title='bbox 3637 4701 3794 4765; x_wconf 84' lang='lat' dir='ltr'><strong>sunt;</strong></span> <span class='ocrx_word' id='word_1_914' title='bbox 3896 4690 3897 4761; x_wconf 50' lang='grc' dir='ltr'>ᾖ</span> 
     </span>
    </p>
   </div>
   <div class='ocr_carea' id='block_1_105' title="bbox 2229 4764 3897 4858">
    <p class='ocr_par' dir='ltr' id='par_1_105' title="bbox 2229 4764 3897 4858">
     <span class='ocr_line' id='line_1_105' title="bbox 2229 4764 3897 4858; baseline -0.012 -10"><span class='ocrx_word' id='word_1_915' title='bbox 2229 4793 2362 4857; x_wconf 89' lang='lat' dir='ltr'><strong>sive,</strong></span> <span class='ocrx_word' id='word_1_916' title='bbox 2386 4764 2542 4858; x_wconf 83' lang='lat' dir='ltr'><strong>juxta</strong></span> <span class='ocrx_word' id='word_1_917' title='bbox 2595 4786 3005 4857; x_wconf 87' lang='lat' dir='ltr'><strong>Symmachum,</strong></span> <span class='ocrx_word' id='word_1_918' title='bbox 3047 4803 3064 4834; x_wconf 76' lang='grc' dir='ltr'>ι</span> <span class='ocrx_word' id='word_1_919' title='bbox 3101 4781 3450 4850; x_wconf 77' lang='lat' dir='ltr'><strong>suscipiebant</strong></span> <span class='ocrx_word' id='word_1_920' title='bbox 3499 4793 3631 4841; x_wconf 88' lang='lat' dir='ltr'><strong>eos,</strong></span> <span class='ocrx_word' id='word_1_921' title='bbox 3670 4764 3695 4829; x_wconf 63' lang='grc' dir='ltr'><strong><em>ἒ</em></strong></span> <span class='ocrx_word' id='word_1_922' title='bbox 3746 4786 3799 4829; x_wconf 93' lang='lat' dir='ltr'><strong>ut</strong></span> <span class='ocrx_word' id='word_1_923' title='bbox 3896 4832 3897 4841; x_wconf 15' lang='grc' dir='ltr'>χ</span> 
     </span>
    </p>
   </div>
   <div class='ocr_carea' id='block_1_106' title="bbox 2233 4865 3795 4937">
    <p class='ocr_par' dir='ltr' id='par_1_106' title="bbox 2233 4865 3795 4937">
     <span class='ocr_line' id='line_1_106' title="bbox 2233 4865 3795 4937; baseline -0.012 -3"><span class='ocrx_word' id='word_1_924' title='bbox 2233 4880 2365 4933; x_wconf 89' lang='lat' dir='ltr'><strong>mihi</strong></span> <span class='ocrx_word' id='word_1_925' title='bbox 2396 4880 2455 4933; x_wconf 86' lang='lat' dir='ltr'><strong>in</strong></span> <span class='ocrx_word' id='word_1_926' title='bbox 2483 4877 2721 4931; x_wconf 72' lang='lat' dir='ltr'><strong>lmtitiam</strong></span> <span class='ocrx_word' id='word_1_927' title='bbox 2752 4882 3111 4932; x_wconf 86' lang='lat' dir='ltr'><strong>verterentur,</strong></span> <span class='ocrx_word' id='word_1_928' title='bbox 3142 4869 3233 4937; x_wconf 91' lang='lat' dir='ltr'><strong>qui</strong></span> <span class='ocrx_word' id='word_1_929' title='bbox 3268 4867 3467 4920; x_wconf 89' lang='lat' dir='ltr'><strong>dudum</strong></span> <span class='ocrx_word' id='word_1_930' title='bbox 3498 4865 3715 4918; x_wconf 81' lang='lat' dir='ltr'><strong>fuerant</strong></span> <span class='ocrx_word' id='word_1_931' title='bbox 3749 4866 3795 4916; x_wconf 87' lang='lat' dir='ltr'><strong>in</strong></span> 
     </span>
    </p>
   </div>
   <div class='ocr_carea' id='block_1_107' title="bbox 2231 4954 3793 5040">
    <p class='ocr_par' dir='ltr' id='par_1_107' title="bbox 2231 4954 3793 5040">
     <span class='ocr_line' id='line_1_107' title="bbox 2231 4954 3793 5040; baseline -0.013 -15"><span class='ocrx_word' id='word_1_932' title='bbox 2231 4969 2595 5040; x_wconf 83' lang='lat' dir='ltr'><strong>opprobrium.</strong></span> <span class='ocrx_word' id='word_1_933' title='bbox 2629 4966 2778 5021; x_wconf 84' lang='lat' dir='ltr'><strong>Unde</strong></span> <span class='ocrx_word' id='word_1_934' title='bbox 2805 4973 2858 5018; x_wconf 89' lang='lat' dir='ltr'><strong>et</strong></span> <span class='ocrx_word' id='word_1_935' title='bbox 2886 4960 3159 5031; x_wconf 75' lang='lat' dir='ltr'><strong>Babylonii</strong></span> <span class='ocrx_word' id='word_1_936' title='bbox 3187 4957 3511 5013; x_wconf 82' lang='lat' dir='ltr'><strong>conﬁtentur</strong></span> <span class='ocrx_word' id='word_1_937' title='bbox 3540 4954 3761 5023; x_wconf 80' lang='lat' dir='ltr'><strong>impleta</strong></span> <span class='ocrx_word' id='word_1_938' title='bbox 3780 4994 3793 5011; x_wconf 82' lang='grc'>,</span> 
     </span>
    </p>
   </div>
   <div class='ocr_carea' id='block_1_108' title="bbox 2228 5046 3897 5133">
    <p class='ocr_par' dir='ltr' id='par_1_108' title="bbox 2228 5046 3897 5133">
     <span class='ocr_line' id='line_1_108' title="bbox 2228 5046 3897 5133; baseline -0.013 -16"><span class='ocrx_word' id='word_1_939' title='bbox 2228 5078 2348 5133; x_wconf 64' lang='lat' dir='ltr'><strong>quae</strong></span> <span class='ocrx_word' id='word_1_940' title='bbox 2387 5060 2647 5115; x_wconf 84' lang='lat' dir='ltr'><strong>Jcremias</strong></span> <span class='ocrx_word' id='word_1_941' title='bbox 2687 5057 2865 5111; x_wconf 88' lang='lat' dir='ltr'><strong>futura</strong></span> <span class='ocrx_word' id='word_1_942' title='bbox 2912 5052 3253 5123; x_wconf 65' lang='lat' dir='ltr'><strong>praedixerat.</strong></span> <span class='ocrx_word' id='word_1_943' title='bbox 3301 5048 3426 5103; x_wconf 88' lang='lat' dir='ltr'><strong>Sive</strong></span> <span class='ocrx_word' id='word_1_944' title='bbox 3471 5046 3556 5100; x_wconf 92' lang='lat' dir='ltr'><strong>hic</strong></span> <span class='ocrx_word' id='word_1_945' title='bbox 3608 5059 3796 5099; x_wconf 83' lang='lat' dir='ltr'><strong>sensus</strong></span> 
     </span>
    </p>
   </div>
   <div class='ocr_carea' id='block_1_109' title="bbox 2229 5136 3796 5220">
    <p class='ocr_par' dir='ltr' id='par_1_109' title="bbox 2229 5136 3796 5220">
     <span class='ocr_line' id='line_1_109' title="bbox 2229 5136 3796 5220; baseline -0.013 -11"><span class='ocrx_word' id='word_1_946' title='bbox 2229 5162 2311 5210; x_wconf 89' lang='lat' dir='ltr'><strong>est</strong></span> <span class='ocrx_word' id='word_1_947' title='bbox 2340 5171 2352 5207; x_wconf 94' lang='lat'><strong>:</strong></span> <span class='ocrx_word' id='word_1_948' title='bbox 2386 5151 2539 5206; x_wconf 88' lang='lat' dir='ltr'><strong>Sensi</strong></span> <span class='ocrx_word' id='word_1_949' title='bbox 2571 5150 2881 5220; x_wconf 86' lang='lat' dir='ltr'><strong>angustias,</strong></span> <span class='ocrx_word' id='word_1_950' title='bbox 2914 5144 3158 5200; x_wconf 87' lang='lat' dir='ltr'><strong>miserias</strong></span> <span class='ocrx_word' id='word_1_951' title='bbox 3187 5140 3380 5210; x_wconf 61' lang='lat' dir='ltr'><strong>pertuli</strong></span> <span class='ocrx_word' id='word_1_952' title='bbox 3410 5136 3588 5209; x_wconf 83' lang='lat' dir='ltr'><strong>populi</strong></span> <span class='ocrx_word' id='word_1_953' title='bbox 3620 5150 3796 5205; x_wconf 80' lang='lat' dir='ltr'><strong>perse-</strong></span> 
     </span>
    </p>
   </div>
   <div class='ocr_carea' id='block_1_110' title="bbox 2228 5230 3793 5317">
    <p class='ocr_par' dir='ltr' id='par_1_110' title="bbox 2228 5230 3793 5317">
     <span class='ocr_line' id='line_1_110' title="bbox 2228 5230 3793 5317; baseline -0.014 -16"><span class='ocrx_word' id='word_1_954' title='bbox 2228 5245 2474 5317; x_wconf 83' lang='lat' dir='ltr'><strong>quentis,</strong></span> <span class='ocrx_word' id='word_1_955' title='bbox 2505 5252 2682 5298; x_wconf 91' lang='lat' dir='ltr'><strong>tamen</strong></span> <span class='ocrx_word' id='word_1_956' title='bbox 2712 5240 2926 5311; x_wconf 86' lang='lat' dir='ltr'><strong>gavisus</strong></span> <span class='ocrx_word' id='word_1_957' title='bbox 2962 5252 3097 5291; x_wconf 90' lang='lat' dir='ltr'><strong>sum.</strong></span> <span class='ocrx_word' id='word_1_958' title='bbox 3142 5234 3331 5304; x_wconf 83' lang='lat' dir='ltr'><strong>(Orig.</strong></span> <span class='ocrx_word' id='word_1_959' title='bbox 3356 5235 3373 5300; x_wconf 91' lang='lat'><strong>)</strong></span> <span class='ocrx_word' id='word_1_960' title='bbox 3405 5230 3587 5283; x_wconf 83' lang='lat' dir='ltr'><strong>Potest</strong></span> <span class='ocrx_word' id='word_1_961' title='bbox 3615 5236 3793 5281; x_wconf 83' lang='lat' dir='ltr'><strong>autem</strong></span> 
     </span>
    </p>
   </div>
   <div class='ocr_carea' id='block_1_111' title="bbox 2228 5321 3771 5392">
    <p class='ocr_par' dir='ltr' id='par_1_111' title="bbox 2228 5321 3771 5392">
     <span class='ocr_line' id='line_1_111' title="bbox 2228 5321 3771 5392; baseline -0.016 -1"><span class='ocrx_word' id='word_1_962' title='bbox 2228 5345 2283 5391; x_wconf 85' lang='lat' dir='ltr'><strong>et</strong></span> <span class='ocrx_word' id='word_1_963' title='bbox 2327 5334 2571 5389; x_wconf 90' lang='lat' dir='ltr'><strong>Salvator</strong></span> <span class='ocrx_word' id='word_1_964' title='bbox 2599 5333 2712 5385; x_wconf 63' lang='lat' dir='ltr'><strong>haec</strong></span> <span class='ocrx_word' id='word_1_965' title='bbox 2739 5329 2917 5382; x_wconf 89' lang='lat' dir='ltr'><strong>dicere</strong></span> <span class='ocrx_word' id='word_1_966' title='bbox 2945 5344 2958 5378; x_wconf 94' lang='lat'><strong>:</strong></span> <span class='ocrx_word' id='word_1_967' title='bbox 2995 5337 3163 5392; x_wconf 89' lang='lat' dir='ltr'><strong>usque</strong></span> <span class='ocrx_word' id='word_1_968' title='bbox 3191 5321 3257 5374; x_wconf 91' lang='lat' dir='ltr'><strong>ad</strong></span> <span class='ocrx_word' id='word_1_969' title='bbox 3286 5332 3499 5373; x_wconf 90' lang='lat' dir='ltr'><strong>crucem</strong></span> <span class='ocrx_word' id='word_1_970' title='bbox 3540 5329 3771 5383; x_wconf 84' lang='lat' dir='ltr'><strong>perseeu</strong></span> 
     </span>
    </p>
   </div>
   <div class='ocr_carea' id='block_1_112' title="bbox 2230 5403 3795 5493">
    <p class='ocr_par' dir='ltr' id='par_1_112' title="bbox 2230 5403 3795 5493">
     <span class='ocr_line' id='line_1_112' title="bbox 2230 5403 3795 5493; baseline -0.014 -15"><span class='ocrx_word' id='word_1_971' title='bbox 2230 5427 2428 5481; x_wconf 90' lang='lat' dir='ltr'><strong>tionem</strong></span> <span class='ocrx_word' id='word_1_972' title='bbox 2455 5436 2647 5493; x_wconf 87' lang='lat' dir='ltr'><strong>passus</strong></span> <span class='ocrx_word' id='word_1_973' title='bbox 2676 5435 2709 5490; x_wconf 61' lang='grc' dir='ltr'><strong>ει</strong></span> <span class='ocrx_word' id='word_1_974' title='bbox 2735 5415 2951 5488; x_wconf 92' lang='lat' dir='ltr'><strong>populo,</strong></span> <span class='ocrx_word' id='word_1_975' title='bbox 2980 5429 3085 5468; x_wconf 91' lang='lat' dir='ltr'><strong>non</strong></span> <span class='ocrx_word' id='word_1_976' title='bbox 3112 5412 3167 5466; x_wconf 93' lang='lat' dir='ltr'><strong>in</strong></span> <span class='ocrx_word' id='word_1_977' title='bbox 3196 5407 3477 5493; x_wconf 73' lang='lat' dir='ltr'><strong>patientia.</strong></span> <span class='ocrx_word' id='word_1_978' title='bbox 3506 5403 3653 5493; x_wconf 73' lang='lat' dir='ltr'><strong>Quid</strong></span> <span class='ocrx_word' id='word_1_979' title='bbox 3682 5410 3795 5465; x_wconf 86' lang='lat' dir='ltr'><strong>est,</strong></span> 
     </span>
    </p>
   </div>
   <div class='ocr_carea' id='block_1_113' title="bbox 2228 5490 3793 5584">
    <p class='ocr_par' dir='ltr' id='par_1_113' title="bbox 2228 5490 3793 5584">
     <span class='ocr_line' id='line_1_113' title="bbox 2228 5490 3793 5584; baseline -0.016 -15"><span class='ocrx_word' id='word_1_980' title='bbox 2228 5512 2373 5584; x_wconf 88' lang='lat' dir='ltr'><strong>quod</strong></span> <span class='ocrx_word' id='word_1_981' title='bbox 2404 5490 2510 5576; x_wconf 73' lang='lat' dir='ltr'><strong>ait,</strong></span> <span class='ocrx_word' id='word_1_982' title='bbox 2543 5525 2648 5564; x_wconf 92' lang='lat' dir='ltr'><strong>non</strong></span> <span class='ocrx_word' id='word_1_983' title='bbox 2678 5508 2731 5561; x_wconf 92' lang='lat' dir='ltr'><strong>in</strong></span> <span class='ocrx_word' id='word_1_984' title='bbox 2757 5501 3057 5573; x_wconf 81' lang='lat' dir='ltr'><strong>patientia?</strong></span> <span class='ocrx_word' id='word_1_985' title='bbox 3084 5494 3430 5568; x_wconf 88' lang='lat' dir='ltr'><strong>Longanimis</strong></span> <span class='ocrx_word' id='word_1_986' title='bbox 3458 5490 3608 5546; x_wconf 83' lang='lat' dir='ltr'><strong>fuisti</strong></span> <span class='ocrx_word' id='word_1_987' title='bbox 3653 5504 3793 5584; x_wconf 46' lang='lat' dir='ltr'><strong>sem:</strong></span> 
     </span>
    </p>
   </div>
   <div class='ocr_carea' id='block_1_114' title="bbox 2225 5580 3794 5676">
    <p class='ocr_par' dir='ltr' id='par_1_114' title="bbox 2225 5580 3794 5676">
     <span class='ocr_line' id='line_1_114' title="bbox 2225 5580 3794 5676; baseline -0.017 -15"><span class='ocrx_word' id='word_1_988' title='bbox 2225 5580 2326 5676; x_wconf 76' lang='lat' dir='ltr'><strong>per</strong></span> <span class='ocrx_word' id='word_1_989' title='bbox 2370 5603 2495 5659; x_wconf 89' lang='lat' dir='ltr'><strong>huic</strong></span> <span class='ocrx_word' id='word_1_990' title='bbox 2536 5598 2732 5671; x_wconf 88' lang='lat' dir='ltr'><strong>popqu</strong></span> <span class='ocrx_word' id='word_1_991' title='bbox 2762 5592 3109 5665; x_wconf 89' lang='lat' dir='ltr'><strong>delinquenti.</strong></span> <span class='ocrx_word' id='word_1_992' title='bbox 3151 5588 3256 5645; x_wconf 88' lang='lat' dir='ltr'><strong>Sed</strong></span> <span class='ocrx_word' id='word_1_993' title='bbox 3287 5601 3447 5676; x_wconf 82' lang='lat' dir='ltr'><strong>super</strong></span> <span class='ocrx_word' id='word_1_994' title='bbox 3473 5585 3609 5649; x_wconf 86' lang='lat' dir='ltr'><strong>hoc,</strong></span> 
     </span>
    </p>
   </div>
   <div class='ocr_carea' id='block_1_115' title="bbox 2228 5670 3794 5761">
    <p class='ocr_par' dir='ltr' id='par_1_115' title="bbox 2228 5670 3794 5761">
     <span class='ocr_line' id='line_1_115' title="bbox 2228 5670 3794 5761; baseline -0.018 -9"><span class='ocrx_word' id='word_1_995' title='bbox 2228 5670 2395 5752; x_wconf 77' lang='lat' dir='ltr'><strong>etiam</strong></span> <span class='ocrx_word' id='word_1_996' title='bbox 2424 5670 2707 5748; x_wconf 83' lang='lat' dir='ltr'><strong>adversum</strong></span> <span class='ocrx_word' id='word_1_997' title='bbox 2735 5702 2821 5742; x_wconf 90' lang='lat' dir='ltr'><strong>mc</strong></span> <span class='ocrx_word' id='word_1_998' title='bbox 2847 5700 2999 5740; x_wconf 86' lang='lat' dir='ltr'><strong>suam</strong></span> <span class='ocrx_word' id='word_1_999' title='bbox 3040 5679 3214 5737; x_wconf 80' lang='lat' dir='ltr'><strong>erexit</strong></span> <span class='ocrx_word' id='word_1_1000' title='bbox 3251 5674 3610 5761; x_wconf 82' lang='lat' dir='ltr'><strong>temeritatem</strong></span> <span class='ocrx_word' id='word_1_1001' title='bbox 3640 5712 3656 5732; x_wconf 86' lang='lat'><strong>.</strong></span> <span class='ocrx_word' id='word_1_1002' title='bbox 3691 5670 3794 5727; x_wconf 86' lang='lat' dir='ltr'><strong>noli</strong></span> 
     </span>
    </p>
   </div>
   <div class='ocr_carea' id='block_1_116' title="bbox 2638 5926 2667 5957">
    <p class='ocr_par' dir='ltr' id='par_1_116' title="bbox 2638 5926 2667 5957">
     <span class='ocr_line' id='line_1_116' title="bbox 2638 5926 2667 5957; baseline 0 0"><span class='ocrx_word' id='word_1_1003' title='bbox 2638 5926 2667 5957; x_wconf 71' lang='grc' dir='ltr'><strong><em>ο</em></strong></span> 
     </span>
    </p>
   </div>
  </div>
