3926 6324
1080 367 1444 429 nxrosmo
1482 356 1708 433 suras
1739 369 2103 430 manu.
2141 402 2210 414 —
2245 372 2375 429 un.
2414 372 2526 431 vn.

3344 360 3449 427 οει

186 496 311 543 esse
336 479 663 553 longanimis
699 496 717 535 :
746 486 803 537 et
827 493 1017 537 revera
1059 496 1169 537 non
1208 479 1313 536 fuit
1350 481 1566 553 patiens
1607 482 1769 538 Deus.
1799 483 2279 548 Avaaluerunt
2319 486 2465 541 enim
2502 472 2596 556 qui
2637 485 3032 543 contristabat
3066 496 3190 554 me,
3221 492 3281 542 et
3303 483 3448 542 facta
3478 508 3483 513 ο

189 576 253 634 Si
282 577 428 637 enim
457 576 769 632 consideres
795 583 1038 647 tempora
1068 577 1336 647 passionis
1388 578 1681 634 Dominicae
1718 590 1776 635 et

189 669 364 725 ruinae
386 664 683 722 Jerusalem
703 708 719 732 ,
743 668 959 738 quando
988 669 1244 724 subversa
1270 677 1375 735 est,
1414 667 1623 726 videbis
1647 685 1778 739 quo-

192 757 357 814 modo
386 771 491 813 non
513 758 566 812 in
590 758 852 827 patientia
885 758 1087 815 abusus
1112 760 1185 814 sit
1211 759 1292 819 eis
1315 759 1475 815 Deus.
1500 760 1546 815 Δ
1584 761 1774 830 quinto

193 846 409 901 decimo
433 847 629 917 quippe
656 862 802 903 anno
840 846 1042 903 Tiberii
1079 846 1310 904 Caesaris
1336 862 1509 917 usque
1532 849 1598 905 ad
1647 850 1775 906 sub-

192 939 500 997 versionem
531 940 712 1011 templi
740 949 1094 997 numerantur
1117 941 1244 997 anni
1264 940 1621 1013 quadraginta
1646 943 1773 1010 duo,

193 1030 323 1100 quia
352 1039 667 1101 oportuerat
694 1031 963 1088 modicum
993 1031 1197 1102 aliquid
1232 1032 1492 1101 temporis
1528 1033 1585 1088 in
1601 1034 1776 1104 pinni-

195 1122 427 1177 tentiam
456 1121 785 1192 derelinqui,
808 1130 1031 1194 propter
1052 1137 1148 1179 eos
1197 1122 1289 1192 qui
1312 1136 1413 1192 per
1433 1122 1588 1192 signa
1615 1131 1777 1194 atque

190 1216 447 1279 portenta
489 1209 849 1279 apostolorum
894 1210 1157 1268 credituri
1197 1221 1375 1267 erant.
1405 1211 1424 1264 ὸ
1455 1211 1605 1268 Scito
1645 1230 1778 1284 quo-

192 1296 359 1356 modo
396 1301 581 1371 accepi
626 1310 848 1373 propter
868 1310 922 1357 te
966 1302 1317 1371 opprobrium
1357 1319 1391 1358 a
1431 1310 1780 1360 contemnen-

195 1390 344 1446 tibus
376 1405 653 1447 sermones
681 1399 821 1450 tuos.
852 1410 871 1443 ι
894 1392 1078 1448 Potest
1098 1392 1234 1460 ﬂeri,
1260 1402 1321 1449 ut
1349 1395 1638 1464 prophetes
1662 1395 1778 1451 hinc

194 1480 386 1547 dicat,
425 1486 764 1552 contemptus
789 1496 821 1536 a
846 1481 1045 1553 populo
1072 1492 1361 1555 peccatore
1379 1524 1395 1549 ,
1427 1499 1590 1554 super
1618 1499 1775 1556 quem

193 1570 530 1638 praedicabat
552 1584 638 1624 ea.
668 1569 760 1624 Ait
785 1569 984 1641 quippe
1008 1580 1065 1627 et
1094 1572 1223 1630 alibi
1252 1592 1266 1629 :
1303 1592 1321 1625 ι
1356 1571 1636 1643 Complevi
1662 1574 1779 1630 dies

193 1673 351 1715 meos
377 1659 432 1713 in
460 1658 729 1715 irrisione.
765 1680 785 1714 ι
811 1660 1169 1731 Opprobrium
1195 1676 1327 1735 ergo
1369 1652 1572 1735 patitur
1596 1664 1665 1720 ab
1691 1664 1777 1720 his

196 1751 293 1819 qui
326 1764 604 1808 sermones
646 1751 742 1827 Dei
781 1753 968 1811 audire
1009 1763 1395 1822 contemnunt,
1436 1766 1492 1813 et
1526 1753 1783 1827 depreca-

198 1847 315 1905 tur,
345 1850 404 1896 ut
432 1842 527 1897 Dei
564 1824 760 1899 habeat
788 1844 1047 1900 auxilium
1078 1846 1264 1902 dicens
1290 1865 1303 1902 :
1338 1846 1486 1904 Scito
1510 1824 1782 1918 quomodo
1808 1833 1857 1895 Β

194 1934 503 2004 acceperim
527 1944 747 2007 propter
771 1944 828 1993 te
871 1928 1217 2007 opprobrium
1260 1956 1293 1997 a
1320 1941 1785 1997 contemnentibus

194 2036 482 2079 sermones
508 2032 664 2089 tuos,
693 2040 1009 2089 consumma
1035 2043 1149 2085 eos.
1180 2030 1367 2087 Potest
1394 2040 1449 2087 et
1478 2032 1580 2087 hoc
1606 2032 1785 2088 dicere

194 2111 514 2180 prophetes,
545 2106 642 2168 sed
668 2115 843 2185 magis
871 2119 1124 2173 convenit
1153 2118 1421 2177 Salvatori
1441 2154 1457 2185 ,
1486 2130 1609 2191 post
1633 2121 1785 2190 cujus

191 2203 505 2274 passionem
522 2206 666 2261 venit
679 2210 1072 2264 consummatio
1085 2209 1467 2280 Jerusalem,ét
1478 2214 1784 2271 interfectio

191 2296 380 2367 populi
394 2294 718 2354 Iudaeorum.
733 2300 916 2357 Eterit
941 2303 1074 2359 mihi
1099 2320 1279 2362 sermo
1294 2314 1419 2363 tuus
1440 2304 1496 2361 in
1518 2293 1780 2374 laetitiam,

192 2399 309 2440 non
342 2386 437 2452 ait,
472 2386 592 2453 Est,
616 2391 730 2451 sed,
773 2389 913 2444 Erit.
942 2389 1001 2448 Si
1026 2395 1243 2461 quidem
1278 2397 1334 2451 in
1361 2400 1612 2467 praesenti
1650 2411 1783 2458 tem-

190 2490 332 2546 pore
359 2488 625 2543 carceres,
656 2478 868 2544 exsilia,
901 2483 1285 2562 contumelias,
1316 2501 1381 2542 ac
1407 2486 1625 2547 labores
1648 2494 1783 2549 mihi

193 2566 412 2622 tribuit.
446 2566 555 2623 Sed
580 2569 771 2624 horum
801 2572 1042 2628 omnium
1067 2573 1193 2631 linis
1216 2577 1321 2631 erit
1344 2577 1532 2635 laetitia
1550 2622 1566 2648 ,
1596 2592 1652 2639 et
1679 2585 1785 2639 erit

193 2670 383 2711 sermo
411 2665 534 2712 tuus
559 2658 693 2719 mihi
713 2658 769 2713 in
798 2658 1037 2717 laetitiam
1071 2672 1127 2717 et
1155 2666 1409 2734 gaudium
1430 2670 1779 2739 cordismei,

191 2746 328 2819 quia
358 2748 665 2805 invocatum
694 2758 779 2805 est
807 2766 1003 2808 nomen
1032 2760 1184 2825 tuum
1212 2771 1374 2827 supra
1405 2773 1527 2827 me,
1556 2762 1782 2819 Domine

190 2839 559 2909 omnipotens.
603 2839 861 2920 Etiamsi
893 2840 1140 2908 Christus
1186 2847 1291 2905 hoc
1335 2848 1495 2916 dicit,
1537 2866 1646 2907 non
1684 2854 1782 2907 ab-

192 2928 391 2984 horret
426 2930 495 2985 ab
535 2930 808 2987 intellectu
830 2970 848 3000 ,
887 2947 1085 2990 nomen
1124 2935 1323 3007 quippe
1349 2937 1529 2995 Patris
1556 2923 1780 2998 invoca-

196 3025 320 3073 tum
348 3027 432 3076 est
460 3034 623 3090 super
650 3036 795 3079 eum.

278 3125 301 3158 ι
338 3106 455 3163 Non
478 3109 592 3166 sedi
614 3109 670 3163 in
691 3110 924 3167 concilio
946 3110 1268 3182 ludentium,
1293 3124 1350 3174 et
1372 3117 1632 3190 gloriatus
1658 3136 1778 3176 sum

200 3216 222 3249 ι
264 3198 410 3270 (sive
440 3199 822 3272 metuebam),
861 3217 893 3258 a
916 3200 1065 3259 'l'acie
1102 3220 1299 3263 manus
1336 3216 1481 3264 tuas;
1514 3210 1659 3265 solus
1694 3226 1778 3266 se-

196 3310 218 3346 c
261 3292 488 3358 debam,
520 3293 774 3362 quoniam
804 3296 1167 3353 amaritudine
1193 3299 1409 3369 replesti
1451 3316 1557 3356 me.
1604 3302 1783 3369 Quare

198 3402 219 3435 ι
259 3382 440 3439 factus
480 3391 566 3439 est
600 3384 755 3441 dolor
797 3400 954 3442 meus
991 3397 1284 3458 perpetuus
1320 3392 1466 3462 (sive
1493 3409 1662 3463 quare
1687 3396 1782 3464 qui

201 3493 221 3525 ι
264 3476 593 3531 contristant
617 3492 704 3534 me
728 3477 1146 3552 confer-tantur)
1174 3490 1230 3536 et
1257 3474 1412 3553 plaga
1444 3500 1564 3539 mea
1596 3486 1783 3554 despe-

201 3584 222 3616 ι
264 3566 455 3621 rabilis
483 3567 663 3623 renuit
690 3570 872 3623 curari
904 3568 1050 3640 (sive
1080 3569 1237 3642 plaga
1267 3583 1387 3647 mea
1415 3573 1572 3631 fortis
1592 3616 1609 3642 ,
1638 3576 1784 3632 unde

200 3675 223 3709 ι
260 3658 526 3738 curabor)
543 3658 567 3712 Τ
586 3657 809 3714 Factum
828 3668 912 3716 est
930 3661 1062 3717 mihi
1087 3663 1239 3732 quasi
1260 3665 1596 3721 mendacium
1617 3682 1783 3737 aqua-

200 3765 224 3801 ι
263 3763 389 3801 rum
419 3748 712 3806 inﬁdelium
757 3749 902 3821 (sive
931 3751 1085 3820 quasi
1113 3766 1254 3823 aqua
1280 3755 1514 3810 mendax
1543 3771 1650 3813 non
1681 3758 1779 3821 ha-

200 3858 233 3894 ι-
257 3841 398 3895 bens
427 3839 585 3895 (idem
606 3839 646 3912 ).
680 3859 699 3892 ›
734 3840 860 3902 Han:
891 3841 1101 3897 Hebraei
1131 3857 1194 3897 ex
1226 3858 1454 3913 persona
1483 3844 1781 3901 Jerusalem

198 3930 314 3986 dici
345 3931 698 3996 arbitrantur,
743 3931 886 3999 quod
930 3931 1043 3985 sola
1089 3933 1291 3988 sederit
1326 3944 1380 3991 et
1419 3937 1782 3993 amaritudine

197 4020 406 4090 repleta
456 4021 545 4092 sit,
589 4029 642 4075 et
679 4020 856 4075 factus
898 4020 970 4075 sit
1011 4021 1163 4077 dolor
1203 4022 1318 4091 ejus
1360 4034 1668 4095 perpetuus.
1710 4028 1783 4082 Et

196 4112 475 4189 quomodo
508 4127 660 4181 aquae
701 4119 1118 4181 pertranseunt,
1162 4114 1243 4168 sic
1284 4116 1445 4170 verba
1491 4118 1782 4187 propheta-

198 4220 358 4269 rum,
408 4205 602 4273 quibus
642 4205 745 4259 sibi
782 4220 1042 4277 prospera
1081 4206 1474 4275 pollicebantur
1520 4212 1780 4267 transisse

201 4295 559 4351 mendaciter.
596 4296 786 4353 Melius
814 4306 993 4352 autem
1012 4338 1026 4363 ,
1062 4307 1121 4353 ut
1152 4314 1219 4353 ex
1248 4315 1476 4369 persona
1508 4304 1780 4372 prophetae

201 4386 324 4439 haec
359 4382 466 4439 dici
504 4385 833 4455 accipiamus
859 4386 942 4441 vel
972 4402 1039 4442 ex
1067 4390 1407 4445 sermonibus
1437 4391 1609 4445 sancti
1644 4393 1777 4458 viri,

200 4476 299 4547 qui
331 4492 436 4531 non
466 4477 665 4531 sederit
692 4478 745 4531 in
774 4478 1001 4533 concilio
1020 4518 1034 4543 ,
1065 4479 1176 4534 sive
1207 4488 1416 4535 secreto
1447 4481 1744 4539 ludentium
1764 4525 1777 4549 ,

198 4569 348 4639 quod
394 4568 633 4649 timuerit
677 4569 1071 4638 impendentem
1100 4572 1203 4627 sibi
1244 4588 1459 4627 manum
1505 4574 1621 4641 Dei,
1646 4572 1782 4646 sive

199 4658 379 4728 magis
406 4657 663 4728 gloriatus
706 4659 777 4713 sit
813 4674 870 4713 se
896 4660 1158 4714 malorum
1189 4676 1294 4717 non
1327 4662 1529 4721 habEre
1558 4680 1781 4720 consor-

199 4752 362 4805 tium.
396 4750 587 4815 Solus,
620 4751 810 4821 inquit,
845 4752 1116 4815 sedebam,
1155 4755 1449 4809 secundum
1477 4756 1619 4811 illud
1638 4754 1791 4827 quod

197 4840 468 4909 scriptum
504 4849 588 4896 est
613 4854 630 4891 :
660 4860 677 4891 ι
709 4839 823 4895 Non
853 4842 965 4896 sedi
995 4856 1115 4895 cum
1148 4842 1375 4897 concilio
1403 4845 1692 4911 vanitatis,
1726 4855 1784 4902 et

197 4946 329 4986 cum
356 4931 538 5000 iniqua
564 4932 874 5002 gerentibus
900 4948 1002 5009 non
1033 4933 1281 4988 introibo.
1316 4932 1468 4995 0divi
1495 4938 1781 4995 ecclesiam

200 5020 645 5089 malignantium,
688 5030 742 5075 et
780 5037 904 5076 cum
949 5022 1146 5090 iniquis
1188 5039 1292 5077 non
1335 5024 1533 5080 sedebo
1577 5026 1595 5097 (
1629 5026 1778 5083 Psal.

202 5127 319 5167 xxv
339 5112 380 5181 ).
410 5110 521 5164 {Et
550 5110 604 5164 in
640 5111 744 5164 alio
765 5111 881 5165 loco
910 5131 921 5165 :
958 5133 975 5162 ι
1012 5112 1293 5168 Solitarius
1325 5129 1445 5169 sum
1479 5132 1581 5185 ego
1612 5119 1782 5173 donec

201 5211 609 5273 pertranseam.
646 5194 690 5255 Δ
730 5200 902 5264 facie,
950 5202 1165 5271 inquit,
1208 5219 1395 5259 manus
1442 5214 1563 5271 tuae,
1635 5209 1780 5265 solus

204 5291 462 5346 sedebam
501 5290 673 5363 (Psal.
704 5290 860 5357 (ιιι),
904 5311 923 5343 ι
950 5293 1075 5345 dum
1102 5301 1151 5367 te
1188 5294 1379 5359 timeo,
1413 5296 1539 5350 dum
1575 5299 1782 5367 impen-

205 5382 425 5437 dentem
457 5380 590 5434 mihi
618 5396 834 5435 manum
864 5389 1008 5434 tuam
1032 5397 1243 5451 semper
1264 5394 1539 5453 exspecto.
1571 5385 1627 5440 In
1658 5404 1784 5443 con-

206 5468 340 5525 Cilio
385 5467 682 5526 ludentium
729 5472 915 5529 sedere
963 5472 1142 5539 nolui,
1186 5476 1279 5531 sed
1308 5492 1484 5534 meam
1523 5480 1784 5535 amaritu—

209 5561 396 5614 dinem
439 5560 793 5628 devorabam,
837 5570 896 5618 ut
934 5563 985 5617 in
1028 5563 1209 5619 futuro
1250 5544 1381 5622 mihi
1422 5580 1783 5638 pnepararem

209 5652 486 5722 gaudium.
522 5651 629 5709 Nec
657 5655 819 5709 habui
850 5656 1126 5711 intervalla
1153 5658 1353 5729 doloris
1379 5661 1519 5727 mei,
1545 5662 1637 5716 sed
1667 5661 1788 5736 jugi

210 5743 436 5799 miseria
464 5744 824 5816 deprimebar,
850 5756 911 5803 ut
934 5747 1076 5803 nulla
1104 5759 1477 5821 exspectarem
1523 5756 1761 5813 remedia

1810 4522 1860 4581 D

1876 586 1960 632 est
1992 571 2148 649 plaga
2185 591 2304 635 mea
2334 574 2512 631 fortis.
2556 575 2660 632 Sed
2699 577 2754 631 in
2790 577 2897 653 hoc
2925 576 3091 633 habui
3126 564 3448 633 consolatio;

1875 683 2019 734 nem,
2051 668 2196 738 quod
2224 666 2386 722 fuerit
2412 665 2567 735 quasi
2584 671 2725 737 aqua
2753 667 3011 731 mendax,
3040 674 3205 738 atque
3232 674 3454 738 praeter—

1876 756 2013 814 iens.
2068 755 2223 812 Sicut
2270 755 2415 810 enim
2460 770 2615 825 aquae
2659 743 3215 825 prtetereuntes‘dum
3252 753 3444 820 ﬂuunt,

1876 849 2127 904 videntur
2154 855 2211 903 et
2240 846 2551 903 dilabuntur
2598 864 2614 920 ξ
2659 846 2739 902 sic
2775 857 2833 904 et
2865 848 3045 905 omnis
3077 848 3310 918 impetus
3348 845 3453 899 ini-

1876 939 2142 996 micorum
2171 947 2226 994 te
2252 938 2535 1007 adjuvante
2558 939 2837 1009 praeteriit.
2866 938 3065 1012 (θήῃ.)
3097 958 3118 992 ι
3152 937 3271 994 Non
3297 936 3414 994 sedi
3434 976 3450 1004 ,

1877 1031 2084 1101 inquit,
2124 1030 2181 1085 in
2223 1028 2451 1086 concilio
2489 1024 2822 1095 ludentium,
2851 1029 2947 1086 sed
2970 1029 3227 1086 timebam
3256 1044 3287 1083 a
3314 1027 3457 1083 facie

1876 1136 2071 1179 manus
2090 1131 2215 1177 tum.
2243 1140 2264 1173 ›
2290 1120 2358 1176 Et
2383 1119 2631 1176 Salvator
2652 1128 2839 1177 noster
2856 1126 2964 1176 non
2985 1120 3126 1176 sedit
3152 1121 3205 1175 in
3226 1118 3455 1175 concilio

1877 1211 2194 1284 ludentium,
2232 1214 2327 1269 sed
2357 1214 2657 1269 surrexisse
2694 1227 2753 1271 se
2787 1211 3012 1278 docens,
3046 1212 3124 1267 ait
3153 1228 3169 1265 :
3205 1227 3226 1262 ‹
3260 1210 3454 1266 Dimit-

1880 1313 2026 1361 tetur
2079 1305 2233 1361 vobis
2301 1303 2495 1363 domus
2537 1310 2721 1360 vestra
2774 1304 2991 1359 deserta
3028 1300 3199 1373 (Luc.
3228 1286 3328 1356 xm
3352 1301 3392 1375 ).
3430 1317 3450 1353 ι

1879 1396 2117 1466 Reliquit
2145 1396 2293 1452 enim
2327 1410 2506 1453 sermo
2539 1395 2755 1453 divinus
2790 1393 3078 1449 concilium
3111 1391 3453 1458 Iudaeorum,

1878 1489 1937 1546 et
1966 1489 2139 1546 aliud
2186 1488 2291 1544 sibi
2341 1484 2631 1543 concilium
2675 1502 2745 1542 ex
2794 1485 3047 1558 gentibus
3090 1484 3454 1553 congregavit.

1881 1580 2035 1648 Quod
2077 1586 2258 1645 autem
2303 1578 2410 1643 ait,
2457 1577 2601 1634 solus
2648 1577 2898 1632 sedebam
2934 1593 2948 1629 :
2992 1582 3048 1630 et
3089 1576 3205 1645 ipse
3248 1582 3458 1629 tantum

1878 1672 1999 1727 sine
2029 1656 2373 1744 expositione
2403 1681 2583 1724 sermo
2623 1666 2856 1723 aediﬁcat
2896 1665 3191 1743 audientes,
3244 1663 3458 1734 quando

1881 1771 1966 1817 est
1995 1759 2284 1826 multitudo
2311 1758 2681 1830 peccantium,
2714 1772 2815 1815 nec
2845 1750 3289 1813 sustinetsecum
3312 1751 3458 1822 jusle

1883 1851 2046 1922 pium.
2079 1852 2283 1906 vivere.
2327 1848 2444 1904 Non
2473 1849 2730 1905 indecens
2756 1857 2845 1902 est
2871 1845 3060 1916 fugere
3087 1843 3460 1915 congregatio-

1884 1960 1984 2000 nes
2011 1957 2233 2007 eorum,
2266 1949 2321 1997 et
2350 1939 2551 1995 imitari
2583 1938 2903 2008 prophetam
2931 1936 3239 2006 loquentem
3264 1928 3460 1989 :Solus

1884 2034 2137 2092 sedebam
2180 2051 2193 2086 :
2244 2021 2666 2091 lmitariEliam
2696 2025 3077 2083 miserabiliter
3122 2039 3459 2093 conqueren-

1885 2134 1990 2181 tem
2023 2124 2145 2197 (111
2172 2122 2294 2194 Reg.
2318 2121 2430 2194 xix)
2457 2136 2471 2175 :
2506 2120 2759 2186 Domine,
2784 2118 3077 2188 prophetas
3097 2126 3220 2172 tuos
3242 2115 3459 2171 occide-

1885 2226 2046 2281 runt,
2075 2215 2271 2270 altaria
2305 2223 2395 2268 tua
2438 2201 2809 2289 sntio-derunt,
2848 2216 2906 2264 et
2946 2221 3047 2279 ego
3081 2206 3305 2263 relictus
3341 2219 3460 2261 sum

1883 2306 2063 2370 solus,
2104 2313 2160 2361 et
2200 2311 2451 2372 quaerunt
2497 2294 2733 2374 animam
2774 2312 2951 2353 meam
2998 2298 3246 2367 accipere
3288 2296 3456 2351 illam.

1888 2415 1909 2448 ι
1948 2394 2127 2460 Solus,
2156 2393 2353 2464 inquit,
2383 2391 2657 2454 sedebam,
2688 2389 2815 2459 quia
2842 2388 3201 2443 amaritudine
3226 2387 3459 2456 repletus

1884 2497 2025 2538 sum.
2066 2502 2088 2539 ι
2129 2481 2191 2537 Si
2218 2488 2371 2536 arcta
2421 2487 2488 2548 et
2518 2488 2743 2549 angusta
2786 2478 2874 2533 via
2909 2486 2993 2532 est
3035 2491 3155 2546 qua:
3202 2475 3351 2531 ducit
3393 2474 3458 2529 ad

1883 2573 2085 2639 vitam,
2114 2571 2329 2641 expedit
2358 2570 2456 2626 tibi
2484 2569 2553 2626 ab
2578 2569 2727 2632 omni
2754 2567 3039 2623 dulcedine
3062 2565 3335 2622 recedenti
3354 2604 3371 2630 ,
3401 2572 3460 2619 ut

1884 2667 2243 2723 amaritudine
2288 2665 2343 2721 in
2381 2663 2633 2735 presenti
2662 2660 2858 2717 saeculo
2886 2658 3226 2735 complearis.
3260 2657 3327 2712 Et
3365 2671 3437 2711 no

1882 2760 2135 2822 tandum,
2169 2758 2313 2827 quod
2339 2744 2448 2811 non
2484 2754 2560 2810 ait
2591 2770 2605 2807 :
2638 2752 3051 2811 amaritudinem
3084 2750 3325 2815 comedi,
3368 2748 3461 2804 sed

1883 2846 2246 2901 amaritudine
2270 2844 2513 2915 repletus
2554 2858 2673 2899 sum
2695 2881 2711 2907 ,
2754 2843 2857 2897 hoc
2882 2848 2968 2895 est
2999 2857 3012 2892 :
3044 2839 3101 2894 In
3133 2846 3343 2893 tantum
3370 2852 3459 2893 me

1880 2938 2061 2993 saeculi
2113 2936 2549 3007 persecutionum
2598 2933 2809 3001 pondus
2855 2930 3131 2993 incubuit,
3160 2938 3221 2983 ut
3260 2927 3456 2998 plenus

1885 3030 2253 3088 amaritudine
2289 3028 2494 3083 ﬁerem.
2560 3025 2775 3092 Quare,
2829 3022 2921 3093 qui
2984 3034 3076 3077 Ine
3133 3019 3460 3075 contristent

1882 3120 2258 3178 confortantur
2314 3118 2373 3172 in
2427 3115 2560 3171 me?
2596 3113 2759 3168 Multa
2822 3126 3015 3182 passus
3062 3118 3144 3165 est
3193 3109 3461 3190 Jeremias

1804 3178 1851 3240 δ
1882 3212 1949 3267 ab
1995 3210 2082 3265 his
2147 3209 2240 3279 qui
2298 3206 2583 3260 veritatem
2628 3178 3134 3257 audire—nolebant.
3162 3197 3257 3253 :Et
3303 3178 3462 3253 erant

1881 3299 1975 3354 illo
2003 3299 2085 3354 .in
2135 3298 2237 3353 hoc
2290 3294 2490 3349 sinequ
2541 3291 2849 3347 fert'mres:
2905 3288 3164 3358 quoniam
3215 3300 3327 3341 non
3378 3292 3462 3341 est

1883 3404 2106 3461 regnum
2145 3387 2241 3443 Dei
2296 3386 2361 3441 de
2409 3383 2608 3441 saeculo
2653 3382 2802 3447 isto,
2854 3381 2949 3436 sed
2982 3380 3051 3435 de
3090 3378 3196 3432 alia
3225 3377 3463 3447 quadam

1881 3480 2100 3549 regione
2137 3474 2470 3539 viventium,
2524 3481 2586 3527 ut
2629 3470 2876 3527 Salvator
2923 3469 3001 3523 ait
3042 3467 3220 3538 (locis.
3251 3464 3407 3537 avni)
3444 3483 3459 3521 :

1888 3587 1906 3621 ι
1929 3566 1984 3622 Si
2017 3574 2163 3622 esset
2184 3567 2249 3621 de
2274 3566 2377 3619 hoc
2397 3562 2597 3617 mundo
2620 3574 2843 3632 regnum
2867 3572 3065 3621 meum,
3090 3556 3325 3633 ministri
3354 3556 3462 3611 mei

1880 3658 2189 3713 laborarent
2226 3666 2287 3712 ut
2326 3670 2433 3711 non
2476 3653 2723 3710 traderer
2752 3649 2969 3705 Iudaeis.
3022 3668 3044 3701 ι
3076 3645 3462 3703 Confertantur

1882 3763 2012 3818 ergo
2028 3748 2311 3802 adversum
2333 3760 2479 3808 eum,
2503 3743 2556 3797 in
2579 3739 2777 3797 sacculo
2800 3740 2905 3795 isto
2924 3756 2937 3793 :
2954 3746 3011 3794 et
3029 3737 3155 3808 quia
3170 3737 3350 3807 justus
3372 3736 3446 3791 de

1882 3838 2041 3892 bilior
2053 3846 2136 3892 est
2162 3853 2192 3891 a
2219 3833 2665 3907 persequentibus
2691 3846 2768 3896 se,
2785 3831 2909 3886 vide
2927 3836 3227 3899 martyrum
3251 3826 3434 3898 passio

1882 3945 1996 3985 nes.
2034 3928 2208 3983 Iudex
2241 3929 2297 3981 in
2328 3926 2453 3981 altis
2478 3922 2835 3980 tribunalibus
2864 3922 3015 3978 sedet
3052 3920 3120 3977 sd
3151 3928 3384 3986 rectum,
3408 3927 3459 3974 et

1883 4021 1951 4074 ad
1997 4019 2217 4075 delicias
2239 4016 2537 4073 sententias
2559 4028 2817 4086 promens
2846 4030 2860 4067 :
2891 4011 3253 4075 Christianus,
3279 4011 3333 4065 in
3354 4026 3462 4081 quo

1882 4109 2133 4165 Christus
2187 4108 2415 4173 habitat,
2449 4106 2725 4177 judicatur
2758 4104 2950 4175 plenus
2983 4104 3375 4168 amaritudine,
3403 4111 3458 4158 et

1883 4203 1953 4257 ad
2002 4210 2229 4255 mortem
2279 4215 2449 4267 usque
2495 4194 2807 4264 subjectus,
2847 4194 3176 4250 ’eonl'ortatis
3224 4194 3460 4249 inimicis

1883 4292 1995 4346 suis
2026 4292 2310 4345 adversum
2341 4304 2417 4344 se.
2450 4287 2602 4354 Quod
2635 4301 2764 4341 vero
2784 4287 2859 4340 ait
2890 4300 2905 4340 :
2935 4304 2954 4336 ι
2982 4286 3144 4356 Plaga
3161 4300 3280 4341 mea
3306 4287 3459 4350 ﬁrma

1883 4394 1988 4450 est,
2016 4406 2035 4437 ι
2066 4384 2225 4447 unde,
2256 4384 2367 4438 sive
2388 4383 2453 4437 de
2474 4394 2634 4435 cruce
2663 4372 2875 4435 Domini
2895 4378 3123 4443 dicatur,
3146 4379 3260 4433 sive
3287 4379 3353 4433 de
3377 4378 3437 4448 ju

1884 4476 1981 4530 stis
2005 4516 2019 4540 ,
2051 4476 2164 4529 sive
2202 4473 2507 4552 specialiter
2534 4472 2598 4526 de
2626 4469 2859 4525 Ieremia
2901 4470 3133 4537 volueris
3166 4470 3458 4538 accipere,

1886 4582 1990 4647 non
2012 4564 2324 4621 abhorrebit
2345 4581 2376 4617 a
2396 4577 2576 4618 sensu.
2606 4580 2624 4611 ι
2647 4560 2808 4629 Plaga
2832 4575 2949 4614 mea
2972 4559 3124 4615 firma
3145 4571 3244 4625 est,
3276 4582 3296 4613 ›
3320 4564 3464 4618 unde

1886 4642 2151 4714 sanabor?
2170 4658 2236 4711 Et
2252 4656 2500 4710 Salvator
2512 4661 2691 4724 potest
2706 4642 2905 4718 dicere,
2928 4673 2944 4702 ι
2976 4652 3127 4708 Unde
3147 4654 3382 4709 sanabor
3399 4654 3422 4706 γ
3441 4674 3458 4705 .

1888 4751 2339 4808 resurrectionem
2394 4764 2549 4804 suam
2609 4756 2733 4817 post
2792 4746 3062 4801 clavorum
3137 4746 3462 4801 annuntians

1884 4842 2125 4897 vulnera.
2168 4839 2365 4913 (0rig.)
2394 4840 2691 4908 Etjustus,
2736 4837 2828 4907 qui
2872 4844 2993 4906 post
3036 4835 3220 4906 plagas
3263 4835 3460 4903 recipit

1888 4934 2195 4988 sanitatem.
2226 4930 2380 4995 item,
2408 4930 2551 4999 quod
2578 4930 2655 4984 ait
2682 4946 2697 4983 :
2728 4943 2759 4983 a
2792 4927 2928 4983 facie
2962 4940 3161 5008 manus
3189 4935 3290 4981 tuae
3318 4926 3462 4982 solus

1890 5024 2176 5088 sedebam,
2216 5022 2468 5091 quoniam
2506 5020 2928 5076 comminatione
2954 5017 3170 5087 replesti
3216 5031 3323 5081 me,
3384 5018 3460 5072 ita

1887 5124 2063 5187 potest
2095 5116 2316 5185 intelligi
2359 5134 2370 5168 :
2407 5115 2592 5169 Facies
2627 5113 2824 5184 quippe
2857 5125 3047 5166 manus
3086 5111 3179 5179 Dei
3223 5118 3326 5177 est,
3371 5110 3459 5165 illa

1887 5206 2165 5275 percussio
2199 5204 2329 5272 justi
2354 5204 2539 5271 judicii
2565 5244 2579 5268 ,
2609 5218 2727 5273 quae
2752 5201 3146 5272 superbientem
3188 5201 3459 5256 hominem

1890 5316 1918 5351 a
1947 5298 2196 5367 paradiso
2220 5297 2415 5365 repulit
2439 5293 2587 5366 (Gen.
2616 5295 2730 5365 in),
2764 5304 2819 5349 et
2849 5295 2901 5349 in
2932 5295 3035 5348 hac
3058 5294 3301 5348 caecitate
3322 5307 3464 5363 prae-

1892 5391 2059 5451 sentis
2076 5388 2251 5443 exsilii
2275 5388 2521 5443 exclusit.
2538 5387 3033 5442 Comminatlovero
3051 5384 3168 5454 ejus
3182 5393 3266 5440 est
3286 5393 3455 5440 terror
3538 5404 3542 5409 θ

1884 5479 2060 5533 adhuc
2089 5478 2332 5549 supplicii
2360 5478 2660 5547 pmsentis.
2697 5475 2826 5531 Poet
2860 5476 3047 5531 faciem
3078 5477 3240 5547 igitur
3266 5486 3453 5530 manus

1887 5568 2062 5624 adhuc
2086 5585 2186 5624 nos
2214 5570 2375 5623 minae
2397 5568 2693 5623 terriﬁcant
2713 5608 2728 5633 ,
2753 5568 2879 5637 quia
2906 5583 3005 5638 per
3026 5566 3457 5636 experimentum

1881 5661 2065 5732 judicii
2127 5678 2225 5717 nos
2282 5677 2439 5732 paena
2487 5662 2769 5730 praesentis
2811 5659 2981 5715 exsilii
3012 5658 3271 5728 perculit,
3319 5664 3373 5709 et
3410 5654 3458 5711 sl

1886 5770 2114 5827 peccare
2169 5769 2277 5810 non
2331 5754 2640 5810 desistimus
2690 5752 2906 5809 alternis
2958 5750 3135 5807 adhuc
3183 5747 3457 5820 suppliciis
