3926 6330
505 312 612 372 935
1146 312 1210 369 Β.
1248 310 1502 369 RABANI
1539 310 1759 371 MAURl
1794 309 2113 368 ARCHIEP.
2155 307 2464 368 MOGUNT.
2505 310 2787 369 OPERUM
2826 310 3005 367 PARS
3040 312 3127 367 lll.
3667 312 3769 367 936

505 424 730 485 addicit.
776 421 1048 497 (Ηὶετοη.)
1084 422 1303 481 Utinam
1336 425 1596 482 Dominus
1620 434 1838 496 praestet
1864 432 1921 480 et
1938 424 2095 480 nobis
2120 423 2185 486 Α
2198 424 2573 492 promissionis
2607 424 2877 481 restitutio
2916 434 3019 491 est,
3051 434 3110 480 ut
3147 425 3201 479 in
3243 424 3474 484 Actibus
3506 424 3777 493 apostolo-

511 532 620 575 non
662 516 853 575 sedere
902 515 958 571 in
1015 508 1245 571 concilio
1286 516 1587 571 ludentium
1654 525 1709 573 et
1767 531 1952 572 eorum
2002 516 2094 584 qui
2199 531 2319 569 rum
2370 514 2507 585 (Act.
2542 515 2624 586 ni)
2655 516 2881 587 legimus
2906 530 3079 587 usque
3109 515 3176 570 ad
3208 524 3449 585 tempora
3478 515 3780 571 restitutio-

527 617 687 662 utura
712 620 821 661 non
845 606 1104 678 cogitant,
1129 621 1230 661 nec
1264 605 1507 663 adversis
1539 608 1768 675 caedere,
1805 607 1900 663 sed
1950 621 2095 662 sem-
2198 606 2281 660 nis
2302 606 2566 671 omnium,
2591 622 2711 676 quae
2743 606 2953 662 locutus
2977 614 3060 661 est
3085 606 3226 661 Deus
3253 621 3351 675 per
3370 622 3435 661 os
3463 614 3781 661 sanctorum

505 713 606 770 per
651 711 749 767 per
787 696 885 751 Dei
931 697 1256 752 sententiam
1286 696 1612 765 formidare,
1655 707 1711 753 et
1747 698 1927 753 dicere
1972 712 2096 752 cum
2197 696 2581 768 prophetarum
2607 711 2830 753 suorum
2860 697 2916 753 in
2944 696 3160 752 Christo
3186 694 3330 752 Jesu.

509 788 780 860 Pmpheta
811 806 824 843 :
861 806 881 841 ι
926 788 1085 845 Solus
1124 790 1403 857 sedebam,
1444 792 1569 861 quia
1610 791 1967 847 amaritudine
2014 806 2099 847 re-
2796 805 3023 862 CAPUT
3054 804 3194 862 XVI.

510 880 689 953 pletus
720 895 861 937 sum.
902 899 921 933 ι
961 879 1208 937 Gaudeat
1242 881 1409 953 igitur
1441 882 1494 937 in
1522 883 1776 953 przesenti
1816 890 2056 954 tempore

2229 895 2276 950 De
2323 896 2506 966 futura
2553 896 2852 952 calamitate
2902 896 3345 962 Judworum;de
3382 896 3579 968 papula
3626 897 3779 952 Chri-

517 988 863 1044 nequaquam
895 973 1179 1031 consilium
1217 974 1539 1043 sapientium
1591 984 1647 1030 et
1679 990 1935 1030 arcanum
1954 1015 1968 1040 ,
2017 989 2099 1030 se-
2596 969 2767 1023 ειίαηο
2790 976 3003 1022 venturo
3030 983 3094 1020 ex
3120 968 3375 1037 θεηιὶίηιι-
3870 968 3871 1041 1

521 1073 840 1136 cretumque
886 1064 1210 1122 ludentium.
1258 1065 1388 1121 Mihi
1431 1067 1710 1123 adhaerere
1743 1068 1854 1123 Deo
1899 1068 2100 1123 bonum
2274 1077 2293 1110 ί
2333 1057 2402 1113 Et
2432 1059 2633 1114 factum
2658 1067 2743 1115 est
2784 1058 3009 1114 verbum
3068 1059 3279 1113 Domini
3314 1061 3383 1114 ad
3405 1076 3517 1124 me,
3558 1060 3779 1115 dicens:

512 1155 613 1223 δίε,
656 1171 861 1227 ponere
908 1156 965 1211 in
1009 1156 1238 1212 Domino
1278 1156 1390 1212 Deo
1434 1173 1584 1229 spem
1630 1173 1835 1223 meam,
1868 1157 2104 1213 εειυι-ειιί
2207 1165 2225 1198 α
2257 1146 2375 1203 Noli
2404 1149 2650 1218 accipere
2683 1162 2931 1214 uxorem,
2976 1156 3034 1204 et
3060 1164 3165 1204 non
3188 1150 3296 1204 sint
3336 1151 3431 1205 tibi
3464 1150 3561 1204 filii
3588 1160 3643 1205 et
3665 1150 3785 1204 tilia:

512 1247 854 1318 opprobriis,
898 1256 957 1303 et
991 1244 1193 1316 judicis
1237 1248 1347 1304 mei
1390 1257 1708 1320 exspectare
1757 1250 2097 1306 sententiam.
2207 1255 2225 1286 ⁴
2260 1236 2316 1290 in
2345 1236 2464 1293 1°00
2485 1238 2626 1293 ίεῑοε
2657 1238 2784 1309 (luia
2825 1238 2941 1293 11330
2984 1238 3117 1294 die“
3145 1240 3427 1307 Dominus:
3460 1256 3629 1311 super
3651 1241 3787 1295 “"05

513 1338 644 1407 Quae
673 1354 795 1394 cum
840 1338 965 1396 ﬁnis
994 1340 1316 1409 advenerit,
1356 1356 1521 1414 Opere
1541 1343 2101 1401 monstrabitomnem
2208 1349 2226 1383 ί
2261 1337 2317 1384 ει
2368 1329 2525 1396 ﬁlias:
2585 1345 2706 1401 ηυδε
2755 1339 3081 1400 generantur
3130 1332 3184 1386 ίη
3213 1332 3332 1388 1000
3360 1333 3488 1399 ίδῐον
3533 1341 3593 1388 ει
3629 1347 3787 1403 super

516 1432 793 1487 tristitiam
814 1473 829 1499 ,
859 1441 915 1488 et
944 1433 1369 1490 amaritudinem
1410 1434 1585 1492 instar
1632 1451 1896 1507 aquarum
1920 1436 2066 1501 ﬂuen

2324 1428 2468 1476 atres
2492 1434 2701 1486 eorum,
2732 1436 2851 1491 qua:
2872 1430 3171 1492 genuerunt
3191 1437 3309 1490 eos,
3338 1432 3394 1478 et
3412 1437 3579 1494 super
3602 1434 3790 1495 patres

514 1526 651 1581 num
698 1526 1011 1583 recessisse,
2210 1528 2229 1561 ι
2262 1524 2470 1577 eorum,
2506 1510 2572 1565 de
2596 1526 2826 1580 quorum
2864 1512 3031 1581 stirpe
3065 1521 3193 1568 sunt
3235 1513 3348 1569 nati
3378 1530 3391 1566 :
3420 1514 3478 1568 in
3508 1522 3663 1567 terra
3688 1514 3787 1568 hac

594 1637 612 1669 ι
648 1618 881 1690 propter
913 1620 1039 1688 hoc,
1073 1620 1193 1677 hac
1232 1620 1367 1678 dicit
1397 1620 1697 1678 Dominus:
1730 1621 1790 1677 Si
1826 1630 2108 1679 εοηνθηε,
2212 1618 2230 1651 ι
2264 1601 2531 1656 mortibus
2576 1601 2989 1672 aegrotationum
3036 1606 3357 1671 morientur,
3386 1619 3495 1660 non
3522 1605 3785 1676 plangen-

522 1727 541 1759 ε
575 1707 654 1763 ris
682 1717 995 1765 convenam
1044 1718 1119 1779 te,
1150 1718 1207 1767 ει
1230 1720 1355 1767 ante
1383 1712 1578 1769 faciem
1610 1728 1789 1769 meam
1818 1706 2007 1770 stabis.
2037 1714 2106 1769 Et
2134 1776 2165 1779 _
2214 1710 2233 1745 ι
2272 1701 2360 1747 tur
2380 1701 2435 1749 et
2470 1708 2579 1749 non
2609 1694 2977 1764 sepelientur:
3007 1696 3061 1749 in
3086 1697 3487 1765 sterquilinium
3520 1713 3687 1767 super
3714 1696 3790 1750 [ιο

522 1814 543 1849 ι
577 1797 623 1852 si
673 1800 1009 1869 separaveris
1039 1801 1354 1871 pretiosum
1387 1817 1420 1857 a
1461 1802 1573 1867 vili,
1623 1803 1779 1873 quasi
1815 1818 1878 1860 os
1921 1819 2072 1858 meum

2268 1784 2405 1839 ciem
2433 1792 2593 1840 terra:
2615 1793 2793 1851 erunt,
2823 1795 2878 1840 et
2908 1785 3083 1857 gladio
3105 1796 3161 1842 et
3192 1785 3338 1843 fame
3359 1796 3786 1843 consumentur:

522 1903 543 1938 ς
579 1886 708 1942 eris.
759 1887 1157 1946 Convertentur
1186 1882 1290 1962 ipsi
1340 1892 1409 1947 ad
1439 1900 1513 1957 te,
1545 1899 1603 1947 et
1631 1901 1689 1946 tu
1719 1909 1829 1949 non
1880 1908 2105 1949 conver-
2212 1895 2232 1929 ί
2268 1884 2322 1933 ει
2355 1885 2513 1932 erum
2537 1878 2803 1933 cadavera
2835 1894 3023 1935 eorum
3048 1879 3105 1934 ίο
3129 1894 3313 1936 escam
3334 1880 3647 1937 νοίθῑίιίδυε
3668 1880 3790 1935 οωίὶ

521 1993 543 2028 ι
580 1976 712 2030 teris
739 1978 806 2031 ad
854 1993 967 2033 eos.
999 1979 1068 2033 Et
1113 1980 1255 2034 dabo
1303 1989 1356 2033 te
1410 1978 1606 2049 populo
1656 1980 1783 2036 huic
1811 1981 1865 2036 in
1888 1997 2071 2035 murum

2264 1975 2321 2023 et
2341 1968 2531 2024 bestiis
2560 1977 2736 2025 terrae.
2776 1988 2793 2021 ι
2831 1969 3101 2041 (Ηίενοη.)
3139 1970 3196 2027 Si
3226 1980 3472 2043 tempore
3500 1972 3790 2027 imminen-

522 2080 547 2119 ε
577 2078 788 2120 aeneum
832 2064 1052 2134 fortem,
1082 2075 1137 2123 et
1160 2066 1440 2123 bellabunt
1470 2069 1759 2125 adversum
1788 2078 1859 2136 te,
1911 2078 1967 2125 et
1994 2084 2103 2125 non
2208 2060 2277 2114 iis
2300 2060 2629 2129 captivitatis
2677 2069 2891 2121 vetatur
2932 2064 3191 2133 propheta
3220 2078 3444 2118 uxorem
3472 2063 3696 2125 ducere.
3729 2078 3791 2118 ne

524 2171 546 2207 ι
578 2155 972 2225 praevalebunt;
1015 2156 1142 2228 quia
1170 2173 1284 2229 ego
1332 2165 1511 2214 [ecum
1551 2174 1691 2225 sum,
1725 2168 1785 2214 ιη
1812 2160 2020 2215 salvum
2055 2168 2106 2215 ιθ
2208 2149 2613 2207 tribulationem
2642 2152 2826 2208 carnis
2872 2152 3086 2214 habeat.
3110 2162 3166 2208 et
3204 2169 3367 2224 super
3392 2155 3634 2210 dolorem
3668 2170 3791 2225 pro-

530 2265 545 2299 ι
582 2246 817 2302 faciam:
851 2256 908 2303 et
934 2262 1123 2303 eruam
1172 2256 1247 2314 te,
1296 2249 1427 2305 dicit
1456 2250 1716 2306 Dominus
1741 2266 1758 2305 :
1783 2259 1837 2305 et
1864 2250 2080 2306 liberab

2239 2241 2407 2307 .rium,
2460 2243 2644 2298 uxoris
2692 2258 2906 2313 quoque
2936 2259 2999 2299 ac
3048 2243 3346 2300 liberorum
3397 2245 3640 2300 miseriis
3679 2253 3789 2299 tor-

527 2356 547 2388 ι
588 2345 641 2392 te
666 2338 733 2392 de
780 2352 942 2393 manu
973 2339 1354 2407 pessimorum,
1392 2347 1447 2395 et
1478 2340 1738 2396 redimam
1765 2348 1820 2395 te
1848 2342 1913 2396 de
1941 2356 2106 2395 manu
2209 2340 2440 2401 queatur
2464 2350 2477 2386 :
2518 2342 2720 2403 Quanto
2745 2335 2919 2405 magis
2945 2335 3237 2405 Apostolus
3259 2334 3413 2404 jubet
3439 2336 3491 2406 (1
3514 2336 3643 2391 Cor.
3669 2338 3787 2407 vn),

529 2446 548 2479 ι
586 2426 809 2483 fortium
832 2427 960 2499 (sive
987 2428 1399 2501 pestilentium).
1437 2449 1457 2481 ›
1488 2424 1830 2487 Manifestum
1859 2430 2107 2501 estquod
2210 2424 2354 2493 quod
2374 2422 2747 2479 abbreviatum
2777 2432 2861 2479 est
2889 2433 3099 2494 tempus
3144 2434 3200 2481 et
3242 2426 3487 2481 imminet
3533 2442 3791 2487 consum-

527 2518 806 2588 superiora
844 2534 1187 2594 neqquuam
1243 2518 1564 2588 Jerusalem,
1600 2522 1695 2577 sed
1735 2524 1998 2594 propheta
2022 2523 2106 2577 di—
2210 2517 2397 2583 matio,
2428 2526 2487 2571 ut
2514 2518 2699 2583 etiam,
2732 2518 2825 2587 qui
2872 2517 3073 2572 habent
3125 2531 3343 2582 uxores,
3378 2519 3457 2573 sic
3500 2519 3609 2573 sint
3640 2520 3790 2589 quasi

528 2610 692 2665 xerit.
726 2610 825 2666 Cui
848 2590 1135 2681 respondit
1155 2611 1455 2669 Dominus:
1488 2613 1548 2668 Si
1577 2590 1911 2670 converteris
1933 2630 1962 2668 a
1984 2628 2110 2685 pec-
2210 2624 2317 2665 non
2345 2610 2600 2666 habeant.
2635 2610 2790 2666 Unde
2832 2609 3101 2680 superﬂua
3150 2611 3275 2665 novi
3336 2610 3577 2665 haeretici
3609 2624 3792 2680 rapte

534 2704 670 2758 catis
703 2702 981 2772 populum,
1012 2713 1067 2759 et
1098 2719 1200 2775 ego
1230 2705 1303 2760 de
1340 2705 1689 2762 tribulatione
1717 2714 2028 2763 convertam
2054 2714 2109 2761 te
2211 2702 2422 2767 hensio,
2454 2717 2559 2772 qua
2588 2702 2874 2757 docuimus
2924 2700 3213 2772 bigamiam
3258 2709 3313 2756 et
3340 2701 3653 2771 trigamiam
3687 2715 3791 2755 non

534 2794 587 2848 in
612 2793 873 2863 laetitiam,
898 2803 954 2851 et
985 2796 1156 2851 stabis
1193 2803 1317 2852 ante
1364 2796 1559 2853 faciem
1602 2813 1799 2864 meam,
1847 2799 1986 2853 sicut
2015 2812 2111 2853 an-
2213 2808 2276 2847 ex
2311 2792 2427 2862 lege
2482 2793 2825 2857 descendere,
2884 2792 2978 2848 θεά
3007 2806 3075 2848 ει
3121 2791 3469 2863 indulgentia
3524 2792 3687 2846 Αιὶιιά
3712 2798 3794 2846 δι

529 2883 634 2955 geli
682 2892 827 2938 stant
881 2885 935 2939 in
964 2894 1259 2956 conspectu
1307 2885 1427 2953 Dei,
1459 2888 1699 2958 quotidie
1753 2887 1995 2943 videntes
2025 2887 2109 2941 fa-
2213 2882 2358 2939 enim
2413 2880 2593 2936 facere
2652 2882 2793 2951 quod
2843 2896 2943 2951 per
2979 2897 3037 2937 se
3079 2883 3277 2938 bonum
3326 2883 3433 2937 sit:
3480 2882 3627 2937 aliud
3675 2882 3791 2937 ideo

528 2976 667 3030 ciem
706 2974 865 3030 illius.
907 2993 925 3026 ι
976 2975 1042 3030 Et
1088 2977 1133 3031 si
1192 2978 1527 3047 separaveris
1575 2978 1874 3047 pretiosum
1919 2994 1949 3032 a
1995 2977 2109 3044 vili,
2215 2972 2457 3035 concedi,
2489 2986 2556 3025 ne
2581 2969 2765 3042 pejora
2793 2971 2982 3026 facias.
3022 2971 3164 3026 Dicit
3183 2972 3328 3027 enim
3351 2981 3405 3025 et
3437 2971 3551 3041 ipse
3577 2986 3791 3035 causas,

528 3066 684 3136 quasi
705 3080 767 3121 os
796 3080 976 3121 meum
1013 3068 1142 3122 eris.
1178 3086 1196 3119 ι
1240 3068 1350 3124 Nec
1377 3077 1555 3139 putes,
1588 3068 1779 3139 inquit,
1811 3069 1936 3124 boni
1978 3083 2109 3139 ope-
2140 3121 2180 3139 ﬂ
2216 3075 2314 3115 cur
2347 3059 2478 3113 velit
2528 3060 2959 3116 adolescentulas
2991 3060 3183 3117 viduas
3237 3062 3463 3126 nubere,
3513 3062 3790 3116 inferens:

528 3158 606 3214 ris
628 3174 736 3213 non
767 3173 885 3213 esse
932 3160 1256 3225 mercedem,
1304 3160 1350 3215 si
1387 3168 1605 3216 sanctos
1650 3175 1891 3230 quosque
1934 3173 2106 3224 meos,
2138 3121 2181 3185 Ο
2220 3171 2236 3204 ι
2286 3151 2405 3207 Jam
2430 3154 2575 3208 enim
2596 3154 2839 3223 quaedam
2853 3168 3040 3209 earum
3056 3154 3309 3208 abierunt
3324 3164 3473 3210 retro
3486 3162 3608 3223 post
3639 3153 3795 3207 Sam.

528 3248 593 3302 de
620 3261 848 3301 numero
872 3248 1215 3317 peccantium
1244 3248 1354 3303 tuis
1402 3248 1743 3304 sermonibus
1791 3264 2109 3320 segregave-
2212 3261 2334 3300 nam
2356 3245 2409 3317 (I
2438 3245 2571 3299 Tim.
2594 3244 2649 3318 v)
2676 3284 2690 3298 .
2715 3264 2733 3297 ι
2755 3245 3033 3315 Simulque
3045 3254 3343 3317 praeceptor
3370 3246 3717 3300 continentia:
3745 3256 3797 3297 et

525 3339 625 3405 ris,
653 3340 765 3393 eris
791 3339 947 3408 quasi
976 3356 1039 3395 os
1081 3356 1286 3407 meum,
1336 3350 1391 3396 et
1419 3342 1555 3397 meis
1579 3344 1867 3414 praeceptis
1894 3343 2110 3413 copula-
2211 3343 2484 3405 perpetua?
2528 3334 2817 3401 castitaliS,
2881 3344 2933 3389 et
2986 3336 3247 3405 aequalem
3294 3351 3354 3390 se
3408 3336 3792 3405 blasphemus

526 3426 692 3485 beris.
722 3428 931 3484 Debent
952 3432 1095 3485 enim
1126 3431 1202 3486 illi
1230 3433 1533 3489 imitatores
1562 3435 1638 3488 tui
1666 3450 1804 3500 esse,
1835 3444 1888 3490 et
1917 3450 2021 3490 non
2049 3446 2076 3489 t'

2244 3432 2343 3492 leo,
2374 3426 2557 3481 laudat
2605 3435 2754 3481 terna
2800 3434 3170 3497 quaternaque
3220 3427 3471 3497 coniugia
3504 3445 3516 3478 :
3550 3442 3673 3496 qua
3696 3443 3794 3496 ego

524 3536 732 3577 eorum.
770 3520 880 3578 Nec
907 3523 1229 3581 reformides
1249 3534 1305 3581 et
1327 3525 1519 3582 dicas:
1560 3548 1577 3580 ι
1614 3528 1793 3595 Quare
1829 3529 2003 3584 factus
2024 3545 2074 3585 es

2238 3534 2317 3574 |0ll
2345 3527 2456 3574 tam
2478 3518 2723 3591 conjugia
2750 3519 2950 3586 dicam,
2981 3534 3142 3589 quam
3197 3518 3545 3573 miseriarum
3572 3517 3788 3581 solatia,

526 3612 680 3667 dolor
707 3628 860 3667 meus
904 3623 1217 3684 perpetuus,
1272 3625 1329 3672 et
1353 3618 1509 3688 plaga
1560 3635 1680 3675 mea
1713 3620 1887 3685 fortis,
1942 3642 1959 3672 ι
1996 3624 2109 3676 sive
2210 3622 2580 3668 etcxtremam
2630 3615 2867 3669 tabulam
2914 3612 3341 3683 naufragiorum,
3377 3612 3484 3667 nisi
3525 3612 3663 3667 forte
3694 3610 3791 3665 tri.

530 3705 900 3773 desperabilis,
930 3718 993 3763 ut
1022 3724 1109 3764 me
1160 3709 1440 3780 desperem
1498 3727 1659 3783 posse
1692 3716 1912 3769 curari?
1960 3716 2107 3771 Dabo
2219 3705 2335 3758 ὺυίῐ
2374 3705 2760 3775 indulgentiam
2818 3705 3168 3760 amazonibus
3203 3705 3336 3770 Silis.
3393 3714 3456 3759 ιιι
3511 3715 3685 3772 usque
3729 3703 3791 3756 ad

529 3796 672 3850 enim
701 3804 753 3851 te
799 3798 954 3867 quasi
1003 3814 1217 3853 murum
1256 3815 1465 3857 aeneum
1516 3812 1678 3873 atque
1728 3805 2104 3871 fortissimum,
2215 3794 2541 3864 decrepitam
2582 3804 2916 3851 senectutem
2951 3795 3090 3851 bella
3121 3795 3403 3851 libidinum
3425 3797 3789 3866 experiantur.

528 3894 590 3937 ut
613 3892 798 3939 contra
843 3888 1277 3943 adversariorum
1327 3892 1474 3945 omni
1523 3893 1745 3948 resistas
1797 3894 2013 3960 robore,
2054 3904 2109 3949 et
2212 3882 2321 3937 CUI‘
2408 3893 2586 3939 autem
2645 3886 2909 3955 Propheta
2970 3894 3221 3941 Μαθθίαν
3289 3902 3513 3942 “xorem
3563 3889 3790 3949 ἀυοειτν

533 3993 619 4031 me
666 3978 865 4033 habeas
898 3981 1224 4050 adjutorcm,
1250 3990 1305 4036 et
1330 3983 1553 4039 liberem
1586 3992 1638 4039 te
1662 3986 1727 4039 de
1756 4001 1917 4040 manu
1942 3986 2110 4055 pessi-
2212 3992 2371 4031 causa
2418 3979 2700 4046 perspicua
2728 3988 2833 4043 est,
2870 3978 3013 4048 quod
3053 3979 3331 4035 obsidione
3368 3980 3568 4043 vicina.
3623 3979 3793 4050 pesti-

527 4082 762 4133 morum,
814 4071 927 4123 sive
950 4070 1318 4139 pestilentium
1347 4090 1361 4127 :
1400 4082 1456 4128 et
1485 4074 1744 4129 redimam
1776 4084 1831 4132 te
1878 4076 1961 4130 vel
1991 4092 2074 4131 me

2242 4070 2394 4133 entia,
2456 4078 2510 4123 et
2563 4069 2754 4140 gladio,
2814 4078 2869 4124 et
2912 4069 3070 4131 fame,
3126 4071 3368 4127 universi
3416 4073 3711 4137 intereant,
3742 4080 3792 4125 et

532 4148 808 4227 sanguine,
857 4160 942 4213 vel
992 4160 1047 4214 in
1077 4162 1487 4230 praesentiarum
1516 4179 1639 4220 meo
1670 4166 1889 4221 auxilio.
1921 4166 2110 4221 Consi—
2215 4169 2395 4216 tantus
2450 4162 2521 4217 sit
2545 4177 2802 4217 numerus
2848 4163 3218 4230 morientium,
3255 4174 3317 4219 ut
3362 4165 3652 4234 sepulturae
3678 4166 3794 4217 vin-

527 4245 777 4301 deremus
811 4256 1067 4317 quantam
1092 4251 1399 4307 mercedem
1421 4252 1618 4308 habeat
1645 4269 1824 4310 sermo
1850 4256 2104 4321 doctoris,
2214 4261 2368 4307 catur
2413 4251 2645 4307 oﬂicium
2671 4270 2686 4317 ;
2718 4252 2809 4307 sed
2840 4254 2891 4306 in
2939 4254 3335 4322 sterquilinium
3381 4254 3600 4324 jaccant
3629 4256 3790 4309 cada-

528 4336 573 4389 εἰ
599 4337 829 4391 valuerit
851 4339 918 4393 ab
948 4354 1132 4395 errore
1169 4334 1476 4413 quempiam
1529 4344 1781 4411 liberare,
1822 4356 1877 4402 et
1896 4348 1961 4403 de
1984 4364 2109 4418 pec-
2216 4359 2345 4398 vera
2374 4342 2682 4397 volatilibus
2721 4343 3016 4413 bestiisque
3051 4345 3359 4400 laceranda.
3391 4347 3460 4399 Et
3481 4348 3583 4400 hoc
3604 4356 3791 4400 notan-

530 4428 768 4481 cantium
800 4445 1025 4485 numero
1076 4432 1323 4487 educere.
1357 4432 1556 4505 (θήρ.)
1583 4434 1715 4491 [llud
1743 4447 1943 4503 autem,
1966 4456 2080 4509 quoi

530 4515 583 4542 ἶ..
626 4516 723 4542 ηιξ..
781 4518 1129 4542 ι....-,.1.ιξ....Δ
1183 4520 1376 4542 ,ΜΛΔ-η-
1416 4522 1455 4542 -z
1493 4537 1649 4542 -___._
1695 4541 1701 4542 ,
1837 4526 1859 4542 ιι
1956 4528 1967 4539 ο

2239 4435 2366 4497 lum,
2401 4433 2541 4501 quod
2590 4433 3029 4503 aegrotationibus
3069 4443 3124 4489 ct
3169 4435 3326 4503 longa
3366 4435 3690 4490 inﬁrmitate
3718 4446 3789 4489 ta-

529 4515 585 4570 in
625 4516 727 4571 alia
781 4518 1134 4575 translatione
1178 4520 1377 4575 dicitur
1413 4522 1457 4577 si
1483 4537 1778 4580 conversus
1832 4526 1999 4583 fueris
2025 4542 2109 4582 re-
2136 4515 2188 4542 "
2219 4524 2441 4578 bescere
2470 4524 2563 4578 Dei
2616 4525 2695 4577 ira
2751 4525 2839 4579 sit.
2892 4523 3044 4580 Unde
3069 4532 3123 4579 et
3146 4523 3330 4579 Joram
3369 4523 3512 4581 ﬁlius
3536 4523 3790 4594 Josaphat

526 4607 748 4660 stituam
798 4616 870 4671 te,
903 4609 1114 4664 videtur
1145 4610 1277 4664 mihi
1302 4611 1557 4680 quiddam
1591 4615 1893 4686 signiﬁcare
1916 4626 2110 4690 myste-
2214 4615 2527 4670 inﬁrmitate
2577 4617 2912 4672 consumitur
2940 4615 3023 4688 (II
3054 4616 3182 4671 Par.
3218 4620 3373 4689 xxi);
3406 4628 3461 4673 et
3507 4619 3791 4689 Apostolus

529 4696 593 4749 rii
625 4714 637 4747 :
672 4695 724 4748 in
760 4710 826 4751 eo
860 4698 1001 4765 quod
1055 4700 1149 4765 ait,
1190 4721 1208 4749 ι
1246 4702 1526 4757 restituam
1559 4713 1629 4760 te.
1666 4727 1683 4756 ›
1724 4707 1891 4762 Nemo
1913 4710 2108 4779 quippe
2212 4708 2367 4761 docet
2390 4715 2651 4777 aegrotare
2674 4722 2785 4772 eos,
2817 4706 3182 4774 ettabescere,
3215 4718 3270 4764 et
3298 4710 3462 4775 mori,
3494 4710 3585 4780 qui
3609 4722 3787 4766 saneta

530 4788 738 4842 restitui
761 4791 1079 4859 potest,nisi
1108 4792 1161 4847 in
1187 4807 1310 4848 eum
1345 4794 1542 4861 locum,
1571 4798 1712 4869 unde
1752 4809 1875 4853 ante
1901 4802 2106 4855 disces-
2210 4798 2460 4851 violarint
2490 4796 2539 4867 (1
2571 4796 2691 4850 Cor.
2724 4798 2824 4869 xi).

529 4886 714 4932 serat:
745 4888 955 4948 utputa,
1001 4881 1047 4935 si
1102 4884 1404 4939 membrum
1456 4888 1696 4957 corporis
1736 4890 1841 4944 mei
1882 4891 2045 4946 fuerit
2076 4907 2106 4944 a
2289 4907 2305 4938 ι
2339 4887 2464 4942 Ηωο
2512 4888 2655 4941 enim
2691 4888 2822 4942 dicit
2872 4888 3128 4942 Dominus
3169 4907 3181 4941 :
3215 4888 3291 4943 Ne
3339 4890 3669 4959 ingrediaris
3702 4892 3789 4945 do-

531 4985 791 5041 compage
821 4969 1179 5039 disiunctum,
1215 4976 1455 5031 medicus
1480 4978 1608 5033 illud
1641 4981 1692 5034 in
1718 4982 2004 5051 pristinum
2032 4983 2110 5037 lo-
2219 4998 2237 5030 ε
2275 4994 2421 5033 mum
2458 4979 2711 5045 convivii,
2754 4994 2929 5048 neque
2958 4980 3125 5035 vadas
3148 4981 3214 5035 ad
3264 4981 3651 5051 plangendum,
3703 4998 3790 5037 ne-

531 5079 655 5118 cum
700 5065 984 5120 restituere
1022 5073 1265 5120 conatur.
1320 5066 1377 5122 Si
1408 5067 1601 5137 aliquis
1651 5081 1980 5141 separatuse
2008 5089 2104 5143 pa-
2219 5088 2238 5121 ί
2276 5085 2379 5140 quo
2426 5070 2722 5125 consoleris
2763 5085 2876 5133 e05,
2932 5070 3054 5137 quia
3086 5070 3279 5125 absum
3330 5087 3519 5141 pacem
3550 5087 3732 5125 ωθίιω
3758 5088 3786 5124 ³

531 5156 635 5209 tria
662 5155 717 5210 in
743 5157 990 5212 exsilium
1018 5157 1267 5223 mittitur,
1312 5167 1366 5213 et
1394 5169 1578 5229 postea
1602 5177 1699 5231 per
1725 5163 2107 5234 indulgentiam
2218 5179 2235 5211 ι
2271 5159 2465 5229 populo
2495 5160 2621 5226 ίεῑο,
2674 5159 2805 5215 die“
2832 5160 3114 5225 Βοωίηιιεν
3141 5162 3569 5217 misericordiam
3596 5171 3657 5215 εἰ
3686 5161 3788 5215 mi‘

529 5261 718 5302 eorum
748 5248 839 5317 qui
884 5256 1111 5319 possunt
1157 5248 1373 5304 exsules
1402 5252 1630 5317 solvere,
1682 5254 1921 5309 redditur
1950 5256 2109 5312 liber-
2216 5272 2235 5304 ι
2270 5250 2606 5306 serationes:
2638 5260 2693 5305 et
2717 5250 3017 5305 morientur
3050 5252 3280 5322 grandes
3308 5261 3363 5307 et
3381 5252 3535 5321 parvi
3558 5252 3616 5305 in
3649 5262 3789 5306 terra

532 5337 649 5402 tati,
685 5338 823 5392 redit
846 5338 986 5394 unde
1022 5338 1197 5395 fuerat
1234 5340 1510 5410 expulsus.
1570 5342 1721 5399 Miles
1767 5360 1977 5415 quoque
2016 5348 2107 5402 ab.
2216 5363 2233 5394 ι
2269 5343 2393 5396 ista.
2427 5342 2543 5397 Non
2570 5340 2898 5410 sepelientur
2933 5356 3109 5410 neque
3135 5342 3475 5412 plangentur,
3505 5350 3559 5395 et
3596 5356 3709 5396 non
3735 5353 3789 5395 se

532 5428 705 5503 iectus
733 5443 799 5484 ex
823 5430 1011 5484 ordine
1040 5446 1138 5485 suo
1179 5430 1487 5486 restituitur
1514 5433 1713 5499 ordini,
1746 5435 1791 5488 si
1840 5438 2107 5506 acceperit
2216 5454 2234 5485 ι
2270 5435 2526 5500 incident,
2555 5447 2729 5502 neque
2751 5432 3024 5486 calvitium
3049 5432 3141 5487 ﬁet
3169 5448 3267 5504 pro
3285 5433 3380 5488 eis.
3411 5433 3479 5487 Et
3504 5449 3611 5487 non
3639 5432 3787 5487 fran-

535 5521 788 5575 veniam:
825 5521 898 5575 ita
943 5530 998 5577 et
1022 5536 1162 5575 nunc
1192 5523 1390 5579 dicitur
1438 5525 1505 5580 ad
1537 5526 1763 5582 mortale
1816 5542 2003 5598 genus,
2054 5529 2108 5583 id
2218 5548 2235 5578 ‹
2271 5537 2397 5598 gent
2432 5527 2574 5581 inter
2602 5540 2695 5580 eos
2732 5524 2931 5593 lugenti
2962 5540 3159 5594 panem
3190 5526 3255 5579 ad
3283 5524 3674 5581 consolandum
3704 5538 3789 5577 suo

535 5623 636 5677 est,
662 5652 663 5655 η
687 5613 755 5668 ad
791 5628 889 5669 nos
938 5613 1203 5678 homines,
1237 5614 1329 5685 qui
1358 5630 1389 5669 a
1416 5616 1525 5672 Deo
1581 5618 1856 5675 fueramus
1891 5622 2104 5676 aversi:
2220 5639 2236 5671 ι
2272 5634 2368 5689 per
2399 5628 2706 5675 mortuum:
2738 5627 2925 5672 etnon
2954 5616 3159 5671 dabunt
3181 5619 3261 5673 eis
3280 5628 3462 5686 potum
3507 5617 3697 5672 calicis
3725 5616 3785 5668 ad

539 5701 594 5759 Si
624 5706 865 5761 conversi
892 5704 1101 5764 fueritis
1130 5747 1141 5773 ,
1177 5707 1456 5766 restituam
1488 5724 1597 5767 vos-
1628 5710 1777 5769 Finis
1800 5714 1999 5785 quippe
2026 5728 2109 5770 re-
2217 5730 2235 5764 ι
2274 5712 2656 5769 consolandum
2684 5723 2848 5778 super
2881 5716 3033 5775 patre
3053 5725 3150 5767 suo
3174 5720 3227 5765 et
3258 5719 3448 5766 matre.
3480 5709 3549 5763 Et
3567 5707 3787 5765 domum
