  <div class='ocr_page' id='page_1' title='image "/cluster/home/n/w/nwhite01/storage/ocr_20150623/111/uva.x000827067/476.png"; bbox 0 0 3926 6324; ppageno 0'>
   <div class='ocr_carea' id='block_1_1' title="bbox 226 347 335 403">
    <p class='ocr_par' dir='ltr' id='par_1_1' title="bbox 226 347 335 403">
     <span class='ocr_line' id='line_1_1' title="bbox 226 347 335 403; baseline 0 -1"><span class='ocrx_word' id='word_1_1' title='bbox 226 347 335 403; x_wconf 80' lang='lat'><strong>937</strong></span> 
     </span>
    </p>
   </div>
   <div class='ocr_carea' id='block_1_2' title="bbox 1100 351 2577 437">
    <p class='ocr_par' dir='ltr' id='par_1_2' title="bbox 1100 351 2577 437">
     <span class='ocr_line' id='line_1_2' title="bbox 1100 351 2577 437; baseline 0.001 -30"><span class='ocrx_word' id='word_1_2' title='bbox 1100 351 1464 410; x_wconf 71' lang='lat' dir='ltr'><strong>ssposmo</strong></span> <span class='ocrx_word' id='word_1_3' title='bbox 1503 351 1733 437; x_wconf 64' lang='lat' dir='ltr'><strong>supra</strong></span> <span class='ocrx_word' id='word_1_4' title='bbox 1768 352 2138 410; x_wconf 80' lang='lat' dir='ltr'><strong>JEREMIAM.</strong></span> <span class='ocrx_word' id='word_1_5' title='bbox 2175 386 2245 397; x_wconf 84' lang='lat'><strong>—</strong></span> <span class='ocrx_word' id='word_1_6' title='bbox 2281 354 2406 409; x_wconf 88' lang='lat' dir='ltr'><strong>LIB.</strong></span> <span class='ocrx_word' id='word_1_7' title='bbox 2447 354 2577 411; x_wconf 84' lang='lat' dir='ltr'><strong>Vill.</strong></span> 
     </span>
    </p>
   </div>
   <div class='ocr_carea' id='block_1_3' title="bbox 3368 347 3473 401">
    <p class='ocr_par' dir='ltr' id='par_1_3' title="bbox 3368 347 3473 401">
     <span class='ocr_line' id='line_1_3' title="bbox 3368 347 3473 401; baseline 0 0"><span class='ocrx_word' id='word_1_8' title='bbox 3368 347 3473 401; x_wconf 79' lang='grc'><strong>958</strong></span> 
     </span>
    </p>
   </div>
   <div class='ocr_carea' id='block_1_4' title="bbox 228 450 1827 539">
    <p class='ocr_par' dir='ltr' id='par_1_4' title="bbox 228 450 1827 530">
     <span class='ocr_line' id='line_1_4' title="bbox 228 450 1827 530; baseline 0.004 -20"><span class='ocrx_word' id='word_1_9' title='bbox 228 478 248 510; x_wconf 75' lang='grc' dir='ltr'>ι</span> <span class='ocrx_word' id='word_1_10' title='bbox 283 458 517 514; x_wconf 80' lang='lat' dir='ltr'><strong>convivii</strong></span> <span class='ocrx_word' id='word_1_11' title='bbox 572 472 677 512; x_wconf 89' lang='lat' dir='ltr'><strong>non</strong></span> <span class='ocrx_word' id='word_1_12' title='bbox 723 458 1059 530; x_wconf 87' lang='lat' dir='ltr'><strong>mgredieris,</strong></span> <span class='ocrx_word' id='word_1_13' title='bbox 1105 450 1165 514; x_wconf 88' lang='lat' dir='ltr'><strong>ut</strong></span> <span class='ocrx_word' id='word_1_14' title='bbox 1220 463 1407 518; x_wconf 80' lang='lat' dir='ltr'><strong>sedeas</strong></span> <span class='ocrx_word' id='word_1_15' title='bbox 1456 479 1582 519; x_wconf 93' lang='lat' dir='ltr'><strong>cum</strong></span> <span class='ocrx_word' id='word_1_16' title='bbox 1608 464 1713 528; x_wconf 89' lang='lat' dir='ltr'><strong>eis,</strong></span> <span class='ocrx_word' id='word_1_17' title='bbox 1744 472 1827 529; x_wconf 28' lang='lat' dir='ltr'><strong>et,</strong></span> 
     </span>
    </p>
   </div>
   <div class='ocr_carea' id='block_1_5' title="bbox 1917 450 3476 539">
    <p class='ocr_par' dir='ltr' id='par_1_5' title="bbox 1917 460 3476 539">
     <span class='ocr_line' id='line_1_5' title="bbox 1917 460 3476 539; baseline -0.007 -14"><span class='ocrx_word' id='word_1_18' title='bbox 1917 490 1925 519; x_wconf 74' lang='grc' dir='ltr'><em>ι</em></span> <span class='ocrx_word' id='word_1_19' title='bbox 1962 485 2069 525; x_wconf 89' lang='lat' dir='ltr'><strong>non</strong></span> <span class='ocrx_word' id='word_1_20' title='bbox 2097 466 2481 523; x_wconf 77' lang='lat' dir='ltr'><strong>custodierunt.</strong></span> <span class='ocrx_word' id='word_1_21' title='bbox 2517 464 2625 539; x_wconf 86' lang='lat' dir='ltr'><strong>Sed</strong></span> <span class='ocrx_word' id='word_1_22' title='bbox 2672 473 2725 518; x_wconf 89' lang='lat' dir='ltr'><strong>et</strong></span> <span class='ocrx_word' id='word_1_23' title='bbox 2775 478 2870 518; x_wconf 90' lang='lat' dir='ltr'><strong>vos</strong></span> <span class='ocrx_word' id='word_1_24' title='bbox 2920 463 3071 534; x_wconf 78' lang='lat' dir='ltr'><strong>pejus</strong></span> <span class='ocrx_word' id='word_1_25' title='bbox 3100 461 3301 531; x_wconf 77' lang='lat' dir='ltr'><strong>operati</strong></span> <span class='ocrx_word' id='word_1_26' title='bbox 3341 460 3476 515; x_wconf 75' lang='lat' dir='ltr'><strong>estis</strong></span> 
     </span>
    </p>
   </div>
   <div class='ocr_carea' id='block_1_6' title="bbox 228 550 1801 626">
    <p class='ocr_par' dir='ltr' id='par_1_6' title="bbox 228 550 1801 626">
     <span class='ocr_line' id='line_1_6' title="bbox 228 550 1801 626; baseline 0.004 -24"><span class='ocrx_word' id='word_1_27' title='bbox 228 569 248 602; x_wconf 75' lang='grc' dir='ltr'><strong><em>ι</em></strong></span> <span class='ocrx_word' id='word_1_28' title='bbox 282 550 537 606; x_wconf 84' lang='lat' dir='ltr'><strong>comedas</strong></span> <span class='ocrx_word' id='word_1_29' title='bbox 579 559 635 604; x_wconf 90' lang='lat' dir='ltr'><strong>et</strong></span> <span class='ocrx_word' id='word_1_30' title='bbox 682 550 856 607; x_wconf 84' lang='lat' dir='ltr'><strong>bibas.</strong></span> <span class='ocrx_word' id='word_1_31' title='bbox 888 571 905 602; x_wconf 78' lang='grc' dir='ltr'><strong><em>ι</em></strong></span> <span class='ocrx_word' id='word_1_32' title='bbox 949 550 1236 623; x_wconf 80' lang='lat' dir='ltr'><strong>Apostolus</strong></span> <span class='ocrx_word' id='word_1_33' title='bbox 1283 560 1536 626; x_wconf 66' lang='lat' dir='ltr'><strong>praecepit</strong></span> <span class='ocrx_word' id='word_1_34' title='bbox 1566 571 1689 610; x_wconf 90' lang='lat' dir='ltr'><strong>cum</strong></span> <span class='ocrx_word' id='word_1_35' title='bbox 1716 554 1801 609; x_wconf 90' lang='lat' dir='ltr'><strong>bis</strong></span> 
     </span>
    </p>
   </div>
   <div class='ocr_carea' id='block_1_7' title="bbox 221 642 1800 715">
    <p class='ocr_par' dir='ltr' id='par_1_7' title="bbox 221 642 1800 715">
     <span class='ocr_line' id='line_1_7' title="bbox 221 642 1800 715; baseline 0 -17"><span class='ocrx_word' id='word_1_36' title='bbox 221 642 315 713; x_wconf 86' lang='lat' dir='ltr'><strong>qui</strong></span> <span class='ocrx_word' id='word_1_37' title='bbox 355 651 673 697; x_wconf 88' lang='lat' dir='ltr'><strong>aversentur</strong></span> <span class='ocrx_word' id='word_1_38' title='bbox 704 642 891 709; x_wconf 92' lang='lat' dir='ltr'><strong>Deum,</strong></span> <span class='ocrx_word' id='word_1_39' title='bbox 927 658 1027 699; x_wconf 89' lang='lat' dir='ltr'><strong>nec</strong></span> <span class='ocrx_word' id='word_1_40' title='bbox 1055 644 1233 700; x_wconf 89' lang='lat' dir='ltr'><strong>cibum</strong></span> <span class='ocrx_word' id='word_1_41' title='bbox 1286 645 1503 715; x_wconf 87' lang='lat' dir='ltr'><strong>quidem</strong></span> <span class='ocrx_word' id='word_1_42' title='bbox 1551 661 1673 702; x_wconf 84' lang='lat' dir='ltr'><strong>esse</strong></span> <span class='ocrx_word' id='word_1_43' title='bbox 1705 660 1800 699; x_wconf 89' lang='lat' dir='ltr'><strong>su-</strong></span> 
     </span>
    </p>
   </div>
   <div class='ocr_carea' id='block_1_8' title="bbox 220 730 1798 805">
    <p class='ocr_par' dir='ltr' id='par_1_8' title="bbox 220 730 1798 805">
     <span class='ocr_line' id='line_1_8' title="bbox 220 730 1798 805; baseline -0.003 -15"><span class='ocrx_word' id='word_1_44' title='bbox 220 732 481 790; x_wconf 78' lang='lat' dir='ltr'><strong>mendum</strong></span> <span class='ocrx_word' id='word_1_45' title='bbox 537 730 591 805; x_wconf 86' lang='lat' dir='ltr'><strong>(I</strong></span> <span class='ocrx_word' id='word_1_46' title='bbox 614 731 734 787; x_wconf 86' lang='lat' dir='ltr'><strong>Cor.</strong></span> <span class='ocrx_word' id='word_1_47' title='bbox 762 730 856 803; x_wconf 88' lang='lat' dir='ltr'><strong>v);</strong></span> <span class='ocrx_word' id='word_1_48' title='bbox 888 742 943 787; x_wconf 88' lang='lat' dir='ltr'><strong>et</strong></span> <span class='ocrx_word' id='word_1_49' title='bbox 987 732 1234 803; x_wconf 82' lang='lat' dir='ltr'><strong>amplius,</strong></span> <span class='ocrx_word' id='word_1_50' title='bbox 1266 753 1284 785; x_wconf 72' lang='grc' dir='ltr'><strong><em>ι</em></strong></span> <span class='ocrx_word' id='word_1_51' title='bbox 1318 733 1430 789; x_wconf 89' lang='lat' dir='ltr'><strong>Nec</strong></span> <span class='ocrx_word' id='word_1_52' title='bbox 1459 747 1561 790; x_wconf 88' lang='lat' dir='ltr'><strong>ave</strong></span> <span class='ocrx_word' id='word_1_53' title='bbox 1584 731 1798 804; x_wconf 89' lang='lat' dir='ltr'><strong>quidem</strong></span> 
     </span>
    </p>
   </div>
   <div class='ocr_carea' id='block_1_9' title="bbox 220 822 1801 898">
    <p class='ocr_par' dir='ltr' id='par_1_9' title="bbox 220 822 1801 898">
     <span class='ocr_line' id='line_1_9' title="bbox 220 822 1801 898; baseline -0.002 -16"><span class='ocrx_word' id='word_1_54' title='bbox 220 824 529 898; x_wconf 87' lang='lat' dir='ltr'><strong>hujusmodi</strong></span> <span class='ocrx_word' id='word_1_55' title='bbox 556 824 802 881; x_wconf 71' lang='lat' dir='ltr'><strong>dixeritis</strong></span> <span class='ocrx_word' id='word_1_56' title='bbox 830 822 919 896; x_wconf 88' lang='grc' dir='ltr'><strong>(ΙΙ</strong></span> <span class='ocrx_word' id='word_1_57' title='bbox 941 823 1104 879; x_wconf 81' lang='lat' dir='ltr'><strong>loan.</strong></span> <span class='ocrx_word' id='word_1_58' title='bbox 1136 824 1213 892; x_wconf 76' lang='grc' dir='ltr'><strong>ι).</strong></span> <span class='ocrx_word' id='word_1_59' title='bbox 1245 845 1265 878; x_wconf 69' lang='grc' dir='ltr'><strong><em>ι</em></strong></span> <span class='ocrx_word' id='word_1_60' title='bbox 1300 825 1369 881; x_wconf 89' lang='lat' dir='ltr'><strong>Et</strong></span> <span class='ocrx_word' id='word_1_61' title='bbox 1397 825 1645 882; x_wconf 74' lang='lat' dir='ltr'><strong>Salvator</strong></span> <span class='ocrx_word' id='word_1_62' title='bbox 1674 840 1801 895; x_wconf 80' lang='lat' dir='ltr'><strong>apo-</strong></span> 
     </span>
    </p>
   </div>
   <div class='ocr_carea' id='block_1_10' title="bbox 219 914 1802 987">
    <p class='ocr_par' dir='ltr' id='par_1_10' title="bbox 219 914 1802 987">
     <span class='ocr_line' id='line_1_10' title="bbox 219 914 1802 987; baseline -0.004 -11"><span class='ocrx_word' id='word_1_63' title='bbox 219 917 377 976; x_wconf 74' lang='lat' dir='ltr'><strong>stolis</strong></span> <span class='ocrx_word' id='word_1_64' title='bbox 404 917 679 973; x_wconf 76' lang='lat' dir='ltr'><strong>interdicit</strong></span> <span class='ocrx_word' id='word_1_65' title='bbox 706 935 719 970; x_wconf 92' lang='lat'><strong>:</strong></span> <span class='ocrx_word' id='word_1_66' title='bbox 749 914 828 971; x_wconf 89' lang='lat' dir='ltr'><strong>Ne</strong></span> <span class='ocrx_word' id='word_1_67' title='bbox 862 930 1188 987; x_wconf 83' lang='lat' dir='ltr'><strong>quemquam</strong></span> <span class='ocrx_word' id='word_1_68' title='bbox 1213 918 1449 973; x_wconf 86' lang='lat' dir='ltr'><strong>salutent</strong></span> <span class='ocrx_word' id='word_1_69' title='bbox 1480 917 1536 973; x_wconf 90' lang='lat' dir='ltr'><strong>in</strong></span> <span class='ocrx_word' id='word_1_70' title='bbox 1564 916 1802 972; x_wconf 85' lang='lat' dir='ltr'><strong>itinere?</strong></span> 
     </span>
    </p>
   </div>
   <div class='ocr_carea' id='block_1_11' title="bbox 222 986 1803 1081">
    <p class='ocr_par' dir='ltr' id='par_1_11' title="bbox 222 986 1803 1081">
     <span class='ocr_line' id='line_1_11' title="bbox 222 986 1803 1081; baseline -0.002 -19"><span class='ocrx_word' id='word_1_71' title='bbox 222 1006 377 1081; x_wconf 82' lang='lat' dir='ltr'><strong>(Luc.</strong></span> <span class='ocrx_word' id='word_1_72' title='bbox 412 1006 491 1080; x_wconf 74' lang='grc' dir='ltr'><strong>ι.)</strong></span> <span class='ocrx_word' id='word_1_73' title='bbox 519 1006 675 1062; x_wconf 90' lang='lat' dir='ltr'><strong>Unde</strong></span> <span class='ocrx_word' id='word_1_74' title='bbox 711 1013 767 1061; x_wconf 90' lang='lat' dir='ltr'><strong>et</strong></span> <span class='ocrx_word' id='word_1_75' title='bbox 808 986 1441 1063; x_wconf 33' lang='lat' dir='ltr'><strong>Eliseusrsalutationem</strong></span> <span class='ocrx_word' id='word_1_76' title='bbox 1471 1006 1711 1078; x_wconf 76' lang='lat' dir='ltr'><strong>pergenti</strong></span> <span class='ocrx_word' id='word_1_77' title='bbox 1736 1006 1803 1060; x_wconf 88' lang='lat' dir='ltr'><strong>ad</strong></span> 
     </span>
    </p>
   </div>
   <div class='ocr_carea' id='block_1_12' title="bbox 221 1088 1805 1171">
    <p class='ocr_par' dir='ltr' id='par_1_12' title="bbox 221 1088 1805 1171">
     <span class='ocr_line' id='line_1_12' title="bbox 221 1088 1805 1171; baseline -0.004 -14"><span class='ocrx_word' id='word_1_78' title='bbox 221 1100 529 1158; x_wconf 66' lang='lat' dir='ltr'><strong>sanandum</strong></span> <span class='ocrx_word' id='word_1_79' title='bbox 561 1113 785 1171; x_wconf 88' lang='lat' dir='ltr'><strong>puerum</strong></span> <span class='ocrx_word' id='word_1_80' title='bbox 812 1097 963 1155; x_wconf 85' lang='lat' dir='ltr'><strong>Giezi</strong></span> <span class='ocrx_word' id='word_1_81' title='bbox 990 1088 1267 1155; x_wconf 80' lang='lat' dir='ltr'><strong>interdicit</strong></span> <span class='ocrx_word' id='word_1_82' title='bbox 1286 1096 1394 1171; x_wconf 84' lang='lat' dir='ltr'><strong>(IV</strong></span> <span class='ocrx_word' id='word_1_83' title='bbox 1413 1096 1539 1170; x_wconf 83' lang='lat' dir='ltr'><strong>Reg.</strong></span> <span class='ocrx_word' id='word_1_84' title='bbox 1569 1097 1667 1169; x_wconf 78' lang='grc' dir='ltr'><strong>ιν).</strong></span> <span class='ocrx_word' id='word_1_85' title='bbox 1694 1096 1805 1152; x_wconf 82' lang='grc' dir='ltr'><strong>Μο-</strong></span> 
     </span>
    </p>
   </div>
   <div class='ocr_carea' id='block_1_13' title="bbox 220 1188 1803 1261">
    <p class='ocr_par' dir='ltr' id='par_1_13' title="bbox 220 1188 1803 1261">
     <span class='ocr_line' id='line_1_13' title="bbox 220 1188 1803 1261; baseline -0.004 -13"><span class='ocrx_word' id='word_1_86' title='bbox 220 1190 304 1248; x_wconf 79' lang='lat' dir='ltr'><strong>ris</strong></span> <span class='ocrx_word' id='word_1_87' title='bbox 328 1201 507 1247; x_wconf 88' lang='lat' dir='ltr'><strong>autem</strong></span> <span class='ocrx_word' id='word_1_88' title='bbox 556 1198 640 1246; x_wconf 84' lang='lat' dir='ltr'><strong>est</strong></span> <span class='ocrx_word' id='word_1_89' title='bbox 662 1188 969 1261; x_wconf 75' lang='lat' dir='ltr'><strong>lugentibus</strong></span> <span class='ocrx_word' id='word_1_90' title='bbox 998 1188 1145 1244; x_wconf 88' lang='lat' dir='ltr'><strong>ferre</strong></span> <span class='ocrx_word' id='word_1_91' title='bbox 1174 1189 1348 1254; x_wconf 91' lang='lat' dir='ltr'><strong>cibos,</strong></span> <span class='ocrx_word' id='word_1_92' title='bbox 1395 1195 1452 1242; x_wconf 91' lang='lat' dir='ltr'><strong>et</strong></span> <span class='ocrx_word' id='word_1_93' title='bbox 1496 1200 1803 1258; x_wconf 64' lang='lat' dir='ltr'><strong>praeparare</strong></span> 
     </span>
    </p>
   </div>
   <div class='ocr_carea' id='block_1_14' title="bbox 220 1276 1805 1356">
    <p class='ocr_par' dir='ltr' id='par_1_14' title="bbox 220 1276 1805 1356">
     <span class='ocr_line' id='line_1_14' title="bbox 220 1276 1805 1356; baseline -0.004 -19"><span class='ocrx_word' id='word_1_94' title='bbox 220 1281 549 1345; x_wconf 84' lang='lat' dir='ltr'><strong>convivium,</strong></span> <span class='ocrx_word' id='word_1_95' title='bbox 576 1295 697 1351; x_wconf 63' lang='lat' dir='ltr'><strong>quae</strong></span> <span class='ocrx_word' id='word_1_96' title='bbox 716 1279 892 1335; x_wconf 65' lang='lat' dir='ltr'><strong>Graeci</strong></span> <span class='ocrx_word' id='word_1_97' title='bbox 914 1277 1214 1356; x_wconf 71' lang='grc' dir='ltr'><strong>περίδειπνα</strong></span> <span class='ocrx_word' id='word_1_98' title='bbox 1233 1286 1451 1344; x_wconf 87' lang='lat' dir='ltr'><strong>vocant,</strong></span> <span class='ocrx_word' id='word_1_99' title='bbox 1475 1288 1529 1332; x_wconf 90' lang='lat' dir='ltr'><strong>et</strong></span> <span class='ocrx_word' id='word_1_100' title='bbox 1551 1294 1581 1331; x_wconf 92' lang='lat' dir='ltr'><strong>a</strong></span> <span class='ocrx_word' id='word_1_101' title='bbox 1604 1276 1805 1332; x_wconf 87' lang='lat' dir='ltr'><strong>nostris</strong></span> 
     </span>
    </p>
   </div>
   <div class='ocr_carea' id='block_1_15' title="bbox 219 1368 1805 1444">
    <p class='ocr_par' dir='ltr' id='par_1_15' title="bbox 219 1368 1805 1444">
     <span class='ocr_line' id='line_1_15' title="bbox 219 1368 1805 1444; baseline -0.003 -19"><span class='ocrx_word' id='word_1_102' title='bbox 219 1371 384 1444; x_wconf 86' lang='lat' dir='ltr'><strong>vulgo</strong></span> <span class='ocrx_word' id='word_1_103' title='bbox 430 1371 767 1443; x_wconf 87' lang='lat' dir='ltr'><strong>appellantur</strong></span> <span class='ocrx_word' id='word_1_104' title='bbox 810 1369 1129 1441; x_wconf 81' lang='lat' dir='ltr'><strong>parentalia,</strong></span> <span class='ocrx_word' id='word_1_105' title='bbox 1180 1383 1245 1425; x_wconf 90' lang='lat' dir='ltr'><strong>eo</strong></span> <span class='ocrx_word' id='word_1_106' title='bbox 1296 1369 1441 1440; x_wconf 92' lang='lat' dir='ltr'><strong>quod</strong></span> <span class='ocrx_word' id='word_1_107' title='bbox 1490 1368 1805 1439; x_wconf 90' lang='lat' dir='ltr'><strong>parentibus</strong></span> 
     </span>
    </p>
   </div>
   <div class='ocr_carea' id='block_1_16' title="bbox 212 1459 1801 1533">
    <p class='ocr_par' dir='ltr' id='par_1_16' title="bbox 212 1459 1801 1533">
     <span class='ocr_line' id='line_1_16' title="bbox 212 1459 1801 1533; baseline -0.004 -14"><span class='ocrx_word' id='word_1_108' title='bbox 212 1461 365 1533; x_wconf 76' lang='lat' dir='ltr'><strong>iusta</strong></span> <span class='ocrx_word' id='word_1_109' title='bbox 414 1464 772 1518; x_wconf 86' lang='lat' dir='ltr'><strong>celebrentur.</strong></span> <span class='ocrx_word' id='word_1_110' title='bbox 828 1461 969 1517; x_wconf 90' lang='lat' dir='ltr'><strong>Dicit</strong></span> <span class='ocrx_word' id='word_1_111' title='bbox 1016 1471 1070 1516; x_wconf 91' lang='lat' dir='ltr'><strong>et</strong></span> <span class='ocrx_word' id='word_1_112' title='bbox 1104 1459 1229 1516; x_wconf 88' lang='lat' dir='ltr'><strong>alibi</strong></span> <span class='ocrx_word' id='word_1_113' title='bbox 1263 1459 1545 1530; x_wconf 89' lang='lat' dir='ltr'><strong>Scriptura</strong></span> <span class='ocrx_word' id='word_1_114' title='bbox 1577 1459 1801 1513; x_wconf 90' lang='lat' dir='ltr'><strong>divina:</strong></span> 
     </span>
    </p>
   </div>
   <div class='ocr_carea' id='block_1_17' title="bbox 227 1549 1799 1624">
    <p class='ocr_par' dir='ltr' id='par_1_17' title="bbox 227 1549 1799 1624">
     <span class='ocr_line' id='line_1_17' title="bbox 227 1549 1799 1624; baseline -0.003 -19"><span class='ocrx_word' id='word_1_115' title='bbox 227 1573 247 1605; x_wconf 77' lang='grc' dir='ltr'>ι</span> <span class='ocrx_word' id='word_1_116' title='bbox 291 1554 425 1610; x_wconf 85' lang='lat' dir='ltr'><strong>Date</strong></span> <span class='ocrx_word' id='word_1_117' title='bbox 449 1555 637 1608; x_wconf 87' lang='lat' dir='ltr'><strong>viuum</strong></span> <span class='ocrx_word' id='word_1_118' title='bbox 664 1554 749 1609; x_wconf 88' lang='lat' dir='ltr'><strong>bis</strong></span> <span class='ocrx_word' id='word_1_119' title='bbox 784 1554 875 1623; x_wconf 85' lang='lat' dir='ltr'><strong>qui</strong></span> <span class='ocrx_word' id='word_1_120' title='bbox 924 1553 977 1607; x_wconf 90' lang='lat' dir='ltr'><strong>in</strong></span> <span class='ocrx_word' id='word_1_121' title='bbox 1021 1552 1170 1608; x_wconf 91' lang='lat' dir='ltr'><strong>luctu</strong></span> <span class='ocrx_word' id='word_1_122' title='bbox 1199 1560 1325 1607; x_wconf 89' lang='lat' dir='ltr'><strong>sunt</strong></span> <span class='ocrx_word' id='word_1_123' title='bbox 1354 1550 1539 1624; x_wconf 84' lang='lat' dir='ltr'><strong>(Prov.</strong></span> <span class='ocrx_word' id='word_1_124' title='bbox 1567 1549 1740 1621; x_wconf 72' lang='lat' dir='ltr'><strong>XXXI),</strong></span> <span class='ocrx_word' id='word_1_125' title='bbox 1782 1567 1799 1600; x_wconf 73' lang='grc' dir='ltr'>ι</span> 
     </span>
    </p>
   </div>
   <div class='ocr_carea' id='block_1_18' title="bbox 220 1644 1805 1715">
    <p class='ocr_par' dir='ltr' id='par_1_18' title="bbox 220 1644 1805 1715">
     <span class='ocr_line' id='line_1_18' title="bbox 220 1644 1805 1715; baseline -0.003 -15"><span class='ocrx_word' id='word_1_126' title='bbox 220 1653 287 1700; x_wconf 91' lang='lat' dir='ltr'><strong>ut</strong></span> <span class='ocrx_word' id='word_1_127' title='bbox 325 1645 577 1701; x_wconf 88' lang='lat' dir='ltr'><strong>videlicet</strong></span> <span class='ocrx_word' id='word_1_128' title='bbox 598 1645 990 1701; x_wconf 86' lang='lat' dir='ltr'><strong>obliviscantur</strong></span> <span class='ocrx_word' id='word_1_129' title='bbox 1030 1644 1248 1701; x_wconf 90' lang='lat' dir='ltr'><strong>doloris.</strong></span> <span class='ocrx_word' id='word_1_130' title='bbox 1308 1644 1627 1715; x_wconf 87' lang='lat' dir='ltr'><strong>Praecipitur</strong></span> <span class='ocrx_word' id='word_1_131' title='bbox 1674 1655 1805 1712; x_wconf 82' lang='lat' dir='ltr'><strong>ergo</strong></span> 
     </span>
    </p>
   </div>
   <div class='ocr_carea' id='block_1_19' title="bbox 218 1730 1801 1808">
    <p class='ocr_par' dir='ltr' id='par_1_19' title="bbox 218 1730 1801 1808">
     <span class='ocr_line' id='line_1_19' title="bbox 218 1730 1801 1808; baseline -0.006 -16"><span class='ocrx_word' id='word_1_132' title='bbox 218 1737 521 1808; x_wconf 82' lang='lat' dir='ltr'><strong>prophetae,</strong></span> <span class='ocrx_word' id='word_1_133' title='bbox 552 1751 623 1792; x_wconf 91' lang='lat' dir='ltr'><strong>ne</strong></span> <span class='ocrx_word' id='word_1_134' title='bbox 651 1735 816 1790; x_wconf 92' lang='lat' dir='ltr'><strong>ullum</strong></span> <span class='ocrx_word' id='word_1_135' title='bbox 838 1734 905 1790; x_wconf 90' lang='lat' dir='ltr'><strong>de</strong></span> <span class='ocrx_word' id='word_1_136' title='bbox 931 1733 1129 1805; x_wconf 87' lang='lat' dir='ltr'><strong>pepulo</strong></span> <span class='ocrx_word' id='word_1_137' title='bbox 1156 1732 1486 1798; x_wconf 82' lang='lat' dir='ltr'><strong>consoletur,</strong></span> <span class='ocrx_word' id='word_1_138' title='bbox 1516 1746 1585 1785; x_wconf 90' lang='lat' dir='ltr'><strong>ne</strong></span> <span class='ocrx_word' id='word_1_139' title='bbox 1614 1746 1672 1785; x_wconf 88' lang='lat' dir='ltr'><strong>se</strong></span> <span class='ocrx_word' id='word_1_140' title='bbox 1703 1730 1801 1783; x_wconf 76' lang='lat' dir='ltr'><strong>mi—</strong></span> 
     </span>
    </p>
   </div>
   <div class='ocr_carea' id='block_1_20' title="bbox 1911 550 3473 629">
    <p class='ocr_par' dir='ltr' id='par_1_20' title="bbox 1911 550 3473 629">
     <span class='ocr_line' id='line_1_20' title="bbox 1911 550 3473 629; baseline -0.004 -19"><span class='ocrx_word' id='word_1_141' title='bbox 1911 578 1929 610; x_wconf 75' lang='grc' dir='ltr'>ι</span> <span class='ocrx_word' id='word_1_142' title='bbox 1965 574 2125 629; x_wconf 90' lang='lat' dir='ltr'><strong>quam</strong></span> <span class='ocrx_word' id='word_1_143' title='bbox 2147 565 2332 628; x_wconf 86' lang='lat' dir='ltr'><strong>patres</strong></span> <span class='ocrx_word' id='word_1_144' title='bbox 2352 556 2537 610; x_wconf 88' lang='lat' dir='ltr'><strong>vestri.</strong></span> <span class='ocrx_word' id='word_1_145' title='bbox 2578 573 2596 606; x_wconf 77' lang='grc' dir='ltr'><strong>ι</strong></span> <span class='ocrx_word' id='word_1_146' title='bbox 2627 553 2851 621; x_wconf 87' lang='lat' dir='ltr'><strong>Quando</strong></span> <span class='ocrx_word' id='word_1_147' title='bbox 2877 551 3183 622; x_wconf 85' lang='lat' dir='ltr'><strong>peccaverit</strong></span> <span class='ocrx_word' id='word_1_148' title='bbox 3210 550 3473 616; x_wconf 80' lang='lat' dir='ltr'><strong>Ecclesia,</strong></span> 
     </span>
    </p>
   </div>
   <div class='ocr_carea' id='block_1_21' title="bbox 1905 640 3477 713">
    <p class='ocr_par' dir='ltr' id='par_1_21' title="bbox 1905 640 3477 713">
     <span class='ocr_line' id='line_1_21' title="bbox 1905 640 3477 713; baseline -0.006 -10"><span class='ocrx_word' id='word_1_149' title='bbox 1905 647 2149 703; x_wconf 80' lang='lat' dir='ltr'><strong>aufertur</strong></span> <span class='ocrx_word' id='word_1_150' title='bbox 2178 650 2244 702; x_wconf 90' lang='lat' dir='ltr'><strong>de</strong></span> <span class='ocrx_word' id='word_1_151' title='bbox 2268 661 2331 701; x_wconf 91' lang='lat' dir='ltr'><strong>ea</strong></span> <span class='ocrx_word' id='word_1_152' title='bbox 2355 658 2513 700; x_wconf 90' lang='lat' dir='ltr'><strong>omne</strong></span> <span class='ocrx_word' id='word_1_153' title='bbox 2541 644 2789 713; x_wconf 86' lang='lat' dir='ltr'><strong>gaudium</strong></span> <span class='ocrx_word' id='word_1_154' title='bbox 2814 655 2869 697; x_wconf 88' lang='lat' dir='ltr'><strong>et</strong></span> <span class='ocrx_word' id='word_1_155' title='bbox 2896 643 3144 697; x_wconf 88' lang='lat' dir='ltr'><strong>universa</strong></span> <span class='ocrx_word' id='word_1_156' title='bbox 3173 640 3377 706; x_wconf 58' lang='lat' dir='ltr'><strong>laetitia,</strong></span> <span class='ocrx_word' id='word_1_157' title='bbox 3411 640 3477 696; x_wconf 88' lang='lat' dir='ltr'><strong>de</strong></span> 
     </span>
    </p>
   </div>
   <div class='ocr_carea' id='block_1_22' title="bbox 1904 730 3481 807">
    <p class='ocr_par' dir='ltr' id='par_1_22' title="bbox 1904 730 3481 807">
     <span class='ocr_line' id='line_1_22' title="bbox 1904 730 3481 807; baseline -0.006 -15"><span class='ocrx_word' id='word_1_158' title='bbox 1904 753 2010 807; x_wconf 91' lang='lat' dir='ltr'><strong>qua</strong></span> <span class='ocrx_word' id='word_1_159' title='bbox 2040 735 2330 807; x_wconf 82' lang='lat' dir='ltr'><strong>Apostolus</strong></span> <span class='ocrx_word' id='word_1_160' title='bbox 2379 734 2549 789; x_wconf 88' lang='lat' dir='ltr'><strong>dicit:</strong></span> <span class='ocrx_word' id='word_1_161' title='bbox 2580 752 2598 783; x_wconf 76' lang='grc' dir='ltr'><strong><em>ι</em></strong></span> <span class='ocrx_word' id='word_1_162' title='bbox 2646 732 2902 798; x_wconf 87' lang='lat' dir='ltr'><strong>Gaudete,</strong></span> <span class='ocrx_word' id='word_1_163' title='bbox 2948 732 3143 786; x_wconf 89' lang='lat' dir='ltr'><strong>iterum</strong></span> <span class='ocrx_word' id='word_1_164' title='bbox 3167 730 3312 793; x_wconf 86' lang='lat' dir='ltr'><strong>dieo,</strong></span> <span class='ocrx_word' id='word_1_165' title='bbox 3350 743 3481 799; x_wconf 89' lang='lat' dir='ltr'><strong>gau-</strong></span> 
     </span>
    </p>
   </div>
   <div class='ocr_carea' id='block_1_23' title="bbox 1906 821 3479 900">
    <p class='ocr_par' dir='ltr' id='par_1_23' title="bbox 1906 821 3479 900">
     <span class='ocr_line' id='line_1_23' title="bbox 1906 821 3479 900; baseline -0.005 -17"><span class='ocrx_word' id='word_1_166' title='bbox 1906 829 2027 883; x_wconf 88' lang='lat' dir='ltr'><strong>dete</strong></span> <span class='ocrx_word' id='word_1_167' title='bbox 2057 826 2277 900; x_wconf 77' lang='lat' dir='ltr'><strong>(Philip.</strong></span> <span class='ocrx_word' id='word_1_168' title='bbox 2304 825 2412 895; x_wconf 80' lang='lat' dir='ltr'><strong>iv);</strong></span> <span class='ocrx_word' id='word_1_169' title='bbox 2440 839 2555 879; x_wconf 85' lang='lat' dir='ltr'><strong>.vox</strong></span> <span class='ocrx_word' id='word_1_170' title='bbox 2595 824 2775 893; x_wconf 86' lang='lat' dir='ltr'><strong>sponsi</strong></span> <span class='ocrx_word' id='word_1_171' title='bbox 2804 832 2860 878; x_wconf 89' lang='lat' dir='ltr'><strong>et</strong></span> <span class='ocrx_word' id='word_1_172' title='bbox 2882 838 2985 880; x_wconf 83' lang='lat' dir='ltr'><strong>vox</strong></span> <span class='ocrx_word' id='word_1_173' title='bbox 3016 836 3247 892; x_wconf 85' lang='lat' dir='ltr'><strong>sponsae,</strong></span> <span class='ocrx_word' id='word_1_174' title='bbox 3280 821 3345 874; x_wconf 90' lang='lat' dir='ltr'><strong>de</strong></span> <span class='ocrx_word' id='word_1_175' title='bbox 3372 834 3479 890; x_wconf 82' lang='lat' dir='ltr'><strong>quc</strong></span> 
     </span>
    </p>
   </div>
   <div class='ocr_carea' id='block_1_24' title="bbox 1906 913 3483 988">
    <p class='ocr_par' dir='ltr' id='par_1_24' title="bbox 1906 913 3483 988">
     <span class='ocr_line' id='line_1_24' title="bbox 1906 913 3483 988; baseline -0.006 -15"><span class='ocrx_word' id='word_1_176' title='bbox 1906 919 2169 988; x_wconf 90' lang='lat' dir='ltr'><strong>scriptum</strong></span> <span class='ocrx_word' id='word_1_177' title='bbox 2220 926 2346 973; x_wconf 89' lang='lat' dir='ltr'><strong>est:</strong></span> <span class='ocrx_word' id='word_1_178' title='bbox 2385 935 2402 966; x_wconf 75' lang='grc' dir='ltr'>α</span> <span class='ocrx_word' id='word_1_179' title='bbox 2463 914 2563 981; x_wconf 93' lang='lat' dir='ltr'><strong>Qui</strong></span> <span class='ocrx_word' id='word_1_180' title='bbox 2612 913 2775 968; x_wconf 81' lang='lat' dir='ltr'><strong>habet</strong></span> <span class='ocrx_word' id='word_1_181' title='bbox 2818 927 3069 984; x_wconf 87' lang='lat' dir='ltr'><strong>sponsam</strong></span> <span class='ocrx_word' id='word_1_182' title='bbox 3124 928 3353 982; x_wconf 87' lang='lat' dir='ltr'><strong>sponsus</strong></span> <span class='ocrx_word' id='word_1_183' title='bbox 3400 917 3483 964; x_wconf 91' lang='lat' dir='ltr'><strong>cst</strong></span> 
     </span>
    </p>
   </div>
   <div class='ocr_carea' id='block_1_25' title="bbox 1908 1005 3481 1084">
    <p class='ocr_par' dir='ltr' id='par_1_25' title="bbox 1908 1005 3481 1084">
     <span class='ocr_line' id='line_1_25' title="bbox 1908 1005 3481 1084; baseline -0.004 -20"><span class='ocrx_word' id='word_1_184' title='bbox 1908 1010 2089 1082; x_wconf 85' lang='lat' dir='ltr'><strong>(Joan.</strong></span> <span class='ocrx_word' id='word_1_185' title='bbox 2117 1011 2222 1084; x_wconf 87' lang='grc' dir='ltr'>ιιι).</span> <span class='ocrx_word' id='word_1_186' title='bbox 2268 1029 2286 1061; x_wconf 71' lang='grc' dir='ltr'><strong><em>ι</em></strong></span> <span class='ocrx_word' id='word_1_187' title='bbox 2326 1007 2383 1063; x_wconf 90' lang='lat' dir='ltr'><strong>Si</strong></span> <span class='ocrx_word' id='word_1_188' title='bbox 2410 1017 2609 1073; x_wconf 90' lang='lat' dir='ltr'><strong>autem,</strong></span> <span class='ocrx_word' id='word_1_189' title='bbox 2637 1006 2829 1077; x_wconf 89' lang='lat' dir='ltr'><strong>inquit,</strong></span> <span class='ocrx_word' id='word_1_190' title='bbox 2877 1005 3284 1074; x_wconf 81' lang='lat' dir='ltr'><strong>interrogaverit</strong></span> <span class='ocrx_word' id='word_1_191' title='bbox 3313 1012 3363 1057; x_wconf 90' lang='lat' dir='ltr'><strong>te</strong></span> <span class='ocrx_word' id='word_1_192' title='bbox 3386 1018 3481 1072; x_wconf 86' lang='lat' dir='ltr'><strong>po-</strong></span> 
     </span>
    </p>
   </div>
   <div class='ocr_carea' id='block_1_26' title="bbox 1906 1097 3481 1175">
    <p class='ocr_par' dir='ltr' id='par_1_26' title="bbox 1906 1097 3481 1175">
     <span class='ocr_line' id='line_1_26' title="bbox 1906 1097 3481 1175; baseline -0.008 -16"><span class='ocrx_word' id='word_1_193' title='bbox 1906 1104 2083 1175; x_wconf 90' lang='lat' dir='ltr'><strong>pulus,</strong></span> <span class='ocrx_word' id='word_1_194' title='bbox 2111 1119 2208 1159; x_wconf 92' lang='lat' dir='ltr'><strong>cur</strong></span> <span class='ocrx_word' id='word_1_195' title='bbox 2243 1104 2344 1158; x_wconf 90' lang='lat' dir='ltr'><strong>ista</strong></span> <span class='ocrx_word' id='word_1_196' title='bbox 2371 1102 2628 1173; x_wconf 89' lang='lat' dir='ltr'><strong>patiatur,</strong></span> <span class='ocrx_word' id='word_1_197' title='bbox 2681 1108 2736 1154; x_wconf 92' lang='lat' dir='ltr'><strong>et</strong></span> <span class='ocrx_word' id='word_1_198' title='bbox 2769 1114 2963 1154; x_wconf 87' lang='lat' dir='ltr'><strong>causas</strong></span> <span class='ocrx_word' id='word_1_199' title='bbox 2992 1097 3331 1152; x_wconf 88' lang='lat' dir='ltr'><strong>miseriarum</strong></span> <span class='ocrx_word' id='word_1_200' title='bbox 3360 1110 3481 1147; x_wconf 81' lang='lat' dir='ltr'><strong>sua-</strong></span> 
     </span>
    </p>
   </div>
   <div class='ocr_carea' id='block_1_27' title="bbox 1880 1186 3486 1264">
    <p class='ocr_par' dir='ltr' id='par_1_27' title="bbox 1880 1186 3486 1264">
     <span class='ocr_line' id='line_1_27' title="bbox 1880 1186 3486 1264; baseline -0.007 -15"><span class='ocrx_word' id='word_1_201' title='bbox 1880 1209 2027 1249; x_wconf 51' lang='lat' dir='ltr'><strong>.rum</strong></span> <span class='ocrx_word' id='word_1_202' title='bbox 2074 1193 2369 1264; x_wconf 64' lang='lat' dir='ltr'><strong>quaesierit,</strong></span> <span class='ocrx_word' id='word_1_203' title='bbox 2418 1190 2770 1261; x_wconf 89' lang='lat' dir='ltr'><strong>respondebis</strong></span> <span class='ocrx_word' id='word_1_204' title='bbox 2822 1190 2869 1243; x_wconf 88' lang='lat' dir='ltr'><strong>ei</strong></span> <span class='ocrx_word' id='word_1_205' title='bbox 2913 1207 2925 1241; x_wconf 90' lang='lat'><strong>:</strong></span> <span class='ocrx_word' id='word_1_206' title='bbox 2961 1208 2979 1238; x_wconf 91' lang='grc'><em>‹</em></span> <span class='ocrx_word' id='word_1_207' title='bbox 3016 1188 3152 1254; x_wconf 85' lang='lat' dir='ltr'><strong>Quia</strong></span> <span class='ocrx_word' id='word_1_208' title='bbox 3185 1186 3486 1254; x_wconf 80' lang='lat' dir='ltr'><strong>derelique-</strong></span> 
     </span>
    </p>
   </div>
   <div class='ocr_carea' id='block_1_28' title="bbox 1909 1275 3486 1355">
    <p class='ocr_par' dir='ltr' id='par_1_28' title="bbox 1909 1275 3486 1355">
     <span class='ocr_line' id='line_1_28' title="bbox 1909 1275 3486 1355; baseline -0.007 -16"><span class='ocrx_word' id='word_1_209' title='bbox 1909 1294 2034 1339; x_wconf 89' lang='lat' dir='ltr'><strong>runt</strong></span> <span class='ocrx_word' id='word_1_210' title='bbox 2086 1301 2172 1341; x_wconf 88' lang='lat' dir='ltr'><strong>me</strong></span> <span class='ocrx_word' id='word_1_211' title='bbox 2224 1294 2407 1355; x_wconf 88' lang='lat' dir='ltr'><strong>patres</strong></span> <span class='ocrx_word' id='word_1_212' title='bbox 2457 1281 2649 1346; x_wconf 77' lang='lat' dir='ltr'><strong>vestri,</strong></span> <span class='ocrx_word' id='word_1_213' title='bbox 2697 1282 2773 1334; x_wconf 89' lang='lat' dir='ltr'><strong>ait</strong></span> <span class='ocrx_word' id='word_1_214' title='bbox 2813 1280 3110 1343; x_wconf 81' lang='lat' dir='ltr'><strong>Dominus;</strong></span> <span class='ocrx_word' id='word_1_215' title='bbox 3156 1297 3173 1329; x_wconf 75' lang='grc' dir='ltr'><strong><em>ι</em></strong></span> <span class='ocrx_word' id='word_1_216' title='bbox 3211 1279 3301 1345; x_wconf 86' lang='lat' dir='ltr'><strong>qui</strong></span> <span class='ocrx_word' id='word_1_217' title='bbox 3333 1275 3486 1329; x_wconf 84' lang='lat' dir='ltr'><strong>vobis</strong></span> 
     </span>
    </p>
   </div>
   <div class='ocr_carea' id='block_1_29' title="bbox 1907 1370 3483 1444">
    <p class='ocr_par' dir='ltr' id='par_1_29' title="bbox 1907 1370 3483 1444">
     <span class='ocr_line' id='line_1_29' title="bbox 1907 1370 3483 1444; baseline -0.007 -15"><span class='ocrx_word' id='word_1_218' title='bbox 1907 1384 2144 1444; x_wconf 51' lang='lat' dir='ltr'><strong>praesunt</strong></span> <span class='ocrx_word' id='word_1_219' title='bbox 2171 1374 2226 1428; x_wconf 90' lang='lat' dir='ltr'><strong>in</strong></span> <span class='ocrx_word' id='word_1_220' title='bbox 2255 1372 2513 1428; x_wconf 89' lang='lat' dir='ltr'><strong>Ecclesiis</strong></span> <span class='ocrx_word' id='word_1_221' title='bbox 2558 1379 2611 1426; x_wconf 92' lang='lat' dir='ltr'><strong>et</strong></span> <span class='ocrx_word' id='word_1_222' title='bbox 2638 1371 2884 1424; x_wconf 79' lang='lat' dir='ltr'><strong>abierunt</strong></span> <span class='ocrx_word' id='word_1_223' title='bbox 2930 1378 3051 1440; x_wconf 92' lang='lat' dir='ltr'><strong>post</strong></span> <span class='ocrx_word' id='word_1_224' title='bbox 3090 1370 3218 1424; x_wconf 85' lang='lat' dir='ltr'><strong>deos</strong></span> <span class='ocrx_word' id='word_1_225' title='bbox 3238 1370 3441 1422; x_wconf 84' lang='lat' dir='ltr'><strong>alienos</strong></span> <span class='ocrx_word' id='word_1_226' title='bbox 3470 1381 3483 1418; x_wconf 88' lang='lat'><strong>:</strong></span> 
     </span>
    </p>
   </div>
   <div class='ocr_carea' id='block_1_30' title="bbox 1910 1460 3488 1536">
    <p class='ocr_par' dir='ltr' id='par_1_30' title="bbox 1910 1460 3488 1536">
     <span class='ocr_line' id='line_1_30' title="bbox 1910 1460 3488 1536; baseline -0.008 -14"><span class='ocrx_word' id='word_1_227' title='bbox 1910 1482 2137 1536; x_wconf 90' lang='lat' dir='ltr'><strong>quorum</strong></span> <span class='ocrx_word' id='word_1_228' title='bbox 2168 1466 2311 1520; x_wconf 86' lang='lat' dir='ltr'><strong>Deus</strong></span> <span class='ocrx_word' id='word_1_229' title='bbox 2336 1473 2524 1519; x_wconf 86' lang='lat' dir='ltr'><strong>venter</strong></span> <span class='ocrx_word' id='word_1_230' title='bbox 2558 1470 2658 1526; x_wconf 91' lang='lat' dir='ltr'><strong>est,</strong></span> <span class='ocrx_word' id='word_1_231' title='bbox 2708 1470 2761 1516; x_wconf 93' lang='lat' dir='ltr'><strong>et</strong></span> <span class='ocrx_word' id='word_1_232' title='bbox 2792 1461 3040 1525; x_wconf 89' lang='lat' dir='ltr'><strong>avaritia,</strong></span> <span class='ocrx_word' id='word_1_233' title='bbox 3088 1470 3141 1514; x_wconf 90' lang='lat' dir='ltr'><strong>et</strong></span> <span class='ocrx_word' id='word_1_234' title='bbox 3168 1460 3405 1521; x_wconf 76' lang='lat' dir='ltr'><strong>luxuria,</strong></span> <span class='ocrx_word' id='word_1_235' title='bbox 3434 1467 3488 1511; x_wconf 88' lang='lat' dir='ltr'><strong>et</strong></span> 
     </span>
    </p>
   </div>
   <div class='ocr_carea' id='block_1_31' title="bbox 1909 1551 3488 1628">
    <p class='ocr_par' dir='ltr' id='par_1_31' title="bbox 1909 1551 3488 1628">
     <span class='ocr_line' id='line_1_31' title="bbox 1909 1551 3488 1628; baseline -0.006 -17"><span class='ocrx_word' id='word_1_236' title='bbox 1909 1558 2080 1628; x_wconf 85' lang='lat' dir='ltr'><strong>gloria</strong></span> <span class='ocrx_word' id='word_1_237' title='bbox 2114 1557 2167 1611; x_wconf 92' lang='lat' dir='ltr'><strong>in</strong></span> <span class='ocrx_word' id='word_1_238' title='bbox 2195 1556 2513 1612; x_wconf 88' lang='lat' dir='ltr'><strong>confusione</strong></span> <span class='ocrx_word' id='word_1_239' title='bbox 2534 1569 2746 1619; x_wconf 89' lang='lat' dir='ltr'><strong>eorum,</strong></span> <span class='ocrx_word' id='word_1_240' title='bbox 2774 1561 2829 1607; x_wconf 91' lang='lat' dir='ltr'><strong>et</strong></span> <span class='ocrx_word' id='word_1_241' title='bbox 2855 1553 3157 1607; x_wconf 88' lang='lat' dir='ltr'><strong>servierunt</strong></span> <span class='ocrx_word' id='word_1_242' title='bbox 3184 1552 3283 1607; x_wconf 86' lang='lat' dir='ltr'><strong>eis.</strong></span> <span class='ocrx_word' id='word_1_243' title='bbox 3315 1551 3359 1602; x_wconf 78' lang='grc' dir='ltr'>Α</span> <span class='ocrx_word' id='word_1_244' title='bbox 3382 1563 3488 1618; x_wconf 85' lang='lat' dir='ltr'><strong>quo</strong></span> 
     </span>
    </p>
   </div>
   <div class='ocr_carea' id='block_1_32' title="bbox 1910 1641 3490 1718">
    <p class='ocr_par' dir='ltr' id='par_1_32' title="bbox 1910 1641 3490 1718">
     <span class='ocr_line' id='line_1_32' title="bbox 1910 1641 3490 1718; baseline -0.006 -14"><span class='ocrx_word' id='word_1_245' title='bbox 1910 1649 2055 1704; x_wconf 89' lang='lat' dir='ltr'><strong>enim</strong></span> <span class='ocrx_word' id='word_1_246' title='bbox 2084 1649 2205 1718; x_wconf 89' lang='lat' dir='ltr'><strong>quis</strong></span> <span class='ocrx_word' id='word_1_247' title='bbox 2233 1648 2487 1711; x_wconf 78' lang='lat' dir='ltr'><strong>vincitur,</strong></span> <span class='ocrx_word' id='word_1_248' title='bbox 2521 1646 2637 1716; x_wconf 83' lang='lat' dir='ltr'><strong>ejus</strong></span> <span class='ocrx_word' id='word_1_249' title='bbox 2657 1654 2713 1701; x_wconf 92' lang='lat' dir='ltr'><strong>et</strong></span> <span class='ocrx_word' id='word_1_250' title='bbox 2738 1659 2927 1699; x_wconf 89' lang='lat' dir='ltr'><strong>servus</strong></span> <span class='ocrx_word' id='word_1_251' title='bbox 2957 1652 3060 1708; x_wconf 92' lang='lat' dir='ltr'><strong>est,</strong></span> <span class='ocrx_word' id='word_1_252' title='bbox 3098 1661 3115 1693; x_wconf 77' lang='grc' dir='ltr'>ι</span> <span class='ocrx_word' id='word_1_253' title='bbox 3149 1653 3204 1698; x_wconf 90' lang='lat' dir='ltr'><strong>et</strong></span> <span class='ocrx_word' id='word_1_254' title='bbox 3230 1641 3490 1696; x_wconf 78' lang='lat' dir='ltr'><strong>adorave—</strong></span> 
     </span>
    </p>
   </div>
   <div class='ocr_carea' id='block_1_33' title="bbox 1912 1729 3483 1803">
    <p class='ocr_par' dir='ltr' id='par_1_33' title="bbox 1912 1729 3483 1803">
     <span class='ocr_line' id='line_1_33' title="bbox 1912 1729 3483 1803; baseline -0.006 -12"><span class='ocrx_word' id='word_1_255' title='bbox 1912 1746 2040 1791; x_wconf 91' lang='lat' dir='ltr'><strong>runt</strong></span> <span class='ocrx_word' id='word_1_256' title='bbox 2067 1752 2161 1791; x_wconf 89' lang='lat' dir='ltr'><strong>eos</strong></span> <span class='ocrx_word' id='word_1_257' title='bbox 2199 1756 2214 1791; x_wconf 85' lang='lat'><strong>:</strong></span> <span class='ocrx_word' id='word_1_258' title='bbox 2252 1756 2270 1788; x_wconf 74' lang='grc' dir='ltr'><strong><em>ι</em></strong></span> <span class='ocrx_word' id='word_1_259' title='bbox 2302 1736 2492 1791; x_wconf 88' lang='lat' dir='ltr'><strong>adorat</strong></span> <span class='ocrx_word' id='word_1_260' title='bbox 2520 1734 2663 1790; x_wconf 91' lang='lat' dir='ltr'><strong>enim</strong></span> <span class='ocrx_word' id='word_1_261' title='bbox 2701 1734 3070 1802; x_wconf 89' lang='lat' dir='ltr'><strong>unusquisque</strong></span> <span class='ocrx_word' id='word_1_262' title='bbox 3107 1730 3251 1803; x_wconf 87' lang='lat' dir='ltr'><strong>quod</strong></span> <span class='ocrx_word' id='word_1_263' title='bbox 3293 1729 3483 1799; x_wconf 82' lang='lat' dir='ltr'><strong>diligit.</strong></span> 
     </span>
    </p>
   </div>
   <div class='ocr_carea' id='block_1_34' title="bbox 220 1820 3492 1905">
    <p class='ocr_par' dir='ltr' id='par_1_34' title="bbox 220 1820 3492 1905">
     <span class='ocr_line' id='line_1_34' title="bbox 220 1820 3492 1905; baseline -0.005 -15"><span class='ocrx_word' id='word_1_264' title='bbox 220 1820 405 1881; x_wconf 48' lang='grc' dir='ltr'><strong>βαθέαν</strong></span> <span class='ocrx_word' id='word_1_265' title='bbox 431 1825 771 1881; x_wconf 63' lang='lat' dir='ltr'><strong>inimicorum</strong></span> <span class='ocrx_word' id='word_1_266' title='bbox 823 1824 917 1879; x_wconf 77' lang='lat' dir='ltr'><strong>Dei</strong></span> <span class='ocrx_word' id='word_1_267' title='bbox 943 1824 1260 1901; x_wconf 61' lang='lat' dir='ltr'><strong>~(BOIIVi‘I‘iiS.</strong></span> <span class='ocrx_word' id='word_1_268' title='bbox 1291 1838 1360 1877; x_wconf 76' lang='lat' dir='ltr'><strong>ne</strong></span> <span class='ocrx_word' id='word_1_269' title='bbox 1398 1822 1544 1892; x_wconf 71' lang='lat' dir='ltr'><strong>iusta</strong></span> <span class='ocrx_word' id='word_1_270' title='bbox 1573 1820 1808 1876; x_wconf 69' lang='lat' dir='ltr'><strong>celebret</strong></span> <span class='ocrx_word' id='word_1_271' title='bbox 1838 1846 1886 1905; x_wconf 77' lang='grc' dir='ltr'>Β</span> <span class='ocrx_word' id='word_1_272' title='bbox 1920 1846 1937 1879; x_wconf 85' lang='grc'><em>‹</em></span> <span class='ocrx_word' id='word_1_273' title='bbox 1973 1828 2036 1882; x_wconf 88' lang='lat' dir='ltr'><strong>Et</strong></span> <span class='ocrx_word' id='word_1_274' title='bbox 2060 1843 2142 1882; x_wconf 90' lang='lat' dir='ltr'><strong>me</strong></span> <span class='ocrx_word' id='word_1_275' title='bbox 2167 1826 2586 1897; x_wconf 90' lang='lat' dir='ltr'><strong>dereliquerunt,</strong></span> <span class='ocrx_word' id='word_1_276' title='bbox 2611 1835 2667 1881; x_wconf 91' lang='lat' dir='ltr'><strong>et</strong></span> <span class='ocrx_word' id='word_1_277' title='bbox 2686 1825 2857 1897; x_wconf 87' lang='lat' dir='ltr'><strong>legem</strong></span> <span class='ocrx_word' id='word_1_278' title='bbox 2881 1840 3057 1879; x_wconf 86' lang='lat' dir='ltr'><strong>meam</strong></span> <span class='ocrx_word' id='word_1_279' title='bbox 3084 1840 3192 1879; x_wconf 88' lang='lat' dir='ltr'><strong>non</strong></span> <span class='ocrx_word' id='word_1_280' title='bbox 3217 1822 3492 1878; x_wconf 78' lang='lat' dir='ltr'><strong>custodie-</strong></span> 
     </span>
    </p>
   </div>
   <div class='ocr_carea' id='block_1_35' title="bbox 218 1910 1809 1989">
    <p class='ocr_par' dir='ltr' id='par_1_35' title="bbox 218 1910 1809 1989">
     <span class='ocr_line' id='line_1_35' title="bbox 218 1910 1809 1989; baseline -0.006 -16"><span class='ocrx_word' id='word_1_281' title='bbox 218 1932 388 1989; x_wconf 86' lang='lat' dir='ltr'><strong>super</strong></span> <span class='ocrx_word' id='word_1_282' title='bbox 414 1916 692 1973; x_wconf 83' lang='lat' dir='ltr'><strong>funeribus</strong></span> <span class='ocrx_word' id='word_1_283' title='bbox 737 1914 1132 1971; x_wconf 80' lang='lat' dir='ltr'><strong>defunctorum.</strong></span> <span class='ocrx_word' id='word_1_284' title='bbox 1185 1913 1344 1968; x_wconf 84' lang='lat' dir='ltr'><strong>Aliud</strong></span> <span class='ocrx_word' id='word_1_285' title='bbox 1377 1920 1460 1967; x_wconf 91' lang='lat' dir='ltr'><strong>est</strong></span> <span class='ocrx_word' id='word_1_286' title='bbox 1487 1912 1631 1967; x_wconf 91' lang='lat' dir='ltr'><strong>enim</strong></span> <span class='ocrx_word' id='word_1_287' title='bbox 1674 1910 1809 1964; x_wconf 91' lang='lat' dir='ltr'><strong>mori</strong></span> 
     </span>
    </p>
   </div>
   <div class='ocr_carea' id='block_1_36' title="bbox 219 2003 1808 2079">
    <p class='ocr_par' dir='ltr' id='par_1_36' title="bbox 219 2003 1808 2079">
     <span class='ocr_line' id='line_1_36' title="bbox 219 2003 1808 2079; baseline -0.006 -14"><span class='ocrx_word' id='word_1_288' title='bbox 219 2009 499 2066; x_wconf 80' lang='lat' dir='ltr'><strong>communi</strong></span> <span class='ocrx_word' id='word_1_289' title='bbox 522 2008 639 2079; x_wconf 89' lang='lat' dir='ltr'><strong>lege</strong></span> <span class='ocrx_word' id='word_1_290' title='bbox 660 2015 888 2073; x_wconf 72' lang='lat' dir='ltr'><strong>natum,</strong></span> <span class='ocrx_word' id='word_1_291' title='bbox 923 2005 1069 2061; x_wconf 87' lang='lat' dir='ltr'><strong>aliud</strong></span> <span class='ocrx_word' id='word_1_292' title='bbox 1096 2005 1190 2060; x_wconf 86' lang='lat' dir='ltr'><strong>Dei</strong></span> <span class='ocrx_word' id='word_1_293' title='bbox 1227 2004 1489 2061; x_wconf 85' lang='lat' dir='ltr'><strong>occidisse</strong></span> <span class='ocrx_word' id='word_1_294' title='bbox 1520 2003 1808 2059; x_wconf 85' lang='lat' dir='ltr'><strong>sententia.</strong></span> 
     </span>
    </p>
   </div>
   <div class='ocr_carea' id='block_1_37' title="bbox 226 2096 1815 2169">
    <p class='ocr_par' dir='ltr' id='par_1_37' title="bbox 226 2096 1815 2169">
     <span class='ocr_line' id='line_1_37' title="bbox 226 2096 1815 2169; baseline -0.003 -16"><span class='ocrx_word' id='word_1_295' title='bbox 226 2120 248 2153; x_wconf 74' lang='grc' dir='ltr'><strong><em>ι</em></strong></span> <span class='ocrx_word' id='word_1_296' title='bbox 292 2100 523 2166; x_wconf 85' lang='lat' dir='ltr'><strong>Abstuli,</strong></span> <span class='ocrx_word' id='word_1_297' title='bbox 564 2099 757 2169; x_wconf 89' lang='lat' dir='ltr'><strong>inquit,</strong></span> <span class='ocrx_word' id='word_1_298' title='bbox 805 2113 996 2169; x_wconf 88' lang='lat' dir='ltr'><strong>pacem</strong></span> <span class='ocrx_word' id='word_1_299' title='bbox 1044 2112 1220 2153; x_wconf 86' lang='lat' dir='ltr'><strong>meam</strong></span> <span class='ocrx_word' id='word_1_300' title='bbox 1255 2096 1502 2168; x_wconf 81' lang='lat' dir='ltr'><strong>apOpulo</strong></span> <span class='ocrx_word' id='word_1_301' title='bbox 1528 2096 1671 2167; x_wconf 74' lang='lat' dir='ltr'><strong>isto,</strong></span> <span class='ocrx_word' id='word_1_302' title='bbox 1709 2113 1727 2145; x_wconf 76' lang='grc' dir='ltr'><strong><em>ι</em></strong></span> <span class='ocrx_word' id='word_1_303' title='bbox 1759 2102 1815 2148; x_wconf 89' lang='lat' dir='ltr'><strong>et</strong></span> 
     </span>
    </p>
   </div>
   <div class='ocr_carea' id='block_1_38' title="bbox 220 2191 1814 2266">
    <p class='ocr_par' dir='ltr' id='par_1_38' title="bbox 220 2191 1814 2266">
     <span class='ocr_line' id='line_1_38' title="bbox 220 2191 1814 2266; baseline -0.003 -16"><span class='ocrx_word' id='word_1_304' title='bbox 220 2194 592 2251; x_wconf 85' lang='lat' dir='ltr'><strong>misericordia</strong></span> <span class='ocrx_word' id='word_1_305' title='bbox 608 2194 813 2266; x_wconf 82' lang='lat' dir='ltr'><strong>indigni</strong></span> <span class='ocrx_word' id='word_1_306' title='bbox 827 2203 972 2261; x_wconf 77' lang='lat' dir='ltr'><strong>sunt,</strong></span> <span class='ocrx_word' id='word_1_307' title='bbox 990 2193 1227 2265; x_wconf 90' lang='lat' dir='ltr'><strong>nullique</strong></span> <span class='ocrx_word' id='word_1_308' title='bbox 1243 2194 1383 2249; x_wconf 76' lang='lat' dir='ltr'><strong>aetati</strong></span> <span class='ocrx_word' id='word_1_309' title='bbox 1400 2208 1635 2265; x_wconf 84' lang='lat' dir='ltr'><strong>parcam,</strong></span> <span class='ocrx_word' id='word_1_310' title='bbox 1654 2191 1745 2247; x_wconf 91' lang='lat' dir='ltr'><strong>sed</strong></span> <span class='ocrx_word' id='word_1_311' title='bbox 1760 2200 1814 2246; x_wconf 91' lang='lat' dir='ltr'><strong>et</strong></span> 
     </span>
    </p>
   </div>
   <div class='ocr_carea' id='block_1_39' title="bbox 222 2280 1814 2353">
    <p class='ocr_par' dir='ltr' id='par_1_39' title="bbox 222 2280 1814 2353">
     <span class='ocr_line' id='line_1_39' title="bbox 222 2280 1814 2353; baseline -0.003 -16"><span class='ocrx_word' id='word_1_312' title='bbox 222 2284 459 2352; x_wconf 88' lang='lat' dir='ltr'><strong>grandes</strong></span> <span class='ocrx_word' id='word_1_313' title='bbox 476 2291 531 2338; x_wconf 90' lang='lat' dir='ltr'><strong>et</strong></span> <span class='ocrx_word' id='word_1_314' title='bbox 566 2283 717 2353; x_wconf 89' lang='lat' dir='ltr'><strong>parvi</strong></span> <span class='ocrx_word' id='word_1_315' title='bbox 761 2283 968 2353; x_wconf 90' lang='lat' dir='ltr'><strong>pariter</strong></span> <span class='ocrx_word' id='word_1_316' title='bbox 998 2283 1320 2348; x_wconf 89' lang='lat' dir='ltr'><strong>interibunt,</strong></span> <span class='ocrx_word' id='word_1_317' title='bbox 1351 2283 1427 2337; x_wconf 91' lang='lat' dir='ltr'><strong>ita</strong></span> <span class='ocrx_word' id='word_1_318' title='bbox 1452 2290 1512 2336; x_wconf 86' lang='lat' dir='ltr'><strong>ut</strong></span> <span class='ocrx_word' id='word_1_319' title='bbox 1540 2280 1814 2352; x_wconf 85' lang='lat' dir='ltr'><strong>sepultura</strong></span> 
     </span>
    </p>
   </div>
   <div class='ocr_carea' id='block_1_40' title="bbox 221 2372 1816 2445">
    <p class='ocr_par' dir='ltr' id='par_1_40' title="bbox 221 2372 1816 2445">
     <span class='ocr_line' id='line_1_40' title="bbox 221 2372 1816 2445; baseline -0.001 -18"><span class='ocrx_word' id='word_1_320' title='bbox 221 2387 444 2445; x_wconf 83' lang='lat' dir='ltr'><strong>quoque</strong></span> <span class='ocrx_word' id='word_1_321' title='bbox 487 2381 746 2429; x_wconf 87' lang='lat' dir='ltr'><strong>careant:</strong></span> <span class='ocrx_word' id='word_1_322' title='bbox 781 2393 799 2424; x_wconf 76' lang='grc' dir='ltr'>ι</span> <span class='ocrx_word' id='word_1_323' title='bbox 834 2372 946 2429; x_wconf 86' lang='lat' dir='ltr'><strong>Nec</strong></span> <span class='ocrx_word' id='word_1_324' title='bbox 994 2389 1052 2428; x_wconf 90' lang='lat' dir='ltr'><strong>se</strong></span> <span class='ocrx_word' id='word_1_325' title='bbox 1096 2374 1353 2438; x_wconf 89' lang='lat' dir='ltr'><strong>incident,</strong></span> <span class='ocrx_word' id='word_1_326' title='bbox 1404 2374 1600 2444; x_wconf 89' lang='lat' dir='ltr'><strong>inquit,</strong></span> <span class='ocrx_word' id='word_1_327' title='bbox 1638 2386 1816 2442; x_wconf 72' lang='lat' dir='ltr'><strong>neque</strong></span> 
     </span>
    </p>
   </div>
   <div class='ocr_carea' id='block_1_41' title="bbox 223 2463 1814 2537">
    <p class='ocr_par' dir='ltr' id='par_1_41' title="bbox 223 2463 1814 2537">
     <span class='ocr_line' id='line_1_41' title="bbox 223 2463 1814 2537; baseline -0.002 -17"><span class='ocrx_word' id='word_1_328' title='bbox 223 2464 504 2520; x_wconf 80' lang='lat' dir='ltr'><strong>calvitium</strong></span> <span class='ocrx_word' id='word_1_329' title='bbox 563 2465 655 2521; x_wconf 86' lang='lat' dir='ltr'><strong>fiet</strong></span> <span class='ocrx_word' id='word_1_330' title='bbox 690 2481 788 2537; x_wconf 90' lang='lat' dir='ltr'><strong>pro</strong></span> <span class='ocrx_word' id='word_1_331' title='bbox 820 2465 918 2520; x_wconf 91' lang='lat' dir='ltr'><strong>eis.</strong></span> <span class='ocrx_word' id='word_1_332' title='bbox 958 2483 976 2516; x_wconf 85' lang='grc'><strong>›</strong></span> <span class='ocrx_word' id='word_1_333' title='bbox 1009 2464 1124 2520; x_wconf 83' lang='lat' dir='ltr'><strong>Mos</strong></span> <span class='ocrx_word' id='word_1_334' title='bbox 1151 2466 1241 2520; x_wconf 90' lang='lat' dir='ltr'><strong>hic</strong></span> <span class='ocrx_word' id='word_1_335' title='bbox 1268 2464 1369 2519; x_wconf 90' lang='lat' dir='ltr'><strong>fuit</strong></span> <span class='ocrx_word' id='word_1_336' title='bbox 1399 2463 1539 2535; x_wconf 89' lang='lat' dir='ltr'><strong>apud</strong></span> <span class='ocrx_word' id='word_1_337' title='bbox 1582 2472 1814 2527; x_wconf 88' lang='lat' dir='ltr'><strong>veteres,</strong></span> 
     </span>
    </p>
   </div>
   <div class='ocr_carea' id='block_1_42' title="bbox 224 2550 1813 2627">
    <p class='ocr_par' dir='ltr' id='par_1_42' title="bbox 224 2550 1813 2627">
     <span class='ocr_line' id='line_1_42' title="bbox 224 2550 1813 2627; baseline -0.003 -16"><span class='ocrx_word' id='word_1_338' title='bbox 224 2565 290 2612; x_wconf 89' lang='lat' dir='ltr'><strong>et</strong></span> <span class='ocrx_word' id='word_1_339' title='bbox 312 2571 479 2627; x_wconf 89' lang='lat' dir='ltr'><strong>usque</strong></span> <span class='ocrx_word' id='word_1_340' title='bbox 505 2556 664 2611; x_wconf 89' lang='lat' dir='ltr'><strong>hodie</strong></span> <span class='ocrx_word' id='word_1_341' title='bbox 716 2556 770 2610; x_wconf 90' lang='lat' dir='ltr'><strong>in</strong></span> <span class='ocrx_word' id='word_1_342' title='bbox 797 2550 1120 2625; x_wconf 89' lang='lat' dir='ltr'><strong>quibusdam</strong></span> <span class='ocrx_word' id='word_1_343' title='bbox 1165 2564 1445 2625; x_wconf 86' lang='lat' dir='ltr'><strong>permanet</strong></span> <span class='ocrx_word' id='word_1_344' title='bbox 1481 2554 1813 2619; x_wconf 77' lang='lat' dir='ltr'><strong>Iudaeorum,</strong></span> 
     </span>
    </p>
   </div>
   <div class='ocr_carea' id='block_1_43' title="bbox 224 2644 1813 2712">
    <p class='ocr_par' dir='ltr' id='par_1_43' title="bbox 224 2644 1813 2712">
     <span class='ocr_line' id='line_1_43' title="bbox 224 2644 1813 2712; baseline -0.003 -11"><span class='ocrx_word' id='word_1_345' title='bbox 224 2656 293 2701; x_wconf 89' lang='lat' dir='ltr'><strong>ut</strong></span> <span class='ocrx_word' id='word_1_346' title='bbox 322 2648 375 2702; x_wconf 90' lang='lat' dir='ltr'><strong>in</strong></span> <span class='ocrx_word' id='word_1_347' title='bbox 406 2646 638 2703; x_wconf 89' lang='lat' dir='ltr'><strong>luctibus</strong></span> <span class='ocrx_word' id='word_1_348' title='bbox 662 2647 904 2702; x_wconf 90' lang='lat' dir='ltr'><strong>incidant</strong></span> <span class='ocrx_word' id='word_1_349' title='bbox 921 2646 1174 2711; x_wconf 91' lang='lat' dir='ltr'><strong>lacertos,</strong></span> <span class='ocrx_word' id='word_1_350' title='bbox 1204 2654 1257 2699; x_wconf 90' lang='lat' dir='ltr'><strong>et</strong></span> <span class='ocrx_word' id='word_1_351' title='bbox 1284 2645 1555 2701; x_wconf 89' lang='lat' dir='ltr'><strong>calvitium</strong></span> <span class='ocrx_word' id='word_1_352' title='bbox 1594 2644 1813 2712; x_wconf 82' lang='lat' dir='ltr'><strong>faciant,</strong></span> 
     </span>
    </p>
   </div>
   <div class='ocr_carea' id='block_1_44' title="bbox 225 2734 1816 2811">
    <p class='ocr_par' dir='ltr' id='par_1_44' title="bbox 225 2734 1816 2811">
     <span class='ocr_line' id='line_1_44' title="bbox 225 2734 1816 2811; baseline -0.004 -16"><span class='ocrx_word' id='word_1_353' title='bbox 225 2740 377 2811; x_wconf 88' lang='lat' dir='ltr'><strong>quod</strong></span> <span class='ocrx_word' id='word_1_354' title='bbox 398 2739 561 2795; x_wconf 89' lang='lat' dir='ltr'><strong>etiam</strong></span> <span class='ocrx_word' id='word_1_355' title='bbox 600 2738 700 2793; x_wconf 84' lang='lat' dir='ltr'><strong>Job</strong></span> <span class='ocrx_word' id='word_1_356' title='bbox 727 2738 921 2794; x_wconf 87' lang='lat' dir='ltr'><strong>fecisse</strong></span> <span class='ocrx_word' id='word_1_357' title='bbox 961 2739 1187 2810; x_wconf 87' lang='lat' dir='ltr'><strong>legimus</strong></span> <span class='ocrx_word' id='word_1_358' title='bbox 1218 2737 1360 2809; x_wconf 82' lang='lat' dir='ltr'><strong>(Job.</strong></span> <span class='ocrx_word' id='word_1_359' title='bbox 1392 2754 1411 2791; x_wconf 84' lang='lat'>1</span> <span class='ocrx_word' id='word_1_360' title='bbox 1439 2747 1485 2792; x_wconf 87' lang='lat' dir='ltr'><strong>et</strong></span> <span class='ocrx_word' id='word_1_361' title='bbox 1522 2736 1678 2808; x_wconf 69' lang='grc' dir='ltr'>χιιι).</span> <span class='ocrx_word' id='word_1_362' title='bbox 1706 2734 1816 2790; x_wconf 89' lang='lat' dir='ltr'><strong>Un-</strong></span> 
     </span>
    </p>
   </div>
   <div class='ocr_carea' id='block_1_45' title="bbox 226 2828 1813 2901">
    <p class='ocr_par' dir='ltr' id='par_1_45' title="bbox 226 2828 1813 2901">
     <span class='ocr_line' id='line_1_45' title="bbox 226 2828 1813 2901; baseline -0.005 -15"><span class='ocrx_word' id='word_1_363' title='bbox 226 2831 303 2886; x_wconf 90' lang='lat' dir='ltr'><strong>de</strong></span> <span class='ocrx_word' id='word_1_364' title='bbox 332 2839 385 2885; x_wconf 88' lang='lat' dir='ltr'><strong>et</strong></span> <span class='ocrx_word' id='word_1_365' title='bbox 408 2831 682 2901; x_wconf 69' lang='lat' dir='ltr'><strong>propheta:</strong></span> <span class='ocrx_word' id='word_1_366' title='bbox 727 2830 925 2885; x_wconf 89' lang='lat' dir='ltr'><strong>dicitur</strong></span> <span class='ocrx_word' id='word_1_367' title='bbox 957 2844 1024 2884; x_wconf 89' lang='lat' dir='ltr'><strong>ne</strong></span> <span class='ocrx_word' id='word_1_368' title='bbox 1053 2830 1266 2900; x_wconf 89' lang='lat' dir='ltr'><strong>frangat</strong></span> <span class='ocrx_word' id='word_1_369' title='bbox 1294 2828 1433 2883; x_wconf 89' lang='lat' dir='ltr'><strong>inter</strong></span> <span class='ocrx_word' id='word_1_370' title='bbox 1456 2842 1550 2882; x_wconf 91' lang='lat' dir='ltr'><strong>eos</strong></span> <span class='ocrx_word' id='word_1_371' title='bbox 1599 2840 1813 2896; x_wconf 90' lang='lat' dir='ltr'><strong>panem,</strong></span> 
     </span>
    </p>
   </div>
   <div class='ocr_carea' id='block_1_46' title="bbox 226 2909 1817 2995">
    <p class='ocr_par' dir='ltr' id='par_1_46' title="bbox 226 2909 1817 2995">
     <span class='ocr_line' id='line_1_46' title="bbox 226 2909 1817 2995; baseline -0.005 -18"><span class='ocrx_word' id='word_1_372' title='bbox 226 2936 336 2977; x_wconf 88' lang='lat' dir='ltr'><strong>nec</strong></span> <span class='ocrx_word' id='word_1_373' title='bbox 378 2909 715 2992; x_wconf 87' lang='lat' dir='ltr'><strong>ingrediatur</strong></span> <span class='ocrx_word' id='word_1_374' title='bbox 764 2922 830 2976; x_wconf 91' lang='lat' dir='ltr'><strong>ad</strong></span> <span class='ocrx_word' id='word_1_375' title='bbox 880 2920 1265 2995; x_wconf 87' lang='lat' dir='ltr'><strong>consolandum</strong></span> <span class='ocrx_word' id='word_1_376' title='bbox 1316 2934 1414 2989; x_wconf 91' lang='lat' dir='ltr'><strong>pro</strong></span> <span class='ocrx_word' id='word_1_377' title='bbox 1456 2925 1709 2972; x_wconf 91' lang='lat' dir='ltr'><strong>mortuo:</strong></span> <span class='ocrx_word' id='word_1_378' title='bbox 1750 2932 1817 2970; x_wconf 88' lang='lat' dir='ltr'><strong>ne</strong></span> 
     </span>
    </p>
   </div>
   <div class='ocr_carea' id='block_1_47' title="bbox 227 3008 1813 3085">
    <p class='ocr_par' dir='ltr' id='par_1_47' title="bbox 227 3008 1813 3085">
     <span class='ocr_line' id='line_1_47' title="bbox 227 3008 1813 3085; baseline -0.005 -17"><span class='ocrx_word' id='word_1_379' title='bbox 227 3022 423 3085; x_wconf 85' lang='lat' dir='ltr'><strong>potum</strong></span> <span class='ocrx_word' id='word_1_380' title='bbox 472 3012 696 3077; x_wconf 89' lang='lat' dir='ltr'><strong>tribuat,</strong></span> <span class='ocrx_word' id='word_1_381' title='bbox 742 3027 915 3082; x_wconf 89' lang='lat' dir='ltr'><strong>neque</strong></span> <span class='ocrx_word' id='word_1_382' title='bbox 961 3011 1295 3082; x_wconf 88' lang='lat' dir='ltr'><strong>ingrediatur</strong></span> <span class='ocrx_word' id='word_1_383' title='bbox 1323 3013 1541 3065; x_wconf 91' lang='lat' dir='ltr'><strong>domum</strong></span> <span class='ocrx_word' id='word_1_384' title='bbox 1563 3008 1813 3072; x_wconf 86' lang='lat' dir='ltr'><strong>convivii,</strong></span> 
     </span>
    </p>
   </div>
   <div class='ocr_carea' id='block_1_48' title="bbox 227 3098 1816 3173">
    <p class='ocr_par' dir='ltr' id='par_1_48' title="bbox 227 3098 1816 3173">
     <span class='ocr_line' id='line_1_48' title="bbox 227 3098 1816 3173; baseline -0.006 -12"><span class='ocrx_word' id='word_1_385' title='bbox 227 3112 292 3161; x_wconf 87' lang='lat' dir='ltr'><strong>et</strong></span> <span class='ocrx_word' id='word_1_386' title='bbox 320 3120 389 3160; x_wconf 91' lang='lat' dir='ltr'><strong>ne</strong></span> <span class='ocrx_word' id='word_1_387' title='bbox 418 3105 710 3159; x_wconf 88' lang='lat' dir='ltr'><strong>misceatur</strong></span> <span class='ocrx_word' id='word_1_388' title='bbox 752 3104 853 3170; x_wconf 90' lang='lat' dir='ltr'><strong>eis,</strong></span> <span class='ocrx_word' id='word_1_389' title='bbox 906 3104 997 3172; x_wconf 90' lang='lat' dir='ltr'><strong>qui</strong></span> <span class='ocrx_word' id='word_1_390' title='bbox 1050 3103 1144 3158; x_wconf 87' lang='lat' dir='ltr'><strong>Dei</strong></span> <span class='ocrx_word' id='word_1_391' title='bbox 1202 3102 1483 3158; x_wconf 64' lang='lat' dir='ltr'><strong>sententia:</strong></span> <span class='ocrx_word' id='word_1_392' title='bbox 1524 3098 1816 3173; x_wconf 65' lang='lat' dir='ltr'><strong>prazparati</strong></span> 
     </span>
    </p>
   </div>
   <div class='ocr_carea' id='block_1_49' title="bbox 1913 1912 3487 1985">
    <p class='ocr_par' dir='ltr' id='par_1_49' title="bbox 1913 1912 3487 1985">
     <span class='ocr_line' id='line_1_49' title="bbox 1913 1912 3487 1985; baseline -0.005 -14"><span class='ocrx_word' id='word_1_393' title='bbox 1913 1927 2058 1971; x_wconf 89' lang='lat' dir='ltr'><strong>runt.</strong></span> <span class='ocrx_word' id='word_1_394' title='bbox 2098 1936 2116 1969; x_wconf 72' lang='grc' dir='ltr'><strong><em>ι</em></strong></span> <span class='ocrx_word' id='word_1_395' title='bbox 2151 1915 2502 1972; x_wconf 89' lang='lat' dir='ltr'><strong>Sacerdotum</strong></span> <span class='ocrx_word' id='word_1_396' title='bbox 2530 1924 2614 1969; x_wconf 86' lang='lat' dir='ltr'><strong>est</strong></span> <span class='ocrx_word' id='word_1_397' title='bbox 2642 1915 2919 1985; x_wconf 89' lang='lat' dir='ltr'><strong>proprium</strong></span> <span class='ocrx_word' id='word_1_398' title='bbox 2948 1930 3053 1968; x_wconf 92' lang='lat' dir='ltr'><strong>nou</strong></span> <span class='ocrx_word' id='word_1_399' title='bbox 3082 1913 3253 1969; x_wconf 90' lang='lat' dir='ltr'><strong>solum</strong></span> <span class='ocrx_word' id='word_1_400' title='bbox 3276 1912 3487 1974; x_wconf 90' lang='lat' dir='ltr'><strong>docere,</strong></span> 
     </span>
    </p>
   </div>
   <div class='ocr_carea' id='block_1_50' title="bbox 1914 2004 3491 2080">
    <p class='ocr_par' dir='ltr' id='par_1_50' title="bbox 1914 2004 3491 2080">
     <span class='ocr_line' id='line_1_50' title="bbox 1914 2004 3491 2080; baseline -0.008 -13"><span class='ocrx_word' id='word_1_401' title='bbox 1914 2013 2007 2067; x_wconf 91' lang='lat' dir='ltr'><strong>sed</strong></span> <span class='ocrx_word' id='word_1_402' title='bbox 2038 2019 2092 2066; x_wconf 88' lang='lat' dir='ltr'><strong>et</strong></span> <span class='ocrx_word' id='word_1_403' title='bbox 2117 2010 2296 2065; x_wconf 82' lang='lat' dir='ltr'><strong>facere</strong></span> <span class='ocrx_word' id='word_1_404' title='bbox 2322 2017 2492 2080; x_wconf 72' lang='lat' dir='ltr'><strong>tegent</strong></span> <span class='ocrx_word' id='word_1_405' title='bbox 2524 2026 2536 2062; x_wconf 89' lang='lat'><strong>:</strong></span> <span class='ocrx_word' id='word_1_406' title='bbox 2572 2017 2632 2063; x_wconf 91' lang='lat' dir='ltr'><strong>ut</strong></span> <span class='ocrx_word' id='word_1_407' title='bbox 2653 2022 2991 2077; x_wconf 88' lang='lat' dir='ltr'><strong>nequaquam</strong></span> <span class='ocrx_word' id='word_1_408' title='bbox 3016 2006 3195 2060; x_wconf 85' lang='lat' dir='ltr'><strong>verbis</strong></span> <span class='ocrx_word' id='word_1_409' title='bbox 3222 2004 3491 2072; x_wconf 80' lang='lat' dir='ltr'><strong>subjectos</strong></span> 
     </span>
    </p>
   </div>
   <div class='ocr_carea' id='block_1_51' title="bbox 1914 2092 3491 2172">
    <p class='ocr_par' dir='ltr' id='par_1_51' title="bbox 1914 2092 3491 2172">
     <span class='ocr_line' id='line_1_51' title="bbox 1914 2092 3491 2172; baseline -0.008 -16"><span class='ocrx_word' id='word_1_410' title='bbox 1914 2101 2012 2156; x_wconf 89' lang='lat' dir='ltr'><strong>sibi</strong></span> <span class='ocrx_word' id='word_1_411' title='bbox 2055 2100 2280 2172; x_wconf 90' lang='lat' dir='ltr'><strong>populos</strong></span> <span class='ocrx_word' id='word_1_412' title='bbox 2306 2108 2362 2154; x_wconf 92' lang='lat' dir='ltr'><strong>et</strong></span> <span class='ocrx_word' id='word_1_413' title='bbox 2390 2098 2655 2153; x_wconf 91' lang='lat' dir='ltr'><strong>creditum</strong></span> <span class='ocrx_word' id='word_1_414' title='bbox 2694 2112 2934 2168; x_wconf 84' lang='lat' dir='ltr'><strong>gregem,</strong></span> <span class='ocrx_word' id='word_1_415' title='bbox 2974 2096 3066 2149; x_wconf 90' lang='lat' dir='ltr'><strong>sed</strong></span> <span class='ocrx_word' id='word_1_416' title='bbox 3101 2092 3362 2163; x_wconf 84' lang='lat' dir='ltr'><strong>exemplis</strong></span> <span class='ocrx_word' id='word_1_417' title='bbox 3391 2092 3491 2145; x_wconf 87' lang='lat' dir='ltr'><strong>do-</strong></span> 
     </span>
    </p>
   </div>
   <div class='ocr_carea' id='block_1_52' title="bbox 1914 2181 3491 2255">
    <p class='ocr_par' dir='ltr' id='par_1_52' title="bbox 1914 2181 3491 2255">
     <span class='ocr_line' id='line_1_52' title="bbox 1914 2181 3491 2255; baseline -0.006 -10"><span class='ocrx_word' id='word_1_418' title='bbox 1914 2200 2091 2245; x_wconf 87' lang='lat' dir='ltr'><strong>ceant.</strong></span> <span class='ocrx_word' id='word_1_419' title='bbox 2118 2190 2196 2243; x_wconf 83' lang='lat' dir='ltr'><strong>Ac</strong></span> <span class='ocrx_word' id='word_1_420' title='bbox 2218 2203 2285 2244; x_wconf 94' lang='lat' dir='ltr'><strong>ne</strong></span> <span class='ocrx_word' id='word_1_421' title='bbox 2309 2187 2531 2243; x_wconf 87' lang='lat' dir='ltr'><strong>forsitan</strong></span> <span class='ocrx_word' id='word_1_422' title='bbox 2558 2187 2798 2242; x_wconf 89' lang='lat' dir='ltr'><strong>dicerent</strong></span> <span class='ocrx_word' id='word_1_423' title='bbox 2825 2202 2837 2215; x_wconf 70' lang='grc' dir='ltr'><strong>ο</strong></span> <span class='ocrx_word' id='word_1_424' title='bbox 2870 2185 3065 2255; x_wconf 88' lang='lat' dir='ltr'><strong>iujusta</strong></span> <span class='ocrx_word' id='word_1_425' title='bbox 3092 2192 3174 2239; x_wconf 88' lang='lat' dir='ltr'><strong>est</strong></span> <span class='ocrx_word' id='word_1_426' title='bbox 3200 2181 3491 2247; x_wconf 87' lang='lat' dir='ltr'><strong>sententia,</strong></span> 
     </span>
    </p>
   </div>
   <div class='ocr_carea' id='block_1_53' title="bbox 1912 2264 3492 2350">
    <p class='ocr_par' dir='ltr' id='par_1_53' title="bbox 1912 2264 3492 2350">
     <span class='ocr_line' id='line_1_53' title="bbox 1912 2264 3492 2350; baseline -0.004 -17"><span class='ocrx_word' id='word_1_427' title='bbox 1912 2286 2097 2349; x_wconf 86' lang='lat' dir='ltr'><strong>patres</strong></span> <span class='ocrx_word' id='word_1_428' title='bbox 2111 2278 2395 2332; x_wconf 87' lang='lat' dir='ltr'><strong>comedere</strong></span> <span class='ocrx_word' id='word_1_429' title='bbox 2415 2291 2572 2331; x_wconf 88' lang='lat' dir='ltr'><strong>uvam</strong></span> <span class='ocrx_word' id='word_1_430' title='bbox 2590 2264 2860 2339; x_wconf 87' lang='lat' dir='ltr'><strong>acerbam,</strong></span> <span class='ocrx_word' id='word_1_431' title='bbox 2879 2284 2932 2329; x_wconf 90' lang='lat' dir='ltr'><strong>et</strong></span> <span class='ocrx_word' id='word_1_432' title='bbox 2946 2275 3132 2350; x_wconf 73' lang='lat' dir='ltr'><strong>dentes</strong></span> <span class='ocrx_word' id='word_1_433' title='bbox 3150 2273 3379 2327; x_wconf 83' lang='lat' dir='ltr'><strong>filiorum</strong></span> <span class='ocrx_word' id='word_1_434' title='bbox 3398 2272 3492 2327; x_wconf 89' lang='lat' dir='ltr'><strong>ob-</strong></span> 
     </span>
    </p>
   </div>
   <div class='ocr_carea' id='block_1_54' title="bbox 1915 2364 3493 2439">
    <p class='ocr_par' dir='ltr' id='par_1_54' title="bbox 1915 2364 3493 2439">
     <span class='ocr_line' id='line_1_54' title="bbox 1915 2364 3493 2439; baseline -0.002 -16"><span class='ocrx_word' id='word_1_435' title='bbox 1915 2377 2247 2439; x_wconf 88' lang='lat' dir='ltr'><strong>stupescere,</strong></span> <span class='ocrx_word' id='word_1_436' title='bbox 2277 2365 2439 2421; x_wconf 90' lang='lat' dir='ltr'><strong>infert</strong></span> <span class='ocrx_word' id='word_1_437' title='bbox 2474 2385 2487 2420; x_wconf 90' lang='lat'><strong>:</strong></span> <span class='ocrx_word' id='word_1_438' title='bbox 2523 2384 2541 2417; x_wconf 75' lang='grc' dir='ltr'>ι</span> <span class='ocrx_word' id='word_1_439' title='bbox 2575 2364 2682 2421; x_wconf 90' lang='lat' dir='ltr'><strong>Sed</strong></span> <span class='ocrx_word' id='word_1_440' title='bbox 2707 2374 2761 2420; x_wconf 93' lang='lat' dir='ltr'><strong>et</strong></span> <span class='ocrx_word' id='word_1_441' title='bbox 2786 2380 2884 2421; x_wconf 90' lang='lat' dir='ltr'><strong>vos</strong></span> <span class='ocrx_word' id='word_1_442' title='bbox 2917 2364 3067 2435; x_wconf 87' lang='lat' dir='ltr'><strong>pejus</strong></span> <span class='ocrx_word' id='word_1_443' title='bbox 3096 2365 3305 2435; x_wconf 75' lang='lat' dir='ltr'><strong>operati</strong></span> <span class='ocrx_word' id='word_1_444' title='bbox 3338 2365 3493 2430; x_wconf 85' lang='lat' dir='ltr'><strong>estis,</strong></span> 
     </span>
    </p>
   </div>
   <div class='ocr_carea' id='block_1_55' title="bbox 1915 2456 3496 2530">
    <p class='ocr_par' dir='ltr' id='par_1_55' title="bbox 1915 2456 3496 2530">
     <span class='ocr_line' id='line_1_55' title="bbox 1915 2456 3496 2530; baseline -0.001 -15"><span class='ocrx_word' id='word_1_445' title='bbox 1915 2476 2076 2530; x_wconf 88' lang='lat' dir='ltr'><strong>quam</strong></span> <span class='ocrx_word' id='word_1_446' title='bbox 2096 2469 2281 2529; x_wconf 87' lang='lat' dir='ltr'><strong>patres</strong></span> <span class='ocrx_word' id='word_1_447' title='bbox 2297 2460 2485 2525; x_wconf 88' lang='lat' dir='ltr'><strong>vestri,</strong></span> <span class='ocrx_word' id='word_1_448' title='bbox 2509 2480 2526 2512; x_wconf 77' lang='grc' dir='ltr'><strong>ι</strong></span> <span class='ocrx_word' id='word_1_449' title='bbox 2548 2468 2605 2515; x_wconf 82' lang='grc' dir='ltr'><strong>ιιι</strong></span> <span class='ocrx_word' id='word_1_450' title='bbox 2623 2465 2784 2529; x_wconf 80' lang='lat' dir='ltr'><strong>super</strong></span> <span class='ocrx_word' id='word_1_451' title='bbox 2802 2459 2907 2523; x_wconf 91' lang='lat' dir='ltr'><strong>bis,</strong></span> <span class='ocrx_word' id='word_1_452' title='bbox 2930 2459 3023 2529; x_wconf 86' lang='lat' dir='ltr'><strong>qui</strong></span> <span class='ocrx_word' id='word_1_453' title='bbox 3045 2458 3289 2528; x_wconf 90' lang='lat' dir='ltr'><strong>patribus</strong></span> <span class='ocrx_word' id='word_1_454' title='bbox 3310 2456 3496 2529; x_wconf 88' lang='lat' dir='ltr'><strong>pejora</strong></span> 
     </span>
    </p>
   </div>
   <div class='ocr_carea' id='block_1_56' title="bbox 1913 2550 3068 2622">
    <p class='ocr_par' dir='ltr' id='par_1_56' title="bbox 1913 2550 3068 2622">
     <span class='ocr_line' id='line_1_56' title="bbox 1913 2550 3068 2622; baseline -0.002 -15"><span class='ocrx_word' id='word_1_455' title='bbox 1913 2552 2257 2621; x_wconf 86' lang='lat' dir='ltr'><strong>peccaverint</strong></span> <span class='ocrx_word' id='word_1_456' title='bbox 2273 2550 2420 2621; x_wconf 89' lang='lat' dir='ltr'><strong>justa</strong></span> <span class='ocrx_word' id='word_1_457' title='bbox 2450 2551 2707 2622; x_wconf 89' lang='lat' dir='ltr'><strong>supplicia</strong></span> <span class='ocrx_word' id='word_1_458' title='bbox 2739 2550 3068 2605; x_wconf 84' lang='lat' dir='ltr'><strong>deferantur.</strong></span> 
     </span>
    </p>
   </div>
   <div class='ocr_carea' id='block_1_57' title="bbox 1991 2642 3494 2713">
    <p class='ocr_par' dir='ltr' id='par_1_57' title="bbox 1991 2642 3494 2713">
     <span class='ocr_line' id='line_1_57' title="bbox 1991 2642 3494 2713; baseline 0.003 -20"><span class='ocrx_word' id='word_1_459' title='bbox 1991 2662 2009 2693; x_wconf 71' lang='grc' dir='ltr'><strong><em>ι</em></strong></span> <span class='ocrx_word' id='word_1_460' title='bbox 2042 2642 2180 2696; x_wconf 88' lang='lat' dir='ltr'><strong>Ecce</strong></span> <span class='ocrx_word' id='word_1_461' title='bbox 2203 2642 2346 2696; x_wconf 90' lang='lat' dir='ltr'><strong>enim</strong></span> <span class='ocrx_word' id='word_1_462' title='bbox 2378 2642 2617 2696; x_wconf 89' lang='lat' dir='ltr'><strong>ambulat</strong></span> <span class='ocrx_word' id='word_1_463' title='bbox 2641 2643 3005 2713; x_wconf 90' lang='lat' dir='ltr'><strong>unusquisque</strong></span> <span class='ocrx_word' id='word_1_464' title='bbox 3029 2654 3151 2713; x_wconf 91' lang='lat' dir='ltr'><strong>post</strong></span> <span class='ocrx_word' id='word_1_465' title='bbox 3172 2644 3494 2712; x_wconf 82' lang='lat' dir='ltr'><strong>pravitatem</strong></span> 
     </span>
    </p>
   </div>
   <div class='ocr_carea' id='block_1_58' title="bbox 1922 2717 3496 2805">
    <p class='ocr_par' dir='ltr' id='par_1_58' title="bbox 1922 2717 3496 2805">
     <span class='ocr_line' id='line_1_58' title="bbox 1922 2717 3496 2805; baseline 0.004 -22"><span class='ocrx_word' id='word_1_466' title='bbox 1922 2751 1939 2783; x_wconf 73' lang='grc' dir='ltr'>ι</span> <span class='ocrx_word' id='word_1_467' title='bbox 1978 2733 2175 2792; x_wconf 66' lang='grc' dir='ltr'><strong>ροινόὶε,</strong></span> <span class='ocrx_word' id='word_1_468' title='bbox 2196 2717 2280 2787; x_wconf 80' lang='lat' dir='ltr'><strong>sui</strong></span> <span class='ocrx_word' id='word_1_469' title='bbox 2313 2732 2460 2797; x_wconf 91' lang='lat' dir='ltr'><strong>mali,</strong></span> <span class='ocrx_word' id='word_1_470' title='bbox 2488 2741 2547 2787; x_wconf 91' lang='lat' dir='ltr'><strong>ut</strong></span> <span class='ocrx_word' id='word_1_471' title='bbox 2578 2750 2661 2788; x_wconf 88' lang='lat' dir='ltr'><strong>me</strong></span> <span class='ocrx_word' id='word_1_472' title='bbox 2690 2749 2796 2789; x_wconf 89' lang='lat' dir='ltr'><strong>non</strong></span> <span class='ocrx_word' id='word_1_473' title='bbox 2827 2734 3027 2788; x_wconf 89' lang='lat' dir='ltr'><strong>audiat.</strong></span> <span class='ocrx_word' id='word_1_474' title='bbox 3062 2735 3127 2789; x_wconf 87' lang='lat' dir='ltr'><strong>Et</strong></span> <span class='ocrx_word' id='word_1_475' title='bbox 3154 2736 3368 2805; x_wconf 89' lang='lat' dir='ltr'><strong>ejiciam</strong></span> <span class='ocrx_word' id='word_1_476' title='bbox 3398 2751 3496 2791; x_wconf 88' lang='lat' dir='ltr'><strong>vos</strong></span> 
     </span>
    </p>
   </div>
   <div class='ocr_carea' id='block_1_59' title="bbox 1922 2822 3495 2895">
    <p class='ocr_par' dir='ltr' id='par_1_59' title="bbox 1922 2822 3495 2895">
     <span class='ocr_line' id='line_1_59' title="bbox 1922 2822 3495 2895; baseline 0.003 -23"><span class='ocrx_word' id='word_1_477' title='bbox 1922 2842 1939 2871; x_wconf 74' lang='grc' dir='ltr'><strong>ε</strong></span> <span class='ocrx_word' id='word_1_478' title='bbox 1978 2822 2043 2876; x_wconf 93' lang='lat' dir='ltr'><strong>de</strong></span> <span class='ocrx_word' id='word_1_479' title='bbox 2073 2830 2217 2875; x_wconf 88' lang='lat' dir='ltr'><strong>terra</strong></span> <span class='ocrx_word' id='word_1_480' title='bbox 2258 2823 2359 2877; x_wconf 87' lang='lat' dir='ltr'><strong>hac</strong></span> <span class='ocrx_word' id='word_1_481' title='bbox 2404 2824 2457 2877; x_wconf 91' lang='lat' dir='ltr'><strong>in</strong></span> <span class='ocrx_word' id='word_1_482' title='bbox 2508 2832 2727 2889; x_wconf 85' lang='lat' dir='ltr'><strong>terram,</strong></span> <span class='ocrx_word' id='word_1_483' title='bbox 2772 2839 2933 2893; x_wconf 86' lang='lat' dir='ltr'><strong>quam</strong></span> <span class='ocrx_word' id='word_1_484' title='bbox 2984 2824 3243 2895; x_wconf 85' lang='lat' dir='ltr'><strong>ignoratis</strong></span> <span class='ocrx_word' id='word_1_485' title='bbox 3298 2838 3395 2877; x_wconf 91' lang='lat' dir='ltr'><strong>vos</strong></span> <span class='ocrx_word' id='word_1_486' title='bbox 3440 2832 3495 2878; x_wconf 76' lang='lat' dir='ltr'><strong>et</strong></span> 
     </span>
    </p>
   </div>
   <div class='ocr_carea' id='block_1_60' title="bbox 1921 2912 3494 2981">
    <p class='ocr_par' dir='ltr' id='par_1_60' title="bbox 1921 2912 3494 2981">
     <span class='ocr_line' id='line_1_60' title="bbox 1921 2912 3494 2981; baseline 0.004 -20"><span class='ocrx_word' id='word_1_487' title='bbox 1921 2932 1937 2960; x_wconf 75' lang='grc' dir='ltr'><strong><em>ι</em></strong></span> <span class='ocrx_word' id='word_1_488' title='bbox 1974 2920 2157 2981; x_wconf 87' lang='lat' dir='ltr'><strong>patres</strong></span> <span class='ocrx_word' id='word_1_489' title='bbox 2206 2912 2369 2967; x_wconf 88' lang='lat' dir='ltr'><strong>vestri</strong></span> <span class='ocrx_word' id='word_1_490' title='bbox 2407 2928 2421 2965; x_wconf 91' lang='lat'><strong>:</strong></span> <span class='ocrx_word' id='word_1_491' title='bbox 2469 2922 2524 2967; x_wconf 91' lang='lat' dir='ltr'><strong>et</strong></span> <span class='ocrx_word' id='word_1_492' title='bbox 2569 2913 2816 2968; x_wconf 89' lang='lat' dir='ltr'><strong>servietis</strong></span> <span class='ocrx_word' id='word_1_493' title='bbox 2866 2914 2937 2967; x_wconf 89' lang='lat' dir='ltr'><strong>ibi</strong></span> <span class='ocrx_word' id='word_1_494' title='bbox 2969 2914 3073 2968; x_wconf 91' lang='lat' dir='ltr'><strong>diis</strong></span> <span class='ocrx_word' id='word_1_495' title='bbox 3107 2913 3297 2968; x_wconf 90' lang='lat' dir='ltr'><strong>alienis</strong></span> <span class='ocrx_word' id='word_1_496' title='bbox 3321 2914 3405 2969; x_wconf 91' lang='lat' dir='ltr'><strong>die</strong></span> <span class='ocrx_word' id='word_1_497' title='bbox 3430 2928 3494 2967; x_wconf 83' lang='lat' dir='ltr'><strong>ac</strong></span> 
     </span>
    </p>
   </div>
   <div class='ocr_carea' id='block_1_61' title="bbox 1922 3003 3493 3075">
    <p class='ocr_par' dir='ltr' id='par_1_61' title="bbox 1922 3003 3493 3075">
     <span class='ocr_line' id='line_1_61' title="bbox 1922 3003 3493 3075; baseline 0.004 -22"><span class='ocrx_word' id='word_1_498' title='bbox 1922 3022 1939 3053; x_wconf 73' lang='grc' dir='ltr'><strong>ε</strong></span> <span class='ocrx_word' id='word_1_499' title='bbox 1977 3012 2156 3067; x_wconf 89' lang='lat' dir='ltr'><strong>nocte,</strong></span> <span class='ocrx_word' id='word_1_500' title='bbox 2218 3005 2306 3073; x_wconf 86' lang='lat' dir='ltr'><strong>qui</strong></span> <span class='ocrx_word' id='word_1_501' title='bbox 2382 3006 2497 3057; x_wconf 70' lang='lat' dir='ltr'><strong>non’</strong></span> <span class='ocrx_word' id='word_1_502' title='bbox 2544 3005 2749 3060; x_wconf 90' lang='lat' dir='ltr'><strong>dabunt</strong></span> <span class='ocrx_word' id='word_1_503' title='bbox 2800 3005 2955 3060; x_wconf 87' lang='lat' dir='ltr'><strong>vobis</strong></span> <span class='ocrx_word' id='word_1_504' title='bbox 3011 3006 3271 3075; x_wconf 85' lang='lat' dir='ltr'><strong>requiem.</strong></span> <span class='ocrx_word' id='word_1_505' title='bbox 3316 3024 3334 3057; x_wconf 75' lang='grc' dir='ltr'><strong><em>ι</em></strong></span> <span class='ocrx_word' id='word_1_506' title='bbox 3394 3003 3493 3059; x_wconf 84' lang='lat' dir='ltr'><strong>Se-</strong></span> 
     </span>
    </p>
   </div>
   <div class='ocr_carea' id='block_1_62' title="bbox 1917 3093 3493 3165">
    <p class='ocr_par' dir='ltr' id='par_1_62' title="bbox 1917 3093 3493 3165">
     <span class='ocr_line' id='line_1_62' title="bbox 1917 3093 3493 3165; baseline 0.003 -19"><span class='ocrx_word' id='word_1_507' title='bbox 1917 3093 2022 3146; x_wconf 90' lang='lat' dir='ltr'><strong>mel</strong></span> <span class='ocrx_word' id='word_1_508' title='bbox 2050 3093 2291 3148; x_wconf 87' lang='lat' dir='ltr'><strong>derelicti</strong></span> <span class='ocrx_word' id='word_1_509' title='bbox 2339 3110 2368 3148; x_wconf 91' lang='lat' dir='ltr'><strong>a</strong></span> <span class='ocrx_word' id='word_1_510' title='bbox 2401 3093 2644 3159; x_wconf 90' lang='lat' dir='ltr'><strong>Domino,</strong></span> <span class='ocrx_word' id='word_1_511' title='bbox 2684 3093 2891 3150; x_wconf 86' lang='lat' dir='ltr'><strong>faciunt</strong></span> <span class='ocrx_word' id='word_1_512' title='bbox 2911 3110 2973 3149; x_wconf 88' lang='lat' dir='ltr'><strong>ea</strong></span> <span class='ocrx_word' id='word_1_513' title='bbox 3004 3109 3124 3164; x_wconf 83' lang='lat' dir='ltr'><strong>quae</strong></span> <span class='ocrx_word' id='word_1_514' title='bbox 3146 3111 3251 3150; x_wconf 92' lang='lat' dir='ltr'><strong>non</strong></span> <span class='ocrx_word' id='word_1_515' title='bbox 3277 3111 3493 3165; x_wconf 90' lang='lat' dir='ltr'><strong>compe-</strong></span> 
     </span>
    </p>
   </div>
   <div class='ocr_carea' id='block_1_63' title="bbox 230 3183 3493 3262">
    <p class='ocr_par' dir='ltr' id='par_1_63' title="bbox 230 3183 3493 3262">
     <span class='ocr_line' id='line_1_63' title="bbox 230 3183 3493 3262; baseline 0 -22"><span class='ocrx_word' id='word_1_516' title='bbox 230 3203 383 3251; x_wconf 75' lang='grc' dir='ltr'><strong>ωηε,</strong></span> <span class='ocrx_word' id='word_1_517' title='bbox 417 3194 475 3249; x_wconf 79' lang='lat' dir='ltr'><strong>Si</strong></span> <span class='ocrx_word' id='word_1_518' title='bbox 501 3203 681 3249; x_wconf 63' lang='lat' dir='ltr'><strong>autem</strong></span> <span class='ocrx_word' id='word_1_519' title='bbox 711 3194 815 3249; x_wconf 75' lang='lat' dir='ltr'><strong>hoc</strong></span> <span class='ocrx_word' id='word_1_520' title='bbox 840 3194 906 3248; x_wconf 78' lang='lat' dir='ltr'><strong>de</strong></span> <span class='ocrx_word' id='word_1_521' title='bbox 928 3194 1237 3262; x_wconf 68' lang='lat' dir='ltr'><strong>lugentibus</strong></span> <span class='ocrx_word' id='word_1_522' title='bbox 1277 3192 1493 3257; x_wconf 59' lang='lat' dir='ltr'><strong>dicitur,</strong></span> <span class='ocrx_word' id='word_1_523' title='bbox 1549 3190 1677 3261; x_wconf 80' lang='lat' dir='ltr'><strong>quid</strong></span> <span class='ocrx_word' id='word_1_524' title='bbox 1723 3187 1817 3243; x_wconf 69' lang='lat' dir='ltr'><strong>ﬁet</strong></span> <span class='ocrx_word' id='word_1_525' title='bbox 1842 3193 1887 3255; x_wconf 72' lang='grc' dir='ltr'>ο</span> <span class='ocrx_word' id='word_1_526' title='bbox 1919 3189 2055 3246; x_wconf 89' lang='lat' dir='ltr'><strong>tunt,</strong></span> <span class='ocrx_word' id='word_1_527' title='bbox 2088 3191 2147 3236; x_wconf 91' lang='lat' dir='ltr'><strong>ut</strong></span> <span class='ocrx_word' id='word_1_528' title='bbox 2168 3183 2367 3237; x_wconf 88' lang='lat' dir='ltr'><strong>vadant</strong></span> <span class='ocrx_word' id='word_1_529' title='bbox 2388 3192 2509 3251; x_wconf 87' lang='lat' dir='ltr'><strong>post</strong></span> <span class='ocrx_word' id='word_1_530' title='bbox 2533 3183 2796 3238; x_wconf 81' lang='lat' dir='ltr'><strong>desideria</strong></span> <span class='ocrx_word' id='word_1_531' title='bbox 2823 3186 3000 3239; x_wconf 91' lang='lat' dir='ltr'><strong>cordis</strong></span> <span class='ocrx_word' id='word_1_532' title='bbox 3022 3201 3105 3240; x_wconf 85' lang='lat' dir='ltr'><strong>Slll</strong></span> <span class='ocrx_word' id='word_1_533' title='bbox 3135 3185 3281 3250; x_wconf 90' lang='lat' dir='ltr'><strong>mali,</strong></span> <span class='ocrx_word' id='word_1_534' title='bbox 3310 3188 3373 3239; x_wconf 89' lang='lat' dir='ltr'><strong>de</strong></span> <span class='ocrx_word' id='word_1_535' title='bbox 3386 3202 3493 3255; x_wconf 88' lang='lat' dir='ltr'><strong>quo</strong></span> 
     </span>
    </p>
   </div>
   <div class='ocr_carea' id='block_1_64' title="bbox 230 3283 1822 3353">
    <p class='ocr_par' dir='ltr' id='par_1_64' title="bbox 230 3283 1822 3353">
     <span class='ocr_line' id='line_1_64' title="bbox 230 3283 1822 3353; baseline -0.004 -14"><span class='ocrx_word' id='word_1_536' title='bbox 230 3283 307 3345; x_wconf 81' lang='lat' dir='ltr'><strong>de</strong></span> <span class='ocrx_word' id='word_1_537' title='bbox 334 3284 621 3348; x_wconf 84' lang='lat' dir='ltr'><strong>haereticis,</strong></span> <span class='ocrx_word' id='word_1_538' title='bbox 677 3298 909 3353; x_wconf 90' lang='lat' dir='ltr'><strong>quorum</strong></span> <span class='ocrx_word' id='word_1_539' title='bbox 959 3298 1139 3339; x_wconf 90' lang='lat' dir='ltr'><strong>sermo</strong></span> <span class='ocrx_word' id='word_1_540' title='bbox 1183 3283 1349 3352; x_wconf 90' lang='lat' dir='ltr'><strong>serpit</strong></span> <span class='ocrx_word' id='word_1_541' title='bbox 1398 3290 1457 3335; x_wconf 89' lang='lat' dir='ltr'><strong>ut</strong></span> <span class='ocrx_word' id='word_1_542' title='bbox 1505 3294 1724 3345; x_wconf 85' lang='lat' dir='ltr'><strong>cancer,</strong></span> <span class='ocrx_word' id='word_1_543' title='bbox 1766 3286 1822 3333; x_wconf 91' lang='lat' dir='ltr'><strong>et</strong></span> 
     </span>
    </p>
   </div>
   <div class='ocr_carea' id='block_1_65' title="bbox 231 3374 1820 3448">
    <p class='ocr_par' dir='ltr' id='par_1_65' title="bbox 231 3374 1820 3448">
     <span class='ocr_line' id='line_1_65' title="bbox 231 3374 1820 3448; baseline -0.002 -18"><span class='ocrx_word' id='word_1_544' title='bbox 231 3375 482 3446; x_wconf 84' lang='lat' dir='ltr'><strong>quotidie</strong></span> <span class='ocrx_word' id='word_1_545' title='bbox 530 3383 875 3448; x_wconf 89' lang='lat' dir='ltr'><strong>prosternunt</strong></span> <span class='ocrx_word' id='word_1_546' title='bbox 915 3375 969 3430; x_wconf 92' lang='lat' dir='ltr'><strong>in</strong></span> <span class='ocrx_word' id='word_1_547' title='bbox 1027 3375 1267 3431; x_wconf 86' lang='lat' dir='ltr'><strong>Ecclesia</strong></span> <span class='ocrx_word' id='word_1_548' title='bbox 1327 3374 1516 3430; x_wconf 91' lang='lat' dir='ltr'><strong>funera</strong></span> <span class='ocrx_word' id='word_1_549' title='bbox 1569 3376 1820 3443; x_wconf 81' lang='lat' dir='ltr'><strong>decepto-</strong></span> 
     </span>
    </p>
   </div>
   <div class='ocr_carea' id='block_1_66' title="bbox 235 3478 389 3521">
    <p class='ocr_par' dir='ltr' id='par_1_66' title="bbox 235 3478 389 3521">
     <span class='ocr_line' id='line_1_66' title="bbox 235 3478 389 3521; baseline -0.026 0"><span class='ocrx_word' id='word_1_550' title='bbox 235 3478 389 3521; x_wconf 80' lang='lat' dir='ltr'><strong>rum.</strong></span> 
     </span>
    </p>
   </div>
   <div class='ocr_carea' id='block_1_67' title="bbox 317 3550 1813 3629">
    <p class='ocr_par' dir='ltr' id='par_1_67' title="bbox 317 3550 1813 3629">
     <span class='ocr_line' id='line_1_67' title="bbox 317 3550 1813 3629; baseline -0.001 -25"><span class='ocrx_word' id='word_1_551' title='bbox 317 3572 336 3604; x_wconf 85' lang='grc'>‹</span> <span class='ocrx_word' id='word_1_552' title='bbox 374 3551 510 3620; x_wconf 85' lang='lat' dir='ltr'><strong>Quia</strong></span> <span class='ocrx_word' id='word_1_553' title='bbox 533 3552 650 3609; x_wconf 87' lang='lat' dir='ltr'><strong>haec</strong></span> <span class='ocrx_word' id='word_1_554' title='bbox 671 3553 801 3609; x_wconf 91' lang='lat' dir='ltr'><strong>dicit</strong></span> <span class='ocrx_word' id='word_1_555' title='bbox 819 3553 1077 3609; x_wconf 92' lang='lat' dir='ltr'><strong>Dominus</strong></span> <span class='ocrx_word' id='word_1_556' title='bbox 1097 3555 1427 3629; x_wconf 78' lang='lat' dir='ltr'><strong>exercituum</strong></span> <span class='ocrx_word' id='word_1_557' title='bbox 1446 3553 1589 3607; x_wconf 92' lang='lat' dir='ltr'><strong>Deus</strong></span> <span class='ocrx_word' id='word_1_558' title='bbox 1615 3550 1780 3606; x_wconf 86' lang='lat' dir='ltr'><strong>Israel</strong></span> <span class='ocrx_word' id='word_1_559' title='bbox 1801 3568 1813 3602; x_wconf 90' lang='lat'><strong>:</strong></span> 
     </span>
    </p>
   </div>
   <div class='ocr_carea' id='block_1_68' title="bbox 238 3641 1821 3713">
    <p class='ocr_par' dir='ltr' id='par_1_68' title="bbox 238 3641 1821 3713">
     <span class='ocr_line' id='line_1_68' title="bbox 238 3641 1821 3713; baseline 0 -19"><span class='ocrx_word' id='word_1_560' title='bbox 238 3660 260 3694; x_wconf 72' lang='grc' dir='ltr'>ι</span> <span class='ocrx_word' id='word_1_561' title='bbox 300 3641 445 3698; x_wconf 86' lang='lat' dir='ltr'><strong>Ecce</strong></span> <span class='ocrx_word' id='word_1_562' title='bbox 466 3657 565 3713; x_wconf 88' lang='lat' dir='ltr'><strong>ego</strong></span> <span class='ocrx_word' id='word_1_563' title='bbox 598 3642 843 3700; x_wconf 87' lang='lat' dir='ltr'><strong>auferam</strong></span> <span class='ocrx_word' id='word_1_564' title='bbox 867 3646 932 3697; x_wconf 87' lang='lat' dir='ltr'><strong>de</strong></span> <span class='ocrx_word' id='word_1_565' title='bbox 969 3643 1087 3699; x_wconf 91' lang='lat' dir='ltr'><strong>loco</strong></span> <span class='ocrx_word' id='word_1_566' title='bbox 1112 3644 1215 3699; x_wconf 89' lang='lat' dir='ltr'><strong>isto</strong></span> <span class='ocrx_word' id='word_1_567' title='bbox 1245 3644 1297 3698; x_wconf 90' lang='lat' dir='ltr'><strong>in</strong></span> <span class='ocrx_word' id='word_1_568' title='bbox 1325 3643 1494 3699; x_wconf 92' lang='lat' dir='ltr'><strong>oculis</strong></span> <span class='ocrx_word' id='word_1_569' title='bbox 1522 3643 1735 3705; x_wconf 85' lang='lat' dir='ltr'><strong>vestris,</strong></span> <span class='ocrx_word' id='word_1_570' title='bbox 1766 3649 1821 3695; x_wconf 88' lang='lat' dir='ltr'><strong>et</strong></span> 
     </span>
    </p>
   </div>
   <div class='ocr_carea' id='block_1_69' title="bbox 237 3729 1818 3801">
    <p class='ocr_par' dir='ltr' id='par_1_69' title="bbox 237 3729 1818 3801">
     <span class='ocr_line' id='line_1_69' title="bbox 237 3729 1818 3801; baseline 0.001 -18"><span class='ocrx_word' id='word_1_571' title='bbox 237 3750 259 3783; x_wconf 77' lang='grc' dir='ltr'>ι</span> <span class='ocrx_word' id='word_1_572' title='bbox 301 3730 359 3785; x_wconf 90' lang='lat' dir='ltr'><strong>in</strong></span> <span class='ocrx_word' id='word_1_573' title='bbox 388 3729 579 3787; x_wconf 90' lang='lat' dir='ltr'><strong>diebus</strong></span> <span class='ocrx_word' id='word_1_574' title='bbox 606 3733 802 3788; x_wconf 87' lang='lat' dir='ltr'><strong>vestris</strong></span> <span class='ocrx_word' id='word_1_575' title='bbox 832 3748 1020 3788; x_wconf 91' lang='lat' dir='ltr'><strong>vocem</strong></span> <span class='ocrx_word' id='word_1_576' title='bbox 1068 3732 1264 3801; x_wconf 89' lang='lat' dir='ltr'><strong>gaudii,</strong></span> <span class='ocrx_word' id='word_1_577' title='bbox 1297 3741 1352 3787; x_wconf 91' lang='lat' dir='ltr'><strong>et</strong></span> <span class='ocrx_word' id='word_1_578' title='bbox 1386 3747 1573 3787; x_wconf 89' lang='lat' dir='ltr'><strong>vocem</strong></span> <span class='ocrx_word' id='word_1_579' title='bbox 1602 3729 1818 3795; x_wconf 72' lang='lat' dir='ltr'><strong>laetitiae,</strong></span> 
     </span>
    </p>
   </div>
   <div class='ocr_carea' id='block_1_70' title="bbox 235 3819 1817 3893">
    <p class='ocr_par' dir='ltr' id='par_1_70' title="bbox 235 3819 1817 3893">
     <span class='ocr_line' id='line_1_70' title="bbox 235 3819 1817 3893; baseline -0.001 -19"><span class='ocrx_word' id='word_1_580' title='bbox 235 3840 258 3874; x_wconf 72' lang='grc' dir='ltr'><strong><em>ι</em></strong></span> <span class='ocrx_word' id='word_1_581' title='bbox 302 3835 491 3875; x_wconf 90' lang='lat' dir='ltr'><strong>vocem</strong></span> <span class='ocrx_word' id='word_1_582' title='bbox 517 3824 717 3891; x_wconf 90' lang='lat' dir='ltr'><strong>sponsi,</strong></span> <span class='ocrx_word' id='word_1_583' title='bbox 749 3832 804 3879; x_wconf 93' lang='lat' dir='ltr'><strong>et</strong></span> <span class='ocrx_word' id='word_1_584' title='bbox 825 3819 1014 3879; x_wconf 86' lang='lat' dir='ltr'><strong>vocem</strong></span> <span class='ocrx_word' id='word_1_585' title='bbox 1038 3838 1265 3893; x_wconf 84' lang='lat' dir='ltr'><strong>sponsae.</strong></span> <span class='ocrx_word' id='word_1_586' title='bbox 1292 3823 1499 3877; x_wconf 90' lang='lat' dir='ltr'><strong>Etcum</strong></span> <span class='ocrx_word' id='word_1_587' title='bbox 1527 3821 1817 3875; x_wconf 89' lang='lat' dir='ltr'><strong>annuntia-</strong></span> 
     </span>
    </p>
   </div>
   <div class='ocr_carea' id='block_1_71' title="bbox 237 3911 1823 3983">
    <p class='ocr_par' dir='ltr' id='par_1_71' title="bbox 237 3911 1823 3983">
     <span class='ocr_line' id='line_1_71' title="bbox 237 3911 1823 3983; baseline 0.001 -18"><span class='ocrx_word' id='word_1_588' title='bbox 237 3931 262 3965; x_wconf 72' lang='grc' dir='ltr'><strong>α</strong></span> <span class='ocrx_word' id='word_1_589' title='bbox 303 3912 448 3967; x_wconf 91' lang='lat' dir='ltr'><strong>veris</strong></span> <span class='ocrx_word' id='word_1_590' title='bbox 500 3914 696 3983; x_wconf 89' lang='lat' dir='ltr'><strong>populo</strong></span> <span class='ocrx_word' id='word_1_591' title='bbox 725 3914 851 3969; x_wconf 86' lang='lat' dir='ltr'><strong>huic</strong></span> <span class='ocrx_word' id='word_1_592' title='bbox 902 3914 1082 3971; x_wconf 89' lang='lat' dir='ltr'><strong>omnia</strong></span> <span class='ocrx_word' id='word_1_593' title='bbox 1108 3915 1270 3968; x_wconf 90' lang='lat' dir='ltr'><strong>verba</strong></span> <span class='ocrx_word' id='word_1_594' title='bbox 1316 3914 1451 3978; x_wconf 81' lang='lat' dir='ltr'><strong>haec,</strong></span> <span class='ocrx_word' id='word_1_595' title='bbox 1504 3921 1560 3967; x_wconf 90' lang='lat' dir='ltr'><strong>et</strong></span> <span class='ocrx_word' id='word_1_596' title='bbox 1587 3911 1823 3967; x_wconf 82' lang='lat' dir='ltr'><strong>dixerint</strong></span> 
     </span>
    </p>
   </div>
   <div class='ocr_carea' id='block_1_72' title="bbox 237 4000 1821 4073">
    <p class='ocr_par' dir='ltr' id='par_1_72' title="bbox 237 4000 1821 4073">
     <span class='ocr_line' id='line_1_72' title="bbox 237 4000 1821 4073; baseline 0.001 -19"><span class='ocrx_word' id='word_1_597' title='bbox 237 4021 258 4053; x_wconf 70' lang='grc' dir='ltr'>ι</span> <span class='ocrx_word' id='word_1_598' title='bbox 305 4000 401 4055; x_wconf 87' lang='lat' dir='ltr'><strong>tibi</strong></span> <span class='ocrx_word' id='word_1_599' title='bbox 433 4018 445 4054; x_wconf 92' lang='lat'>:</span> <span class='ocrx_word' id='word_1_600' title='bbox 479 4002 661 4070; x_wconf 88' lang='lat' dir='ltr'><strong>Quare</strong></span> <span class='ocrx_word' id='word_1_601' title='bbox 707 4002 918 4059; x_wconf 89' lang='lat' dir='ltr'><strong>locutus</strong></span> <span class='ocrx_word' id='word_1_602' title='bbox 946 4012 1031 4059; x_wconf 93' lang='lat' dir='ltr'><strong>est</strong></span> <span class='ocrx_word' id='word_1_603' title='bbox 1061 4002 1322 4060; x_wconf 84' lang='lat' dir='ltr'><strong>Dominus</strong></span> <span class='ocrx_word' id='word_1_604' title='bbox 1353 4016 1514 4073; x_wconf 83' lang='lat' dir='ltr'><strong>super</strong></span> <span class='ocrx_word' id='word_1_605' title='bbox 1538 4016 1637 4056; x_wconf 89' lang='lat' dir='ltr'><strong>nos</strong></span> <span class='ocrx_word' id='word_1_606' title='bbox 1661 4016 1821 4057; x_wconf 90' lang='lat' dir='ltr'><strong>omne</strong></span> 
     </span>
    </p>
   </div>
   <div class='ocr_carea' id='block_1_73' title="bbox 239 4094 1821 4166">
    <p class='ocr_par' dir='ltr' id='par_1_73' title="bbox 239 4094 1821 4166">
     <span class='ocr_line' id='line_1_73' title="bbox 239 4094 1821 4166; baseline -0.001 -18"><span class='ocrx_word' id='word_1_607' title='bbox 239 4114 262 4148; x_wconf 79' lang='grc' dir='ltr'>ι</span> <span class='ocrx_word' id='word_1_608' title='bbox 302 4094 504 4150; x_wconf 88' lang='lat' dir='ltr'><strong>malum</strong></span> <span class='ocrx_word' id='word_1_609' title='bbox 556 4097 760 4166; x_wconf 91' lang='lat' dir='ltr'><strong>grande</strong></span> <span class='ocrx_word' id='word_1_610' title='bbox 814 4097 999 4151; x_wconf 87' lang='lat' dir='ltr'><strong>istud?</strong></span> <span class='ocrx_word' id='word_1_611' title='bbox 1028 4097 1157 4163; x_wconf 84' lang='lat' dir='ltr'><strong>Quae</strong></span> <span class='ocrx_word' id='word_1_612' title='bbox 1208 4094 1461 4164; x_wconf 90' lang='lat' dir='ltr'><strong>iniquitas</strong></span> <span class='ocrx_word' id='word_1_613' title='bbox 1520 4101 1723 4158; x_wconf 90' lang='lat' dir='ltr'><strong>nostra,</strong></span> <span class='ocrx_word' id='word_1_614' title='bbox 1766 4100 1821 4148; x_wconf 90' lang='lat' dir='ltr'><strong>et</strong></span> 
     </span>
    </p>
   </div>
   <div class='ocr_carea' id='block_1_74' title="bbox 236 4184 1817 4257">
    <p class='ocr_par' dir='ltr' id='par_1_74' title="bbox 236 4184 1817 4257">
     <span class='ocr_line' id='line_1_74' title="bbox 236 4184 1817 4257; baseline 0.002 -20"><span class='ocrx_word' id='word_1_615' title='bbox 236 4206 256 4237; x_wconf 74' lang='grc' dir='ltr'>ι</span> <span class='ocrx_word' id='word_1_616' title='bbox 299 4186 445 4255; x_wconf 91' lang='lat' dir='ltr'><strong>quod</strong></span> <span class='ocrx_word' id='word_1_617' title='bbox 490 4196 773 4257; x_wconf 88' lang='lat' dir='ltr'><strong>peccatum</strong></span> <span class='ocrx_word' id='word_1_618' title='bbox 812 4196 1080 4253; x_wconf 90' lang='lat' dir='ltr'><strong>nostrum,</strong></span> <span class='ocrx_word' id='word_1_619' title='bbox 1134 4186 1277 4256; x_wconf 91' lang='lat' dir='ltr'><strong>quod</strong></span> <span class='ocrx_word' id='word_1_620' title='bbox 1332 4185 1671 4256; x_wconf 90' lang='lat' dir='ltr'><strong>peccavimus</strong></span> <span class='ocrx_word' id='word_1_621' title='bbox 1710 4184 1817 4240; x_wconf 89' lang='lat' dir='ltr'><strong>Do-</strong></span> 
     </span>
    </p>
   </div>
   <div class='ocr_carea' id='block_1_75' title="bbox 235 4279 1816 4351">
    <p class='ocr_par' dir='ltr' id='par_1_75' title="bbox 235 4279 1816 4351">
     <span class='ocr_line' id='line_1_75' title="bbox 235 4279 1816 4351; baseline 0.002 -19"><span class='ocrx_word' id='word_1_622' title='bbox 235 4298 257 4331; x_wconf 76' lang='grc' dir='ltr'><strong>σ</strong></span> <span class='ocrx_word' id='word_1_623' title='bbox 290 4279 445 4334; x_wconf 84' lang='lat' dir='ltr'><strong>mino</strong></span> <span class='ocrx_word' id='word_1_624' title='bbox 479 4280 589 4335; x_wconf 91' lang='lat' dir='ltr'><strong>Deo</strong></span> <span class='ocrx_word' id='word_1_625' title='bbox 628 4284 860 4338; x_wconf 90' lang='lat' dir='ltr'><strong>nostro?</strong></span> <span class='ocrx_word' id='word_1_626' title='bbox 891 4283 1046 4338; x_wconf 92' lang='lat' dir='ltr'><strong>Dices</strong></span> <span class='ocrx_word' id='word_1_627' title='bbox 1087 4282 1153 4337; x_wconf 90' lang='lat' dir='ltr'><strong>ad</strong></span> <span class='ocrx_word' id='word_1_628' title='bbox 1183 4296 1277 4337; x_wconf 88' lang='lat' dir='ltr'><strong>eos</strong></span> <span class='ocrx_word' id='word_1_629' title='bbox 1306 4300 1320 4335; x_wconf 89' lang='lat'><strong>:</strong></span> <span class='ocrx_word' id='word_1_630' title='bbox 1353 4282 1488 4349; x_wconf 88' lang='lat' dir='ltr'><strong>Quia</strong></span> <span class='ocrx_word' id='word_1_631' title='bbox 1513 4281 1816 4351; x_wconf 88' lang='lat' dir='ltr'><strong>derelique-</strong></span> 
     </span>
    </p>
   </div>
   <div class='ocr_carea' id='block_1_76' title="bbox 234 4356 1814 4441">
    <p class='ocr_par' dir='ltr' id='par_1_76' title="bbox 234 4356 1814 4441">
     <span class='ocr_line' id='line_1_76' title="bbox 234 4356 1814 4441; baseline 0.003 -20"><span class='ocrx_word' id='word_1_632' title='bbox 234 4388 255 4420; x_wconf 70' lang='grc' dir='ltr'>ι</span> <span class='ocrx_word' id='word_1_633' title='bbox 297 4378 429 4424; x_wconf 86' lang='lat' dir='ltr'><strong>runt</strong></span> <span class='ocrx_word' id='word_1_634' title='bbox 476 4385 562 4425; x_wconf 91' lang='lat' dir='ltr'><strong>me</strong></span> <span class='ocrx_word' id='word_1_635' title='bbox 604 4381 790 4441; x_wconf 91' lang='lat' dir='ltr'><strong>patres</strong></span> <span class='ocrx_word' id='word_1_636' title='bbox 834 4372 1018 4438; x_wconf 89' lang='lat' dir='ltr'><strong>vestri,</strong></span> <span class='ocrx_word' id='word_1_637' title='bbox 1064 4372 1141 4425; x_wconf 90' lang='lat' dir='ltr'><strong>ait</strong></span> <span class='ocrx_word' id='word_1_638' title='bbox 1170 4356 1467 4428; x_wconf 41' lang='lat' dir='ltr'><strong>Dominus?</strong></span> <span class='ocrx_word' id='word_1_639' title='bbox 1495 4382 1551 4428; x_wconf 89' lang='lat' dir='ltr'><strong>et</strong></span> <span class='ocrx_word' id='word_1_640' title='bbox 1572 4373 1814 4428; x_wconf 88' lang='lat' dir='ltr'><strong>abierunt</strong></span> 
     </span>
    </p>
   </div>
   <div class='ocr_carea' id='block_1_77' title="bbox 235 4463 1820 4532">
    <p class='ocr_par' dir='ltr' id='par_1_77' title="bbox 235 4463 1820 4532">
     <span class='ocr_line' id='line_1_77' title="bbox 235 4463 1820 4532; baseline 0.004 -17"><span class='ocrx_word' id='word_1_641' title='bbox 235 4483 255 4515; x_wconf 80' lang='grc' dir='ltr'>ι</span> <span class='ocrx_word' id='word_1_642' title='bbox 294 4470 420 4531; x_wconf 88' lang='lat' dir='ltr'><strong>post</strong></span> <span class='ocrx_word' id='word_1_643' title='bbox 447 4463 577 4518; x_wconf 87' lang='lat' dir='ltr'><strong>deos</strong></span> <span class='ocrx_word' id='word_1_644' title='bbox 611 4464 836 4529; x_wconf 86' lang='lat' dir='ltr'><strong>alienos,</strong></span> <span class='ocrx_word' id='word_1_645' title='bbox 889 4474 944 4519; x_wconf 90' lang='lat' dir='ltr'><strong>et</strong></span> <span class='ocrx_word' id='word_1_646' title='bbox 980 4465 1283 4520; x_wconf 88' lang='lat' dir='ltr'><strong>servierunt</strong></span> <span class='ocrx_word' id='word_1_647' title='bbox 1335 4466 1437 4532; x_wconf 91' lang='lat' dir='ltr'><strong>eis,</strong></span> <span class='ocrx_word' id='word_1_648' title='bbox 1467 4474 1523 4520; x_wconf 89' lang='lat' dir='ltr'><strong>et</strong></span> <span class='ocrx_word' id='word_1_649' title='bbox 1560 4466 1820 4521; x_wconf 68' lang='lat' dir='ltr'><strong>adorave«</strong></span> 
     </span>
    </p>
   </div>
   <div class='ocr_carea' id='block_1_78' title="bbox 1921 3275 3498 3345">
    <p class='ocr_par' dir='ltr' id='par_1_78' title="bbox 1921 3275 3498 3345">
     <span class='ocr_line' id='line_1_78' title="bbox 1921 3275 3498 3345; baseline 0.004 -19"><span class='ocrx_word' id='word_1_650' title='bbox 1921 3282 2119 3328; x_wconf 71' lang='lat' dir='ltr'><strong>exeunt</strong></span> <span class='ocrx_word' id='word_1_651' title='bbox 2146 3275 2498 3345; x_wconf 80' lang='lat' dir='ltr'><strong>cogitationes</strong></span> <span class='ocrx_word' id='word_1_652' title='bbox 2549 3275 2797 3345; x_wconf 66' lang='lat' dir='ltr'><strong>pessimae</strong></span> <span class='ocrx_word' id='word_1_653' title='bbox 2826 3293 2839 3329; x_wconf 90' lang='lat'><strong>:</strong></span> <span class='ocrx_word' id='word_1_654' title='bbox 2872 3285 2927 3330; x_wconf 91' lang='lat' dir='ltr'><strong>et</strong></span> <span class='ocrx_word' id='word_1_655' title='bbox 2979 3277 3179 3331; x_wconf 89' lang='lat' dir='ltr'><strong>idcirco</strong></span> <span class='ocrx_word' id='word_1_656' title='bbox 3218 3278 3285 3332; x_wconf 91' lang='lat' dir='ltr'><strong>de</strong></span> <span class='ocrx_word' id='word_1_657' title='bbox 3314 3278 3498 3333; x_wconf 89' lang='lat' dir='ltr'><strong>Eccle-</strong></span> 
     </span>
    </p>
   </div>
   <div class='ocr_carea' id='block_1_79' title="bbox 1922 3364 3495 3439">
    <p class='ocr_par' dir='ltr' id='par_1_79' title="bbox 1922 3364 3495 3439">
     <span class='ocr_line' id='line_1_79' title="bbox 1922 3364 3495 3439; baseline 0.003 -20"><span class='ocrx_word' id='word_1_658' title='bbox 1922 3364 2000 3419; x_wconf 88' lang='lat' dir='ltr'><strong>sia</strong></span> <span class='ocrx_word' id='word_1_659' title='bbox 2048 3375 2385 3436; x_wconf 84' lang='lat' dir='ltr'><strong>separantur,</strong></span> <span class='ocrx_word' id='word_1_660' title='bbox 2438 3375 2496 3419; x_wconf 87' lang='lat' dir='ltr'><strong>ut</strong></span> <span class='ocrx_word' id='word_1_661' title='bbox 2545 3366 2743 3420; x_wconf 84' lang='lat' dir='ltr'><strong>vadant</strong></span> <span class='ocrx_word' id='word_1_662' title='bbox 2777 3367 2831 3420; x_wconf 85' lang='lat' dir='ltr'><strong>in</strong></span> <span class='ocrx_word' id='word_1_663' title='bbox 2876 3375 3076 3421; x_wconf 87' lang='lat' dir='ltr'><strong>terram</strong></span> <span class='ocrx_word' id='word_1_664' title='bbox 3126 3368 3495 3439; x_wconf 83' lang='lat' dir='ltr'><strong>longinquam,</strong></span> 
     </span>
    </p>
   </div>
   <div class='ocr_carea' id='block_1_80' title="bbox 1921 3458 3496 3528">
    <p class='ocr_par' dir='ltr' id='par_1_80' title="bbox 1921 3458 3496 3528">
     <span class='ocr_line' id='line_1_80' title="bbox 1921 3458 3496 3528; baseline 0.003 -18"><span class='ocrx_word' id='word_1_665' title='bbox 1921 3473 2082 3527; x_wconf 87' lang='lat' dir='ltr'><strong>quam</strong></span> <span class='ocrx_word' id='word_1_666' title='bbox 2126 3472 2226 3512; x_wconf 91' lang='lat' dir='ltr'><strong>nec</strong></span> <span class='ocrx_word' id='word_1_667' title='bbox 2256 3458 2357 3527; x_wconf 91' lang='lat' dir='ltr'><strong>ipsi</strong></span> <span class='ocrx_word' id='word_1_668' title='bbox 2398 3471 2498 3511; x_wconf 89' lang='lat' dir='ltr'><strong>nec</strong></span> <span class='ocrx_word' id='word_1_669' title='bbox 2547 3467 2726 3526; x_wconf 89' lang='lat' dir='ltr'><strong>patres</strong></span> <span class='ocrx_word' id='word_1_670' title='bbox 2767 3473 2952 3512; x_wconf 90' lang='lat' dir='ltr'><strong>eorum</strong></span> <span class='ocrx_word' id='word_1_671' title='bbox 2997 3468 3281 3521; x_wconf 89' lang='lat' dir='ltr'><strong>noverant,</strong></span> <span class='ocrx_word' id='word_1_672' title='bbox 3315 3462 3496 3528; x_wconf 88' lang='lat' dir='ltr'><strong>prius—</strong></span> 
     </span>
    </p>
   </div>
   <div class='ocr_carea' id='block_1_81' title="bbox 1922 3548 3491 3620">
    <p class='ocr_par' dir='ltr' id='par_1_81' title="bbox 1922 3548 3491 3620">
     <span class='ocr_line' id='line_1_81' title="bbox 1922 3548 3491 3620; baseline 0.001 -18"><span class='ocrx_word' id='word_1_673' title='bbox 1922 3563 2084 3617; x_wconf 90' lang='lat' dir='ltr'><strong>quam</strong></span> <span class='ocrx_word' id='word_1_674' title='bbox 2119 3556 2446 3619; x_wconf 89' lang='lat' dir='ltr'><strong>peccarent:</strong></span> <span class='ocrx_word' id='word_1_675' title='bbox 2484 3558 2539 3601; x_wconf 89' lang='lat' dir='ltr'><strong>ut</strong></span> <span class='ocrx_word' id='word_1_676' title='bbox 2576 3548 2648 3602; x_wconf 90' lang='lat' dir='ltr'><strong>ibi</strong></span> <span class='ocrx_word' id='word_1_677' title='bbox 2698 3549 2937 3603; x_wconf 89' lang='lat' dir='ltr'><strong>serviant</strong></span> <span class='ocrx_word' id='word_1_678' title='bbox 2988 3549 3091 3603; x_wconf 90' lang='lat' dir='ltr'><strong>diis</strong></span> <span class='ocrx_word' id='word_1_679' title='bbox 3137 3548 3348 3614; x_wconf 90' lang='lat' dir='ltr'><strong>alienis,</strong></span> <span class='ocrx_word' id='word_1_680' title='bbox 3400 3551 3491 3620; x_wconf 90' lang='lat' dir='ltr'><strong>qui</strong></span> 
     </span>
    </p>
   </div>
   <div class='ocr_carea' id='block_1_82' title="bbox 1922 3623 3493 3709">
    <p class='ocr_par' dir='ltr' id='par_1_82' title="bbox 1922 3623 3493 3709">
     <span class='ocr_line' id='line_1_82' title="bbox 1922 3623 3493 3709; baseline 0.002 -17"><span class='ocrx_word' id='word_1_681' title='bbox 1922 3655 2030 3695; x_wconf 85' lang='lat' dir='ltr'><strong>non</strong></span> <span class='ocrx_word' id='word_1_682' title='bbox 2058 3647 2185 3692; x_wconf 88' lang='lat' dir='ltr'><strong>sunt</strong></span> <span class='ocrx_word' id='word_1_683' title='bbox 2228 3638 2324 3704; x_wconf 92' lang='lat' dir='ltr'><strong>dii,</strong></span> <span class='ocrx_word' id='word_1_684' title='bbox 2372 3638 2465 3693; x_wconf 87' lang='lat' dir='ltr'><strong>sed</strong></span> <span class='ocrx_word' id='word_1_685' title='bbox 2515 3623 2701 3693; x_wconf 81' lang='lat' dir='ltr'><strong>eorum</strong></span> <span class='ocrx_word' id='word_1_686' title='bbox 2749 3647 3007 3708; x_wconf 89' lang='lat' dir='ltr'><strong>putantur</strong></span> <span class='ocrx_word' id='word_1_687' title='bbox 3034 3655 3240 3705; x_wconf 90' lang='lat' dir='ltr'><strong>errore,</strong></span> <span class='ocrx_word' id='word_1_688' title='bbox 3276 3641 3368 3709; x_wconf 87' lang='lat' dir='ltr'><strong>qui</strong></span> <span class='ocrx_word' id='word_1_689' title='bbox 3402 3656 3493 3695; x_wconf 86' lang='lat' dir='ltr'><strong>eos</strong></span> 
     </span>
    </p>
   </div>
   <div class='ocr_carea' id='block_1_83' title="bbox 1923 3729 3491 3799">
    <p class='ocr_par' dir='ltr' id='par_1_83' title="bbox 1923 3729 3491 3799">
     <span class='ocr_line' id='line_1_83' title="bbox 1923 3729 3491 3799; baseline -0.001 -14"><span class='ocrx_word' id='word_1_690' title='bbox 1923 3730 2123 3785; x_wconf 90' lang='lat' dir='ltr'><strong>colunt.</strong></span> <span class='ocrx_word' id='word_1_691' title='bbox 2151 3730 2303 3796; x_wconf 90' lang='lat' dir='ltr'><strong>Quod</strong></span> <span class='ocrx_word' id='word_1_692' title='bbox 2332 3740 2510 3784; x_wconf 89' lang='lat' dir='ltr'><strong>autem</strong></span> <span class='ocrx_word' id='word_1_693' title='bbox 2540 3729 2740 3794; x_wconf 86' lang='lat' dir='ltr'><strong>intulit,</strong></span> <span class='ocrx_word' id='word_1_694' title='bbox 2772 3730 2858 3784; x_wconf 93' lang='lat' dir='ltr'><strong>die</strong></span> <span class='ocrx_word' id='word_1_695' title='bbox 2881 3745 2945 3784; x_wconf 90' lang='lat' dir='ltr'><strong>ac</strong></span> <span class='ocrx_word' id='word_1_696' title='bbox 2970 3738 3150 3795; x_wconf 87' lang='lat' dir='ltr'><strong>nocte,</strong></span> <span class='ocrx_word' id='word_1_697' title='bbox 3179 3740 3491 3799; x_wconf 85' lang='lat' dir='ltr'><strong>perpetuam</strong></span> 
     </span>
    </p>
   </div>
   <div class='ocr_carea' id='block_1_84' title="bbox 1920 3820 3494 3892">
    <p class='ocr_par' dir='ltr' id='par_1_84' title="bbox 1920 3820 3494 3892">
     <span class='ocr_line' id='line_1_84' title="bbox 1920 3820 3494 3892; baseline 0 -17"><span class='ocrx_word' id='word_1_698' title='bbox 1920 3822 2254 3892; x_wconf 84' lang='lat' dir='ltr'><strong>peccantium</strong></span> <span class='ocrx_word' id='word_1_699' title='bbox 2283 3820 2519 3876; x_wconf 91' lang='lat' dir='ltr'><strong>ostendit</strong></span> <span class='ocrx_word' id='word_1_700' title='bbox 2546 3821 2599 3873; x_wconf 89' lang='lat' dir='ltr'><strong>in</strong></span> <span class='ocrx_word' id='word_1_701' title='bbox 2622 3820 2822 3875; x_wconf 88' lang='lat' dir='ltr'><strong>scelere</strong></span> <span class='ocrx_word' id='word_1_702' title='bbox 2848 3821 3300 3889; x_wconf 73' lang='lat' dir='ltr'><strong>perseVerantiam</strong></span> <span class='ocrx_word' id='word_1_703' title='bbox 3330 3838 3341 3872; x_wconf 92' lang='lat'><strong>:</strong></span> <span class='ocrx_word' id='word_1_704' title='bbox 3369 3821 3494 3875; x_wconf 88' lang='lat' dir='ltr'><strong>dum</strong></span> 
     </span>
    </p>
   </div>
   <div class='ocr_carea' id='block_1_85' title="bbox 1921 3912 3490 3983">
    <p class='ocr_par' dir='ltr' id='par_1_85' title="bbox 1921 3912 3490 3983">
     <span class='ocr_line' id='line_1_85' title="bbox 1921 3912 3490 3983; baseline -0.003 -14"><span class='ocrx_word' id='word_1_705' title='bbox 1921 3922 1972 3969; x_wconf 85' lang='lat' dir='ltr'><strong>et</strong></span> <span class='ocrx_word' id='word_1_706' title='bbox 1999 3915 2055 3968; x_wconf 91' lang='lat' dir='ltr'><strong>in</strong></span> <span class='ocrx_word' id='word_1_707' title='bbox 2083 3913 2270 3969; x_wconf 89' lang='lat' dir='ltr'><strong>diebus</strong></span> <span class='ocrx_word' id='word_1_708' title='bbox 2294 3912 2530 3983; x_wconf 84' lang='lat' dir='ltr'><strong>flagitiis,</strong></span> <span class='ocrx_word' id='word_1_709' title='bbox 2554 3921 2609 3966; x_wconf 90' lang='lat' dir='ltr'><strong>et</strong></span> <span class='ocrx_word' id='word_1_710' title='bbox 2634 3914 2687 3966; x_wconf 94' lang='lat' dir='ltr'><strong>in</strong></span> <span class='ocrx_word' id='word_1_711' title='bbox 2719 3913 2967 3967; x_wconf 89' lang='lat' dir='ltr'><strong>noctibus</strong></span> <span class='ocrx_word' id='word_1_712' title='bbox 2996 3912 3200 3967; x_wconf 87' lang='lat' dir='ltr'><strong>libidini</strong></span> <span class='ocrx_word' id='word_1_713' title='bbox 3229 3912 3490 3966; x_wconf 89' lang='lat' dir='ltr'><strong>serviunt.</strong></span> 
     </span>
    </p>
   </div>
   <div class='ocr_carea' id='block_1_86' title="bbox 1926 4004 3496 4075">
    <p class='ocr_par' dir='ltr' id='par_1_86' title="bbox 1926 4004 3496 4075">
     <span class='ocr_line' id='line_1_86' title="bbox 1926 4004 3496 4075; baseline 0.001 -16"><span class='ocrx_word' id='word_1_714' title='bbox 1926 4026 1944 4058; x_wconf 70' lang='grc' dir='ltr'><strong>ε</strong></span> <span class='ocrx_word' id='word_1_715' title='bbox 1981 4004 2084 4073; x_wconf 91' lang='lat' dir='ltr'><strong>Qui</strong></span> <span class='ocrx_word' id='word_1_716' title='bbox 2123 4020 2228 4060; x_wconf 90' lang='lat' dir='ltr'><strong>non</strong></span> <span class='ocrx_word' id='word_1_717' title='bbox 2262 4006 2496 4071; x_wconf 91' lang='lat' dir='ltr'><strong>dabunt,</strong></span> <span class='ocrx_word' id='word_1_718' title='bbox 2527 4006 2732 4075; x_wconf 90' lang='lat' dir='ltr'><strong>inquit,</strong></span> <span class='ocrx_word' id='word_1_719' title='bbox 2776 4007 2929 4061; x_wconf 87' lang='lat' dir='ltr'><strong>vobis</strong></span> <span class='ocrx_word' id='word_1_720' title='bbox 2972 4006 3229 4075; x_wconf 88' lang='lat' dir='ltr'><strong>requiem.</strong></span> <span class='ocrx_word' id='word_1_721' title='bbox 3273 4025 3291 4058; x_wconf 78' lang='grc' dir='ltr'><strong><em>ι</em></strong></span> <span class='ocrx_word' id='word_1_722' title='bbox 3344 4005 3496 4060; x_wconf 91' lang='lat' dir='ltr'><strong>Haud</strong></span> 
     </span>
    </p>
   </div>
   <div class='ocr_carea' id='block_1_87' title="bbox 1921 4096 3492 4169">
    <p class='ocr_par' dir='ltr' id='par_1_87' title="bbox 1921 4096 3492 4169">
     <span class='ocr_line' id='line_1_87' title="bbox 1921 4096 3492 4169; baseline -0.003 -15"><span class='ocrx_word' id='word_1_723' title='bbox 1921 4098 2139 4154; x_wconf 87' lang='lat' dir='ltr'><strong>dubium</strong></span> <span class='ocrx_word' id='word_1_724' title='bbox 2168 4097 2297 4169; x_wconf 91' lang='lat' dir='ltr'><strong>quin</strong></span> <span class='ocrx_word' id='word_1_725' title='bbox 2328 4096 2492 4152; x_wconf 90' lang='lat' dir='ltr'><strong>falsos</strong></span> <span class='ocrx_word' id='word_1_726' title='bbox 2530 4096 2659 4155; x_wconf 89' lang='lat' dir='ltr'><strong>deos</strong></span> <span class='ocrx_word' id='word_1_727' title='bbox 2681 4098 2967 4167; x_wconf 89' lang='lat' dir='ltr'><strong>significet,</strong></span> <span class='ocrx_word' id='word_1_728' title='bbox 3002 4098 3067 4152; x_wconf 91' lang='lat' dir='ltr'><strong>de</strong></span> <span class='ocrx_word' id='word_1_729' title='bbox 3093 4098 3287 4167; x_wconf 90' lang='lat' dir='ltr'><strong>quibus</strong></span> <span class='ocrx_word' id='word_1_730' title='bbox 3314 4097 3453 4150; x_wconf 74' lang='lat' dir='ltr'><strong>dixit</strong></span> <span class='ocrx_word' id='word_1_731' title='bbox 3480 4115 3492 4150; x_wconf 92' lang='lat'><strong>:</strong></span> 
     </span>
    </p>
   </div>
   <div class='ocr_carea' id='block_1_88' title="bbox 1926 4186 3496 4255">
    <p class='ocr_par' dir='ltr' id='par_1_88' title="bbox 1926 4186 3496 4255">
     <span class='ocr_line' id='line_1_88' title="bbox 1926 4186 3496 4255; baseline -0.001 -13"><span class='ocrx_word' id='word_1_732' title='bbox 1926 4212 1943 4242; x_wconf 75' lang='grc' dir='ltr'>ι</span> <span class='ocrx_word' id='word_1_733' title='bbox 1975 4190 2041 4245; x_wconf 83' lang='grc' dir='ltr'><strong>Ει</strong></span> <span class='ocrx_word' id='word_1_734' title='bbox 2064 4189 2310 4245; x_wconf 90' lang='lat' dir='ltr'><strong>servietis</strong></span> <span class='ocrx_word' id='word_1_735' title='bbox 2336 4188 2409 4243; x_wconf 90' lang='lat' dir='ltr'><strong>ibi</strong></span> <span class='ocrx_word' id='word_1_736' title='bbox 2438 4187 2541 4241; x_wconf 91' lang='lat' dir='ltr'><strong>diis</strong></span> <span class='ocrx_word' id='word_1_737' title='bbox 2568 4186 2776 4241; x_wconf 82' lang='lat' dir='ltr'><strong>alienis.</strong></span> <span class='ocrx_word' id='word_1_738' title='bbox 2810 4205 2827 4236; x_wconf 77' lang='grc' dir='ltr'><strong><em>ι</em></strong></span> <span class='ocrx_word' id='word_1_739' title='bbox 2855 4186 3121 4255; x_wconf 89' lang='lat' dir='ltr'><strong>Quidquid</strong></span> <span class='ocrx_word' id='word_1_740' title='bbox 3152 4201 3281 4255; x_wconf 85' lang='lat' dir='ltr'><strong>ergo</strong></span> <span class='ocrx_word' id='word_1_741' title='bbox 3306 4201 3496 4255; x_wconf 89' lang='lat' dir='ltr'><strong>pecca-</strong></span> 
     </span>
    </p>
   </div>
   <div class='ocr_carea' id='block_1_89' title="bbox 1919 4276 3495 4351">
    <p class='ocr_par' dir='ltr' id='par_1_89' title="bbox 1919 4276 3495 4351">
     <span class='ocr_line' id='line_1_89' title="bbox 1919 4276 3495 4351; baseline -0.003 -15"><span class='ocrx_word' id='word_1_742' title='bbox 1919 4298 2063 4347; x_wconf 89' lang='lat' dir='ltr'><strong>mus,</strong></span> <span class='ocrx_word' id='word_1_743' title='bbox 2084 4279 2344 4351; x_wconf 90' lang='lat' dir='ltr'><strong>quidquid</strong></span> <span class='ocrx_word' id='word_1_744' title='bbox 2371 4279 2457 4335; x_wconf 89' lang='lat' dir='ltr'><strong>dic</strong></span> <span class='ocrx_word' id='word_1_745' title='bbox 2478 4286 2531 4333; x_wconf 91' lang='lat' dir='ltr'><strong>et</strong></span> <span class='ocrx_word' id='word_1_746' title='bbox 2557 4286 2715 4333; x_wconf 85' lang='lat' dir='ltr'><strong>nocte</strong></span> <span class='ocrx_word' id='word_1_747' title='bbox 2736 4276 2983 4341; x_wconf 87' lang='lat' dir='ltr'><strong>facimus,</strong></span> <span class='ocrx_word' id='word_1_748' title='bbox 3007 4277 3345 4333; x_wconf 88' lang='lat' dir='ltr'><strong>etmalorum</strong></span> <span class='ocrx_word' id='word_1_749' title='bbox 3368 4293 3495 4346; x_wconf 85' lang='lat' dir='ltr'><strong>ope.-</strong></span> 
     </span>
    </p>
   </div>
   <div class='ocr_carea' id='block_1_90' title="bbox 1920 4369 3495 4441">
    <p class='ocr_par' dir='ltr' id='par_1_90' title="bbox 1920 4369 3495 4441">
     <span class='ocr_line' id='line_1_90' title="bbox 1920 4369 3495 4441; baseline -0.003 -15"><span class='ocrx_word' id='word_1_750' title='bbox 1920 4388 2038 4426; x_wconf 90' lang='lat' dir='ltr'><strong>rum</strong></span> <span class='ocrx_word' id='word_1_751' title='bbox 2060 4380 2455 4441; x_wconf 87' lang='lat' dir='ltr'><strong>perpetramus,</strong></span> <span class='ocrx_word' id='word_1_752' title='bbox 2475 4370 2759 4438; x_wconf 87' lang='lat' dir='ltr'><strong>imperium</strong></span> <span class='ocrx_word' id='word_1_753' title='bbox 2784 4378 2867 4423; x_wconf 87' lang='lat' dir='ltr'><strong>est</strong></span> <span class='ocrx_word' id='word_1_754' title='bbox 2888 4370 3211 4433; x_wconf 62' lang='lat' dir='ltr'><strong>daemonum,</strong></span> <span class='ocrx_word' id='word_1_755' title='bbox 3234 4369 3327 4441; x_wconf 90' lang='lat' dir='ltr'><strong>qui</strong></span> <span class='ocrx_word' id='word_1_756' title='bbox 3356 4386 3495 4421; x_wconf 84' lang='lat' dir='ltr'><strong>llllll-</strong></span> 
     </span>
    </p>
   </div>
   <div class='ocr_carea' id='block_1_91' title="bbox 1916 4459 3465 4533">
    <p class='ocr_par' dir='ltr' id='par_1_91' title="bbox 1916 4459 3465 4533">
     <span class='ocr_line' id='line_1_91' title="bbox 1916 4459 3465 4533; baseline -0.003 -17"><span class='ocrx_word' id='word_1_757' title='bbox 1916 4478 2080 4533; x_wconf 89' lang='lat' dir='ltr'><strong>quam</strong></span> <span class='ocrx_word' id='word_1_758' title='bbox 2104 4462 2260 4517; x_wconf 88' lang='lat' dir='ltr'><strong>nobis</strong></span> <span class='ocrx_word' id='word_1_759' title='bbox 2280 4462 2411 4515; x_wconf 91' lang='lat' dir='ltr'><strong>dant</strong></span> <span class='ocrx_word' id='word_1_760' title='bbox 2425 4461 2685 4528; x_wconf 89' lang='lat' dir='ltr'><strong>requiem,</strong></span> <span class='ocrx_word' id='word_1_761' title='bbox 2706 4461 2798 4513; x_wconf 90' lang='lat' dir='ltr'><strong>sed</strong></span> <span class='ocrx_word' id='word_1_762' title='bbox 2825 4475 3038 4529; x_wconf 88' lang='lat' dir='ltr'><strong>semper</strong></span> <span class='ocrx_word' id='word_1_763' title='bbox 3059 4459 3338 4528; x_wconf 85' lang='lat' dir='ltr'><strong>impellunt</strong></span> <span class='ocrx_word' id='word_1_764' title='bbox 3362 4459 3465 4512; x_wconf 81' lang='lat' dir='ltr'><strong>deli</strong></span> 
     </span>
    </p>
   </div>
   <div class='ocr_carea' id='block_1_92' title="bbox 233 4546 3493 4627">
    <p class='ocr_par' dir='ltr' id='par_1_92' title="bbox 233 4546 3493 4627">
     <span class='ocr_line' id='line_1_92' title="bbox 233 4546 3493 4627; baseline -0.002 -24"><span class='ocrx_word' id='word_1_765' title='bbox 233 4569 254 4603; x_wconf 77' lang='grc' dir='ltr'>ι</span> <span class='ocrx_word' id='word_1_766' title='bbox 296 4561 426 4605; x_wconf 90' lang='lat' dir='ltr'><strong>runt</strong></span> <span class='ocrx_word' id='word_1_767' title='bbox 472 4566 589 4621; x_wconf 89' lang='lat' dir='ltr'><strong>eos,</strong></span> <span class='ocrx_word' id='word_1_768' title='bbox 618 4561 675 4610; x_wconf 89' lang='lat' dir='ltr'><strong>et</strong></span> <span class='ocrx_word' id='word_1_769' title='bbox 721 4569 809 4609; x_wconf 90' lang='lat' dir='ltr'><strong>me</strong></span> <span class='ocrx_word' id='word_1_770' title='bbox 856 4552 1283 4625; x_wconf 88' lang='lat' dir='ltr'><strong>dereliquerunt,</strong></span> <span class='ocrx_word' id='word_1_771' title='bbox 1311 4564 1365 4611; x_wconf 91' lang='lat' dir='ltr'><strong>et</strong></span> <span class='ocrx_word' id='word_1_772' title='bbox 1418 4555 1590 4627; x_wconf 90' lang='lat' dir='ltr'><strong>legem</strong></span> <span class='ocrx_word' id='word_1_773' title='bbox 1642 4568 1815 4609; x_wconf 91' lang='lat' dir='ltr'><strong>meam</strong></span> <span class='ocrx_word' id='word_1_774' title='bbox 1842 4548 1895 4607; x_wconf 93' lang='lat' dir='ltr'><strong>D</strong></span> <span class='ocrx_word' id='word_1_775' title='bbox 1921 4555 2024 4607; x_wconf 88' lang='lat' dir='ltr'><strong>etis</strong></span> <span class='ocrx_word' id='word_1_776' title='bbox 2060 4566 2257 4622; x_wconf 82' lang='lat' dir='ltr'><strong>augere</strong></span> <span class='ocrx_word' id='word_1_777' title='bbox 2283 4550 2496 4611; x_wconf 89' lang='lat' dir='ltr'><strong>delicta,</strong></span> <span class='ocrx_word' id='word_1_778' title='bbox 2524 4556 2580 4603; x_wconf 89' lang='lat' dir='ltr'><strong>et</strong></span> <span class='ocrx_word' id='word_1_779' title='bbox 2606 4548 2878 4602; x_wconf 89' lang='lat' dir='ltr'><strong>cumulum</strong></span> <span class='ocrx_word' id='word_1_780' title='bbox 2919 4546 3099 4603; x_wconf 88' lang='lat' dir='ltr'><strong>facere</strong></span> <span class='ocrx_word' id='word_1_781' title='bbox 3124 4556 3493 4617; x_wconf 88' lang='lat' dir='ltr'><strong>peccatorum.</strong></span> 
     </span>
    </p>
   </div>
   <div class='ocr_carea' id='block_1_93' title="bbox 230 4717 3490 4744">
    <p class='ocr_par' dir='ltr' id='par_1_93' title="bbox 230 4717 3490 4744">
     <span class='ocr_line' id='line_1_93' title="bbox 230 4717 3490 4744; baseline -0.003 -1"><span class='ocrx_word' id='word_1_782' title='bbox 230 4717 3490 4744; x_wconf 45' lang='grc' dir='ltr'><strong>*Μ</strong></span> 
     </span>
    </p>
   </div>
   <div class='ocr_carea' id='block_1_94' title="bbox 1438 4853 2294 4935">
    <p class='ocr_par' dir='ltr' id='par_1_94' title="bbox 1438 4853 2294 4935">
     <span class='ocr_line' id='line_1_94' title="bbox 1438 4853 2294 4935; baseline -0.001 -2"><span class='ocrx_word' id='word_1_783' title='bbox 1438 4853 1737 4933; x_wconf 81' lang='lat' dir='ltr'><strong>LIBER</strong></span> <span class='ocrx_word' id='word_1_784' title='bbox 1795 4853 2294 4935; x_wconf 87' lang='lat' dir='ltr'><strong>OCTAVUS.</strong></span> 
     </span>
    </p>
   </div>
   <div class='ocr_carea' id='block_1_95' title="bbox 310 5174 1814 5249">
    <p class='ocr_par' dir='ltr' id='par_1_95' title="bbox 310 5174 1814 5249">
     <span class='ocr_line' id='line_1_95' title="bbox 310 5174 1814 5249; baseline 0 -16"><span class='ocrx_word' id='word_1_785' title='bbox 310 5174 440 5233; x_wconf 81' lang='lat' dir='ltr'><strong>Pius</strong></span> <span class='ocrx_word' id='word_1_786' title='bbox 460 5181 519 5231; x_wconf 86' lang='lat' dir='ltr'><strong>et</strong></span> <span class='ocrx_word' id='word_1_787' title='bbox 560 5175 869 5232; x_wconf 89' lang='lat' dir='ltr'><strong>misericors</strong></span> <span class='ocrx_word' id='word_1_788' title='bbox 914 5175 1192 5243; x_wconf 92' lang='lat' dir='ltr'><strong>Dominus,</strong></span> <span class='ocrx_word' id='word_1_789' title='bbox 1224 5174 1403 5247; x_wconf 88' lang='lat' dir='ltr'><strong>justus</strong></span> <span class='ocrx_word' id='word_1_790' title='bbox 1428 5184 1482 5231; x_wconf 89' lang='lat' dir='ltr'><strong>et</strong></span> <span class='ocrx_word' id='word_1_791' title='bbox 1509 5192 1689 5242; x_wconf 89' lang='lat' dir='ltr'><strong>verus,</strong></span> <span class='ocrx_word' id='word_1_792' title='bbox 1719 5193 1814 5249; x_wconf 87' lang='lat' dir='ltr'><strong>pa-</strong></span> 
     </span>
    </p>
   </div>
   <div class='ocr_carea' id='block_1_96' title="bbox 230 5268 1815 5340">
    <p class='ocr_par' dir='ltr' id='par_1_96' title="bbox 230 5268 1815 5340">
     <span class='ocr_line' id='line_1_96' title="bbox 230 5268 1815 5340; baseline -0.003 -12"><span class='ocrx_word' id='word_1_793' title='bbox 230 5272 381 5328; x_wconf 85' lang='lat' dir='ltr'><strong>tiens</strong></span> <span class='ocrx_word' id='word_1_794' title='bbox 404 5278 459 5324; x_wconf 92' lang='lat' dir='ltr'><strong>et</strong></span> <span class='ocrx_word' id='word_1_795' title='bbox 489 5270 716 5325; x_wconf 90' lang='lat' dir='ltr'><strong>multum</strong></span> <span class='ocrx_word' id='word_1_796' title='bbox 742 5268 1066 5333; x_wconf 87' lang='lat' dir='ltr'><strong>misericors,</strong></span> <span class='ocrx_word' id='word_1_797' title='bbox 1115 5269 1295 5325; x_wconf 90' lang='lat' dir='ltr'><strong>sciens</strong></span> <span class='ocrx_word' id='word_1_798' title='bbox 1346 5268 1686 5340; x_wconf 87' lang='lat' dir='ltr'><strong>fragilitatem</strong></span> <span class='ocrx_word' id='word_1_799' title='bbox 1716 5270 1815 5325; x_wconf 87' lang='lat' dir='ltr'><strong>bu-</strong></span> 
     </span>
    </p>
   </div>
   <div class='ocr_carea' id='block_1_97' title="bbox 231 5358 1815 5432">
    <p class='ocr_par' dir='ltr' id='par_1_97' title="bbox 231 5358 1815 5432">
     <span class='ocr_line' id='line_1_97' title="bbox 231 5358 1815 5432; baseline -0.004 -12"><span class='ocrx_word' id='word_1_800' title='bbox 231 5361 385 5420; x_wconf 81' lang='lat' dir='ltr'><strong>mani</strong></span> <span class='ocrx_word' id='word_1_801' title='bbox 416 5362 648 5432; x_wconf 89' lang='lat' dir='ltr'><strong>generis,</strong></span> <span class='ocrx_word' id='word_1_802' title='bbox 689 5370 745 5415; x_wconf 90' lang='lat' dir='ltr'><strong>et</strong></span> <span class='ocrx_word' id='word_1_803' title='bbox 768 5358 1184 5415; x_wconf 88' lang='lat' dir='ltr'><strong>mutabilitatem</strong></span> <span class='ocrx_word' id='word_1_804' title='bbox 1220 5360 1420 5415; x_wconf 91' lang='lat' dir='ltr'><strong>terreni</strong></span> <span class='ocrx_word' id='word_1_805' title='bbox 1452 5360 1651 5425; x_wconf 90' lang='lat' dir='ltr'><strong>cordis,</strong></span> <span class='ocrx_word' id='word_1_806' title='bbox 1683 5370 1815 5415; x_wconf 87' lang='lat' dir='ltr'><strong>tem-</strong></span> 
     </span>
    </p>
   </div>
   <div class='ocr_carea' id='block_1_98' title="bbox 232 5450 1811 5525">
    <p class='ocr_par' dir='ltr' id='par_1_98' title="bbox 232 5450 1811 5525">
     <span class='ocr_line' id='line_1_98' title="bbox 232 5450 1811 5525; baseline 0.001 -17"><span class='ocrx_word' id='word_1_807' title='bbox 232 5468 370 5525; x_wconf 89' lang='lat' dir='ltr'><strong>pora</strong></span> <span class='ocrx_word' id='word_1_808' title='bbox 428 5453 621 5507; x_wconf 89' lang='lat' dir='ltr'><strong>miscet</strong></span> <span class='ocrx_word' id='word_1_809' title='bbox 670 5452 1025 5523; x_wconf 89' lang='lat' dir='ltr'><strong>temporibus,</strong></span> <span class='ocrx_word' id='word_1_810' title='bbox 1075 5450 1437 5508; x_wconf 78' lang='lat' dir='ltr'><strong>blandimenta</strong></span> <span class='ocrx_word' id='word_1_811' title='bbox 1496 5453 1811 5522; x_wconf 91' lang='lat' dir='ltr'><strong>terroribus,</strong></span> 
     </span>
    </p>
   </div>
   <div class='ocr_carea' id='block_1_99' title="bbox 234 5539 1816 5607">
    <p class='ocr_par' dir='ltr' id='par_1_99' title="bbox 234 5539 1816 5607">
     <span class='ocr_line' id='line_1_99' title="bbox 234 5539 1816 5607; baseline -0.001 -8"><span class='ocrx_word' id='word_1_812' title='bbox 234 5546 375 5600; x_wconf 76' lang='lat' dir='ltr'><strong>dura</strong></span> <span class='ocrx_word' id='word_1_813' title='bbox 401 5539 629 5607; x_wconf 89' lang='lat' dir='ltr'><strong>levibus,</strong></span> <span class='ocrx_word' id='word_1_814' title='bbox 654 5549 710 5596; x_wconf 88' lang='lat' dir='ltr'><strong>et</strong></span> <span class='ocrx_word' id='word_1_815' title='bbox 759 5541 881 5596; x_wconf 69' lang='lat' dir='ltr'><strong>laeta</strong></span> <span class='ocrx_word' id='word_1_816' title='bbox 927 5540 1171 5597; x_wconf 88' lang='lat' dir='ltr'><strong>tristibus</strong></span> <span class='ocrx_word' id='word_1_817' title='bbox 1198 5542 1491 5598; x_wconf 88' lang='lat' dir='ltr'><strong>interserit.</strong></span> <span class='ocrx_word' id='word_1_818' title='bbox 1536 5543 1687 5599; x_wconf 89' lang='lat' dir='ltr'><strong>Unde</strong></span> <span class='ocrx_word' id='word_1_819' title='bbox 1718 5544 1816 5597; x_wconf 85' lang='lat' dir='ltr'><strong>ali—</strong></span> 
     </span>
    </p>
   </div>
   <div class='ocr_carea' id='block_1_100' title="bbox 230 5637 1812 5710">
    <p class='ocr_par' dir='ltr' id='par_1_100' title="bbox 230 5637 1812 5710">
     <span class='ocr_line' id='line_1_100' title="bbox 230 5637 1812 5710; baseline 0.004 -19"><span class='ocrx_word' id='word_1_820' title='bbox 230 5640 455 5709; x_wconf 85' lang='lat' dir='ltr'><strong>quando</strong></span> <span class='ocrx_word' id='word_1_821' title='bbox 523 5637 900 5707; x_wconf 88' lang='lat' dir='ltr'><strong>peccatoribus</strong></span> <span class='ocrx_word' id='word_1_822' title='bbox 959 5637 1197 5692; x_wconf 90' lang='lat' dir='ltr'><strong>minatur</strong></span> <span class='ocrx_word' id='word_1_823' title='bbox 1252 5655 1471 5709; x_wconf 81' lang='lat' dir='ltr'><strong>pumas;</strong></span> <span class='ocrx_word' id='word_1_824' title='bbox 1525 5640 1812 5710; x_wconf 88' lang='lat' dir='ltr'><strong>aliquando</strong></span> 
     </span>
    </p>
   </div>
   <div class='ocr_carea' id='block_1_101' title="bbox 266 5730 1806 5804">
    <p class='ocr_par' dir='ltr' id='par_1_101' title="bbox 266 5730 1806 5804">
     <span class='ocr_line' id='line_1_101' title="bbox 266 5730 1806 5804; baseline -0.001 -15"><span class='ocrx_word' id='word_1_825' title='bbox 266 5748 364 5790; x_wconf 79' lang='lat' dir='ltr'><strong>ero</strong></span> <span class='ocrx_word' id='word_1_826' title='bbox 388 5731 599 5787; x_wconf 82' lang='lat' dir='ltr'><strong>afﬂictis</strong></span> <span class='ocrx_word' id='word_1_827' title='bbox 618 5730 887 5803; x_wconf 85' lang='lat' dir='ltr'><strong>promittit</strong></span> <span class='ocrx_word' id='word_1_828' title='bbox 920 5731 1189 5787; x_wconf 81' lang='lat' dir='ltr'><strong>solatium.</strong></span> <span class='ocrx_word' id='word_1_829' title='bbox 1218 5731 1355 5787; x_wconf 86' lang='lat' dir='ltr'><strong>Hinc</strong></span> <span class='ocrx_word' id='word_1_830' title='bbox 1380 5742 1481 5798; x_wconf 77' lang='lat' dir='ltr'><strong>est,</strong></span> <span class='ocrx_word' id='word_1_831' title='bbox 1516 5734 1659 5804; x_wconf 91' lang='lat' dir='ltr'><strong>quod</strong></span> <span class='ocrx_word' id='word_1_832' title='bbox 1682 5748 1806 5788; x_wconf 90' lang='lat' dir='ltr'><strong>cum</strong></span> 
     </span>
    </p>
   </div>
   <div class='ocr_carea' id='block_1_102' title="bbox 679 5846 1151 5909">
    <p class='ocr_par' dir='ltr' id='par_1_102' title="bbox 679 5846 1151 5909">
     <span class='ocr_line' id='line_1_102' title="bbox 679 5846 1151 5909; baseline 0 -3"><span class='ocrx_word' id='word_1_833' title='bbox 679 5846 949 5907; x_wconf 73' lang='lat' dir='ltr'><strong>PATIOL.</strong></span> <span class='ocrx_word' id='word_1_834' title='bbox 988 5846 1151 5909; x_wconf 83' lang='lat' dir='ltr'><strong>CXI.</strong></span> 
     </span>
    </p>
   </div>
   <div class='ocr_carea' id='block_1_103' title="bbox 1918 5175 3471 5250">
    <p class='ocr_par' dir='ltr' id='par_1_103' title="bbox 1918 5175 3471 5250">
     <span class='ocr_line' id='line_1_103' title="bbox 1918 5175 3471 5250; baseline -0.003 -15"><span class='ocrx_word' id='word_1_835' title='bbox 1918 5179 2209 5250; x_wconf 88' lang='lat' dir='ltr'><strong>peccatrici</strong></span> <span class='ocrx_word' id='word_1_836' title='bbox 2237 5177 2434 5233; x_wconf 59' lang='lat' dir='ltr'><strong>Iudaea:</strong></span> <span class='ocrx_word' id='word_1_837' title='bbox 2477 5176 2734 5232; x_wconf 90' lang='lat' dir='ltr'><strong>Dominus</strong></span> <span class='ocrx_word' id='word_1_838' title='bbox 2772 5191 2870 5247; x_wconf 90' lang='lat' dir='ltr'><strong>per</strong></span> <span class='ocrx_word' id='word_1_839' title='bbox 2895 5175 3203 5246; x_wconf 84' lang='lat' dir='ltr'><strong>prepbetam</strong></span> <span class='ocrx_word' id='word_1_840' title='bbox 3241 5176 3295 5228; x_wconf 89' lang='lat' dir='ltr'><strong>in</strong></span> <span class='ocrx_word' id='word_1_841' title='bbox 3345 5185 3471 5231; x_wconf 89' lang='lat' dir='ltr'><strong>autc</strong></span> 
     </span>
    </p>
   </div>
   <div class='ocr_carea' id='block_1_104' title="bbox 1924 5266 3494 5336">
    <p class='ocr_par' dir='ltr' id='par_1_104' title="bbox 1924 5266 3494 5336">
     <span class='ocr_line' id='line_1_104' title="bbox 1924 5266 3494 5336; baseline -0.003 -12"><span class='ocrx_word' id='word_1_842' title='bbox 1924 5270 2157 5325; x_wconf 91' lang='lat' dir='ltr'><strong>rioribus</strong></span> <span class='ocrx_word' id='word_1_843' title='bbox 2181 5268 2454 5323; x_wconf 86' lang='lat' dir='ltr'><strong>mandavit</strong></span> <span class='ocrx_word' id='word_1_844' title='bbox 2481 5268 2692 5322; x_wconf 88' lang='lat' dir='ltr'><strong>dicens:</strong></span> <span class='ocrx_word' id='word_1_845' title='bbox 2716 5267 2885 5322; x_wconf 69' lang='lat' dir='ltr'><strong>«Ecce</strong></span> <span class='ocrx_word' id='word_1_846' title='bbox 2909 5282 3006 5336; x_wconf 89' lang='lat' dir='ltr'><strong>ego</strong></span> <span class='ocrx_word' id='word_1_847' title='bbox 3026 5266 3262 5319; x_wconf 86' lang='lat' dir='ltr'><strong>auferam</strong></span> <span class='ocrx_word' id='word_1_848' title='bbox 3291 5266 3494 5320; x_wconf 86' lang='lat' dir='ltr'><strong>deloco</strong></span> 
     </span>
    </p>
   </div>
   <div class='ocr_carea' id='block_1_105' title="bbox 1922 5359 3492 5426">
    <p class='ocr_par' dir='ltr' id='par_1_105' title="bbox 1922 5359 3492 5426">
     <span class='ocr_line' id='line_1_105' title="bbox 1922 5359 3492 5426; baseline -0.004 -8"><span class='ocrx_word' id='word_1_849' title='bbox 1922 5364 2113 5419; x_wconf 89' lang='lat' dir='ltr'><strong>istoin</strong></span> <span class='ocrx_word' id='word_1_850' title='bbox 2159 5362 2331 5417; x_wconf 86' lang='lat' dir='ltr'><strong>oculis</strong></span> <span class='ocrx_word' id='word_1_851' title='bbox 2383 5362 2598 5426; x_wconf 88' lang='lat' dir='ltr'><strong>vestris,</strong></span> <span class='ocrx_word' id='word_1_852' title='bbox 2627 5361 2766 5415; x_wconf 90' lang='lat' dir='ltr'><strong>etin</strong></span> <span class='ocrx_word' id='word_1_853' title='bbox 2812 5360 2999 5414; x_wconf 89' lang='lat' dir='ltr'><strong>diebus</strong></span> <span class='ocrx_word' id='word_1_854' title='bbox 3050 5359 3246 5413; x_wconf 89' lang='lat' dir='ltr'><strong>vestris</strong></span> <span class='ocrx_word' id='word_1_855' title='bbox 3302 5373 3492 5413; x_wconf 90' lang='lat' dir='ltr'><strong>vocem</strong></span> 
     </span>
    </p>
   </div>
   <div class='ocr_carea' id='block_1_106' title="bbox 1922 5454 3492 5529">
    <p class='ocr_par' dir='ltr' id='par_1_106' title="bbox 1922 5454 3492 5529">
     <span class='ocr_line' id='line_1_106' title="bbox 1922 5454 3492 5529; baseline -0.004 -16"><span class='ocrx_word' id='word_1_856' title='bbox 1922 5458 2121 5529; x_wconf 90' lang='lat' dir='ltr'><strong>gaudii,</strong></span> <span class='ocrx_word' id='word_1_857' title='bbox 2153 5466 2207 5522; x_wconf 89' lang='lat' dir='ltr'><strong>et</strong></span> <span class='ocrx_word' id='word_1_858' title='bbox 2260 5472 2445 5511; x_wconf 90' lang='lat' dir='ltr'><strong>vocem</strong></span> <span class='ocrx_word' id='word_1_859' title='bbox 2500 5454 2716 5517; x_wconf 61' lang='lat' dir='ltr'><strong>laetitiae,</strong></span> <span class='ocrx_word' id='word_1_860' title='bbox 2756 5468 2941 5508; x_wconf 86' lang='lat' dir='ltr'><strong>vocem</strong></span> <span class='ocrx_word' id='word_1_861' title='bbox 2970 5455 3170 5523; x_wconf 89' lang='lat' dir='ltr'><strong>sponsi,</strong></span> <span class='ocrx_word' id='word_1_862' title='bbox 3221 5460 3275 5507; x_wconf 91' lang='lat' dir='ltr'><strong>et</strong></span> <span class='ocrx_word' id='word_1_863' title='bbox 3303 5468 3492 5507; x_wconf 88' lang='lat' dir='ltr'><strong>vocem</strong></span> 
     </span>
    </p>
   </div>
   <div class='ocr_carea' id='block_1_107' title="bbox 1924 5546 3495 5620">
    <p class='ocr_par' dir='ltr' id='par_1_107' title="bbox 1924 5546 3495 5620">
     <span class='ocr_line' id='line_1_107' title="bbox 1924 5546 3495 5620; baseline -0.003 -16"><span class='ocrx_word' id='word_1_864' title='bbox 1924 5565 2152 5620; x_wconf 63' lang='lat' dir='ltr'><strong>sponsae,</strong></span> <span class='ocrx_word' id='word_1_865' title='bbox 2180 5557 2307 5609; x_wconf 87' lang='lat' dir='ltr'><strong>ctc.,</strong></span> <span class='ocrx_word' id='word_1_866' title='bbox 2345 5569 2361 5599; x_wconf 84' lang='lat'><strong>(</strong></span> <span class='ocrx_word' id='word_1_867' title='bbox 2385 5549 2724 5618; x_wconf 84' lang='lat' dir='ltr'><strong>postmodum</strong></span> <span class='ocrx_word' id='word_1_868' title='bbox 2752 5548 3130 5602; x_wconf 86' lang='lat' dir='ltr'><strong>consolationis</strong></span> <span class='ocrx_word' id='word_1_869' title='bbox 3150 5548 3313 5601; x_wconf 87' lang='lat' dir='ltr'><strong>verba</strong></span> <span class='ocrx_word' id='word_1_870' title='bbox 3344 5546 3495 5601; x_wconf 84' lang='lat' dir='ltr'><strong>addi-</strong></span> 
     </span>
    </p>
   </div>
   <div class='ocr_carea' id='block_1_108' title="bbox 1920 5640 3487 5710">
    <p class='ocr_par' dir='ltr' id='par_1_108' title="bbox 1920 5640 3487 5710">
     <span class='ocr_line' id='line_1_108' title="bbox 1920 5640 3487 5710; baseline -0.003 -14"><span class='ocrx_word' id='word_1_871' title='bbox 1920 5642 1999 5697; x_wconf 92' lang='lat' dir='ltr'><strong>dit</strong></span> <span class='ocrx_word' id='word_1_872' title='bbox 2026 5660 2038 5695; x_wconf 93' lang='lat'>:</span> <span class='ocrx_word' id='word_1_873' title='bbox 2071 5657 2139 5696; x_wconf 89' lang='lat' dir='ltr'><strong>ne</strong></span> <span class='ocrx_word' id='word_1_874' title='bbox 2165 5641 2301 5697; x_wconf 85' lang='lat' dir='ltr'><strong>forte</strong></span> <span class='ocrx_word' id='word_1_875' title='bbox 2328 5642 2370 5695; x_wconf 91' lang='lat' dir='ltr'><strong>si</strong></span> <span class='ocrx_word' id='word_1_876' title='bbox 2412 5655 2625 5710; x_wconf 83' lang='lat' dir='ltr'><strong>semper</strong></span> <span class='ocrx_word' id='word_1_877' title='bbox 2666 5642 2746 5695; x_wconf 90' lang='lat' dir='ltr'><strong>eis</strong></span> <span class='ocrx_word' id='word_1_878' title='bbox 2778 5641 2910 5693; x_wconf 89' lang='lat' dir='ltr'><strong>dura</strong></span> <span class='ocrx_word' id='word_1_879' title='bbox 2943 5640 3242 5704; x_wconf 88' lang='lat' dir='ltr'><strong>mandaret,</strong></span> <span class='ocrx_word' id='word_1_880' title='bbox 3265 5648 3319 5693; x_wconf 92' lang='lat' dir='ltr'><strong>et</strong></span> <span class='ocrx_word' id='word_1_881' title='bbox 3350 5654 3487 5692; x_wconf 83' lang='lat' dir='ltr'><strong>nun-</strong></span> 
     </span>
    </p>
   </div>
   <div class='ocr_carea' id='block_1_109' title="bbox 1917 5726 3491 5802">
    <p class='ocr_par' dir='ltr' id='par_1_109' title="bbox 1917 5726 3491 5802">
     <span class='ocr_line' id='line_1_109' title="bbox 1917 5726 3491 5802; baseline -0.004 -15"><span class='ocrx_word' id='word_1_882' title='bbox 1917 5747 2077 5802; x_wconf 86' lang='lat' dir='ltr'><strong>quam</strong></span> <span class='ocrx_word' id='word_1_883' title='bbox 2106 5731 2245 5787; x_wconf 86' lang='lat' dir='ltr'><strong>lenia</strong></span> <span class='ocrx_word' id='word_1_884' title='bbox 2270 5731 2686 5796; x_wconf 86' lang='lat' dir='ltr'><strong>intermisceret,</strong></span> <span class='ocrx_word' id='word_1_885' title='bbox 2714 5730 2764 5782; x_wconf 88' lang='lat' dir='ltr'><strong>in</strong></span> <span class='ocrx_word' id='word_1_886' title='bbox 2793 5730 3217 5786; x_wconf 67' lang='lat' dir='ltr'><strong>(lescei‘ationctu</strong></span> <span class='ocrx_word' id='word_1_887' title='bbox 3241 5742 3335 5783; x_wconf 87' lang='lat' dir='ltr'><strong>eos</strong></span> <span class='ocrx_word' id='word_1_888' title='bbox 3359 5726 3491 5782; x_wconf 85' lang='lat' dir='ltr'><strong>mit--</strong></span> 
     </span>
    </p>
   </div>
   <div class='ocr_carea' id='block_1_110' title="bbox 2989 5843 3066 5903">
    <p class='ocr_par' dir='ltr' id='par_1_110' title="bbox 2989 5843 3066 5903">
     <span class='ocr_line' id='line_1_110' title="bbox 2989 5843 3066 5903; baseline 0 0"><span class='ocrx_word' id='word_1_889' title='bbox 2989 5843 3066 5903; x_wconf 88' lang='lat'><strong>30</strong></span> 
     </span>
    </p>
   </div>
  </div>
