3926 6320
443 349 552 406 939

1047 345 1112 403 Β.
1156 343 1408 402 ΚΑΒΑΝΙ
1447 342 1666 401 MAURI
1700 343 2020 401 ARCHIEP.
2059 340 2371 400 MOGUNT.
2394 341 2682 415 OPERUM
2723 343 2902 419 PARS
2933 341 3018 400 III.

3625 351 3729 410 N0

443 471 604 540 teret,
639 470 694 516 et
721 477 940 517 omnem
963 476 1118 532 spem
1174 461 1365 518 salutis
1391 461 1498 517 illis
1531 460 1795 528 auferret,
1826 459 2032 515 idcirco
2061 465 2115 525 Α
2135 474 2343 525 eorum,
2397 467 2452 514 et
2481 461 2548 514 de
2579 459 2811 515 collibus
2857 461 3122 515 bonorum
3172 476 3416 532 operum,
3448 475 3506 522 et
3532 467 3602 522 de
3644 484 3734 525 ca-

443 569 591 610 nunc
618 553 866 624 sequitur
898 572 911 605 :

521 713 545 751 (
574 685 871 765 Ρτοριθτθξι
912 708 1040 750 ecce
1080 693 1195 748 dies
1234 692 1471 757 venient,
1509 692 1641 747 dicit
1668 690 1950 756 Dominus,
1982 698 2038 744 et

451 807 472 841 ι
506 803 614 842 non
638 786 846 840 dicetur
866 785 1007 839 ultra
1032 803 1044 837 :
1073 784 1218 839 Vivit
1243 783 1523 853 Dominus,
1558 782 1649 851 qui
1681 781 1865 836 eduxit
1897 779 2036 835 filios

453 899 473 932 ι
507 877 677 934 lsrael
699 877 766 932 de
798 885 941 931 terra
993 874 1246 946 Egypti;
1277 874 1393 939 sed,
1452 872 1598 928 Vivit
1627 871 1910 936 Dominus,
1943 870 2036 941 qui

453 987 472 1019 ‹
510 967 698 1023 eduxit
723 965 863 1020 ﬁlios
889 964 1058 1020 Israel
1089 964 1155 1019 de
1199 972 1344 1018 terra
1393 960 1700 1031 AQuilonis,
1727 969 1782 1038 et
1820 960 1886 1015 de
1912 959 2038 1014 uni-

453 1078 470 1110 ι
507 1057 680 1112 versis
712 1055 894 1122 terris,
945 1054 1012 1109 ad
1055 1069 1190 1124 quas
1220 1053 1352 1124 ejeci
1382 1067 1494 1115 eos,
1540 1059 1595 1105 et
1644 1051 1901 1107 reducam
1945 1065 2039 1106 eos

451 1167 471 1202 ι
502 1149 559 1204 in
610 1155 814 1203 terram
865 1160 1042 1210 suam,
1071 1159 1235 1213 quam
1291 1141 1414 1197 dedi
1463 1141 1708 1211 patribus
1761 1143 1972 1207 eorum.
2014 1158 2034 1192 ι

447 1235 722 1312 (Ηὶενοη.)
765 1233 1050 1289 Manifesta
1100 1231 1282 1287 futura
1331 1231 1514 1302 populi
1553 1229 1720 1285 lsrael
1767 1228 2041 1285 restitutio

447 1327 798 1401 prtedicitur:
832 1334 888 1382 et
919 1333 1044 1396 post
1072 1323 1449 1393 captivitatem
1494 1321 1892 1385 misericordia,
1919 1333 2042 1390 quae

442 1417 597 1490 iuxta
637 1417 875 1472 litteram
926 1417 1026 1471 sub
1079 1412 1400 1479 Zorobabel,
1434 1421 1491 1467 et
1513 1410 1640 1468 Jesu
1679 1410 1956 1483 pontifice,
1989 1418 2045 1465 et

445 1513 586 1568 Ezra
639 1527 708 1566 ex
756 1517 912 1580 parte
958 1507 1227 1577 completa
1277 1506 1583 1577 estzjuxta
1629 1504 2045 1576 intelligentiam

446 1602 744 1674 spiritalem
776 1599 959 1656 verius
989 1608 1152 1669 atque
1196 1596 1494 1668 perfectius
1545 1597 1596 1650 in
1626 1595 1845 1651 Christo
1876 1610 2042 1668 .com-

445 1695 590 1765 picta
623 1693 970 1750 describitur.
1013 1690 1231 1755 Veniet,
1288 1688 1486 1758 inquit,
1541 1686 1774 1756 tempus,
1829 1685 2046 1756 quando

448 1800 789 1855 nequaquam
833 1783 1062 1848 dicetur,
1092 1781 1236 1852 quod
1294 1779 1521 1851 populus
1550 1779 1805 1833 reductus
1866 1777 1936 1831 sit
1982 1777 2048 1830 de

447 1879 685 1953 Egypto
707 1893 805 1950 per
836 1876 1056 1948 Moysen
1079 1883 1136 1930 et
1163 1875 1346 1929 Aaron
1373 1892 1386 1927 :
1414 1873 1509 1928 sed
1532 1873 1786 1927 reductus
1807 1871 1873 1924 de
1895 1877 2043 1924 terra

447 1970 752 2041 Aquilonis,
779 1967 919 2041 Cyro
949 1981 1076 2036 rege
1103 1964 1393 2021 Persarum
1441 1963 1658 2017 laxante
1685 1963 1946 2031 captivos.
1976 1960 2046 2015 Et

453 2038 836 2125 dte—universis,
876 2050 1071 2130 inquit,
1121 2057 1306 2123 terris,
1335 2056 1477 2126 quod
1529 2067 1872 2124 nequaquam
1915 2052 2042 2123 Cyri

449 2165 715 2226 tempore,
747 2151 842 2207 sed
876 2150 1070 2206 ultimo
1109 2148 1216 2204 fine
1259 2147 1619 2218 complebitur
1650 2147 1866 2202 dicente
1900 2145 2044 2214 Apo-

449 2249 590 2305 stolo
618 2266 630 2301 :
670 2267 686 2297 ι
723 2246 1018 2316 Postquam
1048 2243 1438 2300 subintraverit
1463 2241 1744 2312 plenitudo
1776 2241 2041 2312 gentium,

451 2353 579 2397 tunc
615 2324 792 2396 omnis
816 2338 983 2392 lsrael
1023 2335 1326 2406 salvusﬁet
1358 2333 1529 2407 (Rom.
1564 2333 1664 2405 xi).
1698 2353 1715 2384 ι
1748 2333 2045 2388 Possumus

449 2435 554 2490 hoc
585 2442 640 2486 et
685 2431 770 2488 de.
788 2427 1278 2502 persecutionibus,
1307 2441 1427 2496 quas
1448 2434 1637 2479 nostro
1669 2424 1916 2480 accidere
1944 2439 2043 2493 po-

449 2523 577 2593 pulo
618 2529 658 2576 'a
687 2521 878 2575 diebus
909 2518 1162 2582 Neronis,
1193 2517 1259 2572 de
1314 2531 1422 2586 quo
1458 2516 1652 2571 scribit
1704 2515 2039 2584 Apostolus:

456 2637 474 2667 α
511 2616 578 2670 Et
628 2603 890 2668 liberatus
943 2627 1060 2666 sum
1126 2611 1192 2664 de
1246 2625 1341 2664 ore
1375 2608 1549 2664 leonis
1590 2605 1679 2679 (II
1713 2607 1848 2661 Tim.
1874 2606 2038 2677 ιν),.›

453 2721 626 2776 usque
663 2704 731 2760 ad
771 2702 1050 2757 Maximini
1102 2710 1347 2772 tempora
1395 2701 1594 2756 dicere.
1630 2687 1909 2766 Quomodo
1940 2698 2045 2753 Do-

452 2795 634 2851 minus
662 2794 920 2849 misertus
951 2792 1021 2846 sit
1047 2790 1248 2867 populo
1267 2788 1378 2846 suo
1415 2794 1479 2845 et'
1500 2792 1712 2845 reduxit
1738 2806 1834 2845 eos
1856 2790 1909 2843 in
1937 2798 2042 2844 ter-

455 2901 574 2941 ram
621 2883 812 2956 suam:
855 2884 1001 2939 haud
1031 2883 1253 2938 dubium
1292 2883 1423 2953 quin
1451 2883 1503 2936 in
1536 2881 1856 2946 Ecclesiam,
1881 2896 2044 2951 quam

455 2983 603 3059 dedit
641 2982 887 3054 patribus
923 2996 1113 3036 eorum
1152 2979 1412 3050 apostolis
1449 2989 1502 3034 et
1537 2979 1848 3056 apostolicis
1887 2978 2039 3042 viris.

535 3135 555 3170 ι
600 3117 741 3174 Ecce
765 3131 864 3187 ego
914 3118 1125 3172 mittam
1177 3117 1478 3187 piscatores
1509 3116 1729 3184 multos,
1779 3117 1908 3173 dicit
1938 3117 2044 3173 Do-

462 3231 482 3265 ‹
520 3210 720 3274 minus,
761 3203 816 3264 et
860 3209 1218 3280 piscabuntur
1243 3223 1338 3265 eos
1369 3226 1383 3262 :
1416 3216 1472 3264 et
1514 3217 1637 3278 post
1689 3209 1808 3266 haec
1834 3209 2044 3264 mittam

463 3321 484 3356 ι
517 3302 598 3358 eis
627 3300 826 3356 multos
864 3308 1173 3364 venatores,
1217 3308 1273 3355 et
1297 3301 1641 3355 venabuntur
1676 3316 1770 3356 eos
1796 3301 1862 3357 de
1897 3300 2048 3356 omni

460 3411 483 3448 ι
522 3401 727 3457 monte,
749 3400 804 3447 et
825 3391 892 3446 de
918 3391 1066 3446 omni
1102 3391 1257 3456 colle,
1287 3391 1442 3446 etde
1474 3393 1724 3446 cavernis
1739 3400 2044 3462 petrarum,

463 3501 485 3537 ‹
520 3485 646 3554 quia
668 3482 816 3538 oculi
841 3482 951 3537 mei
969 3497 1132 3552 super
1163 3497 1352 3537 omnes
1379 3483 1498 3538 vias
1535 3497 1746 3538 eorum.
1779 3483 1894 3537 Non
1922 3491 2048 3538 sunt

464 3593 486 3628 ‹
521 3573 834 3630 abscondita
867 3587 930 3627 ea
963 3588 992 3626 a
1020 3571 1158 3626 facie
1189 3588 1332 3639 mea,
1359 3583 1413 3627 et
1441 3589 1552 3628 non
1581 3573 1679 3628 fuit
1711 3572 2050 3630 occulta'ini-

465 3688 483 3719 ‹
520 3668 699 3737 quitas
745 3649 932 3720 eorum
960 3665 1028 3718 ab
1057 3665 1231 3721 oculis
1277 3665 1432 3721 meis.
1468 3665 1534 3719 Et
1557 3665 1778 3720 reddam
1813 3665 2048 3735 primum

464 3779 484 3811 ι
520 3759 760 3828 duplices
785 3759 1100 3830 iniquitates
1123 3767 1176 3814 et
1202 3755 1432 3828 peccata
1456 3774 1664 3824 eorum,
1692 3759 1887 3828 quibus
1922 3774 2056 3813 con-

467 3869 487 3903 ‹
527 3851 927 3906 taminaverunt
980 3861 1177 3906 terram
1236 3864 1412 3904 meam
1453 3849 1509 3902 in
1545 3849 1847 3904 morticinis
1876 3849 2048 3904 idolo-

467 3959 488 3994 ι
529 3957 648 3995 rum
678 3957 921 4009 suorum,
951 3949 1008 3998 et
1038 3940 1532 3995 abominationibus
1558 3941 1671 3994 suis
1692 3939 2052 4010 impleverunt

467 4049 490 4084 ι
529 4032 898 4087 Ιιαδιθᾱὶιθῑειιι
946 4046 1144 4085 meam.
1184 4049 1202 4080 ι
1237 4031 1456 4084 Diversa
1511 4027 1670 4096 hujus
1698 4029 2051 4099 capituli‘in-

464 4125 783 4195 terpretatio
838 4133 923 4180 est
965 4123 1180 4197 :Judaai
1231 4123 1373 4177 enim
1422 4130 1704 4176 autumant
1755 4121 2049 4191 signiﬁcari

464 4215 768 4284 Chaldaeos,
807 4217 898 4288 qui
949 4216 1052 4273 sub
1107 4216 1443 4286 piscatorum
1475 4214 1692 4269 nomine
1728 4213 2048 4269 describun-

467 4315 574 4372 tur,
622 4317 678 4362 et
723 4316 909 4377 postea
940 4309 1235 4370 Romanos,
1290 4307 1381 4376 qui
1434 4307 1781 4361 venatoribus
1831 4319 2051 4374 compa-

466 4403 675 4462 rantur,
709 4406 764 4451 et
789 4398 854 4452 de
889 4397 1162 4452 montibus
1202 4397 1556 4471 collibusque,
1587 4404 1643 4452 et
1669 4397 1919 4451 cavernis
1950 4412 2048 4466 pe-

467 4496 694 4553 trarum,
727 4487 996 4544 infelicem
1027 4488 1282 4558 populum
1314 4498 1442 4544 sunt
1489 4490 1684 4543 venali.
1729 4488 1842 4544 Hoc
1865 4496 2045 4542 autem

466 4576 727 4634 Dominus
758 4579 952 4636 fecisse
1004 4597 1062 4636 se
1091 4582 1224 4636 dicit
1254 4601 1265 4635 :
1298 4582 1424 4651 quia
1458 4582 1761 4652 respexerit
1807 4582 1921 4636 vias
1950 4596 2045 4636 eo-

468 4685 608 4734 rum,
638 4677 692 4723 et
714 4670 1007 4727 reddiderit
1034 4671 1366 4741 iniquitates,
1415 4671 1612 4740 quibus
1639 4672 2046 4726 contaminave-

465 4767 591 4813 rant
631 4766 856 4826 terram,
897 4759 1185 4815 simulacra
1233 4769 1580 4825 venerantes,
1609 4769 1664 4814 ct
1694 4760 2049 4814 abominatio-

466 4850 625 4904 nibus
653 4850 915 4904 idolorum
946 4851 1248 4920 polluerant
1289 4842 1658 4907 hazrcditatem
1685 4850 1821 4920 ejus.
1868 4848 2050 4903 Nostri

467 4953 648 4997 autem
681 4945 883 4998 rectius
917 4952 971 4997 et
1000 4930 1192 4998 melius
1221 4946 1335 5000 hanc
1386 4945 1452 4999 de
1487 4943 1668 4998 futuro
1697 4944 2048 4997 vaticinatum

466 5035 782 5103 prophetam
813 5043 1023 5104 putant.
1055 5035 1190 5101 Quia
1221 5036 1364 5090 enim
1395 5052 1558 5105 supra
1582 5037 1793 5091 dixerat
1817 5035 2066 5089 :~Redu--

469 5140 588 5180 cam
631 5141 724 5180 eos
760 5126 814 5179 in
854 5135 1054 5181 terram
1110 5143 1286 5193 suam,
1323 5143 1485 5198 quam
1515 5129 1635 5183 dedi
1665 5128 1908 5198 patribus
1952 5141 2046 5182 eo-

470 5218 591 5268 ru'm
615 5232 627 5278 ;
661 5231 803 5270 nunc
826 5217 1081 5282 ostendit,
1111 5212 1381 5286 quomodo
1405 5217 1693 5273 reducendi
1723 5226 1867 5284 sunt,
1903 5217 2048 5286 quod

467 5305 700 5374 primum
759 5306 940 5360 mittat
991 5307 1280 5376 apostolos,
1329 5309 1525 5378 quibus
1579 5306 1828 5361 Salvator
1865 5307 2041 5360 dixit:

476 5414 494 5444 ι
540 5395 729 5450 Venite
750 5388 872 5466 post
897 5412 1007 5462 me,
1029 5407 1084 5452 et
1105 5398 1296 5454 faciam
1315 5415 1412 5453 vos
1443 5399 1741 5468 piscatores
1769 5399 2046 5453 hominum

471 5482 696 5552 (Matth.
734 5487 856 5558 tv);
898 5507 916 5538 ι
957 5497 1012 5541 et
1039 5497 1224 5557 postea
1261 5498 1566 5555 venatores,
1596 5505 1730 5558 quos
1758 5489 1839 5544 vel
1877 5488 2051 5544 eccle-

473 5575 720 5630 siasticos
766 5577 930 5644 viros,
963 5579 1049 5634 vel
1105 5581 1320 5650 angelos
1349 5580 1638 5651 possumus
1661 5583 1927 5652 accipere,
1956 5583 2049 5652 qui

473 5673 756 5736 postquam
771 5671 1253 5725 consummationis
1281 5680 1492 5742 tempus
1516 5673 1816 5738 advenerit,
1851 5688 2048 5727 venen-

473 5763 564 5810 tur
590 5768 805 5816 sanctos
833 5776 1074 5831 quosque
1107 5761 1174 5817 de
1214 5763 1485 5817 montibus
1534 5764 1844 5833 dogmatum
1874 5767 2050 5820 excel—

2071 3168 2121 3235 C

2077 4530 2126 4589 Β

2137 553 2317 607 vernis
2342 560 2638 621 petrarum,
2690 551 2950 622 apostolis
2989 560 3043 607 et
3073 555 3380 622 apostolicis
3412 556 3570 611 viris.
3613 557 3728 614 Non

2137 644 2309 700 solum
2339 645 2484 698 enim
2511 643 2766 698 Christus
2814 652 2992 713 petra,
3047 643 3142 698 sed
3193 643 3436 719 εἰναι-ο
3490 647 3732 717 apostolo

2137 736 2359 791 donavit
2392 745 2452 790 ut
2497 744 2784 790 vocaretur
2810 743 2961 804 petra
2990 733 3042 805 (I
3076 729 3198 789 Cor.
3231 749 3265 789 x
3298 753 3313 800 ;
3345 736 3543 792 Matth.
3582 738 3731 810 xvi):

2140 827 2194 880 in
2243 825 2397 894 cujus
2465 826 2714 881 sensibus
2780 825 3207 894 requiescentes,
3275 835 3425 882 recte
3478 828 3734 883 dicuntur

2140 918 2392 973 translati
2419 933 2541 974 esse
2589 918 2655 972 de
2686 925 2868 987 para.
2919 915 3275 986 Ostenditque
3321 918 3406 971 vel
3435 919 3730 986 apostolos,

2138 1011 2224 1065 vel
2255 1025 2355 1064 «eos
2383 1009 2476 1079 qui
2504 1017 2695 1078 postea
2742 1007 2975 1061 venandi
3007 1015 3150 1070 sunt,
3205 1008 3463 1063 habuisse
3488 1019 3731 1078 peccata,

2140 1108 2195 1155 et
2227 1099 2498 1168 recepisse
2515 1099 2764 1169 duplices
2791 1097 3108 1167 iniquitates
3132 1113 3274 1152 suas.
3309 1119 3327 1150 ‹
3358 1099 3568 1154 εει-ηις
3593 1101 3734 1156 enim

2140 1193 2360 1262 qui‘scit
2387 1191 2719 1264 voluntatem
2761 1190 2975 1244 Domini
3017 1190 3125 1256 sui,
3156 1199 3212 1246 et
3258 1207 3366 1245 non
3423 1192 3558 1246 facit
3593 1208 3731 1259 eam,

2142 1285 2412 1355 vapulabit
2447 1285 2674 1338 multum
2716 1282 2869 1356 (Luc.
2916 1283 3037 1351 ιιιι).
3075 1303 3094 1336 ι
3135 1282 3564 1354 Sciendumque,
3595 1285 3736 1354 quod

2143 1377 2486 1432 in-llebraico
2507 1378 2743 1447 positum
2794 1377 2866 1431 sit
2901 1378 3153 1447 primum,
3191 1385 3247 1432 et
3293 1377 3348 1430 in
3376 1363 3737 1446 Septuaginta

2142 1467 2380 1522 editione
2415 1468 2862 1537 praetermissum.
2883 1466 3114 1536 Quando
3143 1477 3320 1524 autem
3342 1470 3478 1524 dicit
3505 1485 3519 1522 :
3550 1490 3567 1521 ι
3599 1468 3738 1524 Red-

2145 1561 2269 1614 dam
2321 1559 2563 1635 primum
2618 1559 2861 1628 duplices
2912 1556 3257 1629 iniquitates
3285 1570 3338 1615 et
3386 1571 3613 1632 peccata
3643 1575 3734 1616 eo-

2144 1668 2289 1718 rum,
2329 1673 2348 1704 ι
2384 1652 2728 1708 subostendit
2757 1651 2901 1722 quod
2931 1660 3217 1722 postquam
3240 1655 3548 1723 receperint
3573 1654 3735 1721 mala,

2150 1745 2419 1815 recepturi
2478 1745 2586 1800 sint
2655 1753 2710 1800 et
2777 1745 2944 1800 bona.
3000 1745 3070 1800 Hi
3121 1757 3341 1811 autem,
3409 1750 3502 1818 qui
3552 1758 3741 1820 postea

2076 1814 2122 1872 Β
2151 1814 2515 1900 transferendi
2546 1847 2693 1900 sunt,
2728 1837 3240 1893 contaminaverunt
3291 1814 3495 1893 terram
3525 1814 3741 1894 Domini

2151 1929 2203 1984 in
2235 1929 2539 1983 morticinis
2565 1929 2830 1984 idolorum
2864 1945 3110 1996 suorum,
3158 1937 3212 1984 et
3235 1931 3738 1987 abominationibus

2148 2023 2261 2079 suis
2287 2023 2645 2092 impleverunt
2675 2005 3052 2077 hereditatem
3101 2022 3239 2093 ejus,
3276 2030 3335 2077 ut
3379 2023 3559 2078 omnis
3590 2039 3745 2077 mun-

2148 2115 2248 2168 dus
2274 2113 2524 2168 subditus
2574 2114 2670 2166 fiat
2715 2114 2844 2176 Deo,
2899 2123 2954 2167 et
3003 2127 3344 2182 nequaquam
3380 2129 3476 2168 suo
3521 2115 3744 2180 merito,

2147 2205 2242 2259 sed
2296 2204 2438 2259 illius
2489 2203 2865 2258 misericordia
2911 2208 3286 2258 conservetdr.
3336 2203 3495 2269 Quod
3546 2204 3637 2258 hic
3679 2204 3746 2259 de

2147 2296 2413 2351 Hebraico
2431 2296 2732 2366 posuimus,
2771 2313 2790 2346 ι
2828 2310 2936 2349 non
2969 2303 3097 2348 sunt
3118 2295 3431 2349 abscondita
3459 2309 3523 2348 ea
3550 2310 3578 2347 a
3609 2293 3748 2350 facie

2146 2403 2297 2460 mea,
2327 2407 2344 2438 ι
2397 2388 2450 2440 in
2489 2383 2842 2454 Septuaginta
2895 2401 3001 2440 non
3046 2386 3296 2440 habetur.
3350 2385 3548 2458 (Orig.)
3577 2387 3748 2458 Igitur

2140 2486 2200 2533 et
2228 2485 2284 2531 tu
2314 2493 2435 2532 cum
2467 2478 2530 2532 de
2558 2477 2742 2532 saaculi
2795 2477 2950 2531 istius
3001 2475 3256 2532 ﬂuctibus
3299 2493 3396 2547 per
3453 2478 3748 2549 discipulos

2148 2567 2358 2621 Domini
2384 2565 2553 2620 fueris
2582 2575 2876 2631 extractus,
2920 2573 3070 2620 muta
3120 2568 3366 2636 corporis
3403 2564 3559 2632 vitia,
3595 2577 3748 2622 muta

2145 2673 2337 2712 sensus
2368 2657 2579 2711 animae.
2609 2655 2728 2712 Non
2758 2672 2816 2711 es
2858 2655 2948 2711 ille
2987 2657 3172 2727 piscis,
3204 2657 3298 2726 qui
3337 2657 3391 2726 in
3443 2657 3598 2711 falsis
3625 2673 3747 2711 ver-

2147 2749 2353 2803 saberis
2404 2749 2582 2813 undis,
2617 2749 2709 2802 sed
2755 2749 2820 2802 de
2851 2747 3121 2816 profundo
3175 2747 3385 2818 gurgite
3439 2758 3653 2812 erutus,
3679 2747 3746 2801 ad

2149 2842 2372 2896 meliora
2410 2849 2731 2923 convertere
2765 2841 3062 2896 secundum
3099 2840 3229 2895 illud
3272 2841 3630 2910 apostolicum
3661 2838 3746 2910 (II

2147 2932 2269 2987 Cor.
2289 2933 2373 3005 ιιι)
2395 2949 2408 2988 :
2433 2954 2450 2986 ‹
2471 2934 2579 2989 Nos
2603 2933 2785 2989 autem
2810 2949 3002 3007 omnes
3022 2934 3261 2989 revelata
3277 2933 3416 2989 facie
3442 2935 3749 2990 claritatem

2160 3025 2373 3080 Domini
2388 3026 2837 3096 contemplantes,
2856 3027 2909 3080 in
2924 3027 3170 3082 eamdem
3186 3026 3477 3098 imaginem
3494 3027 3750 3081 transfor-

2152 3131 2367 3170 mamur
2404 3116 2472 3171 de
2502 3116 2752 3172 claritate
2782 3117 2835 3170 in
2850 3116 3752 3190 claritatem,quasiaDominispi-

2147 3207 2256 3261 ritu
2278 3226 2295 3257 ι
2321 3223 2334 3273 ;
2353 3214 2406 3259 et
2427 3215 2551 3261 cum
2562 3207 2733 3262 fueris
2747 3208 2814 3262 ab
2828 3207 3088 3276 apostolis
3111 3222 3176 3262 ac
3189 3209 3468 3279 discipulis
3491 3209 3620 3264 Jesu
3634 3225 3750 3264 ma-

2151 3298 2286 3354 rinis
2306 3297 2558 3353 fluctibus
2581 3297 2860 3363 liberatus,
2879 3299 2994 3354 noli
3018 3314 3260 3369 quaerere
3273 3300 3625 3371 profundum,
3655 3302 3750 3368 sed

2149 3390 2271 3443 veni
2291 3391 2356 3445 ad
2371 3398 2581 3444 montes
2601 3391 2894 3461 prepbetas
2913 3409 2925 3444 :
2955 3393 3078 3446 veni
3099 3393 3166 3446 ad
3183 3393 3348 3448 colles
3363 3393 3561 3461 justos,
3590 3395 3664 3450 ibi
3680 3395 3752 3450 sit

2151 3481 2493 3537 conversatio
2521 3491 2633 3547 tua,
2660 3491 2719 3535 ut
2749 3497 2873 3535 cum
2910 3481 3027 3536 dies
3074 3484 3266 3538 mortis
3313 3486 3594 3542 advenerit
3621 3484 3751 3538 mit-

2153 3582 2339 3628 tantur
2374 3582 2680 3628 venatores.
2733 3571 2838 3627 ΑΙίί
2897 3575 3116 3642 quidam
3172 3589 3202 3628 e
3242 3574 3608 3644 piscatoribus
3659 3573 3753 3644 qui

2153 3681 2314 3736 super
2343 3665 2772 3734 assumptionem
2800 3665 3086 3719 constituti
3115 3675 3240 3719 sunt
3271 3666 3599 3728 animarum,
3623 3674 3679 3719 et
3701 3675 3754 3719 te

2152 3773 2274 3811 cum
2298 3756 2513 3811 caeteris
2543 3757 2747 3811 sanctis
2797 3757 2864 3810 de
2899 3757 3058 3822 colle,
3096 3759 3163 3812 de
3205 3769 3410 3824 monte,
3459 3761 3525 3814 de
3571 3759 3753 3815 altiori

2153 3847 2276 3901 loco
2301 3832 2590 3916 accipiant.
2620 3845 2803 3916 Neque
2832 3863 2960 3902 vero
2993 3857 3174 3918 potest
3207 3849 3372 3906 licere
3413 3851 3499 3906 liis
3525 3862 3750 3906 venato-

2152 3938 2304 3992 ribus
2345 3937 2560 4015 aliunde
2590 3938 2857 4002 homines,
2887 3940 2993 3992 nisi
3022 3941 3090 3994 de
3121 3941 3392 3997 montibus
3433 3953 3488 3998 et
3525 3943 3753 3999 collibus

2153 4043 2363 4098 capere.
2381 4015 2812 4099 Quod‘sequitur,
2838 4048 2855 4079 ‹
2877 4029 2944 4083 de
2966 4033 3214 4086 cavernis
3235 4041 3547 4100 petrarum:
3571 4054 3591 4084 ι
3610 4035 3751 4089 unde

2151 4135 2438 4203 possumus
2462 4120 2765 4190 intelligere
2792 4131 2994 4191 petras,
3024 4132 3078 4176 et
3107 4124 3552 4181 un'de'cavernas.
3572 4137 3750 4196 petra-

2153 4227 2271 4267 rum
2295 4213 2318 4266 ?
2341 4211 2512 4268 Venio
2541 4215 2605 4269 ad
2649 4214 2912 4278 Exodum,
2948 4231 3131 4283 quaero
3161 4218 3395 4287 aliquam
3430 4221 3750 4289 interpreta-

2153 4305 2317 4360 tionis
2341 4307 2708 4371 occasionem,
2758 4307 2938 4376 ibique
2967 4308 3180 4363 invenio
3222 4310 3490 4364 volcntem
3527 4312 3750 4382 Moysen

2152 4397 2339 4451 videre
2375 4397 2565 4461 Deum,
2617 4406 2670 4451 et
2721 4397 2891 4451 Deum
2932 4399 3106 4452 eidem
3148 4401 3553 4469 promittentem
3587 4414 3749 4473 atque

2154 4489 2472 4543 dicentem:
2514 4507 2532 4538 ι
2590 4487 2730 4544 Ecce
2779 4503 2922 4557 pono
2975 4499 3028 4543 te
3072 4490 3126 4542 in
3179 4506 3409 4546 caverna
3461 4504 3652 4563 petrm,
3697 4504 3749 4550 et

2153 4579 2458 4648 conspicies
2484 4580 2787 4647 posteriora
2820 4595 2961 4644 mea,
3002 4580 3196 4651 faciem
3223 4593 3402 4637 autem
3433 4600 3610 4638 meam
3644 4602 3746 4642 non

2153 4669 2362 4726 videbis
2393 4671 2591 4742 (Exod.
2619 4673 2836 4742 xxxtn).
2869 4692 2887 4723 ι
2924 4672 3341 4738 Si.consideres,
3371 4676 3462 4744 qui
3494 4675 3565 4728 ibi
3592 4686 3744 4745 petra

2154 4763 2384 4826 dicatur,
2413 4770 2468 4818 ct
2494 4762 2736 4818 foramen
2760 4771 2946 4833 petrm,
2979 4764 3032 4818 in
3071 4780 3177 4833 quo
3219 4765 3428 4835 Moyses
3449 4762 3624 4836 'supcr
3660 4786 3748 4838 pc.

2157 4862 2295 4905 tram
2329 4860 2534 4917 stat,et
2556 4853 2620 4907 de
2650 4863 2817 4920 petra:
2847 4856 3347 4920 caverna-intuens,
3374 4856 3550 4908 videat
3573 4857 3746 4912 Deum

2157 4957 2252 5011 per
2301 4941 2541 4997 foramen
2599 4953 2764 5013 petras
2809 4960 2822 4997 :
2873 4945 3139 5015 intelliges
3181 4956 3234 4999 et
3273 4957 3493 5001 czrteras
3531 4957 3747 5021 petras,

2158 5041 2542 5102 petrarumque
2573 5033 2857 5109 foramina.
2889 5034 3017 5101 Qua:
3039 5035 3202 5105 igitur
3233 5046 3316 5091 cst
3341 5040 3526 5106 petra?
3557 5039 3748 5094 Domi-

2158 5142 2258 5180 nus
2307 5123 2462 5180 Jesus
2495 5125 2786 5181 Christus:
2823 5147 2841 5178 ι
2900 5125 3165 5182 Bibebant
3206 5129 3346 5184 enim
3399 5131 3462 5185 de
3507 5131 3748 5200 spiritali

2142 5225 2413 5285 sequente
2441 5231 2534 5274 eos
2571 5226 2724 5286 petra
2754 5217 2804 5289 (I
2836 5216 2959 5271 Cor.
2990 5219 3080 5289 x);
3118 5240 3136 5272 ι
3189 5241 3205 5270 ε
3240 5221 3304 5274 Et
3331 5236 3491 5291 super
3525 5235 3749 5290 petram

2156 5311 2519 5380 statuitpedes
2535 5326 2707 5373 meos,
2732 5329 2748 5360 ι
2771 5311 2822 5373 in
2841 5310 3120 5392 trigesimo
3141 5328 3280 5366 nono
3309 5313 3512 5381 psalmo
3540 5315 3751 5371 dicitur

2161 5398 2332 5468 (Psal.
2365 5399 2574 5469 xxxix).
2597 5399 2750 5465 Quod
2783 5409 2865 5454 est
2887 5399 3133 5455 foramen
3159 5403 3356 5472 petrm?
3383 5402 3514 5458 Vide
3543 5403 3747 5471 Deum,

2159 5493 2298 5562 apud
2323 5483 2488 5548 Deum
2511 5493 2748 5559 Patrem,
2772 5489 3004 5549 Verbum
3031 5495 3223 5571 Deum,
3246 5495 3448 5551 videbis
3474 5497 3750 5566 integram

2158 5593 2385 5654 petram.
2417 5577 2550 5640 Vide
2577 5577 3035 5654 dispensationem
3069 5587 3333 5656 assumpti
3354 5587 3598 5655 corporis
3632 5605 3646 5638 :
3677 5589 3726 5641 vi

2159 5678 2309 5746 dehis
2345 5677 2585 5734 foramen
2616 5687 2802 5748 petra},
2840 5693 2936 5748 per
2966 5680 3110 5748 quod
3141 5682 3440 5749 posteriora
3468 5679 3560 5731 Dei
3581 5678 3751 5745 juxta

2157 5771 2564 5839 possibilitatem
2589 5769 2972 5826 imbecillitatis
3001 5771 3270 5827 humanus
3319 5772 3558 5826 intuetur
3583 5786 3747 5840 aspe-
