3926 6350
1340 280 1375 327 ί

214 412 319 471 941

1097 401 1462 465 exeosmo
1501 401 1725 460 suam
1762 396 2127 457 JERE'MIAM.
2166 430 2237 441 —
2270 380 2399 455 us.
2438 400 2568 456 vm.

3369 400 3481 456 942

214 533 357 583 ctus.
384 522 500 580 Hoc
512 523 659 579 enim
682 531 784 589 est,
814 521 956 594 quod
986 520 1090 575 ait:
1118 540 1135 572 ι
1163 518 1238 597 Et
1260 518 1468 575 videbis
1488 516 1791 590 posteriora
1812 521 1868 579 Ἀ
1893 521 2036 569 sunt.
2061 513 2137 570 Ne
2162 515 2343 585 itaque
2363 515 2716 584 suSpicentur,
2736 514 2864 585 quia
2886 519 2991 569 non
3013 528 3079 569 ex
3101 509 3478 570 misericordia

214 633 339 675 mea
360 636 382 671 -:
414 636 431 668 ι
466 615 649 671 Inveni
680 632 841 671 unam
872 628 1162 670 cavernam
1191 612 1351 667 unius
1375 619 1545 681 petrae
1572 628 1585 663 :
1610 623 1794 680 qumro

218 709 353 765 alias
398 715 613 778 petras,,
629 716 687 763 et
720 704 857 761 alias
906 718 1185 761 cavernas.
1243 702 1413 759 Venio
1461 701 1794 757 ad‘chorum

217 801 605 871 prophetarum
627 808 788 870 atque
814 796 1255 868 apostolorum’et
1273 794 1393 849 dico
1419 812 1431 848 :
1457 793 1581 863 quia
1605 804 1795 847 omnes

217 891 520 947 imitatores
537 889 739 945 Christi
754 895 925 958 petra
943 875 1164 951 sunt,'ut
1184 890 1335 955 petra
1357 881 1564 947 estille,
1586 881 1678 951 qui
1696 881 1796 934 do-

218 983 352 1038 cuit.
383 982 455 1036 Et
478 982 618 1037 sicut
652 980 740 1035 ille
755 979 931 1043 habet
952 976 1224 1042 foramen,
1254 990 1350 1046 per
1376 974 1519 1044 quod
1544 972 1798 1027 videntur

218 1074 521 1145 posteriora
548 1070 665 1137 Dei,
685 1070 880 1126 eodem
915 1070 1082 1124 modo
1108 1066 1479 1137 unusquisque
1506 1062 1792 1132 iustorum,

216 1168 310 1239 qui
332 1183 435 1239 per
458 1178 739 1223 sermones
764 1163 1059 1220 suos‘viam
1083 1159 1270 1231 pandit
1290 1159 1360 1214 ad
1382 1155 1796 1226 intelligendum

216 1255 411 1322 Deum,
457 1272 515 1312 se
566 1255 697 1311 fecit
748 1249 868 1310 eSse
913 1248 1171 1307 foramen
1208 1256 1394 1319 petrae.
1444 1244 1589 1313 Quia
1632 1245 1797 1313 igitur

214 1348 396 1403 nescis
418 1359 532 1417 quo
586 1351 829 1417 tempore
876 1342 1160 1397 mittantur
1209 1346 1513 1403 venatores,
1562 1348 1797 1391 ‘cave'ne

215 1436 508 1508 aliquando
532 1436 600 1491 de
636 1444 818 1489 monte
859 1430 1179 1495 descendas,
1200 1443 1284 1484 ne
1318 1427 1591 1498 relinquas
1607 1424 1793 1490 colles,

214 1542 288 1583 ne
312 1528 380 1583 de
406 1526 654 1582 cavernis
677 1534 953 1596 petrarum
980 1537 1161 1577 exeas.
1187 1519 1259 1574 Si.
1281 1520 1427 1575 enim
1463 1517 1597 1573 foris
1621 1514 1796 1570 fueris

214 1616 490 1683 inventus,
547 1618 793 1671 dicentur
812 1615 915 1669 tibi
936 1628 1031 1679 ea,
1080 1626 1199 1683 qua!
1245 1611 1303 1666 hi
1348 1610 1441 1680 qui
1491 1608 1623 1663 foris
1670 1615 1799 1663 sunt

215 1714 499 1763 merentur
520 1706 705 1761 audire
737 1723 750 1759 :
787 1724 805 1756 ι
836 1703 1032 1768 Stulte,
1064 1702 1169 1757 hac
1194 1708 1352 1756 nocte
1385 1699 1620 1753 animam
1643 1704 1797 1752 tuam

212 1805 466 1868 repetent
493 1810 522 1850 a
551 1805 602 1850 te
620 1815 638 1850 :
654 1808 781 1866 quae
803 1804 981 1850 autem
1004 1793 1347 1864 przeparasti,
1380 1792 1534 1862 cujus
1554 1789 1749 1846 erunt?
1770 1807 1790 1841 ο

1893 602 2007 671 Dei,
2035 606 2127 661 sed
2148 621 2213 660 ex
2237 604 2455 676 proprio
2476 606 2668 661 merito
2694 606 2759 661 de
2779 605 3046 676 profundo
3069 604 3138 657 ad
3160 612 3370 659 montes
3387 618 3480 681 ve-

1894 696 2089 762 nerint,
2120 704 2429 752 commonet
2454 696 2572 752 illos
2600 712 2777 753 sermo
2801 698 3035 763 divinus,
3081 706 3137 752 et
3166 697 3220 751 in
3247 697 3351 753 illis
3377 711 3481 756 nos

1896 788 2071 843 delicti
2099 789 2317 860 prioris,
2344 798 2404 844 et
2426 788 2632 844 idcirco
2656 797 2778 857 post
2796 803 3057 859 prospera
3083 796 3246 859 atque
3273 784 3474 855 felicia,

1892 880 2068 935 tristia
2106 880 2271 936 infert
2312 898 2323 933 :
2371 899 2390 931 ι
2432 879 2617 950 Neque
2647 880 2973 935 abscondita;
3008 890 3132 936 sunt
3168 879 3481 949 iniquitates

1889 981 2081 1035 ﬂeorum
2105 981 2290 1027 contra
2308 972 2492 1027 oculos
2514 986 2664 1027 meos
2686 988 2699 1025 :
2725 978 2781 1026 et
2794 971 3091 1025 retribuam
3106 970 3219 1031 illis
3242 972 3476 1041 primum

1896 1062 2136 1133 duplices
2161 1063 2451 1133 iniustitias
2478 1072 2685 1119 eorum.
2721 1081 2742 1116 ›
2774 1062 2925 1130 Quod
2957 1063 3053 1128 ait,
3072 1054 3335 1132 primum,
3364 1061 3479 1118 sive

1896 1174 2004 1213 non
2027 1157 2386 1229 intelligentes
2409 1158 2647 1227 quidam,
2673 1157 2815 1227 quod
2834 1157 3095 1225 scriptum
3119 1166 3221 1220 est,
3245 1154 3480 1211 abstule-

1898 1260 2028 1306 runt
2050 1251 2163 1307 sive
2174 1249 2320 1305 LXX
2345 1250 2671 1320 interpretes
2692 1249 2849 1306 sicuti
2868 1258 2922 1304 et
2945 1258 3145 1304 caetera
3163 1248 3479 1318 secundum,

1900 1342 2361 1413 dispensationem
2390 1356 2546 1397 suam
2566 1332 2780 1398 auferre
2807 1341 3114 1406 voluerunt,
3143 1340 3289 1395 Deus
3328 1339 3479 1396 vide-

1902 1432 1992 1488 rit.
2025 1432 2134 1489 Nos
2162 1434 2326 1489 istum
2355 1433 2536 1489 locum
2582 1446 2707 1488 cum
2738 1434 2951 1489 caeteris
3000 1431 3325 1488 editionibus
3355 1446 3485 1486 con-

1897 1524 2154 1592 ferentes,
2178 1525 2483 1579 invenimus
2504 1524 2737 1594 positum
2764 1542 2777 1577 :
2800 1543 2818 1574 ‹
2838 1521 2907 1578 Et
2930 1522 3222 1578 retribuam
3239 1521 3344 1587 illis
3366 1520 3481 1591 pri—

1898 1632 2048 1671 mum
2060 1616 2298 1687 duplices
2320 1612 2612 1684 iniustitias
2634 1630 2855 1670 eorum:
2880 1634 2898 1667 ›
2924 1621 2984 1668 ιιι
2998 1611 3317 1669 ostendatur
3337 1612 3482 1683 qvod

1900 1708 2117 1763 etiamsi
2148 1725 2214 1763 ex
2244 1708 2637 1777 posterioribus
2666 1705 2824 1762 factis
2844 1706 2991 1777 digni
3012 1704 3188 1761 eﬁ‘ecti
3211 1703 3485 1760 suntbea-

1900 1798 2129 1852 titudiue
2142 1798 2263 1862 Dei,
2296 1806 2537 1853 attamen
2558 1798 2683 1868 quia
2706 1797 2991 1867 aliquando
3015 1801 3401 1866 peccaverunt,
3427 1800 3488 1848 et

215 1889 373 1961 (Luc.
403 1888 525 1961 xu.)
570 1888 972 1944 Animadvertis
1026 1880 1097 1942 de
1146 1886 1420 1941 montibus
1470 1893 1524 1939 et
1569 1883 1796 1938 collibus
1821 1884 1871 1943 B
1899 1887 2148 1943 humanis
2171 1882 2315 1943 vitiis
2347 1898 2452 1943 non
2480 1888 2759 1953 carebant,
2774 1888 3009 1956 primum
3033 1892 3245 1955 oportet
3266 1898 3362 1940 eos
3382 1897 3481 1939 sua

214 1980 656 2044 descendentem,
686 1977 1070 2032 animadvertis
1104 1977 1488 2031 consistentem
1519 1980 1673 2030 extra
1699 1987 1794 2044 pe-

212 2080 319 2126 tra
350 2068 908 2142 foramen,~quomodo
931 2078 1098 2134 erret,
1129 2079 1183 2124 et
1199 2068 1271 2124 ea
1302 2077 1451 2139 putat
1482 2069 1792 2143 bonaes‘se,

212 2179 340 2233 quae
359 2162 505 2217 nulla
534 2172 683 2229 sunt,
709 2162 930 2218 dicens:
962 2182 980 2213 ε
1019 2161 1201 2217 Dicam
1230 2160 1423 2215 animae
1453 2174 1587 2214 mea:
1610 2176 1629 2212 νε
1658 2152 1793 2211 Ani-

214 2269 331 2321 ma,
360 2256 527 2315 habes
546 2254 713 2310 multa
734 2254 970 2325 repOsita
996 2254 1138 2309 bona
1169 2252 1378 2324 (11:541.),
1410 2267 1437 2304 ·ι
1466 2251 1795 2307 frumentum

208 2347 287 2402 et‘
303 2345 585 2401 utilitatem
631 2354 973 2400 terrenorum
1020 2343 1292 2399 fructuum
1334 2356 1462 2401 esse
1504 2341 1798 2397 arbitratus

211 2445 305 2493 est
330 2437 489 2501 bona,
513 2436 777 2501 nesciens,
803 2436 929 2506 quia
956 2450 1082 2490 vera
1102 2436 1248 2490 bona
1282 2447 1396 2491 non
1424 2440 1714 2488 nascantur
1738 2432 1798 2486 in

213 2525 506 2581 maledicta
528 2533 695 2592 terra,
720 2526 818 2581 sed
843 2526 898 2580 in
943 2525 1256 2581 caelestibus
1294 2523 1623 2596 regionibus.
1658 2521 1798 2576 The-

215 2617 517 2673 saurizabit
539 2618 642 2673 sibi
666 2619 723 2673 in
751 2626 897 2672 terra
930 2636 943 2672 :
966 2617 1093 2687 quia
1119 2617 1173 2672 in
1195 2624 1341 2671 terra
1362 2630 1484 2670 esse
1510 2610 1796 2669 thesauros

214 2708 514 2763 arbitratus
538 2716 639 2785 est.
669 2706 732 2762 Si
759 2710 881 2778 quis
908 2716 1087 2763 autem
1114 2706 1323 2763 sublata
1364 2718 1530 2762 cruce
1549 2705 1797 2777 sequitur

214 2796 509 2852 Dominum
546 2784 753 2865 Iesum,
785 2806 840 2853 et
868 2784 1199 2853 thesauriza’t
1242 2796 1350 2852 sibi
1397 2798 1453 2851 in
1489 2796 1648 2861 cceio,
1684 2810 1795 2850 non

212 2889 419 2945 dicitur
438 2890 488 2945 ei
515 2904 530 2943 :
558 2909 575 2941 ι
610 2888 803 2956 Stulte,
826 2891 928 2945 hac
943 2898 1100 2945 nocte
1116 2888 1353 2945 animam
1375 2896 1526 2946 tuam
1552 2873 1798 2957 repetent

213 2999 250 3038 a
279 2993 349 3049 te,
389 3004 407 3036 ι
432 2983 526 3038 sed
550 2983 828 3038 venientes
847 2990 1153 3046 venatores,
1176 2991 1230 3036 et
1252 2984 1556 3051 quaarentes
1585 2979 1794 3032 anima-

212 3075 293 3130 lia
333 3074 399 3129 de
442 3074 713 3129 montibus
737 3082 801 3128 et
825 3072 1070 3137 collibus,
1119 3073 1186 3127 de
1213 3070 1459 3127 cavernis
1494 3078 1794 3141 petrarum,

214 3158 388 3220 etiam
412 3163 561 3218 illum
581 3177 703 3239 cum
725 3164 805 3219 eis
825 3165 1027 3234 pariter
1046 3162 1331 3233 accipient,
1346 3169 1406 3215 et
1424 3162 1491 3217 de
1510 3159 1797 3217 venatione

217 3254 293 3310 ad
322 3254 633 3319 sublimiora
666 3234 1018 3317 beatitudinis
1038 3268 1209 3323 regna
1238 3252 1548 3323 portabunt.
1590 3268 1617 3301 ι
1658 3249 1796 3317 Quia
1815 3234 1877 3297 C‘

212 3348 366 3406 oculi
402 3348 506 3402 mei
541 3362 703 3418 super
728 3361 918 3401 omnes
950 3346 1066 3400 vias
1096 3360 1303 3401 eorum.
1346 3364 1364 3397 ι
1406 3343 1582 3414 Super
1614 3356 1802 3397 omnes

212 3441 341 3496 vias
366 3439 672 3495 istiusmodi
713 3437 994 3493 hominum
1022 3453 1035 3489 :
1061 3435 1154 3507 qui
1184 3436 1242 3490 in
1263 3432 1544 3489 montibus
1578 3446 1803 3487 conver—

216 3541 435 3598 santur,
468 3530 520 3585 in
554 3529 778 3585 collibus
809 3527 1104 3593 ambulant,
1145 3527 1202 3580 in
1243 3526 1489 3581 cavernis
1520 3520 1802 3607 petrarum

215 3625 491 3689 habitant,
519 3622 685 3677 habet
712 3620 896 3676 oculos
926 3621 1087 3676 Deus.
1111 3618 1142 3671 ἰ
1172 3613 1295 3673 Non
1324 3632 1383 3673 se
1405 3617 1804 3672 absc'Onderunt

218 3733 253 3772 a
286 3716 424 3771 facie
448 3714 589 3771 mea.
616 3732 645 3767 τ
672 3710 783 3781 Qui
804 3711 983 3770 sancti
1020 3720 1146 3767 sunt
1179 3726 1284 3766 non
1316 3723 1375 3765 se
1411 3706 1747 3765 abscondunt
1770 3721 1804 3760 a

218 3808 364 3863 facie
390 3806 620 3871 Domini,
650 3805 743 3875 qui
770 3811 948 3860 autem
969 3802 1157 3873 ‘injusti
1176 3802 1585 3873 tabsconduntur
1603 3816 1635 3854 a
1666 3798 1806 3853 facie

217 3898 364 3969 ejus.
394 3891 565 3952 Adam
593 3904 713 3967 post
743 3894 1221 3965 transgressionem
1263 3891 1499 3946 cmlestis
1539 3890 1801 3955 mandati,

227 4012 247 4043 ι
285 3990 493 4044 audivit
512 4002 699 4043 vocem
721 3986 933 4042 Dumini
952 3986 1048 4041 Dei
1068 3981 1460 4040 deambulantis
1478 3982 1535 4038 in
1555 3982 1807 4054 paradiso

220 4090 348 4151 post
374 4078 651 4135 meridiem
680 4085 734 4132 et
769 4076 1047 4132 abscondit
1084 4091 1145 4131 se
1184 4073 1332 4147 (Gen.
1364 4075 1472 4145 In).
1523 4096 1542 4128 ι
1574 4074 1809 4129 Sanctus

222 4172 331 4226 hoc
370 4184 474 4224 non
498 4167 650 4233 facit,
676 4167 771 4223 sed
798 4166 1125 4222 conscientia
1150 4173 1365 4220 actuum
1394 4172 1614 4219 suorum
1644 4164 1810 4242 habet

224 4262 483 4319 ﬁduciam
513 4259 651 4330 apud
684 4258 873 4314 Deum.
910 4275 929 4309 ‹
962 4255 1022 4312 Si
1041 4256 1188 4311 ‘enim
1216 4255 1543 4311 conscientia
1574 4266 1671 4310 nos
1696 4269 1806 4308 non

225 4336 928 4424 reprehenderitzfiduciam
956 4350 1219 4405 habemus
1248 4348 1315 4403 ad
1341 4347 1533 4413 Deum,
1564 4357 1619 4402 et
1638 4345 1809 4417 quod-

223 4453 443 4514 cunque
462 4443 774 4514 petierimus
795 4441 1121 4511 accipiemus
1148 4441 1217 4495 ab
1245 4455 1329 4495 eo.
1361 4466 1378 4491 ι
1410 4438 1608 4494 Verum
1638 4438 1808 4493 Adam

225 4535 478 4608 quamvis
502 4532 826 4602 peccaverit,
849 4540 1029 4586 tamen
1058 4545 1169 4586 non
1186 4542 1567 4603 usquequaque
1596 4531 1661 4585 ad
1687 4528 1810 4601 per-

225 4627 431 4684 fectam
447 4624 705 4679 malitiam
728 4638 880 4678 mens
894 4621 1011 4691 ejus
1025 4629 1305 4677 corruerat
1326 4640 1337 4675 :
1362 4630 1418 4676 et
1438 4622 1557 4677 ideo
1575 4620 1806 4677 abscon-

226 4708 375 4774 ditus
398 4724 482 4771 est
507 4730 538 4769 a
572 4714 705 4769 facie
730 4714 846 4768 Dei.
879 4712 1013 4768 Cum
1043 4722 1222 4767 autem
1257 4714 1606 4783 impiissimus
1626 4712 1807 4768 fratri-

228 4810 353 4863 cida
391 4805 769 4861 animadvertit
798 4803 927 4873 quid
961 4802 1151 4858 fecerit
1179 4802 1331 4874 (Gen.
1363 4803 1462 4876 ιν),
1498 4822 1516 4854 ι
1554 4816 1808 4874 egressus

227 4907 316 4955 est
338 4913 368 4952 a
389 4897 527 4952 facie
548 4898 665 4961 Dei,
690 4904 744 4951 et
757 4884 1099 4951 habitavitin
1115 4904 1267 4950 terra
1287 4895 1442 4950 Naid.
1474 4902 1495 4948 ἰ
1523 4893 1579 4950 Si
1607 4897 1671 4950 ad
1695 4910 1809 4949 ma-

227 4992 410 5047 lorum
436 4988 890 5065 comparationem
918 4987 1101 5041 venias
1127 5005 1140 5041 :
1168 4986 1358 5041 melius
1386 4994 1465 5040 cst
1492 5001 1521 5039 a
1548 4985 1683 5041 facie
1714 4986 1811 5041 Dei

230 5082 513 5146 abscondi,
536 5062 697 5151 quam
718 5062 903 5149 fugere
930 5094 1072 5133 eum.
1098 5078 1156 5132 in
1187 5078 1292 5133 alio
1314 5078 1507 5147 quippe
1530 5078 1807 5132 conscien-

232 5176 325 5231 tiae
354 5174 545 5228 vulnus
582 5172 827 5243 infixum,
858 5164 1191 5226 tcnebras'e't
1229 5179 1435 5226 secreta
1471 5172 1803 5241 perquirens,

228 5263 415 5320 levare
439 5262 620 5318 oculos
647 5278 753 5318 non
784 5262 990 5331 patitur
1020 5261 1087 5316 ad
1116 5261 1313 5316 coelum
1354 5280 1366 5314 :
1400 5261 1451 5315 in
1494 5261 1599 5317 alio
1627 5270 1809 5317 autem

232 5369 299 5411 ex
346 5353 717 5422 desperatione
763 5361 889 5407 nata
942 5353 1279 5407 contumacia
1338 5350 1556 5421 negligit
1616 5351 1805 5405 Deum.

240 5464 260 5499 ι
296 5444 415 5500 Non
444 5459 501 5500 se
529 5444 925 5499 abscouderunt
953 5454 1081 5514 ergo
1103 5458 1134 5497 a
1156 5441 1296 5499 facie
1325 5456 1463 5507 mea,
1490 5457 1664 5511 neque
1687 5443 1809 5498 abs-

235 5538 537 5595 eonderunt
566 5536 876 5606 iniquitates
903 5551 1089 5591 eorum
1127 5545 1316 5589 contra
1344 5533 1527 5589 oculos
1558 5548 1705 5587 meos
1737 5552 1749 5586 :
1783 5553 1803 5585 ι

236 5631 315 5707 hi,
339 5645 476 5701 quos
497 5644 657 5699 supra
678 5627 855 5697 iustos
886 5626 1437 5705 memoravimus,qui
1466 5640 1569 5679 non
1600 5640 1657 5679 se
1680 5625 1807 5680 abs—

238 5705 537 5777 conderant
557 5735 587 5774 a
606 5719 745 5783 facie
768 5718 885 5785 Dei,
918 5718 1206 5789 aliquando
1227 5703 1443 5773 fuerunt
1460 5715 1512 5770 in
1549 5714 1805 5786 peccatis,

237 5810 455 5881 quando
482 5820 636 5867 erant
665 5812 719 5867 in
741 5811 876 5865 mari
904 5826 968 5867 ex
994 5825 1102 5880 quo
1136 5826 1165 5864 a
1190 5810 1549 5881 piscatoribus
1580 5807 1809 5863 extracti

1900 1982 2142 2050 recipere
2168 1982 2360 2036 dclicta‘
2390 1999 2404 2033 :
2432 1990 2486 2036 et
2514 1981 2633 2036 vide
2660 1980 2705 2035 si
2736 1995 2843 2035 non
2873 1993 2999 2033 vera
3050 1979 3120 2033 sit
3158 1977 3315 2036 ratio.
3350 1974 3485 2043 Quis

1897 2075 2118 2143 peccata
2132 2086 2237 2126 non
2266 2072 2491 2141 recipit?
2507 2070 2711 2142 Nempe
2734 2071 2843 2136 ille,
2858 2071 2949 2141 qui
2972 2079 3091 2140 post
3106 2063 3483 2124 credulitatem

1917 2172 1971 2219 et
1989 2164 2314 2235 baptismum
2340 2163 2578 2218 audierit
2599 2163 2883 2218 Dominum
2913 2164 3212 2217 dicentem:
3249 2160 3481 2214 DimisSa

1900 2261 2027 2310 sunt
2045 2254 2142 2309 tibi
2164 2262 2386 2324 peccata
2410 2260 2521 2319 tua,
2554 2268 2655 2318 nec
2678 2253 2819 2308 ultra
2833 2252 3140 2324 peccaveris
3156 2250 3369 2323 (Matth.
3389 2266 3446 2307 ιι
3466 2266 3482 2316 ;

1898 2342 2058 2397 loan.
2082 2342 2223 2415 Vill).
2244 2342 2303 2398 Si
2323 2352 2501 2399 autem
2525 2351 2648 2414 post
2658 2344 2937 2421 lavacrum
2958 2352 3013 2405 et
3034 2344 3240 2397 veniam
3259 2341 3482 2397 delicto-

1899 2453 2020 2491 rum
2046 2453 2234 2493 rursus
2260 2438 2327 2492 ad
2360 2438 2613 2508 pristinas
2644 2439 2831 2494 sordes
2871 2437 3133 2493 fuerimus
3162 2437 3387 2503 reversi,
3421 2444 3479 2493 et

1899 2530 2073 2596 adhuc
2100 2528 2414 2600 imperfecto
2442 2542 2604 2585 sensu
2624 2528 2691 2584 ab
2733 2529 3100 2599 apostolorum
3131 2527 3373 2600 vestigiis
3396 2543 3483 2583 re-

1896 2622 2177 2687 cedentes,
2204 2630 2297 2677 aut
2317 2620 2517 2691 iujnst‘a
2546 2623 2874 2694 gesserimus
2901 2622 3097 2692 aliqua,
3131 2628 3223 2676 aut
3251 2605 3399 2677 certe
3423 2621 3479 2676 in

1897 2711 2013 2783 ipsa
2031 2713 2241 2783 justitia
2265 2714 2374 2770 sint
2400 2713 2575 2783 aliqua
2604 2714 2764 2768 mista
2789 2721 3028 2785 peccata,
3056 2711 3185 2783 quid
3206 2712 3361 2768 nobis
3388 2712 3489 2767 ﬁat

1894 2805 2299 2860 consideremus
2354 2823 2367 2859 :
2407 2814 2659 2859 utrumne
2724 2805 3064 2873 egredientes
3113 2804 3180 2859 de
3208 2802 3482 2872 praesenti

1898 2895 2094 2950 saeculo
2122 2896 2166 2951 si
2194 2895 2546 2951 habuerimus
2572 2896 2701 2951 vitia
2743 2895 2825 2950 vel
2856 2897 3101 2960 virtutes,
3156 2894 3484 2964 recipiemus

1895 3002 1996 3057 pro
2024 2988 2315 3044 virtutibus
2336 2989 2577 3058 przemia,
2608 2997 2662 3043 et
2692 2989 3031 3043 dimittentur
3057 2985 3211 3041 nobis
3234 3000 3318 3051 ea,
3365 2999 3488 3056 qua:

1898 3078 2130 3134 scientes
2183 3081 2527 3149 peccavimus
2568 3098 2583 3135 :
2634 3096 2702 3134 an
2751 3078 3050 3149 plectemur
3102 3068 3487 3148 pro’delictis,

1898 3184 2074 3241 neque
2116 3172 2434 3241 recipiemus
2464 3172 2695 3251 prremia
2739 3186 2840 3242 pro
2869 3171 3176 3226 virtutibus.
3210 3169 3317 3225 Sed
3346 3172 3485 3225 neu-

1902 3272 2049 3319 trum
2072 3264 2265 3319 horum
2285 3281 2472 3321 verum
2498 3259 2610 3331 est;
2639 3265 2766 3334 quia
2792 3272 2847 3319 et
2875 3278 2975 3334 pro
2994 3264 3235 3333 peccatis
3260 3270 3478 3332 torque-

1902 3354 2103 3419 bimur,
2125 3362 2180 3407 et
2201 3353 2528 3425 projustitia
2550 3356 2871 3425 recipiemus
2894 3353 3133 3424 praemia,
3159 3368 3279 3423 quae
3303 3365 3491 3410 mere-.

1904 3461 2046 3502 mur.
2087 3445 2143 3500 Si
2171 3445 2313 3502 enim
2344 3455 2466 3516 post
2514 3445 2918 3521 fundamentum
2948 3444 3073 3500 Jesu
3110 3442 3337 3509 Christi,
3371 3457 3483 3500 non

1885 3537 2077 3592 solum
2106 3537 2160 3591 in
2210 3545 2301 3592 tuo
2343 3536 2505 3593 corde
2534 3533 2724 3592 aurum
2751 3544 2807 3592 et
2848 3544 3131 3607 argentum
3172 3543 3227 3590 et
3251 3534 3483 3605 lapidem

1904 3624 2222 3699 pretiOsum,
2258 3629 2303 3685 si
2332 3623 2459 3698 quid
2491 3638 2671 3685 tamen
2703 3629 2869 3684 babes
2896 3628 3097 3698 aliquid
3144 3628 3262 3683 auri
3291 3635 3347 3682 et
3394 3643 3483 3682 ar-

1906 3719 2070 3791 genti,
2102 3703 2639 3793 supe'rzedificaveris,
2684 3734 2869 3774 verum
2914 3728 2970 3774 et
3012 3719 3181 3791 ligna,
3215 3718 3396 3774 fenum
3429 3727 3487 3773 et

1908 3810 2162 3879 stipulam
2198 3806 2365 3879 :quid
2418 3810 2510 3863 tibi
2558 3810 2639 3863 vis
2690 3809 2806 3863 fieri
2865 3824 2986 3863 cum
3033 3809 3213 3862 anima
3263 3808 3484 3863 seducta

1908 3899 2071 3954 fuerit
2115 3916 2145 3954 a
2195 3899 2454 3968 corpore?
2501 3885 2809 3953 utrumnam
2836 3898 3044 3969 ingredi
3069 3898 3124 3953 in
3146 3905 3336 3953 sancta
3362 3913 3484 3952 cum

1909 3986 2069 4058 lignis
2093 3986 2218 4053 tuis,
2263 4002 2386 4042 cum
2429 3985 2633 4052 fenoet
2662 3986 2876 4056 stipula,
2923 3994 2981 4041 ut
3024 3986 3233 4056 polluas
3265 4001 3491 4056 regnum

1910 4074 2028 4148 Dei,
2058 4098 2126 4137 an
2156 4092 2376 4152 propter
2403 4083 2627 4154 lignum,
2677 4080 2885 4147 fenum,
2917 4081 3165 4151 stipulam
3198 4081 3331 4135 foris
3358 4081 3491 4136 resi-

1912 4170 2059 4239 dere,
2089 4182 2145 4227 et
2168 4187 2266 4242 pro
2292 4187 2425 4226 auro
2451 4180 2506 4226 et
2530 4180 2751 4241 argento
2774 4183 2826 4225 et
2871 4171 3047 4242 lapide
3089 4172 3326 4241 pretioso
3354 4171 3490 4225 nihil

1912 4264 2176 4319 mercedis
2205 4263 2484 4333 accipere?
2510 4261 2616 4318 Sed
2638 4278 2813 4331 neque
2841 4264 2943 4317 hoc
2971 4278 3183 4333 aequum
3209 4270 3312 4318 est.
3349 4262 3489 4330 Quid

1913 4352 2078 4426 igitur
2103 4354 2381 4423 sequitur?
2405 4353 2507 4407 nisi
2534 4360 2593 4407 ut
2635 4353 2867 4422 primum
2893 4341 3113 4423 propter
3162 4354 3303 4425 ligna
3351 4352 3493 4422 ignis

1915 4445 2010 4499 tibi
2040 4446 2213 4508 detur,
2244 4444 2337 4514 qui
2359 4452 2642 4499 consumat
2670 4443 2873 4507 fenum,
2904 4443 3047 4515 ligna
3080 4443 3165 4497 vel
3192 4443 3441 4512 stipulam
3467 4444 3492 4496 ?

1915 4534 2058 4591 Deus
2088 4536 2283 4607 quippe
2306 4543 2491 4589 noster
2519 4534 2657 4605 apud
2678 4548 2772 4589 eos
2809 4533 3153 4604 qui'possunt
3196 4532 3493 4601 intelligere

1913 4628 2092 4683 divina
2110 4627 2248 4697 ignis
2263 4626 2469 4680 dicetur
2488 4640 2606 4680 esse
2626 4640 2966 4680 consumens.
2990 4624 3189 4679 Etcum
3213 4626 3491 4692 «licatpro-

1914 4720 2105 4788 pheta:
2126 4736 2143 4767 ι
2174 4718 2513 4788 Deusnoster
2533 4715 2669 4788 ignis
2682 4730 3005 4769 consumens
3031 4715 3308 4785 est(Deut.
3332 4715 3430 4784 IV),
3463 4733 3481 4765 ι

1914 4826 2021 4865 non
2050 4809 2297 4879 apposuit
2321 4808 2448 4877 quid
2475 4814 2756 4861 consumat
2782 4824 2794 4860 :
2826 4806 2919 4860 tibi
2948 4806 3259 4875 relinquens
3284 4805 3349 4859 de
3376 4820 3491 4858 ma-

1917 4900 2282 4955 nifestioribus
2302 4898 2652 4953 intellectum.
2678 4897 2861 4966 Neque
2873 4898 3018 4951 enim
3044 4896 3096 4951 id
3117 4896 3337 4966 quodat!
3357 4896 3491 4947 ima-

1916 4994 2092 5063 ginem
2124 5000 2178 5046 et
2222 4990 2625 5045 similitudinem
2679 5005 2830 5067 suam
2862 4999 3155 5059 permanet,
3206 4987 3341 5058 ignis
3386 4988 3488 5043 iste

1919 5082 2207 5147 consumit,
2237 5096 2343 5136 non
2370 5082 2616 5151 proprias
2638 5090 2933 5144 creaturas,
2954 5080 3048 5135 sed
3064 5074 3488 5149 superiedilicata

1918 5172 2079 5243 ligna,
2128 5171 2333 5237 fenum,
2383 5170 2654 5241 stipulam.
2711 5171 3024 5226 Necessario
3055 5170 3358 5240 appositum
3404 5177 3489 5224 est

1920 5265 2150 5333 primum
2169 5283 2182 5318 :
2200 5265 2432 5333 primum
2454 5264 2651 5335 quippe
2663 5271 2881 5334 propter
2902 5263 3192 5334 injustitias
3215 5269 3483 5317 tormenta

1920 5356 2250 5425 perpetimur
2299 5372 2312 5408 :
2357 5355 2549 5410 deinde
2580 5364 2799 5425 propter
2842 5354 3107 5424 justitiam
3145 5340 3486 5408 coronamur.

1922 5447 2105 5517 Neque
2127 5448 2269 5501 enim
2290 5457 2529 5502 ecomra
2540 5448 2618 5499 rio
2643 5457 2765 5501 ante
2791 5446 3071 5500 tribuenda
3094 5452 3218 5499 sunt
3239 5446 3408 5515 justa,
3435 5450 3491 5498 et

1921 5538 2001 5593 sic
2022 5538 2289 5592 reddenda
2317 5548 2557 5606 peccata,
2575 5548 2632 5591 ut
2652 5538 2989 5592 cessantibus
3007 5538 3163 5591 bonis
3182 5536 3313 5601 vitia
3334 5544 3490 5590 aeter-

1921 5635 2389 5697 nmpernianeant.
2416 5626 2523 5681 Sed
2543 5636 2667 5682 ante
2692 5627 3014 5697 recipiemus
3039 5626 3198 5691 mala,
3226 5635 3280 5681 et
3297 5625 3494 5682 deinde

1923 5718 2081 5781 bona,
2110 5726 2167 5771 ut
2192 5717 2416 5772 sublatis
2442 5718 2587 5773 vitiis
2613 5718 3225 5788 virtutes‘permaneant
3254 5717 3308 5771 in
3336 5724 3493 5772 teter-

1923 5823 2070 5862 num.
2098 5804 2296 5862 Omnes
2326 5808 2504 5877 igitur,
2530 5809 2833 5879 quicunque
2859 5809 3139 5865 materiam
3187 5809 3327 5864 illius
3354 5806 3493 5877 ignis
