3926 6320
484 314 588 372 945

1119 318 1179 372 Β.
1220 315 1472 372 ΒΑΒΔΝΙ
1508 314 1728 373 MAURI
1762 315 2077 371 ARCHIEP.
2122 313 2430 371 MOGUNT.
2470 313 2754 371 OPERUM
2793 305 2975 370 PARS
3010 316 3096 371 lll.

3647 314 3751 370 θιι

484 428 749 483 habemus
774 425 828 482 in
860 428 1035 495 nobis,
1064 429 1297 499 primum
1353 429 1677 499 recipiemus
1732 436 1913 483 nostra
1965 428 2061 482 de-
2088 430 2144 490 Α
2170 427 2395 499 ﬁngunt.
2420 427 2523 494 Qui
2548 429 2691 483 enim
2718 438 2947 508 possunt
2972 408 3227 484 simulare
3248 429 3413 485 alium
3445 439 3752 485 creatoiem

478 518 626 573 licta.
660 516 767 573 Sed
794 518 937 575 dicet
984 520 1114 587 mihi
1168 520 1362 591 aliquis
1389 521 1455 576 de
1482 520 1819 578 audientibus
1844 538 1855 572 :
1884 519 2061 589 Expo—
2162 526 2316 573 extra
2344 518 2717 573 universitatis
2746 518 2961 584 ,Deum,
2989 518 3153 573 alium
3180 530 3427 575 sanctum
3463 520 3753 592 Spiritum,

480 622 548 662 nc
568 616 622 662 et
647 607 700 663 id
727 610 873 680 quod
902 611 1147 679 sequitur
1175 627 1187 663 :
1229 628 1247 660 ι
1281 610 1548 681 duplices.
1582 629 1604 663 ι
1654 609 1785 665 Esto
1814 611 2011 680 quippe
2044 626 2057 663 :

480 700 727 771 recipere
773 717 861 759 me
893 713 1177 774 .peccata:
1229 712 1291 758 ut
1336 702 1670 774 compleatur
1715 702 1770 757 id
1816 703 1957 772 quod
1996 701 2064 756 ab

478 790 736 862 Apostolo
766 794 969 848 dictum
1015 802 1099 848 est
1124 791 1190 866 ’(1
1220 792 1342 848 Cor.
1392 794 1476 862 ιιι)
1508 811 1521 846 :
1558 810 1577 843 ι
1628 792 1687 847 Si
1733 789 1885 859 cujus
1929 807 2065 860 opus

479 883 676 938 arserit
703 884 1087 939 detrimentum
1111 886 1377 955 patietur:
1404 885 1518 954 ipse
1538 891 1716 938 autem
1738 882 1918 937 salvus
1939 883 2064 950 erit,

478 976 556 1031 sic
571 962 749 1031 tamen
766 978 920 1047 quasi
944 993 1042 1047 per
1064 978 1263 1047 ignem.
1291 997 1309 1029 ι
1333 975 1444 1032 Cur
1462 992 1593 1032 vero
1614 975 1847 1047 duplicia
1865 976 2066 1044 recipio

476 1068 735 1138 peccata?
765 1067 866 1124 Cui
899 1069 1337 1141 respondendum
1366 1077 1451 1124 est
1479 1087 1492 1122 :
1522 1066 1657 1135 Quia
1694 1087 1713 1119 «
1754 1072 1944 1122 servus
1973 1065 2065 1135 qui

476 1158 581 1214 scit
599 1159 941 1215 voluntatem
967 1159 1171 1215 domini
1195 1160 1299 1225 sui,
1347 1166 1403 1213 et
1428 1174 1535 1213 non
1566 1158 1696 1213 facit
1722 1171 1866 1221 eam,
1896 1170 2065 1239 vapu-

474 1248 1031 1323 labitmultum(Luc_.
1061 1251 1185 1322 xu);
1223 1270 1242 1302 ι
1280 1251 1511 1323 Dignum
1538 1249 1804 1321 siquidem
1842 1256 1925 1303 est
1974 1262 2068 1301 eos

474 1340 567 1407 qui
621 1339 688 1394 de
736 1341 985 1410 gentibus
1012 1341 1176 1415 Lsunt,
1224 1339 1488 1409 simplicia
1539 1338 1781 1408 recipere
1819 1348 2063 1407 peccata,

473 1434 529 1481 et
585 1443 685 1483 nos
752 1428 1001 1505 duplicia
1054 1430 1351 1486 secundum
1419 1429 1734 1500 Apostolum
1798 1429 2066 1484 dicentem

474 1518 667 1590 (Hebr.
692 1521 749 1594 x)
780 1540 792 1575 :
826 1542 843 1574 ι
874 1523 1191 1579 Voluntaria
1212 1522 1566 1593 peccantibus
1590 1521 1748 1576 nobis
1767 1530 1892 1590 post
1919 1520 2070 1591 agni-

475 1611 679 1667 tionem
745 1614 1013 1681 veritatis,
1066 1614 1181 1683 jam
1241 1614 1379 1668 ultra
1441 1629 1549 1669 non
1600 1621 1849 1667 remanet
1892 1612 2069 1666 hostia

472 1716 572 1773 pro
604 1712 849 1774 peccato.
887 1724 906 1757 ι
945 1705 1231 1761 Horribilis
1255 1714 1434 1762 autem
1459 1706 1708 1775 quadam
1734 1705 2069 1775 exspectatio

2165 607 2327 661 alium
2356 607 2650 672 Christum,
2685 608 2791 663 alia
2827 609 3026 664 saacula
3074 618 3229 664 extra
3282 610 3400 666 hinc
3454 629 3579 683 qua:
3632 628 3754 667 cer-

2166 698 2368 763 nimus,
2393 697 2430 751 ii
2453 698 2701 776 homines
2721 697 2966 754 fecerunt
2995 700 3099 755 sibi
3129 700 3280 766 deos,
3304 709 3359 756 et
3385 703 3756 759 adoraverunt

2165 804 2329 860 opera
2355 805 2609 846 manuum
2631 807 2871 847 suarum.
2904 793 3103 849 Omnes
3127 793 3457 864 philosophi,
3487 798 3580 867 qui
3602 797 3757 851 varia

2167 878 2417 949 dogmata
2444 880 2800 949 prodiderunt
2829 900 2841 935 :
2874 897 3064 938 omnes
3090 883 3351 947 haeretici,
3384 886 3480 955 qui
3503 897 3757 942 auctores

2168 970 2237 1024 ad
2289 970 2449 1026 aliter
2500 973 2824 1027 credendum
2875 974 2941 1029 de
2996 974 3106 1029 Deo
3158 976 3376 1032 miseris
3432 979 3758 1034 mortalibus

2166 1062 2511 1128 exstiterunt,
2529 1062 2774 1119 fecerunt
2797 1064 2901 1119 sibi
2924 1064 3086 1131 idola,
3112 1074 3167 1121 et
3190 1068 3385 1123 anima:
3419 1070 3755 1125 voluntatem

2167 1163 2489 1226 putaverunt
2550 1154 2741 1223 Deum,
2792 1164 2847 1211 et
2883 1159 3127 1213 conversi
3168 1160 3535 1216 adoraverunt
3592 1178 3757 1232 opera

2170 1264 2425 1303 manuum
2450 1265 2689 1317 suarum,
2718 1255 2971 1321 putantes
3001 1266 3126 1321 vera
3146 1268 3287 1320 esse,
3315 1270 3437 1325 quae
3461 1255 3756 1313 tinxerant.

2169 1338 2368 1395 Omnes
2396 1341 2561 1410 igitur
2589 1349 2698 1396 tam
2725 1342 2792 1396 de
2816 1342 3017 1399 visibili
3038 1346 3291 1412 materia,
3321 1362 3486 1416 quam
3513 1349 3581 1404 de
3606 1347 3761 1404 falsis

2170 1431 2509 1502 dogmatibus
2541 1432 2804 1505 ﬁngentes
2829 1434 2929 1489 sibi
2957 1436 3105 1502 deos,
3134 1438 3361 1509 corripit
3403 1456 3551 1498 nunc
3579 1456 3761 1496 sermo

2171 1521 2386 1576 divinus
2405 1522 2628 1580 dicens:
2655 1526 2697 1575 si
2747 1523 2911 1581 faciet
2956 1527 3059 1583 sibi
3086 1528 3250 1584 homo
3278 1530 3427 1596 deos,
3450 1540 3508 1587 et
3535 1532 3627 1587 isti
3651 1548 3759 1589 non

2171 1618 2297 1667 sunt
2323 1612 2417 1667 dii.

2248 1725 2266 1756 ι
2298 1705 2505 1763 Idcirco
2533 1722 2664 1764 ecce
2711 1725 2810 1780 ego
2834 1712 3119 1767 ostendam
3158 1713 3239 1768 eis
3266 1728 3364 1783 per
3390 1715 3563 1771 vicem
3596 1718 3758 1781 hanc,

471 1788 661 1860 iudicii
701 1802 756 1848 et
794 1796 936 1866 ignis
976 1814 990 1850 :
1034 1797 1183 1851 zelus
1218 1797 1314 1851 Dei
1368 1800 1615 1851 comedet
1646 1810 1836 1850 omnes
1876 1796 2070 1851 adver-
2097 1779 2145 1839 B
2179 1818 2198 1849 ‹
2230 1800 2509 1854 ostendam
2536 1802 2617 1856 eis
2639 1779 2856 1857 manum
2880 1818 3077 1867 meam,
3109 1812 3165 1859 et
3186 1804 3445 1861 virtutem
3472 1822 3679 1873 meam,
3707 1818 3763 1863 et

478 1885 673 1940 sarios.

555 1995 575 2027 ι
605 1976 854 2043 Domine,
880 1978 1137 2035 fortitudo
1160 1996 1300 2043 mea,
1331 1988 1387 2034 et
1419 1979 1585 2034 robur
1610 1992 1814 2043 meum,
1838 1984 1894 2032 et
1921 1975 2069 2032 refu-

481 2092 502 2126 ι
538 2074 686 2145 gium
713 2080 896 2131 nicum
926 2077 979 2131 in
1027 2078 1113 2133 die
1140 2076 1507 2132 tribulationis
1533 2075 1660 2149 (sive
1696 2073 2005 2145 malorum).
2044 2094 2064 2127 ›

480 2161 756 2237 (Ηὶενοη.)
789 2163 980 2222 Omnis
1030 2167 1310 2221 hominum
1354 2166 1632 2232 fortitudo,
1688 2166 1805 2220 sine
1831 2165 1928 2219 Dei
1956 2164 2070 2217 vir—

476 2262 611 2319 tute,
645 2270 767 2325 quaa
789 2255 1042 2312 Christus
1062 2266 1167 2323 est,
1202 2257 1472 2313 imbecilla
1504 2265 1788 2326 reputatur
1807 2266 1863 2311 et
1890 2255 2067 2311 nihili.

476 2344 632 2402 Unde
681 2335 1105 2419 confugiendum
1134 2349 1201 2403 ad
1230 2348 1400 2404 Deum
1446 2357 1609 2418 atque
1634 2349 1921 2404 dicendum
1943 2357 2027 2403 est
2053 2366 2066 2402 :

482 2456 503 2489 ι
538 2437 784 2503 Domine,
813 2438 1082 2510 refugium
1103 2439 1282 2495 factus
1310 2455 1372 2495 es
1400 2441 1558 2495 nobis
1580 2440 1634 2495 in
1649 2440 1995 2512 generatione
2018 2449 2075 2496 et

478 2528 834 2596 generatione
874 2529 1047 2602 (Psal.
1076 2531 1326 2603 Lxxxix).
1367 2552 1386 2585 ι
1415 2531 1482 2585 Ει
1508 2532 1562 2585 in
1593 2531 1701 2587 alio
1726 2532 1846 2587 loco
1876 2550 1889 2584 :
1918 2550 1936 2581 ι
1969 2531 2071 2598 Qui

476 2619 689 2675 habitat
742 2621 798 2674 in
846 2607 1117 2690 adiutorio
1152 2622 1440 2688 Altissimi,
1496 2624 1551 2677 in
1587 2622 1924 2693 protectione
1976 2622 2073 2675 Dei

475 2707 601 2763 cmli
645 2711 1078 2766 commorabitur
1128 2710 1303 2783 (Psal.
1342 2711 1454 2785 xc).
1494 2712 1669 2790 iDies
1696 2722 1876 2768 autem
1906 2714 2074 2767 tribu-

477 2797 697 2853 lationis
736 2799 851 2854 sive
894 2801 1184 2867 malorum,
1230 2802 1319 2857 illa
1354 2802 1702 2887 intelligenda
1726 2811 1812 2859 est
1850 2803 1919 2858 de
1965 2819 2072 2872 qua

476 2884 613 2939 dicit
660 2895 718 2940 et
759 2886 1099 2957 Apostolus:
1131 2886 1276 2961 (Gal.
1320 2888 1385 2963 ι.)
1423 2909 1441 2942 ‹
1478 2884 1552 2945 Ut
1595 2890 1830 2960 eriperet
1877 2905 1976 2944 nos
2008 2891 2074 2945 de

474 2979 729 3045 praesenti
761 2980 958 3034 saeculo
986 2996 1254 3050 nequam;
1282 3000 1300 3033 ι
1332 2990 1389 3036 et
1421 3001 1439 3033 ‹
1463 2981 1811 3037 Redimentes
1837 2989 2071 3051 tempus,

475 3069 731 3137 quoniam
755 3069 871 3124 dies
903 3070 1030 3124 mali
1061 3080 1189 3126 sunt
1211 3071 1428 3143 (Ephes.
1449 3070 1526 3145 v).

552 3179 571 3210 ‹
613 3161 693 3214 Ad
753 3168 805 3214 te
855 3169 1044 3247 gentes
1089 3137 1310 3217 venient
1360 3162 1428 3217 ab
1481 3137 1743 3218 extremis
1790 3172 1969 3225 terras,
2020 3137 2146 3217 etC

482 3269 501 3302 ι
538 3251 747 3321 dicent:
770 3252 907 3307 Vere
936 3254 1276 3308 mendacium
1294 3252 1652 3322 possederunt
1674 3261 1857 3323 patres
1878 3253 2069 3332 nostri,

480 3358 501 3391 ι
534 3342 832 3396 vanitatem
870 3358 990 3412 qua:
1014 3343 1093 3398 eis
1146 3358 1255 3397 non
1298 3342 1520 3412 profuit.
1558 3362 1577 3395 ›
1614 3342 1760 3397 LXX
1800 3360 1813 3394 :
1854 3361 1872 3393 ι
1904 3342 1989 3396 Ad
2018 3350 2073 3396 tc

482 3451 501 3485 ι
538 3441 725 3503 gentes
751 3434 974 3488 venient
999 3435 1067 3489 ab
1086 3436 1347 3490 extremis
1384 3445 1565 3500 terrae,
1594 3445 1649 3490 et
1676 3436 1858 3491 dicent
1882 3454 1894 3489 :
1921 3436 2069 3503 Quo-

479 3544 498 3577 ‹
535 3527 697 3581 modo
717 3524 854 3602 falsa
882 3515 1244 3598 possederunt
1263 3534 1446 3597 patres
1474 3527 1650 3582 nostri
1674 3527 1837 3592 idola,
1879 3534 1932 3581 et
1962 3542 2069 3581 non

481 3633 500 3665 ι
537 3623 622 3669 est
652 3616 706 3668 in
736 3615 816 3685 eis
848 3615 1091 3672 utilitas?
1125 3636 1144 3669 ι
1192 3616 1491 3686 Postquam
1522 3618 1729 3687 ejectus
1753 3626 1837 3671 est
1881 3616 2066 3682 Israel,

469 3712 531 3780 et
557 3719 586 3757 a
612 3705 977 3773 piscatoribus
1024 3707 1484 3777 venatoribusque
1524 3707 1843 3773 translatus,
1873 3716 2069 3762 conSe-

478 3802 713 3864 quenter
741 3806 970 3851 vocatur
994 3798 1063 3851 ad
1085 3796 1246 3852 ﬁdem
1269 3798 1510 3867 gentium
1532 3798 1837 3865 multitudo,
1866 3808 1920 3853 et
1943 3814 2071 3854 eon-

474 3883 663 3940 ﬁtetur
691 3900 750 3941 se
778 3888 891 3941 sive
912 3896 1098 3957 patres
1140 3903 1268 3943 suos
1298 3889 1350 3942 in
1376 3888 1559 3958 priore
1585 3894 1773 3943 errore
1803 3897 2067 3944 versatos.

456 3958 679 4047 -(o‘n'g.)
708 3976 941 4043 Quinam
991 3977 1101 4043 isti,
1138 3979 1232 4047 qui
1265 3981 1491 4033 veniunt
1513 3980 1581 4033 ab
1607 3980 1909 4034 extremis?
1933 3979 2073 4035 Sunt

478 4064 573 4120 alii
600 4066 763 4136 primi
788 4076 969 4132 terrae,
1002 4075 1129 4123 sunt
1149 4067 1240 4123 alii
1269 4068 1569 4123 novissimi.
1594 4068 1697 4136 Qui
1721 4076 1847 4124 sunt
1872 4069 2069 4140 primi?

475 4153 765 4226 Sapientes
779 4157 985 4223 saeculi,
1007 4158 1233 4223 nobiles,
1254 4157 1796 4228 divites,optimates.
1821 4159 1923 4225 Qui
1945 4168 2072 4214 sunt

473 4248 747 4303 extremi?
795 4247 969 4303 Stulta
1024 4250 1209 4303 mundi
1258 4248 1429 4319 elegit
1477 4249 1638 4314 Deus,
1688 4257 1750 4304 ut
1775 4249 2071 4305 confundat

474 4334 661 4402 fortia,
684 4345 740 4391 et
762 4351 848 4401 ea,
871 4354 992 4409 qua:
1039 4355 1147 4394 non
1174 4347 1349 4404 erant,
1378 4346 1439 4393 ut
1490 4339 1758 4405 destruat,
1794 4356 1914 4410 qua:
1946 4348 2072 4397 sunt

470 4422 528 4498 (Ι
560 4423 683 4479 Cor.
722 4426 825 4496 ιιι).
878 4445 896 4477 ι
936 4427 1169 4482 Venient
1208 4417 1491 4499 gentes'ab
1522 4429 1786 4484 extremis
1830 4438 2010 4498 terrae,
2042 4451 2061 4484 ι

471 4518 630 4587 quasi
670 4518 870 4572 dixerit
906 4536 918 4573 :
943 4518 1027 4574 Ab
1050 4519 1136 4574 his
1164 4520 1605 4590 hominibus,qui
1633 4522 1913 4577 novissimi
1942 4534 2069 4578 sunt

471 4623 635 4677 super
659 4609 953 4674 terram,de
985 4608 1167 4675 fatuis,
1200 4611 1264 4664 de
1295 4610 1638 4680 ignobilibus,
1670 4612 1737 4667 de
1763 4610 1987 4679 abiectis
2015 4622 2070 4668 et

470 4696 693 4752 dicent:
737 4716 755 4749 ι
790 4698 1072 4765 Quomodo
1111 4699 1246 4755 falsa
1283 4703 1643 4769 possederunt
1684 4712 1867 4773 patres
1894 4706 2069 4759 nostri

476 4786 791 4854 simulacra,
812 4804 913 4844 uec
935 4798 1020 4845 est
1048 4790 1103 4845 in
1126 4791 1231 4845 illis
1260 4791 1501 4847 utilitas?
1536 4812 1555 4844 ι
1587 4808 1692 4848 non
1719 4795 1844 4863 quia
1867 4803 1921 4849 et
1940 4808 2067 4849 vera

476 4880 584 4933 sint
636 4879 798 4945 idola,
854 4882 922 4936 ad
969 4897 1213 4952 quorum
1275 4883 1678 4940 distinctionem
1731 4901 1875 4941 nunc
1932 4886 2065 4941 falsa

478 4972 768 5025 dicuntur:
803 4972 899 5027 sed
956 4973 1115 5040 idola,
1169 4989 1289 5044 qum
1339 4974 1475 5029 falsa
1523 4984 1649 5031 sunt
1678 4986 1777 5046 per
1811 4985 2061 5031 naturam

476 5061 620 5115 nulla
647 5072 729 5117 cst
758 5064 811 5116 in
834 5065 914 5118 eis
942 5064 1167 5119 utilitas.

552 5173 570 5203 ι
610 5153 862 5224 Nunquid
888 5153 1050 5211 faciet
1074 5156 1177 5211 sibi
1221 5157 1381 5211 homo
1411 5158 1563 5223 deos,
1592 5166 1649 5213 et
1672 5159 1773 5227 ipsi
1800 5175 1906 5213 non
1934 5168 2060 5215 sunt

478 5265 495 5295 ι
532 5228 643 5299 dii?
679 5265 697 5295 ι
733 5245 1004 5317 (Hieron.)
1030 5246 1097 5300 Et
1124 5248 1228 5302 hoc
1261 5255 1448 5318 gentes
1470 5249 1784 5319 loquuntur,
1816 5265 1935 5319 quae
1963 5264 2057 5304 ve-

472 5345 673 5392 nerunt
694 5336 761 5391 ad
784 5337 1123 5395 Salvatorem
1148 5341 1215 5393 ab
1234 5342 1491 5395 extremis
1514 5350 1695 5407 terrm,
1714 5342 2060 5414 suggillantes

474 5428 842 5499 ignorantiam
872 5440 980 5485 tam
1011 5449 1162 5488 suam
1205 5449 1363 5503 quam
1393 5433 1656 5502 majorum
1682 5451 1925 5503 suorum,
1953 5433 2060 5508 ('jua

471 5529 799 5590 putaverunt
818 5524 885 5578 ab
924 5525 1141 5580 homine
1170 5526 1284 5581 fieri
1313 5528 1461 5592 deos,
1509 5543 1629 5581 cum
1662 5528 1755 5583 Dei
1784 5529 1855 5583 sit
1882 5529 2059 5583 homi-

473 5627 571 5665 nes
599 5611 798 5668 facere.
832 5613 1033 5689 (Or-ig.)
1079 5616 1195 5671 Non
1223 5619 1393 5673 solum
1442 5621 1508 5674 de
1536 5622 1811 5690 corporeis
1842 5622 2062 5676 simula-

471 5702 581 5756 eris
605 5702 806 5759 faciunt
837 5706 937 5760 sibi
972 5708 1217 5764 homines
1256 5710 1406 5774 deos,
1434 5714 1526 5765 sed
1548 5723 1599 5767 ct
1632 5714 1695 5766 de
1731 5713 1891 5767 corde
1933 5729 2060 5768 con-

2176 1907 2195 1937 ι
2234 1889 2407 1942 scient
2431 1891 2688 1959 quoniam
2714 1906 2911 1946 nomen
2955 1893 3088 1947 mihi
3119 1893 3399 1951 Dominus.
3433 1917 3450 1949 ι
3487 1897 3760 1968 (Ηξενοη.)

2172 1976 2361 2031 Man‘us
2389 1977 2503 2043 Dei,
2526 1994 2624 2047 per
2650 1994 2815 2049 quam
2841 1990 3034 2036 cuncta
3054 1993 3309 2051 operatus
3336 1995 3421 2041 est
3445 2004 3457 2039 :
3488 1997 3545 2042 et
3566 1989 3755 2051 virtus,

2173 2068 2238 2122 de
2260 2082 2366 2137 qua
2393 2068 2529 2122 dixit
2557 2069 2846 2139 Apostolus
2869 2069 2919 2143 (ι
2954 2070 3079 2126 Cor.
3105 2074 3145 2136 ι)
3171 2092 3183 2128 :
3223 2094 3241 2125 ι
3268 2074 3518 2133 Christus
3533 2079 3629 2134 Dei
3653 2082 3761 2135 vir-

2175 2167 2277 2225 tus',
2309 2168 2363 2214 et
2382 2159 2475 2215 Dei
2501 2161 2783 2230 sapientia.
2816 2182 2835 2214 ›
2864 2164 3170 2219 ostenditur
3198 2167 3451 2235 gentibus
3489 2168 3611 2223 Filii
3640 2144 3763 2240 pas:

2173 2250 2326 2303 sione
2356 2249 2644 2319 completa.
2692 2249 3033 2321 Pulchreque
3079 2254 3251 2308 dixit:
3298 2274 3316 2306 ι
3356 2255 3657 2313 Ostendam
3685 2260 3762 2315 eis

2171 2357 2268 2412 per
2312 2342 2485 2397 vicem
2534 2342 2708 2409 hanc;
2749 2364 2768 2396 ι
2812 2346 3095 2400 ostendam
3153 2355 3333 2402 autem
3375 2348 3687 2417 manifeste,
3711 2359 3762 2406 et

2173 2446 2280 2487 non
2311 2440 2371 2486 ut
2394 2432 2547 2501 prius
2577 2432 2631 2487 in
2653 2433 2869 2498 umbra,
2895 2443 2951 2489 et
2972 2435 3227 2507 imagine,
3257 2445 3313 2490 et
3331 2438 3594 2494 vatioinio
3622 2439 3765 2495 futuo

2203 2539 2359 2578 orum
2407 2543 2421 2577 :
2468 2534 2529 2579 ut
2571 2536 2857 2596 postquam
2904 2528 3278 2599 cognoverint,
3334 2531 3511 2586 sciant
3567 2549 3762 2591 nomen

2174 2632 2374 2681 meum,
2424 2618 2749 2689 audientque
2786 2635 2817 2673 a
2862 2619 2999 2675 Filio
3044 2639 3057 2673 :
3110 2639 3129 2671 ι
3189 2621 3369 2690 Pater,
3412 2627 3761 2682 manifestavi

2174 2722 2371 2762 nomen
2396 2715 2545 2763 tuum
2569 2708 2876 2766 hominibus
2907 2709 3092 2782 (Joan.
3122 2712 3279 2785 xvu).
3319 2734 3339 2766 ι

2748 2849 2974 2921 CA'PUT
3019 2865 3181 2922 xvn.

2178 2995 2627 3074 Deobstinatione
2648 2996 2962 3074 Judworym
3000 3000 3377 3074 {maledicitur
3417 3006 3511 3074 qui
3550 3006 3763 3073 conﬁdit

2248 3066 2304 3144 iit
2330 3068 2568 3144 Itomine;
2589 3070 2699 3144 ¹(ιτρί
2746 3070 2803 3122 in
2852 3068 2963 3144 Deo
2999 3070 3347 3144 benedicitur;
3381 3066 3448 3127 de
3476 3066 3765 3144 perditione

2249 3135 2532 3203 diabolica;
2564 3135 2631 3191 de
2654 3139 3021 3216 imprecatione
3044 3139 3291 3216 Ieremia:
3327 3135 3489 3213 super
3512 3146 3762 3216 poymlum

2246 3217 2602 3274 peccatorem;
2631 3208 2694 3261 de
2716 3209 3069 3264 obseruatione
3091 3211 3312 3266 sabbati.

2253 3355 2271 3385 ‹
2293 3336 2577 3394 Peccatum
2598 3337 2734 3394 Juda
2757 3341 3017 3411 scriptum
3040 3353 3123 3398 est
3145 3344 3284 3415 stylo
3310 3345 3490 3403 ferreo
3513 3349 3568 3403 in
3590 3365 3764 3420 ungue

2182 3446 2200 3477 ι
2234 3428 2609 3495 adamantino,
2655 3440 2939 3486 exaratum
2988 3448 3151 3503 super
3200 3435 3540 3492 latitudinem
3584 3430 3763 3497 wrdis

2181 3538 2199 3569 ι
2234 3535 2423 3575 eorum
2452 3520 2578 3592 (sive
2608 3522 2661 3575 in
2688 3509 3109 3592 pectore‘cordis
3137 3527 3374 3599 eorum),
3418 3539 3475 3582 et
3499 3530 3554 3584 in
3578 3532 3761 3586 corni-

2180 3632 2197 3663 ‹
2230 3613 2331 3666 bus
2356 3612 2607 3666 altarium
2636 3613 2765 3683 (sive
2814 3616 3055 3685 ararum)
3088 3630 3297 3673 eorum.
3329 3638 3349 3671 ι
3384 3618 3465 3675 De
3492 3604 3761 3691 gentibus,

2174 3717 2294 3771 qua:
2319 3704 2384 3756 ad
2428 3703 2713 3757 Dominum
2769 3718 3045 3761 conversa
3093 3706 3330 3775 fuerant,
3363 3725 3527 3780 supra
3558 3712 3760 3767 dictum

2173 3801 2256 3848 est
2280 3811 2293 3846 :
2322 3811 2340 3843 ι
2364 3792 2503 3849 Ecce
2522 3808 2624 3863 ego
2650 3796 2932 3851 ostendam
2961 3797 3040 3851 eis
3060 3814 3158 3867 per
3186 3800 3360 3855 vicem
3391 3802 3556 3865 hanc,
3584 3812 3738 3857 osten

2172 3883 2299 3937 dam
2316 3883 2395 3938 eis
2423 3899 2642 3939 manum
2667 3899 2865 3953 meam,
2889 3896 2944 3943 et
2963 3888 3217 3944 virtutem
3240 3906 3454 3947 meam:
3480 3913 3497 3944 ι
3522 3910 3665 3950 nunc
3694 3894 3763 3951 de

2173 3973 2360 4039 Israel,
2386 3974 2479 4044 qui
2508 3973 2751 4043 ahjectus
2787 3984 2891 4045 est,
2935 3976 3211 4047 loquitur:
3251 3999 3269 4031 ‹
3305 3980 3598 4037 Peccatum
3623 3981 3761 4038 Juda

2173 4064 2310 4135 stylo
2327 4064 2504 4121 ferreo
2532 4066 2791 4135 scriptum
2820 4074 2903 4123 est
2927 4067 2983 4123 in
3004 4085 3183 4140 ungue
3207 4070 3575 4137 adamantino,
3606 4093 3624 4125 ι
3651 4084 3757 4129 etc.

2172 4157 2326 4224 Quod
2346 4174 2444 4214 cur
2464 4174 2496 4213 a
2521 4158 2665 4213 LXX
2686 4161 3109 4230 praetermissum
3144 4149 3439 4230 sit‘nescio,
3471 4165 3572 4219 nisi
3596 4164 3755 4221 forsi-

2174 4259 2267 4305 tan
2288 4259 2646 4320 pepercerunt
2672 4250 2873 4321 populo
2905 4267 3035 4318 suo;
3068 4253 3210 4307 sicut
3264 4262 3318 4308 et
3367 4254 3422 4308 in
3474 4254 3613 4309 Isaia
3662 4271 3757 4311 eos

2173 4342 2367 4397 iecisse
2396 4342 2741 4398 manifestum
2770 4350 2890 4398 est:
2925 4361 2945 4394 ι
2971 4343 3245 4410 Quiescite
3272 4358 3403 4415 ergo
3426 4346 3494 4400 ab
3515 4347 3755 4410 homine,

2174 4432 2327 4501 cujus
2352 4433 2572 4503 spiritus
2601 4433 2655 4487 in
2685 4432 2908 4487 naribus
2934 4432 3074 4503 ejus,
3120 4436 3243 4503 quia
3270 4436 3517 4490 excelsus
3540 4445 3758 4506 reputa-

2175 4534 2261 4582 tus
2288 4534 2371 4582 est
2387 4526 2502 4596 ipse
2538 4524 2671 4596 (Isa.
2704 4524 2766 4597 ιι)
2802 4544 2814 4577 :
2850 4545 2869 4575 ι
2902 4523 3178 4594 multaque
3222 4525 3614 4595 hujuscemodi,
3639 4542 3757 4596 qua:

2173 4620 2220 4674 si
2246 4618 2466 4673 voluero
2505 4626 2702 4673 cuncta
2747 4617 3016 4687 digerere,
3073 4632 3185 4671 non
3214 4617 3405 4691 (dicam
3458 4617 3615 4683 libro,
3662 4617 3755 4673 sed

2173 4708 2327 4764 libris
2348 4722 2483 4777 opus
2511 4708 2634 4761 erit.
2667 4706 2919 4763 Gentium
2970 4716 3194 4777 peccata
3230 4707 3406 4763 deleta
3448 4718 3596 4773 sunt,
3628 4709 3753 4777 quia

2172 4792 2446 4854 cenversa:
2479 4798 2547 4853 ad
2570 4798 2875 4863 Dominum,
2915 4797 2984 4853 ab
3004 4782 3265 4871 extremis
3288 4804 3451 4852 terra:
3469 4796 3756 4852 audierunt

2172 4890 2340 4945 illud:
2373 4910 2391 4941 ι
2427 4888 2669 4945 Laudate
2715 4889 3024 4955 Dominum,
3060 4904 3250 4944 omnes
3293 4897 3509 4959 gentes;
3539 4888 3754 4943 laudate

2172 4998 2320 5047 eum,
2350 4997 2542 5037 omnes
2563 4981 2745 5052 populi
2776 4999 2788 5035 :
2817 4981 2944 5051 quia
2977 4980 3293 5036 conﬁrmata
3317 4990 3405 5037 est
3451 4996 3613 5051 super
3654 4994 3754 5036 nos

2172 5075 2547 5130 misericordia
2576 5072 2712 5142 ejus,
2750 5083 2805 5129 et
2830 5075 3032 5130 veritas
3060 5074 3274 5130 Domini
3305 5084 3490 5130 manet
3512 5076 3565 5129 in
3591 5083 3750 5131 aeter-

2169 5182 2297 5220 num
2321 5152 2492 5237 (Psal.
2518 5166 2687 5235 cxvi).
2720 5184 2738 5217 ι
2764 5166 2832 5219 Ει
2860 5166 2925 5221 de
2944 5166 3143 5235 quibus
3166 5166 3379 5220 dixerat
3397 5166 3466 5221 ad
3489 5166 3707 5238 Moysen
3731 5184 3747 5221 :

2176 5278 2193 5309 ι
2230 5257 2447 5311 Dimitte
2479 5272 2586 5322 me,
2624 5266 2685 5311 ut
2709 5257 3029 5313 interﬁciam
3058 5257 3312 5327 populum
3351 5259 3535 5325 istum,
3573 5270 3627 5314 et
3665 5259 3749 5315 fa-

2168 5349 2308 5403 ciam
2338 5348 2470 5419 te_in
2495 5356 2709 5419 gentem
2748 5363 2998 5419 magnam
3032 5348 3228 5419 (Exod.
3262 5350 3457 5420 xxxii).
3499 5370 3517 5401 ι
3550 5350 3751 5407 Pecca-

2166 5449 2281 5493 tum
2304 5448 2484 5493 autem
2511 5438 2648 5494 Juda
2676 5438 2981 5505 indelebile,
3002 5447 3187 5509 atque,
3206 5448 3265 5493 ut
3285 5440 3359 5495 ita
3383 5441 3583 5507 dicam,
3604 5439 3747 5495 nulla

2166 5532 2375 5587 ratione
2394 5531 2731 5595 abolendum,
2759 5532 3021 5601 scriptum
3043 5539 3126 5586 est
3144 5530 3287 5601 stylo
3303 5530 3483 5587 ferreo
3504 5534 3559 5588 in
3573 5544 3746 5602 ungue

2167 5622 2532 5687 adamantino,
2552 5636 2670 5690 quae
2690 5619 2954 5675 Hebraicc
2976 5620 3352 5683 ἀιδίων-ναν
3369 5622 3627 5687 schamir,
3644 5634 3745 5674 non

2166 5730 2271 5783 quo
2301 5713 2439 5767 ullus
2468 5712 2660 5781 unguis
2708 5712 2800 5776 sit,
2832 5711 2924 5781 qui
2950 5711 3248 5782 appellatur
3286 5720 3471 5774 Ἵναιγ,
3521 5711 3614 5766 sed
3643 5722 3746 5780 quo
