3926 6316
176 382 286 438 345

1078 371 1435 428 EXPOSITIO
1471 372 1695 429 SUPER
1732 370 2091 425 JEREMIAM.
2133 401 2200 410 --
2236 371 2359 425 LIB.
2400 372 2527 425 Vill.

3304 370 3409 427 9M3

173 493 319 566 lapis
356 493 751 555 adamantinos,
777 492 866 561 qui
896 505 959 545 cx
990 505 1053 544 eo
1080 490 1221 558 quod
1249 489 1536 543 indomitus
1583 487 1652 541 sit
1692 495 1746 541 et
1769 487 1821 547 Α
1848 486 1900 540 in
1936 486 2124 556 gloria,
2158 495 2469 555 peccatores
2505 500 2634 539 vero
2664 486 2715 537 in
2758 486 3097 554 opprobrium
3129 494 3182 537 et
3214 482 3405 539 confu-

177 585 558 656 infrangibilis,
600 583 701 637 hoc
751 598 944 637 nomen
992 580 1221 650 accepit,
1258 588 1463 634 tantum
1513 580 1742 634 nitorem

175 676 380 734 habeat
423 684 478 729 et
521 675 810 737 levitatem,
864 680 925 726 ut
963 672 1167 740 absque
1211 670 1319 725 ullo
1364 670 1744 739 impedimento

173 768 346 826 scribi
374 768 545 837 possit
588 768 640 821 in
669 782 733 822 eo
762 764 900 835 ston
925 762 1131 826 ferreo;
1160 771 1219 816 ut
1261 763 1393 816 dura
1421 760 1547 815 ferri
1575 767 1746 814 mate-

176 861 289 915 ries
317 858 517 915 scribat
550 858 605 911 in
633 853 836 911 duriori
886 852 1066 906 tabula
1120 851 1482 914 adamantina,
1506 857 1559 903 et
1588 848 1745 902 duret

176 951 321 1021 quod
346 950 602 1020 scriptum
622 954 705 1001 est
728 945 780 999 in
810 952 1145 1014 perpetuum.
1166 941 1271 1010 Ipsi
1302 940 1443 993 enim
1472 939 1741 1001 dixerunt,

180 1061 202 1094 ι
238 1030 468 1112 Sanguis
491 1037 606 1107 ejus
629 1051 790 1108 super
803 1049 900 1090 nos
926 1045 979 1088 et
1002 1048 1160 1102 super
1180 1030 1317 1085 ﬁlios
1340 1036 1569 1083 nostros.
1594 1048 1613 1079 ι
1641 1026 1745 1081 Per

174 1132 376 1205 stylum
413 1144 540 1199 ergo
574 1129 807 1183 ferreum
849 1124 1005 1178 fortis
1047 1121 1344 1184 sententia,
1382 1134 1480 1188 per
1512 1132 1741 1187 unguem

170 1238 309 1279 vero
337 1220 735 1277 adamantinum
766 1217 1008 1287 signatur
1037 1213 1160 1273 ﬁnis
1184 1220 1433 1266 aeternus.
1457 1207 1742 1264 Peccatum

172 1330 308 1369 vero
326 1312 473 1368 lude
485 1310 622 1382 stylo
645 1308 819 1363 ferreo
844 1308 897 1361 in
921 1318 1098 1375 ungue
1118 1300 1464 1357 adamantino
1485 1297 1742 1365 scriptum

173 1408 398 1471 dicitur,
422 1405 545 1474 quia
574 1402 726 1471 culpa
743 1400 1179 1465 Judamrum,per
1204 1393 1395 1448 fortem
1419 1390 1515 1444 Dei
1529 1398 1744 1443 senten-

173 1497 308 1551 tiam
341 1498 393 1550 in
443 1494 549 1548 ﬁne
580 1502 829 1548 servatur
857 1488 1087 1543 inﬁnito.
1126 1485 1279 1540 Unde
1304 1490 1603 1546 exaratum,
1630 1481 1743 1535 sive

172 1586 501 1655 insculptum
539 1592 623 1638 est
670 1583 724 1636 in
769 1579 1023 1635 cornibus
1072 1576 1341 1639 altarium,
1391 1572 1473 1626 vel
1524 1586 1741 1626 ararum

170 1694 364 1733 eorum
392 1696 404 1731 :
428 1685 489 1731 ut
514 1690 677 1746 opera
726 1670 992 1738 sacrilegii
1037 1670 1092 1723 in
1140 1677 1392 1721 aeternam
1423 1664 1739 1718 memoriam

169 1776 544 1838 perseverent.
595 1766 652 1820 Si
700 1773 878 1818 autem
918 1762 1021 1815 hoc
1062 1760 1136 1813 ita
1167 1766 1268 1821 est,
1299 1756 1389 1809 ubi
1423 1754 1575 1818 illud,
1600 1752 1742 1822 quod

1844 574 2048 629 sionem
2071 582 2343 629 (sternam.

1920 685 1939 717 ‹
1972 667 2107 720 Cum
2131 666 2398 721 recordati
2442 665 2641 721 fuerint
2692 664 2783 719 filii
2814 680 2997 720 eorum
3036 677 3251 718 ararum
3284 678 3409 719 sua-

1851 774 1871 806 σ
1906 772 2047 821 rum,
2090 764 2145 809 et
2196 756 2457 819 lucorum,
2521 758 2893 828 lignorumque
2942 756 3302 811 frendentium
3352 756 3407 810 in

1850 864 1867 895 ί
1906 846 2178 900 montibus
2207 845 2457 910 excelsis,
2488 847 2854 903 sacriﬁcantes
2894 848 2948 902 in
2997 862 3126 918 agro
3156 863 3170 901 :
3196 846 3410 902 fortitu-

1850 953 1868 985 ι
1906 937 2082 992 dinem
2111 946 2277 1000 tuam,
2301 948 2355 991 et
2392 952 2578 993 omnes
2612 940 2892 994 thesauros
2920 949 3037 994 tuos
3064 941 3117 994 in
3147 940 3409 1009 direptio-

1851 1044 1869 1077 ι
1904 1041 2026 1079 nem
2057 1026 2215 1090 dabo,
2233 1028 2449 1083 excelsa
2478 1038 2563 1082 tua
2585 1034 2802 1099 propter
2827 1041 3046 1098 peccata
3072 1031 3122 1083 in
3145 1030 3411 1085 universis

1852 1131 1868 1163 ι
1909 1114 2102 1170 ﬁnibus
2119 1117 2224 1171 tuis
2246 1132 2261 1169 :
2286 1126 2343 1173 et
2373 1118 2698 1188 relinqueris
2723 1119 2832 1173 sola
2867 1120 2934 1173 ab
2963 1120 3275 1175 haereditate
3296 1128 3406 1182 tua,

1851 1224 1869 1256 ‹
1910 1220 2069 1275 quam
2097 1208 2218 1263 dedi
2246 1208 2365 1274 tibi,
2394 1218 2449 1263 et
2476 1211 2679 1264 servire
2707 1222 2759 1263 te
2807 1207 2997 1264 faciam
3044 1212 3275 1265 inimicis
3303 1212 3410 1265 tuis

1851 1312 1870 1345 ‹
1912 1296 1964 1349 in
1990 1304 2153 1361 terra,
2186 1312 2345 1366 quam
2391 1299 2640 1368 ignoras?
2664 1300 2916 1369 quoniam
2965 1299 3141 1369 ignem
3186 1316 3411 1355 succen-

1850 1404 1869 1436 ί
1907 1385 2031 1439 disti
2059 1387 2109 1439 in
2140 1386 2323 1441 furore
2364 1372 2706 1458 meo,‘usque
2733 1390 2797 1443 'in
2823 1398 3081 1444 aeternum
3123 1391 3349 1444 ardebit.
3389 1410 3406 1439 ι

1846 1472 2113 1546 (Ηίετοη.)
2146 1476 2213 1530 Et
2258 1476 2374 1529 ba‘c
2415 1478 2470 1530 in
2497 1477 2637 1532 LXX
2664 1495 2769 1533 non
2800 1479 3082 1545 habentur,
3119 1483 3326 1545 eadem,
3354 1488 3412 1533 ut

1845 1579 1985 1630 reor,
2005 1580 2187 1631 causa,
2205 1582 2367 1637 quam
2392 1583 2550 1637 supra
2566 1570 2815 1635 diximus,
2838 1586 2907 1625 ne
2926 1571 3339 1625 scilicctmterna
3358 1573 3408 1625 in

1844 1668 1937 1707 eos
1962 1655 2225 1709 sententia
2252 1667 2605 1725 permaneret.
2646 1678 2663 1709 ε
2693 1658 3051 1729 Relinqucris,
3080 1661 3175 1723 ait,
3198 1661 3313 1715 sola
3344 1661 3413 1715 ab

1848 1746 2160 1800 htereditate
2189 1754 2303 1813 tua,
2327 1763 2489 1816 quam
2518 1749 2635 1804 dedi
2678 1749 2799 1813 tibi,
2837 1758 2891 1803 et
2912 1752 3112 1804 servire
3137 1758 3186 1803 te
3217 1749 3407 1803 faciam

168 1830 313 1915 anus
343 1859 509 1914 delira
535 1856 811 1925 conﬁngit,
840 1867 998 1922 posse
1040 1849 1311 1906 hominem
1359 1847 1475 1901 sine
1516 1852 1741 1914 peccato
1768 1830 1817 1889 Β
1844 1833 2074 1888 inimicis
2095 1837 2199 1889 tuis
2227 1836 2281 1889 in
2305 1847 2467 1902 terra,
2497 1853 2655 1906 quam
2682 1839 2918 1909 ignoras,
2952 1860 2969 1891 ι
3001 1839 3082 1893 vel
3110 1840 3210 1894 sub
3234 1838 3410 1910 Baby-

166 1965 315 2015 esse,
346 1950 388 2004 si
421 1948 565 2010 velit,
605 1956 659 2000 et
711 1944 886 1997 facilia
934 1942 1028 1996 Dei
1071 1954 1190 1994 esse
1229 1937 1498 1991 mandata.
1545 1932 1741 2003 (0rig.)

168 2039 444 2105 Quoniam
469 2038 632 2109 igitur
658 2033 870 2089 difﬁcile
892 2040 975 2087 est
999 2031 1226 2099 aliquem
1266 2042 1323 2083 se
1352 2026 1550 2079 malum
1580 2024 1745 2079 conﬁ-

166 2130 299 2195 teri,
331 2131 449 2184 ideo
476 2127 667 2193 Judaei,
697 2126 788 2196 qui
833 2122 1160 2192 exemplaria
1191 2117 1443 2174 nonnulla
1485 2115 1743 2199 falsarunt

164 2223 339 2277 etiam
386 2221 442 2274 in
483 2220 585 2274 hoc
634 2218 750 2274 loco
780 2231 878 2286 pro
904 2222 1126 2284 peccato
1153 2210 1308 2274 Juda,
1336 2214 1615 2277 peccatum
1650 2219 1743 2259 eo-

164 2325 295 2365 rum
336 2314 647 2380 posuerunt.
701 2304 806 2359 Sed
854 2305 900 2358 si
952 2300 1250 2373 ﬁguraliter
1297 2297 1625 2358 consideres,
1680 2302 1741 2348 ut

164 2414 317 2468 δεῖρε
341 2397 672 2453 ostendimus
713 2394 905 2450 ludam
948 2391 1219 2446 Christum
1265 2387 1588 2456 nuncupari,
1630 2385 1740 2440 for-

164 2490 317 2543 sitan
345 2496 620 2556 peccatnm
644 2483 779 2539 Juda
803 2490 1081 2553 peccatum
1109 2484 1480 2541 nostrumest,
1508 2476 1599 2545 qui
1622 2490 1742 2531 cre-

161 2578 352 2633 dimus
381 2577 434 2631 in
461 2575 736 2631 Christum
763 2573 828 2628 de
853 2572 997 2626 tribu
1034 2568 1191 2635 Juda,
1224 2584 1282 2623 et
1306 2583 1374 2622 ex
1402 2565 1517 2634 ejus
1544 2580 1741 2631 secun-

161 2671 303 2724 dum
339 2682 555 2723 carnem
600 2666 769 2735 stirpe
822 2672 1151 2718 nascentem.
1195 2658 1253 2715 Si
1296 2669 1476 2715 autem
1510 2658 1744 2713 volueris

159 2762 435 2820 sacratius
455 2759 753 2830 intelligere
774 2758 840 2813 de
860 2756 1135 2826 proditore
1155 2752 1289 2809 Juda
1316 2752 1539 2818 dictum,
1570 2770 1591 2803 ι
1618 2765 1743 2822 pec—

160 2860 351 2909 catum
377 2849 511 2905 Juda
541 2848 803 2917 scriptum
831 2846 971 2915 style
1000 2844 1176 2900 ferreo
1204 2844 1257 2897 in
1286 2857 1462 2913 ungue
1489 2842 1743 2896 adaman-

162 2935 306 3006 tino,
336 2940 600 3008 sculptum
626 2952 787 3008 super
826 2944 1015 3006 pectus
1046 2934 1224 2989 cordis
1252 2948 1438 2988 eorum
1472 2950 1484 2986 :
1525 2951 1544 2985 ι
1580 2946 1741 3002 repu-

160 3035 357 3106 gnabit
382 3034 476 3087 tibi
505 3032 649 3101 quod
671 3030 935 3099 sequitur,
959 3047 976 3078 ‹
1001 3027 1219 3081 Eorum.
1245 3045 1263 3077 ι
1296 3024 1484 3101 igitur,
1501 3030 1560 3077 ut
1581 3037 1742 3092 supra

160 3126 441 3181 diximus:
468 3137 770 3193 supernos,
812 3120 902 3190 qui
942 3133 1228 3189 peccamus
1253 3118 1354 3171 ista
1397 3115 1741 3179 conveniunt,

1846 1925 2002 1981 loniis
2022 1927 2125 1993 vel,
2156 1938 2213 1981 ut
2233 1938 2315 1983 est
2337 1931 2539 1995 verius,
2565 1932 2662 1985 sub
2685 1931 2959 1987 Romanis.
2990 1933 3092 2001 Ipsi
3119 1934 3259 1986 enim
3282 1948 3408 1987 suc-

1844 2016 2136 2071 cenderunt
2166 2017 2365 2088 ignem,
2402 2028 2457 2073 et
2502 2020 2973 2077 clementissimum
3025 2023 3305 2077 Dominum
3353 2024 3407 2076 in

1842 2106 2077 2162 furorem
2100 2120 2551 2178 provocaverunt.
2581 2114 2669 2181 qui
2688 2113 2827 2183 ignis
2848 2113 3043 2169 furoris
3068 2113 3181 2181 ejus
3205 2114 3412 2173 ardebit

1844 2198 1900 2251 in
1920 2208 2197 2254 aeternum.
2226 2200 2401 2256 Pudet
2429 2218 2512 2257 me
2549 2205 2908 2260 contentionis
2954 2217 3281 2270 nostrorum,
3302 2206 3403 2275 qui

1844 2286 2162 2342 Hebraicam
2200 2290 2484 2344 veritatem
2533 2303 2776 2362 arguunt.
2820 2292 2986 2348 Judaei
3034 2304 3219 2349 contra
3248 2311 3303 2348 se
3329 2295 3428 2349 le-v

1843 2386 1995 2447 gunt,
2027 2387 2082 2432 et
2104 2378 2231 2449 quid
2264 2395 2363 2449 pro
2385 2396 2443 2435 se
2484 2383 2573 2447 sit,
2604 2384 2777 2438 nescit
2806 2385 3067 2441 Ecclesia.
3102 2386 3253 2441 Unde
3291 2402 3406 2451 nos,

1843 2465 1934 2534 qui
1961 2482 2145 2523 sumus
2174 2468 2268 2523 ﬁlii
2301 2471 2683 2538 apostolorum,
2702 2474 3043 2529 recordemur
3070 2476 3409 2545 iniquitatmn

1844 2554 2042 2623 prioris
2069 2556 2269 2627 populi,
2300 2565 2355 2611 et
2378 2557 2523 2626 juste
2563 2576 2654 2615 eos
2680 2569 2961 2632 perpessos
2985 2581 3102 2620 esse
3130 2575 3406 2620 testamur.

1842 2643 2073 2699 Possunt
2097 2654 2275 2699 autem
2298 2647 2530 2714 excelsa,
2556 2666 2674 2718 quae
2699 2651 2956 2707 Hebraice
2980 2654 3228 2708 dicuntur
3261 2665 3411 2715 nm

1845 2735 2051 2789 bamotlt
2073 2744 2127 2790 et
2166 2745 2351 2792 contra
2385 2740 2665 2796 haereticos
2694 2744 2884 2813 accipi,
2922 2746 3012 2814 qui
3036 2757 3328 2816 posuerunt
3357 2748 3409 2801 in

1844 2823 2039 2879 ct'elum
2099 2825 2175 2897 [in
2213 2828 2505 2901 excelsum]
2554 2845 2615 2884 os
2673 2847 2844 2897 suum,
2899 2842 2953 2886 et
3000 2834 3175 2904 lingua
3223 2850 3409 2889 eorum

1847 2917 2094 2971 transivit
2146 2934 2307 2987 super
2350 2928 2569 2988 terram,
2626 2924 2717 2991 qui
2772 2923 2824 2976 in
2873 2932 3073 2978 tantam
3134 2928 3407 2981 vesaniam

1844 3018 2222 3077 proruperunt,
2263 3019 2322 3063 ut
2361 3010 2458 3064 soli
2487 3012 2686 3081 absque
2724 3013 2956 3082 Spiritus
3017 3015 3203 3069 sancti
3238 3016 3409 3086 gratia

1845 3099 2223 3165 remanserint,
2284 3108 2337 3155 et
2386 3102 2712 3172 perdiderint
2765 3104 3125 3159 hrcreditatem
3178 3106 3410 3172 Domini,

160 3230 401 3286 quorum
426 3187 642 3283 pecéaw
677 3227 784 3267 non
819 3187 1118 3265 ίῖοι-ίιίεθρυε
1158 3207 1353 3263 alicubi
1382 3205 1734 3260 conscribun-
1763 3194 1807 3255 C
1838 3187 2069 3286 priorem
2101 3189 2345 3244 videlicet
2380 3191 2500 3247 fidei
2547 3194 2822 3248 veritatem
2850 3210 2864 3247 :
2893 3197 3032 3250 unde
3069 3205 3123 3251 et
3148 3205 3409 3253 {sternunt

162 3318 283 3372 tur,
310 3307 405 3362 sed
448 3308 503 3360 in
530 3306 706 3361 cordis
742 3303 1069 3359 conscientia
1098 3301 1235 3369 style
1268 3306 1490 3354 exarata
1541 3296 1738 3361 ferreo,

160 3397 380 3467 sculpta
397 3411 571 3466 ungue
590 3394 954 3450 adamantino.
972 3392 1107 3459 Quia
1126 3399 1303 3444 autem
1316 3395 1539 3458 peccata
1558 3394 1742 3442 nostra

160 3486 482 3542 scribuntur
510 3484 564 3538 in
590 3491 827 3554 pectore,
873 3496 940 3535 ex
988 3481 1072 3535 his
1101 3496 1219 3549 quae
1269 3487 1565 3547 sequuntur
1591 3476 1745 3531 intel-

161 3578 295 3647 lige.
320 3575 619 3643 Antequam
640 3581 923 3644 peccatum
951 3570 1145 3625 faciam
1175 3569 1318 3623 nulla
1358 3569 1411 3621 in
1440 3567 1601 3622 corde
1622 3582 1743 3621 meo

159 3666 381 3739 peccati
404 3665 578 3735 imago
606 3672 857 3719 versatur
882 3682 893 3717 :
927 3678 1050 3718 cum
1072 3670 1249 3725 autem
1274 3659 1599 3714 conscientia
1620 3673 1741 3728 pec-

163 3757 278 3812 cati
328 3754 610 3824 imaginem
644 3752 953 3821 sumpserit,
1005 3752 1179 3805 habeo
1231 3749 1455 3821 formam
1499 3747 1657 3810 illius,
1690 3755 1745 3801 et

164 3861 392 3917 semper
421 3855 546 3900 ante
575 3844 758 3899 oculos
786 3842 963 3898 cordis
990 3841 1095 3896 mei
1136 3838 1310 3894 delicti
1337 3852 1528 3907 pompa
1556 3836 1742 3905 depin-

164 3918 337 4010 gitur.
384 3934 454 3989 Et
481 3934 743 4004 siquidem
767 3940 909 3987 esset
933 3938 1213 3999 peccatum
1234 3942 1409 3981 meum
1441 3933 1744 3979 atramento

163 4024 560 4094 conscriptum,
602 4021 827 4076 forsitan
870 4018 1102 4073 delerem
1142 4016 1269 4070 illud
1309 4033 1322 4069 :
1363 4030 1505 4069 nunc
1563 4022 1741 4068 autem

160 4116 431 4185 scriptum
478 4121 562 4168 est
612 4112 751 4183 stle
816 4110 990 4164 ferreo
1046 4109 1100 4162 in
1144 4122 1320 4178 ungue
1364 4106 1741 4171 adamantino,

162 4208 434 4277 scriptum
458 4213 544 4258 est
570 4216 732 4273 super
780 4210 967 4272 pectus
988 4200 1166 4255 cordis
1192 4199 1319 4263 mei,
1345 4206 1403 4251 ut
1430 4205 1553 4251 ante
1576 4197 1745 4252 tribu-

164 4301 263 4357 nal
290 4298 527 4365 veniam,
554 4306 609 4352 et
626 4295 955 4365 compleatur
978 4292 1123 4358 illud,
1157 4292 1297 4361 quod
1318 4306 1348 4345 a
1374 4290 1587 4345 Christo
1614 4305 1741 4359 pro-

164 4394 458 4464 phetatum
482 4397 603 4443 est:
640 4405 660 4437 ί
695 4384 839 4439 Nihil
870 4383 1240 4437 absconditum
1270 4381 1409 4449 quod
1439 4394 1543 4433 non
1574 4379 1745 4432 mani-

163 4468 492 4545 festabitur;
536 4485 592 4531 et
636 4475 765 4530 nihil
798 4473 1065 4527 occultum
1114 4472 1258 4540 quod
1300 4486 1405 4524 non
1449 4470 1626 4539 palam
1651 4469 1745 4522 ﬁat

164 4571 390 4644 (lauit.
443 4579 522 4641 χ).
558 4587 577 4619 ι
630 4565 929 4621 Nudabitur
968 4565 1204 4635 pectoris
1241 4564 1345 4618 mei
1392 4560 1738 4623 conscientia,

161 4669 221 4716 et
242 4668 433 4731 aperto
461 4658 622 4713 corde
648 4657 972 4711 videbuntur
1000 4656 1192 4710 litterae
1226 4660 1594 4723 peccatorum,
1623 4664 1740 4719 qua:

162 4753 311 4825 stylo
338 4751 513 4807 ferreo
534 4752 587 4804 in
611 4765 785 4821 ungue
808 4750 1148 4804 adamantino
1170 4748 1381 4816 scripta:
1410 4753 1554 4806 sunt,
1585 4751 1742 4810 atque

164 4846 247 4900 ita
280 4843 533 4897 universa
573 4840 911 4910 peccantium
961 4837 1245 4890 multitudo
1273 4834 1413 4903 leget
1446 4835 1497 4885 in
1526 4841 1742 4900 pectore

164 4948 297 4989 meo
350 4932 588 5002 signatas
639 4928 898 4998 imagines
952 4934 1313 4995 peccatorum.
1347 4940 1365 4973 ι
1404 4920 1545 4976 Nihil
1599 4922 1742 4975 enim

167 5022 574 5086 absconditum,
605 5020 748 5089 quod
772 5032 879 5071 non
904 5014 1225 5070 revelabitur
1250 5032 1262 5066 :
1288 5025 1344 5068 et
1370 5013 1509 5067 inter
1528 5028 1585 5066 se
1612 5013 1747 5067 invi-

165 5129 293 5171 cem
319 5113 700 5182 cogitationum
721 5110 1111 5172 accusantium,
1137 5107 1248 5161 sive
1273 5105 1689 5159 defendentium.
1722 5123 1740 5156 ›

168 5205 243 5261 Et
270 5221 283 5257 :
317 5220 337 5253 ι
372 5202 537 5257 nolite
569 5211 693 5255 ante
722 5210 931 5268 tempus
955 5198 1215 5268 judicare,
1244 5197 1414 5251 donec
1447 5197 1621 5250 veniat
1644 5196 1746 5250 Do-

168 5295 380 5359 minus,
408 5300 463 5347 et
482 5290 743 5346 illuminet
765 5289 1079 5344 abscondita
1103 5286 1464 5350 tenebrarum,
1495 5296 1549 5340 et
1576 5286 1747 5340 mani-

170 5388 343 5445 festet
384 5384 603 5440 consilia
632 5383 893 5438 cordium.
928 5402 946 5431 ι
986 5380 1083 5435 Cui
1114 5378 1517 5435 manifestetur?
1550 5379 1742 5449 Utique

171 5495 293 5537 non
334 5478 459 5543 sibi,
488 5477 580 5546 qui
608 5483 894 5543 antequam
932 5472 1063 5525 fiant
1105 5481 1297 5527 cuncta
1326 5472 1621 5539 cognoscit,
1651 5469 1743 5523 sed

172 5570 288 5632 his,
323 5568 414 5637 qui
440 5582 562 5623 cum
603 5566 695 5621 illo
720 5564 928 5618 venturi
958 5573 1105 5629 sunt,
1135 5574 1189 5620 et
1215 5572 1431 5633 propter
1456 5562 1743 5631 puritatem

178 5662 382 5719 mentis
410 5669 465 5715 et
492 5662 732 5729 corporis
773 5654 967 5726 agnum
1012 5665 1325 5726 sequuntur,
1381 5654 1627 5708 ostendet
1654 5654 1744 5707 de-

179 5754 312 5808 licta
338 5753 391 5807 in
419 5751 579 5806 corde
601 5749 898 5819 peccatoris
923 5762 1195 5817 expressa,
1230 5754 1291 5800 ut
1314 5754 1595 5815 resurgant
1614 5744 1743 5811 justi

1766 4530 1819 4587 D

1846 3280 1925 3333 eis
1967 3290 2184 3349 paratur
2232 3283 2552 3349 incendium,
2602 3297 2657 3339 et
2677 3286 2906 3341 servitus
2962 3288 3282 3353 dmmonum,
3319 3290 3410 3358 qui

1847 3376 1971 3421 sunt
1999 3369 2201 3425 inimici
2229 3380 2282 3426 et
2304 3373 2522 3429 ultores.

1922 3475 1941 3508 ε
1979 3457 2105 3514 Haec
2132 3460 2263 3515 dicit
2293 3461 2587 3532 Dominus:
2623 3463 2933 3523 Maledictus
2966 3468 3126 3523 homo
3150 3469 3239 3539 qui
3279 3485 3377 3525 con
3409 3508 3412 3511 η

1850 3566 1869 3597 ‹
1907 3547 2023 3603 ﬁdit
2048 3550 2171 3621 (sive
2198 3568 2347 3622 spem
2374 3554 2556 3626 habet)
2584 3556 2637 3610 in
2679 3558 2914 3623 homine,
2946 3561 3166 3629 etponit
3193 3562 3411 3616 carnem'

1849 3657 1867 3688 ‹
1904 3638 2182 3695 brachium
2205 3657 2379 3709 suum,
2410 3652 2465 3698 et
2488 3660 2518 3699 a
2544 3640 2994 3712 Dominorecedit
3014 3664 3107 3704 cor
3133 3651 3267 3720 ejus.
3297 3650 3414 3704 Erit

1851 3749 1870 3781 ι
1904 3733 2045 3787 enim
2069 3737 2220 3805 quasi
2252 3739 2453 3807 myrice
2492 3740 2544 3792 in
2570 3742 2806 3805 deserto,
2836 3751 2890 3796 et
2919 3758 3022 3796 non
3050 3743 3247 3798 videbit
3286 3760 3410 3798 cum

1852 3842 1870 3873 ι
1905 3826 2115 3879 venerit
2155 3826 2374 3891 bonum,
2422 3828 2512 3883 sed
2558 3830 2819 3885 habitabit
2850 3832 2914 3885 ‘in
2949 3834 3206 3898 siccitate,
3238 3834 3292 3886 in
3320 3835 3413 3888 de—

1852 3939 1869 3970 ‹
1907 3928 2071 3983 serto,
2095 3920 2149 3973 in
2180 3930 2319 3973 terra
2346 3920 2627 3991 salsuginis
2646 3931 2700 3974 et
2722 3922 3073 3977 inbabitabili.
3099 3944 3117 3976 ι
3141 3924 3410 3998 (Ηίενοη.)

1845 4011 1901 4067 Si
1929 4012 2242 4067 maledictus
2269 4021 2351 4067 est
2377 4014 2551 4068 omnis
2577 4014 2758 4079 homo,
2787 4017 2881 4085 qui
2913 4017 3132 4072 confidit
3157 4021 3206 4072 in
3240 4020 3414 4075 homi-

1842 4120 1931 4169 ne,
1966 4104 2166 4187 Paulus
2188 4114 2365 4159 autem
2389 4104 2774 4161 Samosatenus
2795 4115 2850 4160 et
2870 4106 3415 4181 Phot‘inus,.quamvis

1844 4205 2087 4275 sanctum
2119 4204 2173 4250 et
2219 4197 2427 4252 cunctis
2473 4198 2744 4254 excelsum
2792 4201 3077 4256 virtutibus
3124 4205 3414 4270 praedicent

1846 4286 2202 4350 Salvatorem,
2234 4294 2413 4340 tamen
2447 4287 2715 4342 hominem
2740 4290 3061 4346 confitentur
3087 4311 3099 4346 :
3131 4308 3258 4369 ergo
3301 4312 3415 4351 ma-

1844 4378 2022 4432 ledicti
2054 4384 2214 4431 erunt
2235 4390 2383 4445 spem
2408 4377 2667 4431 habentes
2689 4378 2743 4431 in
2764 4379 2997 4434 homine.
3027 4380 3178 4448 Quod
3195 4385 3238 4439 si
3260 4386 3414 4441 nobis

1846 4468 2146 4536 oppositum
2186 4465 2374 4531 fuerit,
2404 4466 2545 4534 quod
2578 4475 2632 4520 et
2680 4482 2777 4521 nos
2821 4469 3101 4525 credamus
3126 4472 3177 4525 in
3212 4488 3296 4538 eo,
3322 4477 3411 4544 qui

1845 4564 2009 4617 dicit:
2045 4582 2063 4614 ι
2096 4562 2250 4616 Nunc
2298 4562 2477 4616 a’utem
2511 4562 2750 4630 qumritis
2773 4577 2859 4618 me
2886 4563 3209 4632 interﬁcere,
3242 4568 3414 4633 homi-

1845 4668 1991 4719 nem,
2023 4655 2113 4721 qui
2153 4654 2436 4707 veritatem
2458 4652 2610 4705 vobis
2647 4651 2855 4725 locutus
2883 4670 3022 4720 sum,
3054 4671 3212 4725 quam
3235 4660 3409 4715 audivi

1846 4761 1877 4799 a
1903 4744 2049 4799 Deo:
2080 4745 2180 4797 hoc
2226 4743 2501 4797 Abraham
2547 4757 2653 4796 non
2690 4741 2835 4797 fecit.
2874 4745 2980 4799 Vos
3030 4745 3203 4800 facitis
3248 4763 3412 4815 opera

1846 4836 2012 4904 patris
2037 4834 2201 4887 vestri
2227 4832 2408 4903 (Joan.
2432 4837 2550 4904 vm)
2573 4854 2591 4885 ι
2628 4852 2640 4886 :
2666 4835 3105 4902 respondebimus
3128 4837 3256 4891 illud
3285 4855 3413 4908 ape-

1847 4921 2092 4980 stolicum
2129 4942 2139 4977 :
2176 4942 2194 4973 «
2246 4923 2312 4976 Et
2354 4922 2623 4977 Christum
2672 4922 2960 4992 aliquando
2994 4926 3145 4995 juxta
3193 4943 3412 4983 carnem

1847 5019 2213 5087 cognovimus,
2242 5016 2334 5069 sed
2365 5030 2506 5069 nunc
2520 5016 2630 5084 jam
2654 5030 2758 5069 non
2780 5018 3024 5072 novimus
3046 5018 3131 5089 (II
3147 5017 3267 5074 Cor.
3284 5023 3359 5092 v).
3386 5042 3406 5075 ι

1847 5107 2085 5176 Denique
2116 5106 2258 5159 idem
2309 5104 2582 5174 apostolus
2639 5105 2689 5159 in
2727 5105 2987 5175 principio
3025 5109 3274 5179 Epistolas
3302 5128 3411 5166 sua:

1846 5198 2036 5254 scribit
2060 5199 2127 5252 ad
2150 5197 2369 5251 Galatas
2398 5214 2410 5249 :
2448 5216 2476 5246 «-
2501 5196 2696 5249 Paulos
2726 5197 2995 5263 apostolus
3022 5214 3127 5252 non
3150 5200 3218 5254 ab
3241 5202 3411 5255 homi-

1847 5290 2026 5353 nibus,
2048 5304 2220 5357 neque
2245 5303 2342 5356 per
2363 5288 2653 5349 hominem,
2682 5287 2774 5339 sed
2798 5301 2895 5354 per
2916 5286 3097 5341 Jesum
3111 5271 3409 5359 Christum,

1848 5390 1902 5434 et
1932 5380 2097 5433 Deum
2134 5378 2370 5441 Patrem,
2402 5377 2493 5446 qui
2536 5376 2814 5430 suscitavit
2870 5391 2992 5431 eum
3028 5394 3057 5432 a
3086 5382 3330 5447 mortuis,
3357 5392 3415 5441 et

1845 5472 1936 5540 qui
1966 5484 2173 5524 mecum
2220 5475 2343 5523 sunt
2388 5465 2581 5521 fratres
2615 5480 2802 5520 omnes
2830 5465 2969 5537 (Gal.
3016 5469 3074 5539 ι).
3116 5488 3134 5521 ι
3176 5469 3233 5525 Si
3268 5473 3412 5527 enim

1847 5576 1995 5615 mors
2038 5560 2290 5625 absorpta
2329 5563 2413 5611 est
2432 5556 2487 5608 in
2511 5550 2732 5609 victoria
2748 5554 2889 5623 (Ose.
2914 5573 3041 5623 xm;
3058 5557 3087 5611 1
3101 5556 3221 5613 Cor.
3250 5562 3364 5632 xv),
3385 5583 3406 5617 ι

1848 5664 2013 5720 quare
2043 5665 2146 5703 non
2177 5646 2355 5701 carnis
2380 5645 2675 5709 humilitas,
2708 5656 2825 5713 qua:
2864 5656 3082 5716 prepter
3121 5651 3412 5709 humanam

1848 5741 2075 5796 salutem
2104 5745 2376 5806 assumpta
2406 5744 2490 5791 est
2526 5737 2579 5791 in
2632 5736 2921 5790 divinitatis
2967 5740 3241 5793 transierit
3292 5758 3409 5797 ma-
