3926 6364
267 390 377 446 949

1148 390 1509 447 EXPOSITIO
1544 392 1771 449 SUPER
1809 394 2172 453 JEREMIAM.
2207 427 2279 438 —
2313 397 2439 453 LIB.
2482 399 2614 456 VIII.

3422 412 3525 466 950

265 506 385 559 eis:
423 525 441 556 ι
476 502 671 567 Stulte,
710 503 813 557 hac
836 510 993 557 nocte
1017 512 1259 573 repetent
1286 504 1518 559 animam
1546 514 1693 560 tuam
1717 520 1747 559 a
1773 514 1845 572 te,
1876 510 1929 571 Λ
1952 511 2219 580 quomodo
2245 511 2596 567 novissimum
2644 512 2761 583 ejus
2804 515 2907 569 erit
2932 514 3170 570 stultum.
3214 517 3321 573 Iste
3346 519 3412 573 ab
3438 536 3526 589 eo,

266 610 392 663 qua:
430 603 612 648 autem
636 592 946 662 przeparasti
969 592 1121 661 cujus
1145 595 1347 647 erunt?
1386 614 1401 643 ι
1433 592 1581 664 (Luc.
1609 598 1731 667 xu.)
1766 596 1853 651 Ni-

266 686 454 755 hilque
482 684 822 753 insipientius
856 700 1021 755 quam
1054 680 1159 739 ιιοό
1210 686 1491 753 providere
1532 688 1847 755 novissima,

264 788 324 833 et
368 776 552 831 brevia
600 784 789 846 putare
837 785 1117 848 perpetua.
1170 777 1280 830 Alii
1334 794 1478 844 vero,
1524 780 1588 834 et
1633 791 1854 852 propter

265 870 600 938 superiorem
660 869 942 924 historiam
970 908 985 934 ,
1048 877 1103 923 et
1161 879 1383 940 propter
1430 873 1650 929 alteram
1678 916 1693 941 ,
1744 891 1850 945 qua

262 958 475 1024 dicunt,
508 960 780 1028 perdicem
812 968 894 1014 est
931 960 1397 1029 pugnacissimum
1413 970 1468 1017 et
1498 964 1847 1031 immundum,

263 1048 341 1102 ita
404 1060 465 1104 ut
525 1051 724 1104 victum
782 1049 1021 1118 polluat,
1084 1050 1359 1106 diabolum
1416 1055 1514 1109 sub
1584 1056 1700 1125 ejus
1756 1074 1852 1112 no—

261 1142 413 1196 mine
472 1142 892 1211 interpretantur
922 1183 937 1207 ,
1006 1144 1149 1212 quod
1209 1143 1411 1199 alienas
1472 1146 1573 1201 sibi
1639 1148 1851 1202 divitias

258 1232 629 1303 congregarit,
681 1232 863 1286 dicens
924 1233 989 1286 ad
1032 1232 1318 1287 Dominum
1373 1251 1387 1287 :
1443 1254 1461 1286 ι
1518 1235 1642 1291 Ηιεο
1670 1238 1850 1291 omnia

260 1320 365 1374 tibi
413 1321 573 1383 dabo,
623 1320 667 1374 si
717 1320 916 1374 cadens
961 1321 1272 1375 adoraveris
1319 1338 1403 1377 me
1451 1322 1668 1393 (Matth.
1696 1324 1791 1396 ιν).
1826 1344 1844 1375 ι

257 1412 433 1478 Quem
467 1412 773 1480 relinquent
799 1411 999 1465 divitia:
1033 1427 1163 1476 sum,
1209 1428 1327 1481 qua:
1359 1414 1498 1466 male
1527 1416 1594 1468 ab
1623 1430 1687 1469 eo
1726 1414 1848 1469 fue-

258 1512 388 1556 rant
437 1511 789 1573 congregatae,
844 1511 899 1555 et
947 1516 1044 1570 per
1092 1503 1366 1571 apostolos
1418 1512 1754 1557 rcvrrtentur
1782 1504 1849 1557 ad

254 1592 590 1645 Dominum:
646 1602 701 1645 et
727 1593 818 1661 qui
869 1591 973 1645 sibi
1028 1592 1309 1645 videbatur
1351 1608 1470 1648 esse
1498 1594 1849 1661 prudentissi-

255 1700 407 1743 mus,
430 1683 534 1735 erit
563 1683 802 1737 omnium
826 1682 1031 1752 judicio
1064 1683 1342 1753 insipiens.
1372 1682 1688 1753 Quodquea
1713 1685 1846 1755 Sep.

256 1773 504 1841 tuaginta
526 1772 740 1844 dicitur,
764 1792 781 1823 ‹
817 1771 1069 1826 clamavit
1086 1774 1297 1842 perdix,
1321 1794 1339 1824 ι
1381 1774 1448 1827 ad
1468 1774 1843 1830 haereticorum

1954 603 2095 672 quod
2122 601 2221 657 fuit
2246 603 2461 673 sapiens
2478 605 2636 671 male,
2663 607 2960 676 sapientior
2975 608 3078 661 enia
3105 625 3115 635 ί
3143 618 3261 665 erat
3280 613 3524 668 omnibus

1953 691 2143 746 bestiis
2172 708 2334 762 super
2361 700 2561 748 terram
2584 735 2601 758 ,
2634 696 2724 751 ﬁet
2744 697 3021 753 contrario
3044 716 3106 764 ιη,
3146 701 3287 769 quod
3315 694 3524 772 sapiens

1952 780 2053 837 fuit
2082 784 2240 847 male,
2276 783 2553 854 insipiens.
2587 786 2849 857 lntelliges
2885 804 3013 843 vero
3040 791 3166 858 quid
3195 791 3264 845 sit
3301 810 3318 842 ι
3348 794 3513 849 novis

1952 871 2146 926 simum
2172 872 2309 941 ejus,
2338 875 2442 929 erit
2466 875 2720 945 insipiens
2748 892 2763 929 :
2795 898 2811 929 ι
2846 879 2893 933 si
2914 880 3055 935 scias
3076 882 3344 950 quomodo
3363 882 3525 937 etiam

1952 964 2047 1018 tibi
2074 980 2171 1033 per
2214 966 2528 1036 Apostolum
2584 968 2941 1037 praecipiatur,
2992 980 3052 1025 ut
3083 987 3181 1040 pro
3235 972 3407 1027 salute
3436 982 3523 1027 tua

1952 1054 2314 1122 insipientiam
2344 1058 2593 1127 recipias.
2639 1076 2655 1108 ι
2704 1058 2757 1112 Si
2789 1061 2929 1129 quis,
2962 1062 3155 1131 inquit,
3184 1063 3399 1118 videtur
3424 1064 3523 1120 sibi

1953 1144 2166 1212 sapiens
2204 1161 2323 1201 esse
2354 1148 2406 1200 in
2436 1149 2586 1225 vobis
2623 1166 2636 1201 :
2678 1148 2729 1203 in
2762 1150 2865 1204 isto
2905 1152 3098 1205 saeculo
3129 1155 3325 1209 stultus
3350 1154 3463 1209 ﬁat.
3500 1171 3520 1207 ι

1950 1234 2202 1303 Attende,
2230 1239 2355 1307 quia
2386 1255 2490 1293 non
2521 1240 2693 1293 solum
2730 1257 2836 1295 non
2867 1242 3117 1297 clamavit
3161 1244 3376 1308 stultus,
3406 1251 3522 1299 esto

1951 1333 2006 1378 et
2032 1326 2229 1391 fatuus,
2262 1330 2354 1383 sed
2384 1338 2439 1382 ut
2470 1331 2685 1399 sapiens
2716 1331 2833 1387 ﬁas.
2879 1331 2935 1387 Si
2969 1334 3151 1403 itaque
3176 1346 3262 1390 est
3283 1335 3523 1405 quaedam

1951 1418 2210 1485 sapientia
2257 1419 2557 1488 culpabilis,
2602 1425 2755 1490 juxta
2799 1438 2959 1493 quam
3007 1424 3102 1478 ﬁlii
3152 1424 3311 1495 hujus
3344 1431 3523 1485 saeculi

1950 1507 2307 1575 sapientiores
2350 1518 2474 1563 sunt
2508 1526 2537 1563 a
2581 1510 2708 1566 ﬁliis
2752 1513 2888 1569 lucis
2928 1516 2982 1569 in
3008 1502 3349 1585 generatione
3378 1521 3521 1575 ista.

1948 1596 2121 1652 bonus
2166 1609 2248 1653 est
2298 1601 2459 1662 Deus,
2510 1602 2601 1670 qui
2654 1606 2941 1658 contrariis
2992 1606 3201 1661 diversa
3244 1611 3523 1676 subvertit,

1947 1698 2007 1743 ut
2029 1689 2193 1745 faciat
2215 1692 2469 1761 compleri
2497 1693 2550 1749 id
2571 1695 2714 1763 quod
2736 1696 2933 1749 dictum
2961 1706 3078 1751 est:
3115 1717 3133 1748 ι
3164 1698 3523 1756 Novissimum

1949 1777 2064 1845 ejus
2086 1782 2191 1834 erit
2213 1782 2489 1851 insipiens.
2521 1803 2539 1833 ι
2570 1783 2792 1850 Quando
2811 1786 3157 1843 novissimum
3181 1791 3295 1860 ejus
3318 1793 3420 1847 erit
3444 1794 3523 1847 in-

253 1882 548 1936 personam
576 1865 914 1920 referendum
938 1875 1039 1930 est,
1068 1866 1209 1935 quod
1243 1866 1432 1934 perdix
1472 1866 1571 1921 iste
1598 1867 1839 1923 diabolus
1868 1862 1915 1920 Β
1944 1873 2166 1942 sipiens,
2190 1886 2398 1944 oportet
2419 1876 2691 1933 Christum
2726 1894 2970 1949 regnare,
2998 1900 3167 1953 usque
3198 1887 3323 1939 dum
3344 1899 3526 1956 .ponat

251 1959 581 2011 clamaverit
609 1974 708 2028 per
740 1958 1009 2027 principes
1039 1958 1435 2022 haereticorum,
1467 1968 1521 2013 et
1549 1975 1842 2031 congrega-

253 2048 419 2112 verit,
445 2063 562 2116 qua:
582 2063 688 2101 non
717 2050 946 2116 peperit,
972 2042 1026 2102 ei
1052 2051 1394 2117 deceptorum
1422 2050 1520 2103 sibi
1551 2050 1846 2105 multitudi-

249 2154 384 2194 nem
416 2140 755 2209 congregarit
792 2157 803 2191 :
834 2156 951 2209 qua:
982 2149 1164 2208 postea
1194 2141 1429 2195 dimittat
1457 2158 1602 2205 eum,
1640 2153 1695 2197 et
1731 2159 1846 2197 om-

249 2232 408 2284 nium
438 2230 641 2297 judicio
677 2230 1028 2284 stultissimus
1060 2230 1457 2300 comprobatur.
1496 2231 1692 2304 (Θήρ.)
1728 2233 1847 2287 Cla-

248 2320 429 2373 mavit
480 2319 622 2372 enim
676 2319 865 2387 perdix
913 2334 1011 2388 per
1046 2318 1415 2383 Valentinum,
1448 2318 1703 2374 clamavit
1750 2336 1846 2390 per

248 2409 568 2471 Basilidem,
625 2425 719 2478 per
771 2409 1117 2475 Mareionem,
1172 2427 1269 2481 per
1295 2426 1506 2476 omnes,
1538 2413 1629 2482 qui
1658 2412 1846 2467 aliena:

251 2519 290 2557 ει
325 2504 434 2557 Deo
460 2502 643 2573 glorite
672 2502 962 2571 cupiditate
992 2502 1131 2571 rapti
1164 2509 1308 2554 sunt.
1350 2500 1535 2555 Nullus
1570 2504 1713 2567 enim
1756 2518 1846 2555 eo-

250 2602 381 2648 rum
406 2607 600 2647 sonare
621 2600 834 2662 poterat
859 2607 1043 2646 vocem
1075 2592 1283 2647 Domini
1307 2590 1431 2646 Jesn
1460 2606 1474 2645 :
1509 2612 1525 2641 ι
1566 2592 1694 2646 Mea:
1719 2608 1845 2647 oves

248 2698 446 2738 vocem
468 2697 645 2737 meam
675 2680 895 2734 audiunt
916 2679 1097 2751 (Joan.
1121 2680 1203 2750 χ),
1235 2700 1253 2730 ι
1290 2681 1385 2735 sed
1408 2688 1523 2735 erat
1557 2698 1661 2738 vox
1684 2682 1842 2735 Chri-

248 2776 325 2831 sti
354 2776 406 2842 ip
436 2773 622 2839 Paulo,
650 2782 769 2827 erat
808 2772 859 2826 in
884 2772 1045 2827 Petro
1069 2790 1083 2837 ;
1113 2781 1331 2843 prepter
1357 2776 1501 2842 quod
1540 2774 1738 2828 Paulus
1765 2774 1844 2827 di-

254 2865 455 2920 cebat:
491 2882 509 2913 ι
546 2864 626 2917 An
675 2863 1100 2931 experimentum
1142 2864 1385 2931 qumritis
1412 2865 1526 2933 ejus
1555 2865 1646 2933 qui
1677 2865 1728 2917 in
1758 2880 1843 2919 me

247 2953 812 3026 loquitur,Christus?
838 2972 857 3005 ι
881 2951 932 3024 (1
938 2952 962 3005 ι
984 2952 1104 3006 Cor.
1130 2952 1276 3023 xm.)
1296 2954 1409 3009 Vox
1430 2963 1605 3009 autem
1623 2970 1844 3023 congre-

249 3048 439 3120 gantis
482 3061 602 3116 qua
657 3060 768 3100 non
817 3046 1025 3115 peperit
1082 3033 1334 3114 perdicis,
1386 3046 1439 3098 in
1488 3045 1592 3099 illis
1621 3053 1721 3110 est,
1750 3046 1839 3113 qui

248 3139 529 3208 simplices
551 3151 793 3206 quosque
818 3134 1055 3189 ﬁdelium
1086 3136 1278 3206 laqueo
1308 3137 1573 3191 haeretica:
1595 3136 1840 3189 factionis

1950 1977 2137 2017 omnes
2163 1965 2406 2020 inimicos
2436 1968 2551 2035 ejus
2574 1968 2715 2023 Deus
2741 1971 2838 2024 sub
2864 1971 3089 2039 pedibus
3111 1973 3245 2042 ejus.
3275 1973 3410 2028 Cum
3439 1990 3526 2029 au-

1950 2059 2056 2106 tem
2092 2054 2271 2107 omnia
2322 2056 2611 2125 sulijecerit
2657 2058 2729 2121 ei,
2781 2060 3100 2114 novissimus
3144 2062 3390 2132 inimicus
3430 2066 3522 2120 de-

1947 2150 2186 2197 struetur
2230 2160 2419 2200 mors:
2471 2163 2597 2201 cum
2633 2148 2904 2205 destructa
2968 2150 3127 2206 fuerit
3182 2170 3346 2218 mors,
3399 2164 3525 2212 tunc

1947 2246 2188 2290 extrema
2244 2239 2475 2307 pet-dicis
2524 2249 2722 2295 erunt:
2785 2250 2839 2296 et
2887 2244 3238 2298 novissimum
3278 2246 3395 2315 ejus
3431 2246 3525 2301 ﬁet

1948 2341 2224 2395 msrptens.
2644 2386 2649 2401 ⁵

2022 2439 2040 2470 ι
2078 2418 2281 2475 Solium
2306 2421 2489 2489 gloria:
2522 2422 2821 2478 altitudinis
2857 2440 2886 2477 a
2916 2424 3195 2495 principio,
3226 2425 3376 2482 locus
3402 2442 3525 2481 san-

1953 2528 1969 2559 ι
2003 2509 2343 2565 ctiﬁcationis
2399 2520 2616 2567 nostrae.
2672 2513 3016 2584 Exspectatio
3044 2515 3224 2581 Israel,
3276 2517 3520 2584 Domine,

1954 2616 1971 2646 ι
2006 2614 2193 2654 omnes
2237 2602 2327 2669 qui
2371 2612 2422 2655 te
2470 2602 2870 2673 derelinquunt,
2919 2605 3329 2667 confundentur,
3376 2621 3525 2662 recc-

1952 2707 1970 2737 ‹
2010 2688 2199 2744 dentes
2225 2704 2253 2742 a
2285 2698 2337 2743 te
2366 2690 2418 2743 in
2450 2699 2593 2745 terra
2642 2691 3050 2747 describantur:
3091 2696 3343 2763 quoniam
3373 2695 3524 2750 dere-

1951 2781 2277 2851 «liquerunt
2331 2798 2522 2837 venam
2574 2784 2702 2853 (sive
2750 2784 2973 2855 fontem)
3037 2801 3297 2854 aquarum
3335 2772 3521 2841 viven-

1951 2890 1967 2919 ι
2008 2872 2138 2923 tium
2180 2871 2482 2926 Dominum.
2509 2892 2526 2922 ι
2564 2872 2833 2943 (Hirrum)
2863 2874 3086 2929 Perdice
3126 2882 3344 2945 propter
3368 2890 3521 2945 suam

1944 2960 2227 3014 stultitiam
2260 2962 2535 3028 derelicta,
2587 2964 2916 3031 exspectatio
2964 2962 3144 3028 Israel,
3203 2964 3256 3018 id
3295 2974 3397 3027 est,
3428 2980 3522 3033 po-

1942 3048 2051 3118 puli
2084 3049 2197 3115 Dci,
2226 3060 2279 3103 et
2309 3052 2576 3107 credentis
2606 3052 2661 3105 in
2688 3052 2993 3118 Dominum,
3018 3053 3129 3122 ipse
3147 3062 3248 3117 est,
3277 3055 3365 3123 qui
3395 3052 3523 3108 fecit

1942 3138 2161 3192 omnia:
2220 3138 2372 3206 cujus
2423 3139 2612 3194 solium
2662 3140 2950 3208 gloriosum
2979 3149 3035 3196 et
3086 3141 3355 3197 excelsum
3382 3150 3520 3197 esta

247 3204 616 3298 impediente:
640 3204 903 3281 Clamavit
926 3227 1105 3296 itaque
1122 3204 1839 3298 perdix,congregavit,quze
1866 3204 1908 3266 ί)
1939 3228 2221 3298 principio,
2262 3204 2516 3297 locusque
2544 3204 2983 3283 sanctiﬁcationis
3019 3231 3256 3284 omnium
3285 3232 3513 3286 creden-

247 3336 363 3375 uon
401 3318 629 3389 peperit,
661 3317 840 3372 facere
873 3317 1091 3372 divitias
1148 3333 1273 3372 suas
1300 3333 1404 3370 non
1454 3333 1573 3371 cum
1613 3316 1835 3384 judicro.

246 3413 417 3468 Dives
440 3411 617 3467 factus
639 3420 723 3466 cst
744 3410 961 3480 perdix.
996 3430 1013 3460 ι
1049 3410 1187 3464 Ecce
1209 3411 1325 3479 ejus
1350 3418 1551 3478 quanta
1574 3419 1698 3464 sunt
1724 3410 1842 3463 inil-

247 3502 349 3565 lia,
382 3503 569 3569 ingens
598 3501 789 3555 turba:
822 3499 973 3553 multi
1008 3499 1188 3568 populi
1213 3500 1564 3567 captivorum.
1610 3499 1675 3552 Et
1713 3498 1841 3553 facit

254 3592 478 3648 divitias
500 3606 647 3655 suas,
692 3605 797 3644 non
833 3591 1075 3660 cogitans
1112 3588 1394 3657 judicium,
1438 3605 1611 3660 neque
1637 3591 1838 3645 habens

248 3685 310 3741 iu
339 3684 502 3738 corde
522 3681 824 3750 justitiam:
854 3681 949 3736 sed
980 3681 1161 3735 omnia
1187 3680 1301 3735 sine
1328 3679 1442 3749 lege
1469 3696 1658 3751 gerens
1685 3701 1695 3733 :
1726 3697 1838 3735 me-

248 3776 366 3831 rito
393 3776 636 3843 arguitur
667 3790 773 3828 non
805 3788 930 3827 cum
953 3772 1157 3841 judicio
1200 3770 1392 3827 fecisse
1415 3771 1653 3829 divitias.
1695 3771 1840 3826 Meus

251 3875 441 3922 autem
468 3863 621 3919 Jesus
648 3864 777 3917 facit
795 3864 1013 3917 divitias
1038 3878 1163 3917 suas
1199 3877 1322 3915 cum
1354 3860 1577 3928 judicio.
1623 3863 1841 3916 Exami-

252 3965 385 4013 nata
402 3965 485 4009 est
507 3964 562 4009 et
588 3953 792 4008 delecta
807 3952 924 4022 ejus
936 3952 1229 4023 oyulentia.
1259 3968 1278 4001 ι
1308 3949 1365 4003 lu
1389 3951 1609 4006 dimidio
1630 3952 1838 4006 dierum

256 4048 381 4116 ejus
410 4044 779 4113 derelinquent
804 4057 927 4097 eum
952 4061 972 4097 ζ
1003 4061 1022 4095 ι
1055 4058 1154 4097 nos
1191 4056 1400 4105 omnes,
1432 4041 1523 4109 qui
1568 4043 1836 4111 quondam

246 4138 465 4194 fuimus
507 4138 619 4192 sub.
651 4135 932 4190 clamantis
976 4142 1240 4205 potestate
1270 4133 1533 4203 perdicis,
1588 4133 1839 4188 clamavit

254 4230 457 4300 quippe
493 4242 599 4281 non
626 4226 794 4280 solum
832 4240 927 4294 per
955 4239 1069 4289 eos,
1120 4238 1255 4293 quos
1309 4238 1468 4291 supra
1519 4222 1839 4277 memoravi-

254 4334 403 4383 mus,
438 4319 655 4386 sed-per
683 4332 868 4371 omnes
902 4316 1241 4387 generaliter,
1280 4316 1369 4384 qui
1424 4316 1578 4384 quasi
1630 4316 1697 4367 ad
1726 4315 1838 4383 pie-

258 4421 449 4473 tatem,
479 4419 534 4463 et
557 4410 625 4462 ad
650 4408 963 4476 religionem
996 4415 1272 4471 vocantes,
1313 4406 1412 4461 sub
1440 4405 1715 4475 contrario
1742 4419 1837 4459 ve-

254 4502 406 4557 ritati
430 4501 678 4569 dogmate
702 4498 1070 4553 clamaverunt
1097 4514 1109 4549 :
1139 4512 1255 4562 nos,
1275 4497 1513 4565 inquam,
1541 4496 1592 4549 in
1615 4496 1835 4550 dimidio

254 4590 499 4645 universi
527 4588 877 4657 dierum'ejus
904 4587 1324 4656 derelinquimus
1356 4603 1499 4640 eum.
1534 4586 1599 4640 Et
1649 4601 1835 4640 omnes

255 4682 479 4752 quidem
525 4680 638 4733 dies
667 4678 803 4748 ejus,
845 4678 962 4733 dies
1010 4677 1168 4746 hujus
1197 4678 1373 4731 sazculi
1403 4686 1546 4731 sunt.
1581 4676 1685 4731 Sed
1710 4677 1833 4745 quia

253 4772 404 4826 eruit
450 4785 547 4823 nos
590 4784 657 4822 ex
706 4770 922 4822 instanti
972 4771 1168 4823 sa3culo
1214 4784 1547 4837 nequaquam
1580 4770 1836 4823 Dominus

253 4862 438 4925 Jcsus,
469 4861 669 4914 idcirco
698 4860 753 4913 in
778 4860 997 4913 dimidio
1026 4861 1230 4913 dierum
1266 4858 1381 4926 ejus
1412 4860 1835 4928 derelinquimus

254 4941 407 5021 eum,
434 4963 489 5006 et
511 4952 859 5027 novissimum
880 4952 993 5022 ejus
1016 4953 1120 5005 erit
1144 4952 1422 5021 insipiens.
1447 4953 1670 5019 Quando
1691 4954 1832 5007 enim

257 5044 477 5111 sapiens
507 5041 629 5107 fuit,
684 5052 742 5096 ut
789 5043 1137 5097 novissimum
1183 5042 1297 5111 ejus
1330 5045 1523 5098 merifo
1579 5046 1836 5114 insipiens

257 5134 396 5188 ﬁat?
425 5131 528 5186 Sed
569 5132 810 5186 dicamus
839 5148 963 5187 eum
1006 5133 1170 5187 fuisse
1210 5134 1520 5203 sapientem.
1544 5155 1561 5185 ι
1603 5134 1837 5205 Serpens

259 5224 460 5295 quippe
488 5223 780 5292 sapientior
806 5232 924 5277 erat
946 5226 1196 5279 omnibus
1222 5226 1408 5279 bestiis
1430 5241 1591 5294 super
1614 5236 1835 5292 terram,

258 5328 405 5383 quas
440 5310 563 5366 fecit
593 5312 849 5366 Dominus
893 5312 1032 5367 Deus
1082 5312 1233 5384 (Gen.
1264 5312 1365 5384 tu).
1397 5331 1414 5363 ι
1466 5312 1691 5383 Sapiens
1738 5314 1839 5368 fuit

250 5405 413 5474 juxta
434 5404 485 5458 id
508 5405 647 5473 quod
667 5404 923 5474 scriptum
946 5414 1027 5459 est
1051 5424 1062 5457 :
1094 5426 1110 5456 ι
1139 5406 1419 5460 Adducam
1437 5422 1829 5476 super_sensum

259 5497 523 5569 grandem
563 5496 856 5566 principem
887 5497 1249 5567 Assyriorum.
1280 5498 1435 5551 ‘Dixit
1476 5508 1652 5551 autem
1680 5514 1692 5551 :
1729 5500 1831 5554 V'a-

258 5586 427 5642 lentia
458 5599 573 5638 mea
621 5585 834 5650 faciam,
868 5594 921 5639 et
948 5587 1208 5656 sapientia
1258 5588 1555 5642 intellectus
1593 5589 1830 5643 auferam

258 5679 401 5735 ﬁnes
440 5679 699 5745 gentium,
732 5681 990 5747 depascar
1011 5690 1064 5734 et
1086 5682 1228 5735 vires
1256 5698 1439 5737 eorum
1466 5701 1477 5735 :
1510 5692 1563 5735 et
1596 5697 1833 5737 commo-

257 5771 400 5833 vebo
427 5771 671 5830 civitates
698 5774 1044 5831 inhabitatas.
1077 5792 1095 5826 ι
1118 5774 1174 5828 Si
1204 5777 1327 5847 quis
1354 5783 1529 5849 potest
1550 5775 1827 5846 intelligat,

1862 4558 1912 4615 D

1942 3320 2098 3384 tium,
2129 3330 2185 3374 ut
2213 3336 2317 3374 non
2366 3322 2417 3375 in
2470 3322 2587 3376 loco
2632 3323 2703 3376 sit
2745 3324 3019 3385 Dominus,
3053 3324 3145 3377 sed
3197 3333 3259 3377 ut
3301 3326 3392 3379 ubi
3433 3326 3521 3381 ille

1941 3410 2122 3475 fuerit,
2156 3410 2303 3465 locus
2338 3412 2705 3467 sanctiﬁcatus
2726 3412 2814 3466 sit.
2844 3411 3038 3482 (0rig.)
3064 3412 3187 3466 Sive
3216 3414 3283 3469 de
3304 3412 3521 3470 Christo

1940 3502 2175 3555 volueris
2229 3503 2329 3556 ista
2384 3502 2722 3573 intelligere,
2785 3518 2890 3557 non
2947 3504 3229 3572 peccabis;
3287 3504 3400 3557 sive
3453 3504 3520 3559 de

1939 3590 2117 3655 Patre,
2149 3606 2253 3644 non
2286 3592 2449 3660 impie
2467 3592 2668 3646 senties
2694 3610 2705 3644 :
2740 3598 2824 3645 est
2848 3591 3238 3669 enimthronus
3258 3592 3519 3648 claritatis

1941 3690 1994 3735 et
2017 3681 2281 3746 excelsus,
2308 3689 2362 3735 et
2390 3697 2417 3734 a
2442 3682 2707 3751 principio
2737 3681 2985 3737 Salvator
3010 3700 3022 3735 :
3058 3683 3281 3738 thronus
3312 3684 3515 3755 gloriae,

1939 3778 2159 3839 propter
2207 3770 2348 3839 quod
2381 3772 2652 3827 excelsum
2705 3786 2924 3840 regnum
2961 3769 3112 3839 ejus:
3167 3772 3518 3828 sanctiﬁcatio

1941 3871 2123 3915 nostra
2160 3861 2407 3917 Christus
2431 3871 2536 3927 est,
2570 3882 2587 3913 ι
2616 3862 2737 3931 quia
2762 3871 2814 3917 et
2839 3863 2926 3917 ille
2953 3862 3317 3926 sanctiﬁcans,
3343 3872 3397 3917 et
3416 3877 3517 3919 nos

1941 3950 2264 4005 sanctiﬁcati
2286 3966 2350 4005 ex
2367 3968 2472 4006 uno
2497 3968 2684 4007 omnes
2713 3968 2915 4006 sumus.
2938 3948 3267 4005 Sustentatio
3290 3951 3472 4006 lsra‘el.
3488 3971 3507 4002 ι

1940 4043 2093 4098 Sicut
2128 4044 2240 4112 ipse
2283 4044 2492 4113 justitia
2542 4043 2719 4108 Jesus,
2768 4044 2880 4113 ipse
2913 4043 3137 4108 veritas,»
3181 4044 3293 4111 ipse
3319 4044 3515 4098 sancti-

1939 4134 2137 4197 ﬁcatio,
2171 4135 2417 4189 similiter
2456 4137 2566 4204 ipse
2595 4144 2677 4190 est
2717 4136 2877 4189 etiam
2917 4136 3275 4191 sustentatio:
3318 4143 3371 4189 et
3409 4150 3513 4190 non

1939 4236 2024 4281 est
2046 4224 2466 4294 aliquidjustum
2503 4228 2618 4281 sine
2664 4226 2895 4291 Christo,
2930 4241 3101 4295 neque
3128 4235 3368 4281 sanctum
3397 4226 3511 4281 sine

1940 4330 2024 4381 eo,
2048 4332 2222 4385 neque
2247 4317 2474 4385 patiens,
2504 4316 2645 4386 quod
2690 4317 2741 4369 in
2785 4332 2841 4372 se
2871 4332 2978 4371 non
3007 4316 3165 4371 habet
3194 4316 3468 4372 Christum
3494 4335 3507 4371 :

1942 4408 2053 4477 ipse
2080 4418 2160 4462 est
2193 4408 2336 4463 enim
2364 4411 2682 4465 sustentatio
2706 4410 2888 4465 Israel.
2937 4408 3009 4465 Si-
3024 4418 3201 4465 autem
3233 4418 3286 4465 et
3314 4410 3382 4463 ad
3415 4409 3511 4464 Pa-

1941 4508 2075 4553 trem
2101 4500 2202 4553 hoc
2232 4500 2515 4555 retuleris:
2544 4516 2648 4565 non
2679 4502 2840 4569 impie
2880 4500 3161 4570 intelliges,
3200 4520 3220 4551 ‹
3262 4500 3507 4565 Domine,

1938 4604 2127 4645 omnes
2184 4589 2275 4657 qui
2327 4590 2725 4659 dereliquerunt
2782 4599 2835 4644 te
2882 4588 3281 4643 confundantur
3331 4589 3509 4644 disce-

1939 4680 2144 4734 dentes.
2173 4698 2191 4730 ι
2228 4678 2497 4750 (ιΙὶενοη.)
2544 4679 2642 4745 Qui
2675 4679 3050 4746 derelinquunt
3079 4678 3357 4732 Dominum
3381 4692 3513 4732 con-

1939 4770 2228 4827 fundentur
2261 4770 2570 4823 confusione
2606 4778 2859 4838 perpetua
2890 4809 2901 4832 ,
2942 4776 2995 4821 et
3033 4767 3368 4833 recedentes,
3395 4767 3510 4821 sive

1938 4861 2265 4915 declinantes
2292 4860 2357 4911 ab
2386 4874 2471 4923 eo,
2504 4858 2805 4920 scribentur
2830 4860 2883 4912 in
2915 4867 3075 4922 terra,
3100 4857 3258 4911 deleti
3284 4857 3348 4910 de
3371 4855 3507 4910 libro

1939 4950 2247 5005 viventium.
2289 4947 2439 5003 Sicut
2464 4950 2608 5003 enim
2647 4950 2737 5017 qui
2772 4955 2944 5017 potest
2988 4963 3108 5001 cum
3139 4946 3393 5017 Apostolo
3420 4945 3507 5001 di—

1942 5055 2107 5095 cere:
2162 5058 2178 5090 ι
2236 5038 2430 5094 Noster
2488 5048 2663 5093 autem
2724 5038 3081 5107 municipatus
3134 5037 3187 5090 in
3238 5036 3374 5091 coelo
3422 5043 3509 5092 est

1941 5136 2159 5207 (Philip.
2187 5138 2291 5205 ιιι),
2315 5158 2332 5187 ι
2366 5137 2417 5190 in
2448 5135 2751 5191 caelestibus
2789 5134 3080 5188 scribitur:
3126 5132 3203 5189 sic
3223 5131 3313 5201 qui
3340 5129 3505 5185 relin-

1938 5226 2059 5295 quit
2091 5226 2397 5289 Dominum,
2426 5224 2511 5277 vel
2535 5223 2769 5277 declinat
2789 5223 2958 5286 abeo,
2992 5220 3256 5276 scribetur
3278 5220 3332 5272 in
3358 5226 3501 5271 terra

1939 5335 2062 5373 cum
2111 5320 2195 5373 his
2222 5320 2315 5387 qui
2349 5328 2561 5372 terrena
2613 5317 2846 5386 sapiunt.
2899 5312 3095 5383 (θήῃ.)
3130 5310 3505 5378 Unusquisque

1938 5420 2181 5465 nostrum
2208 5410 2419 5479 quando
2461 5416 2668 5478 peccat,
2707 5422 2801 5476 per
2844 5420 2929 5470 ea,
2959 5420 3077 5473 qua:
3104 5410 3309 5472 peccat,
3345 5399 3508 5455 Chri-

1938 5509 2079 5554 stum
2110 5500 2363 5569 relinquit
2395 5518 2405 5551 :
2438 5499 2742 5567 relinquens
2767 5504 2943 5550 autem
2983 5494 3174 5553 Filium
3203 5507 3375 5555 suum,
3414 5504 3504 5544 re-

1939 5593 2132 5661 linquit
2155 5601 2209 5646 et
2232 5591 2463 5645 Patrem.
2492 5590 2723 5658 lujustus
2751 5604 2789 5641 a'
2824 5587 3029 5655 justitia
3058 5587 3211 5655 longe
3251 5592 3353 5647 est,
3383 5580 3504 5649 pol-

1937 5685 2082 5738 lutus
2108 5699 2138 5736 a
2164 5682 2515 5737 sanctimonia
2542 5681 2785 5745 bellator,
2809 5696 2839 5734 a
2870 5696 3000 5750 pace
3035 5696 3047 5732 :
3082 5686 3135 5731 et
3161 5676 3252 5744 qui
3276 5674 3375 5728 sub
3403 5686 3501 5740 po-

1936 5782 2132 5831 testate
2162 5773 2365 5829 iuimici
2396 5787 2513 5829 esse
2542 5772 2748 5842 incipit,
2793 5786 2824 5825 a
2874 5770 3235 5841 redemptione
3264 5766 3324 5820 ﬁt
3377 5762 3505 5817 alie-
