3926 6362
403 353 503 409 951
1044 353 1104 408 Β.
1146 352 1400 409 RABANI
1438 353 1658 411 MAURI
1694 352 2011 410 ARCHIEP.
2056 353 2359 410 MOGUNT.
2398 351 2681 425 OPERUM
2720 350 3020 439 PARS‘III.
3558 346 3678 403 953

400 482 543 524 nus:
585 474 641 521 et
664 467 757 537 qui
782 472 866 522 est
892 474 1047 521 extra
1076 466 1399 536 sapientiam
1420 466 1539 534 Dei,
1562 467 1879 539 sapientiam
1899 467 1992 522 de-
2018 473 2067 530 Λ
2100 486 2119 520 ‹
2147 483 2254 523 non
2298 466 2399 522 fias
2441 466 2572 523 mihi
2617 464 2865 537 alienus),
2911 477 3138 535 parcens
3182 464 3314 519 mihi
3338 464 3394 519 in
3420 462 3509 519 die
3541 477 3678 533 pes-

403 558 682 629 reliuquit.
716 557 927 613 Dect-ns
951 558 1136 627 itaque
1156 572 1257 613 nos
1281 559 1546 629 propheta
1576 558 1707 629 quid
1733 557 1801 613 de
1819 558 1993 613 omni—
2100 577 2118 610 ι
2150 558 2305 613 simo.
2328 577 2347 609 ι
2400 556 2670 630 (Ηὶενοη.)
2724 555 2827 625 Qui
2874 571 2983 612 non
3035 564 3227 626 putant
3275 562 3523 621 ventura,
3553 567 3684 626 qna

404 648 529 713 bus,
558 647 649 717 qui
679 647 848 702 Deum
880 654 1157 711 .eserunt,
1188 646 1259 702 sit
1288 645 1552 713 futurum,
1584 648 1698 702 ait:
1744 646 1991 703 Universi
2095 648 2236 704 dicta
2261 656 2408 714 sunt,
2432 649 2726 720 loquuntur
2753 648 2821 703 ad
2853 647 3212 718 prophetam:
3245 666 3266 700 ς
3303 646 3405 704 Ubi
3434 656 3520 703 est
3552 661 3684 703 ver—

403 739 497 812 qui
525 737 907 807 derelinquunt
933 737 1351 805 confundantur,
1375 738 1735 803 discedentes,
1760 739 1864 795 hoc
1886 748 1991 806 est,
2092 740 2219 795 bum
2277 739 2535 795 Domini?
2588 740 2792 805 veniat,
2812 758 2831 791 ι
2875 738 3363 795 dissimulationem
3394 738 3685 795 sententia

401 835 667 901 quantum
705 836 759 883 te
800 828 1074 895 deserunt,
1126 834 1333 883 tantum
1361 826 1781 892 confundantur,
1822 826 1995 883 disce—
2093 831 2405 887 dilationem
2449 831 2797 887 arbitrantes.
2830 829 2940 886 Illis
2969 838 3172 896 autem,
3227 830 3423 900 inquit,
3460 830 3565 886 ista
3590 828 3684 885 di-

404 917 595 973 dentes
620 932 652 972 a
679 924 750 971 te.
788 934 807 968 ‹
832 914 1008 986 Super
1037 924 1243 972 terram
1264 915 1590 972 scribantur.
1616 936 1635 969 ι
1667 915 1867 972 Omnes
1897 917 1995 972 ho—
2093 923 2359 989 cantibus,
2408 938 2507 994 ego
2555 938 2664 979 non
2720 937 2838 977 sum
2875 922 3140 986 turbatus,
3202 935 3302 976 nec
3327 919 3569 977 laboravi
3623 928 3685 976 te

403 1009 580 1065 mines
599 1008 981 1083 describuntur
1006 1008 1179 1064 sancti
1206 1007 1263 1063 in
1289 1007 1467 1063 caelo:
1499 1016 1813 1078 peccatores
1832 1020 1996 1077 super
2091 1020 2362 1083 pastorem
2411 1028 2663 1083 sequens,
2722 1013 2836 1068 sive
2870 1023 2992 1082 post
3021 1020 3112 1067 tua
3166 1011 3476 1083 ingrediens
3508 1010 3683 1067 vesti-

404 1109 629 1158 terram.
659 1101 803 1157 Dicit
824 1084 893 1157 ad
919 1098 1211 1172 discipulos
1238 1099 1434 1157 Iesus:
1474 1119 1495 1152 ι
1522 1100 1766 1156 Gaudete
1788 1108 1992 1166 autem,
2090 1101 2216 1171 gia:
2257 1116 2358 1157 nec
2386 1102 2491 1157 hoc
2516 1101 2591 1157 fui
2640 1101 2746 1157 fine
2772 1108 3080 1165 contentus,
3132 1100 3228 1155 sed
3252 1099 3399 1156 diem
3442 1098 3687 1155 hominis

405 1193 542 1263 quia
557 1194 779 1248 nomina
809 1201 989 1249 vestra
1025 1192 1230 1262 scripta
1268 1200 1396 1248 sunt
1420 1192 1474 1247 in
1503 1191 1657 1247 caelis
1687 1190 1837 1263 (Luc.
1869 1190 1947 1263 x).
1969 1208 1987 1243 ι
2093 1206 2200 1246 non
2224 1191 2548 1258 desideravi,
2591 1192 2674 1247 vel
2724 1191 2889 1247 vitam
2936 1190 3253 1262 longiorem,
3285 1191 3371 1245 vel
3419 1204 3685 1261 prospera

406 1303 424 1336 ι
456 1283 574 1352 Quo
601 1284 746 1338 enim
773 1292 949 1338 metro
992 1284 1169 1339 mensi
1201 1291 1347 1349 sunt,
1373 1283 1687 1338 remetietur
1711 1282 1791 1338 eis
1838 1280 1992 1353 (Luc.
2092 1296 2320 1353 qumque
2341 1282 2500 1352 hujus
2525 1282 2703 1339 seaculi
2731 1298 2744 1336 :
2770 1284 3051 1352 ipsumque
3081 1291 3239 1337 vocat
3265 1290 3458 1337 testem
3476 1322 3492 1347 ,
3517 1296 3684 1352 quem

401 1375 498 1447 vi).
524 1395 542 1427 ι
569 1373 687 1445 Ipse
702 1374 806 1429 sibi
830 1376 1200 1447 unusquisque
1220 1390 1384 1431 causa
1408 1384 1508 1440 est,
1532 1384 1594 1429 ut
1614 1374 1883 1430 scribatur
1904 1389 1995 1429 su—
2094 1378 2151 1429 et
2174 1372 2410 1443 judicem
2440 1392 2454 1427 :
2492 1391 2511 1423 (
2553 1381 2611 1427 tu
2646 1374 2809 1428 nosti.
2848 1392 2866 1426 ι
2905 1392 2923 1425 ι
2948 1372 3088 1428 Ecce
3117 1372 3220 1443 ipsi
3242 1373 3433 1428 dicunt
3453 1372 3523 1427 ad
3551 1386 3641 1428 me
3664 1388 3683 1427 :

398 1483 498 1538 per
523 1478 725 1524 terram
750 1486 762 1520 :
785 1468 828 1523 si
855 1484 963 1525 non
987 1468 1230 1525 coelestia
1252 1469 1492 1539 requirat
1511 1470 1565 1524 in
1588 1478 1753 1535 terra,
1777 1469 1823 1524 si
1846 1484 1992 1524 sem-
2100 1465 2198 1521 tibi
2218 1475 2301 1521 est
2320 1482 2499 1522 sermo
2519 1467 2771 1522 Domini?
2792 1468 2988 1523 veniat.
3006 1468 3117 1537 Ego
3136 1476 3317 1523 autem
3339 1484 3451 1524 non
3470 1467 3688 1523 labora-

404 1574 504 1629 per
538 1560 719 1615 anima
756 1561 873 1632 ejus
894 1560 961 1616 de
990 1560 1147 1616 istius
1169 1561 1353 1615 mundi
1384 1560 1611 1631 negotiis
1634 1568 1848 1625 aastuet,
1875 1572 1996 1629 qua:
2094 1556 2146 1611 vi
2174 1558 2510 1627 subsequens
2530 1567 2653 1628 post
2675 1566 2745 1613 te.
2773 1578 2790 1609 ι
2814 1557 3009 1629 (0rig.)
3036 1558 3191 1616 Jesus
3208 1561 3301 1615 tibi
3318 1560 3487 1614 dicit:
3517 1579 3537 1612 ι
3557 1558 3689 1615 Tol-

400 1652 655 1706 videntur
703 1650 899 1708 saeculo
939 1652 1120 1717 bona;
1152 1651 1198 1706 si
1252 1665 1382 1707 vero
1410 1650 1635 1705 audiens
1680 1647 1864 1704 Jesum
1910 1648 1994 1702 lo-
2094 1647 2145 1702 le
2165 1663 2381 1704 crucem
2403 1656 2571 1713 tuam,
2595 1657 2649 1703 et
2665 1649 2811 1715 veni,
2834 1664 3061 1719 sequere
3086 1664 3201 1715 me;
3233 1668 3251 1701 ι
3277 1658 3369 1704 et:
3400 1668 3418 1701 ι
3449 1650 3545 1719 qui
3573 1665 3684 1706 non

398 1748 656 1812 quentem
682 1760 695 1796 :
733 1762 752 1795 ι
786 1741 961 1797 Nolite
1002 1744 1157 1798 vobis
1198 1741 1569 1797 thesaurizare
1598 1742 1885 1797 thesauros
1907 1757 1996 1796 su—
2097 1739 2377 1809 reliquerit
2399 1747 2606 1809 patrem
2629 1749 2721 1794 aut
2760 1748 3015 1803 matrem,
3046 1747 3102 1794 et
3134 1748 3354 1794 secutus
3382 1754 3491 1795 non
3517 1738 3689 1797 fuerit

396 1849 495 1905 per
527 1846 749 1901 terram,
775 1836 867 1890 ubi
895 1836 1041 1890 tinea
1079 1844 1135 1891 et
1159 1834 1359 1890 vermis
1388 1834 1774 1900 exterminant,
1803 1841 1860 1888 et
1894 1832 1989 1888 ubi
2016 1820 2065 1880 Β
2093 1845 2197 1894 me,
2228 1845 2334 1884 non
2363 1838 2446 1885 est
2463 1829 2658 1901 dignus
2682 1844 2834 1884 meus
2858 1844 2979 1885 esse
3000 1830 3293 1901 discipulus
3315 1829 3468 1900 (Luc.
3492 1830 3628 1902 XIV).
3659 1849 3680 1883 ι

399 1924 550 1982 fures
570 1926 832 1983 etl‘odiunt
878 1937 932 1981 et
978 1925 1246 1989 furantur,
1304 1924 1399 1980 sed
1449 1924 1815 1980 thesaurizate
1843 1922 1995 1978 vobis
2096 1917 2153 1973 Si
2181 1918 2345 1990 igitur
2373 1918 2496 1974 talis
2530 1918 2717 1985 fueris,
2756 1928 2816 1974 ut
2842 1936 3055 1991 semper
3082 1919 3358 1977 Christum
3384 1922 3635 1992 sequaris
3664 1938 3681 1977 :

2093 2018 2299 2079 quanto
2342 2009 2463 2081 plus
2489 2018 2706 2066 secutus
2747 2010 2943 2078 fueris,
2972 2019 3122 2067 tanto
3150 2012 3331 2067 minus
3365 2012 3639 2069 laborabis
3664 2031 3680 2069 :

2092 2115 2199 2156 non
2223 2110 2307 2156 est
2333 2102 2480 2155 enim
2524 2100 2787 2157 lassitudo
2836 2102 2892 2156 in
2939 2100 3145 2158 Jacob:
3184 2118 3360 2174 neque
3401 2104 3681 2174 apparebit

2092 2191 2247 2248 dolor
2295 2194 2349 2247 in
2375 2192 2559 2247 lsrael.
2591 2192 2884 2263 Propterea
2926 2192 3095 2259 dixit,
3141 2202 3203 2250 ut
3241 2211 3349 2252 non
3373 2195 3685 2256 laboremus

2093 2284 2317 2338 ulterius
2366 2302 2379 2338 :
2426 2284 2734 2339 laborantes
2780 2292 2907 2340 ante
2935 2300 3099 2357 quam
3144 2301 3269 2343 eum
3297 2288 3686 2359 inemperimus

2092 2375 2242 2444 sequi
2270 2392 2283 2428 :
2318 2394 2335 2425 ‹
2367 2373 2558 2429 Venite
2598 2375 2666 2429 ad
2712 2391 2817 2442 me,
2848 2390 3035 2431 omnes
3057 2377 3146 2446 qui
3194 2377 3468 2443 laboratis,
3505 2391 3559 2434 et
3586 2378 3687 2450 qni

2092 2465 2304 2520 onerati
2348 2465 2499 2531 estis,
2529 2473 2584 2521 et
2625 2481 2725 2537 ego
2772 2466 3010 2531 reﬁciam
3048 2483 3143 2523 vos
3186 2467 3399 2541 (Matth.
3422 2470 3521 2542 xi).
3548 2489 3568 2523 ι
3622 2469 3688 2528 Si

2091 2558 2395 2614 laborantes
2420 2560 2729 2614 venerimus
2752 2560 2819 2614 ad
2846 2558 3048 2623 Jesum,
3082 2569 3139 2615 et
3166 2574 3289 2614 eum
3318 2559 3574 2615 fuerimus
3598 2575 3691 2618 so-

2091 2648 2223 2713 cuti,
2253 2657 2382 2703 tunc
2402 2648 2581 2704 dicere
2612 2650 2907 2719 poterimus
2932 2664 2946 2703 :
2988 2669 3007 2701 ι
3042 2649 3155 2719 Ego
3179 2656 3360 2705 autem
3394 2666 3501 2706 non
3532 2650 3692 2709 labo-

2090 2739 2204 2793 ravi
2233 2739 2566 2809 subsequens
2594 2749 2715 2810 post
2747 2748 2839 2794 te:
2887 2747 2942 2794 et
2991 2740 3156 2806 diem,
3210 2740 3407 2810 inquit,
3448 2742 3690 2799 hominis

2090 2845 2198 2885 non
2226 2831 2530 2901 concupivi.
2571 2850 2590 2883 ι
2632 2830 2728 2886 Est
2755 2831 3001 2901 quaedam
3031 2832 3147 2887 dies
3185 2831 3451 2896 hominis,
3500 2840 3555 2887 et
3595 2841 3689 2891 est

2090 2923 2333 2994 quaedam
2369 2925 2483 2980 dies
2513 2924 2629 2989 Dei,
2661 2924 2715 2979 id
2744 2932 2847 2979 est.
2880 2925 3317 2991 resurrectionis,
3340 2926 3481 2981 hanc
3504 2928 3686 2983 omnis

2091 3025 2310 3069 sanctus
2323 3012 2625 3069 desiderat:
2649 3030 2753 3069 non
2770 3014 2936 3080 illam,
2955 3016 3021 3069 de
3041 3030 3145 3084 qua
3164 3015 3427 3085 scriptum
3449 3027 3533 3070 est
3555 3016 3687 3073 :Va:

2091 3105 2191 3170 eis,
2208 3105 2299 3174 qui
2323 3104 2630 3158 desiderant
2652 3103 2793 3158 diem
2820 3103 3075 3169 hominis,
3098 3119 3221 3158 nam
3244 3103 3362 3158 dies
3374 3111 3457 3159 est
3477 3105 3579 3159 ista
3605 3114 3689 3160 te-

2091 3198 2293 3262 nebrae,
2318 3206 2373 3251 et
2399 3212 2506 3251 non
2527 3196 2640 3250 lux.
2671 3216 2689 3246 ι
2723 3196 2854 3263 Quis
2881 3203 2986 3262 est,
3015 3197 3105 3265 qui
3132 3197 3303 3266 possit
3328 3197 3507 3253 dicere
3531 3216 3544 3251 :
3567 3215 3585 3249 ι
3627 3207 3687 3254 ει

2090 3289 2229 3343 diem
2256 3288 2490 3342 hominis
2515 3302 2622 3342 non
2645 3288 2970 3358 concupivi?
3001 3307 3019 3341 ι
3038 3287 3359 3357 Explanatio
3384 3290 3534 3345 verbi
3556 3304 3665 3346 con

2088 3380 2257 3435 vincit
2283 3394 2419 3435 nos:
2446 3380 2572 3449 quia
2607 3379 2751 3434 diem
2781 3379 3230 3449 concupiscamus
3256 3380 3511 3435 hominis.
3538 3379 3683 3437 Fre-

2089 3480 2321 3542 quenter
2345 3470 2543 3541 quippe
2572 3477 2900 3540 tegrotantes
2918 3486 3041 3525 cum
3066 3470 3121 3524 in
3155 3470 3535 3541 phantasmate
3558 3486 3688 3528 esse

2090 3564 2320 3618 febrium
2350 3562 2696 3631 coeperimus,
2728 3570 2783 3617 et
2803 3562 2995 3616 mortis
3030 3560 3217 3615 limine
3234 3562 3438 3632 urgeri,
3468 3562 3535 3617 ad
3561 3577 3684 3630 eos,

2089 3654 2181 3724 qui
2230 3669 2330 3708 nos
2362 3653 2582 3707 visitant
2629 3650 2852 3716 fratres,
2902 3651 3070 3706 lassas
3107 3666 3299 3706 manus
3336 3652 3637 3709 attollimus
3664 3670 3685 3711 :

2090 3750 2310 3800 orantes
2331 3757 2443 3807 eos,
2468 3750 2529 3796 ut
2548 3756 2645 3811 pro
2666 3741 2821 3796 nobis
2843 3740 3131 3796 Dominum
3150 3742 3508 3812 deprecentur
3519 3752 3689 3815 atque

2091 3835 2331 3889 dicentes
2364 3846 2379 3885 :
2411 3830 2560 3902 Roga
2590 3830 2724 3885 mihi
2756 3829 2972 3900 aliquod
3008 3831 3241 3901 spatium
3263 3832 3387 3888 vita:
3424 3851 3437 3886 :
3470 3848 3599 3903 rogo
3624 3845 3690 3891 ut

2092 3925 2482 3995 aliquantisper
2532 3922 2585 3977 in
2615 3922 2718 3976 hac
2751 3921 2872 3976 luce
2914 3935 3297 3990 permaneam:
3345 3923 3445 3977 ista
3473 3939 3687 3981 memo-

2084 4029 2294 4081 rantes,
2320 4022 2428 4094 non
2457 4016 2597 4071 diem
2629 4022 2873 4071 sanctum
2895 4013 3126 4080 Domini,
3148 4015 3244 4069 sed
3277 4015 3419 4069 diem
3451 4016 3691 4075 hominis

391 4110 498 4174 fac,
523 4117 578 4164 et
600 4106 779 4161 salvus
804 4120 917 4160 ero.
952 4124 967 4156 ι
998 4105 1066 4159 Et
1087 4106 1188 4160 hoc
1212 4106 1285 4159 ita
1308 4106 1551 4175 gaudebo
1573 4104 1741 4173 loqui,
1769 4106 1813 4160 si
1840 4107 1988 4159 omni
2093 4109 2483 4165 desideramus.
2516 4106 2853 4176 Quapropter
2872 4103 3045 4175 longae
3063 4106 3189 4160 vita:
3210 4120 3394 4161 amore
3420 4107 3687 4177 deposito,

391 4200 575 4275 gloriae
601 4197 917 4252 renuntians
944 4196 1210 4261 saeculari,
1232 4204 1462 4265 potuero
1482 4203 1539 4250 et
1556 4195 1764 4265 reliqua
1786 4197 1985 4263 dicere,
2094 4210 2150 4256 et
2177 4199 2445 4255 desiderio
2474 4198 2722 4252 humanae
2751 4196 2879 4261 diei,
2908 4212 3216 4266 qumramus
3245 4196 3391 4251 illam
3436 4199 3577 4255 diem
3598 4202 3690 4256 vi-

393 4290 647 4359 quoniam
674 4290 789 4341 laus
817 4301 935 4340 mea
968 4295 1021 4339 tu
1050 4299 1109 4341 es
1136 4304 1147 4339 :
1176 4295 1269 4341 aut
1299 4302 1423 4341 cum
1449 4285 1791 4355 complevero
1834 4303 1990 4341 man-
2094 4292 2243 4355 dere,
2292 4289 2347 4343 in
2402 4304 2507 4357 qua
2556 4286 2845 4357 participes
2892 4286 3009 4357 ejus
3060 4286 3431 4353 beatitudinis,
3483 4306 3602 4360 qua:
3627 4292 3687 4348 in

396 4382 603 4445 datum,
636 4380 690 4433 in
740 4394 849 4449 quo
896 4378 1247 4452 praecipitur:
1282 4398 1299 4430 ι
1332 4378 1449 4434 Non
1480 4379 1740 4450 glorietur
1776 4382 1992 4451 sapiens
2096 4383 2313 4439 Christo
2336 4390 2436 4445 est,
2466 4380 2780 4435 elliciamur.
2833 4380 3129 4451 Sequitur:
3162 4402 3180 4433 ι
3219 4382 3374 4451 Quod
3402 4400 3686 4455 egressum

394 4471 449 4525 in
479 4470 745 4542 sapientia
775 4484 893 4533 sua,
929 4482 1103 4537 neque
1138 4467 1296 4523 fortis
1324 4469 1376 4522 in
1404 4468 1719 4525 fortitudine
1750 4487 1871 4536 sua,
1904 4487 1995 4527 ne-
2021 4520 2073 4579 D
2097 4474 2266 4529 estde
2294 4472 2452 4527 labiis
2478 4472 2631 4536 meis,
2670 4479 2878 4527 rectum
2920 4472 3021 4527 fuit
3058 4475 3112 4529 in
3163 4486 3456 4546 conspectu
3498 4488 3624 4545 tuo;
3658 4498 3685 4534 ι

309 4616 313 4621 ,
395 4578 500 4633 que
527 4561 678 4617 dives
704 4561 760 4615 in
795 4560 998 4617 divitiis
1046 4560 1179 4627 suis,
1212 4559 1308 4615 sed
1355 4560 1409 4614 in
1449 4560 1554 4615 ist'o
1588 4561 1869 4632 glorietur,
1901 4564 1995 4633 qui
2021 4559 2071 4579 υ
2105 4568 2375 4641 (Ηίενοη.)
2428 4576 2487 4621 ut
2515 4583 2786 4637 nunquam
2826 4568 3085 4623 mentitus
3131 4568 3223 4633 sit,
3250 4578 3306 4623 et
3332 4571 3544 4627 Domini
3592 4588 3691 4629 vo-

398 4653 660 4722 gloriatur
689 4650 990 4721 intelligere
1030 4658 1086 4704 et
1120 4650 1261 4705 scire
1288 4650 1415 4719 quia
1442 4664 1543 4718 ego
1586 4665 1705 4705 sum
1737 4651 1996 4709 Dominus
2101 4656 2295 4712 luntati
2324 4657 2549 4711 adversa
2578 4672 2681 4711 non
2723 4656 2958 4712 dixerit:
2988 4675 3006 4709 ι
3048 4655 3167 4710 Νοη
3193 4659 3288 4723 sis,
3324 4658 3521 4728 inquit,
3552 4662 3686 4719 mihi

401 4741 532 4814 (Jer.
559 4741 700 4811 tx).‘»
739 4742 933 4795 lleatus
964 4740 1148 4809 itaque
1174 4740 1279 4805 vir,
1308 4740 1400 4808 qui
1426 4741 1817 4797 renuntiaverit
1846 4743 1994 4797 omni

2102 4754 2157 4799 tu
2185 4744 2481 4809 formidini,
2531 4760 2651 4815 spes
2689 4760 2806 4799 mea
2858 4745 2912 4799 in
2966 4746 3052 4800 die
3104 4744 3473 4803 aﬂlietionis.»
3531 4750 3686 4817 Quod

400 4832 601 4905 glorite,
627 4847 746 4900 quae
770 4831 1029 4885 deorsum
1050 4839 1133 4886 est
1158 4848 1172 4884 :
1196 4830 1361 4884 veluti
1383 4845 1547 4901 super
1576 4832 1741 4887 nobili
1771 4846 1990 4903 genere,
2095 4836 2436 4907 perspicuum
2472 4845 2553 4890 est
2573 4834 2728 4903 juxta
2752 4836 3092 4892 Hebrai'cum.
3120 4836 3280 4891 Juxta
3308 4838 3362 4893 id
3386 4855 3515 4895 vero
3540 4843 3684 4911 quod

402 4938 564 4992 super
617 4920 1012 4990 pulchritudine
1066 4930 1121 4977 et
1174 4921 1545 4990 corporalibus
1599 4921 1779 4987 bonis,
1828 4935 1993 4992 super

2098 4925 2451 4996 Septuaginta
2501 4927 2891 4981 transtulerunt
2916 4927 3187 4982 dicentes:
3234 4948 3251 4980 ι
3304 4928 3384 4984 Νε
3428 4931 3525 4986 fias
3547 4933 3680 4987 mihi

403 5012 605 5067 divitiis
651 5020 705 5065 et
752 5013 1047 5081 jactatione
1088 5028 1104 5066 :
1154 5012 1363 5078 beatus,
1414 5014 1504 5083 qui
1566 5022 1849 5069 contentus
1884 5029 1992 5075 una

404 5104 572 5175 gloria
599 5103 731 5157 dicit
756 5103 821 5156 ad
844 5102 1163 5158 Dominum:
1186 5122 1204 5153 ‹
1227 5104 1483 5172 quoniam
1506 5104 1620 5158 laus
1641 5120 1759 5159 mea
1782 5115 1838 5160 tu
1860 5120 1939 5160 es.
1966 5124 1985 5157 ›

480 5214 497 5245 ‹
535 5194 675 5249 Εεεε
721 5193 821 5262 ipsi
855 5193 1042 5247 dicunt
1088 5193 1317 5247 ad-me:
1367 5189 1469 5248 Ubi
1505 5203 1587 5248 est
1624 5196 1843 5273 verbum
1890 5197 1994 5250 Do-

411 5305 431 5337 ι
467 5286 642 5340 mini?
671 5284 879 5339 Veniat.
943 5284 1056 5354 Ego
1096 5280 1280 5339 autem
1325 5300 1429 5338 non
1476 5300 1595 5339 sum
1643 5285 1890 5340 turbatus
1940 5293 1993 5341 te

397 2018 684 2072 thesauros
712 2017 765 2071 in
822 2016 961 2072 eoalo
1016 2015 1167 2088 (Luc.
1197 2016 1361 2086 xu)”
1404 2015 1499 2085 qui
1545 2014 1994 2070 thesaurizaverit

396 2106 499 2162 sibi
550 2106 606 2161 in
662 2105 820 2171 cmlo,
874 2107 990 2176 ipse
1037 2106 1142 2160 sibi
1196 2120 1360 2161 causa
1402 2114 1504 2168 est,
1550 2112 1611 2159 ut
1640 2104 1909 2159 scribatur
1937 2104 1993 2158 in

397 2198 572 2254 caalis.
602 2196 873 2269 (Ηίενοη.)
914 2196 1200 2266 Causaque
1244 2193 1531 2251 manifesta
1558 2209 1657 2250 cur
1682 2195 1994 2250 scribantur

394 2291 451 2344 in
476 2298 646 2356 terra,
677 2290 805 2359 quia
862 2289 1203 2358 reliquerunt
1250 2274 1453 2342 fontem
1502 2286 1628 2341 vitae
1679 2285 1987 2357 Dominum,

396 2383 509 2436 sive
560 2381 765 2437 fontem
795 2395 1061 2451 aquarum
1104 2378 1403 2433 viventium
1454 2378 1764 2443 Dominum,
1796 2378 1888 2447 qui
1914 2377 1992 2432 lo-

395 2471 580 2541 quitur
610 2472 662 2524 in
700 2468 1029 2540 Evangelia:
1065 2487 1082 2519 ι
1112 2467 1172 2522 Si
1218 2467 1341 2537 quis
1368 2467 1484 2521 sitit
1513 2466 1697 2521 veniat
1723 2467 1791 2521 ad
1816 2480 1902 2520 me
1936 2475 1991 2521 et

392 2565 582 2621 bibat:
614 2564 717 2631 Qui
744 2563 916 2618 credit
964 2562 1020 2616 in
1056 2576 1166 2626 me,
1216 2561 1358 2616 sicut
1385 2559 1517 2614 dicit
1563 2558 1868 2629 Scriptura,
1892 2559 1992 2612 llu-

392 2653 540 2708 mina
570 2654 635 2707 de
683 2659 871 2707 ventre
897 2650 1038 2720 oejus
1088 2647 1255 2703 fluent
1283 2662 1436 2717 aqua:
1460 2646 1615 2701 vivae.
1645 2646 1761 2703 Hoc
1808 2657 1991 2703 autem

393 2745 530 2800 dixit
584 2742 653 2797 de
690 2742 894 2813 Spiritu
946 2755 1107 2810 quem
1155 2737 1433 2810 accepturi
1494 2746 1652 2793 erant
1703 2738 1990 2794 credentes

387 2834 580 2913 (10am
600 2834 721 2908 vn).
746 2854 765 2886 .

466 2951 486 2983 ‹
523 2930 667 2985 Sana
694 2945 801 2995 me,
835 2929 1085 2995 Domine,
1121 2935 1179 2983 et
1216 2927 1488 2993 sanabor;
1526 2930 1736 2983 salvum
1767 2940 1854 2982 me
1880 2927 1984 2990 fac,

395 3045 411 3077 ι
450 3032 504 3077 ει
534 3020 716 3076 salvus
739 3036 853 3085 ero,
870 3020 1132 3089 quoniam
1157 3017 1275 3072 laus
1295 3032 1417 3073 mea
1450 3024 1509 3071 tu
1534 3031 1613 3071 es.
1638 3036 1655 3068 ι
1688 3015 1839 3071 Multi
1878 3030 1991 3070 me-

386 3113 494 3167 dici
541 3112 597 3167 in
635 3110 927 3182 Evangelio
954 3108 1169 3181 (Matth.
1194 3107 1287 3179 tx)'
1322 3108 1799 3164 hasmorrhoissam
1829 3124 1988 3164 cura-

387 3210 597 3266 verant,
650 3216 771 3271 quae
804 3214 1023 3254 omnem
1071 3199 1430 3254 substantiam
1467 3208 1621 3253 suam
1672 3199 1985 3268 perdiderat

392 3292 446 3347 in
474 3292 577 3355 eis,
604 3299 660 3345 et
706 3302 883 3344 tamen
916 3304 947 3343 a
976 3288 1124 3344 nullo
1144 3288 1329 3349 curari
1359 3288 1535 3359 potuit
1563 3288 1669 3343 nisi
1703 3287 1772 3342 ab
1799 3302 1865 3343 eo
1892 3290 1985 3359 qui

387 3398 552 3438 verus
577 3392 663 3438 est
709 3382 975 3447 medicus,
1004 3389 1060 3437 et
1103 3381 1258 3451 cujus
1294 3382 1500 3437 sanitas
1526 3381 1597 3453 (in
1624 3381 1819 3452 pennis
1845 3382 1981 3452 ejus.

388 3474 544 3533 Unde
578 3483 633 3528 et
663 3489 808 3527 nunc
858 3474 1120 3544 prapheta
1153 3488 1184 3527 a
1222 3472 1419 3543 populo
1449 3486 1644 3543 passus
1673 3471 1982 3543 opprobria,

385 3574 445 3624 et
465 3567 657 3622 crebro
684 3565 892 3620 insidiis
916 3558 1313 3620 circumventus
1335 3564 1402 3618 ab
1439 3576 1505 3617 eo
1530 3563 1706 3618 curari
1728 3570 1785 3617 et
1806 3563 1987 3618 salvus

386 3658 508 3715 ﬁeri
537 3652 724 3728 cupit:
764 3657 918 3727 cujus
954 3671 1084 3712 vera
1132 3656 1269 3721 laus,
1313 3670 1548 3726 veraque
1585 3656 1853 3711 medicina
1881 3664 1983 3710 est.

389 3746 589 3822 (0rig.)
645 3747 942 3801 Dicendum
968 3761 1095 3817 ergo
1122 3738 1458 3801 confidenter
1485 3747 1553 3801 ab
1593 3762 1679 3811 eo,
1704 3747 1795 3811 qui
1821 3760 1989 3817 aegro-

389 3848 594 3895 tantem
618 3854 772 3894 suam
801 3838 1035 3911 animam
1055 3836 1171 3891 vult
1194 3836 1388 3891 salvari
1412 3854 1427 3889 :
1458 3854 1477 3887 t
1513 3851 1646 3891 sana
1670 3851 1777 3901 me,
1802 3836 1987 3890 Domi-

388 3944 479 3995 ne,
510 3936 564 3983 et
594 3928 829 3983 sanabor
858 3942 871 3980 :
911 3946 928 3977 ι
972 3934 1101 3980 tunc
1121 3924 1387 3995 siquidem
1424 3924 1750 3980 medicinam
1782 3925 1989 3980 sanitas

389 4019 660 4089 sequitur,
691 4017 737 4071 si
773 4014 1023 4070 Christus
1051 4031 1247 4070 curare
1276 4015 1546 4086 dignetur.
1585 4034 1603 4066 ι
1646 4014 1867 4069 Salvum
1900 4030 1989 4071 me

2013 3160 2059 3223 C

2101 5017 2328 5081 alienus,
2377 5034 2608 5088 parcens
2660 5019 2790 5073 mihi
2826 5018 2879 5073 in
2932 5020 3017 5073 die
3065 5020 3223 5086 malo,
3252 5040 3270 5072 ι
3311 5029 3396 5076 est
3450 5038 3679 5078 sensus:

2098 5106 2174 5161 Ne
2205 5123 2393 5178 parcas
2417 5109 2545 5162 mihi
2572 5110 2623 5163 in
2644 5109 2897 5178 prmsenti
2924 5110 3139 5176 saeculo,
3168 5111 3310 5181 quod
3335 5111 3532 5167 malum
3554 5125 3635 5169 est
3659 5132 3676 5181 ;

2099 5198 2195 5251 sed
2220 5198 2381 5252 redde
2411 5200 2540 5253 mihi
2591 5201 2741 5269 juxta
2770 5210 2991 5267 peccata
3018 5216 3156 5263 mea,
3201 5211 3259 5255 ut
3292 5203 3531 5272 requiem
3578 5207 3679 5260 ha-

2096 5289 2251 5342 beam
2297 5288 2698 5357 sempiternam.
2753 5290 2879 5345 Scio
2920 5292 3064 5346 enim
3112 5292 3373 5363 scriptum
3408 5313 3420 5347 :
3452 5314 3471 5346 ι
3509 5295 3679 5363 Quem

409 5394 434 5431 ι
467 5384 741 5448 pastorem
770 5375 1003 5445 Sequens
1034 5373 1163 5446 (sive
1191 5390 1299 5429 non
1345 5375 1586 5431 laboravi
1635 5392 1864 5445 sequens
1895 5377 1990 5448 te),
2099 5375 2271 5443 diligit
2325 5376 2581 5432 Dominus
2627 5379 2847 5447 corripit
2884 5421 2899 5446 ,
2948 5379 3175 5450 ﬂagellat
3229 5390 3408 5436 autem
3466 5399 3680 5442 omnem

410 5482 436 5520 α
460 5473 519 5522 et
558 5465 702 5519 diem
754 5465 989 5520 hominis
1030 5480 1141 5534 non
1197 5466 1520 5521 desideravi.
1579 5465 1658 5521 Tu
1716 5468 1822 5522 scis
1852 5469 1994 5537 quod
2100 5466 2268 5520 illium
2297 5482 2455 5536 quem
2486 5468 2674 5538 recipit
2704 5468 2890 5540 (Hebr.
2926 5470 3048 5541 xu).
3077 5490 3095 5522 ι
3126 5471 3247 5526 Dies
3273 5482 3458 5527 autem
3486 5476 3678 5542 malus,

413 5575 435 5611 ε
466 5570 744 5627 egressum
773 5564 855 5609 est
878 5555 944 5609 de
998 5555 1154 5610 labiis
1200 5557 1351 5621 meis,
1402 5566 1609 5612 rectum
1640 5557 1741 5612 fuit
1789 5559 1838 5612 in
1868 5575 1997 5613 con-
2099 5557 2183 5613 vel
2209 5573 2368 5613 omne
2396 5560 2651 5614 sarculum
2690 5570 2795 5629 est,
2834 5562 2917 5618 vel
2949 5563 3061 5618 dies
3080 5561 3289 5633 judicii,
3331 5564 3417 5619 his
3441 5567 3531 5635 qui
3558 5581 3682 5638 pro-

416 5666 435 5700 ι
472 5656 660 5717 spectu
692 5656 781 5700 tuo
836 5646 962 5716 (sive
990 5658 1114 5702 ante
1154 5649 1345 5703 faciem
1403 5659 1546 5704 tuam
1598 5651 1722 5721 est).
1781 5652 1895 5707 Non
1923 5652 1998 5708 sis
2102 5665 2221 5720 pter
2247 5661 2467 5720 peccata
2506 5655 2832 5711 cruciantur.

419 5757 440 5791 ι
474 5740 601 5793 mihi
629 5749 683 5791 tu
728 5739 1019 5799 formidini.
1045 5755 1168 5801 spes
1197 5756 1313 5795 mea
1342 5740 1395 5794 in
1424 5742 1510 5797 die
1540 5741 1846 5798 alllictionis
1872 5743 1998 5811 (sive
2180 5760 2197 5791 ι
2228 5740 2637 5798 Confundantur
2664 5747 2752 5814 qui
2784 5758 3180 5817 persequuntur
3204 5765 3309 5815 me,
3339 5760 3397 5806 et
3423 5768 3530 5809 non
3557 5768 3682 5809 con-
