3926 6316
75 366 190 423 953

974 354 1333 413 EXPOSITIO
1372 354 1595 411 SUPER
1630 351 1989 409 JEREMIAM.
2030 383 2099 393 —
2136 354 2263 409 LIB.
2302 351 2434 407 VIII.

3222 350 3324 404 954

78 478 331 537 cfundar
365 493 497 548 ego;
530 484 758 547 paveant
784 475 882 541 illi,
913 482 967 529 et
995 486 1101 527 non
1146 483 1370 541 paveam
1406 483 1523 538 ego.
1576 465 1664 519 ln-
1687 468 1742 528 Α
1770 487 1789 520 ι
1818 466 2082 531 rusalem,
2130 476 2184 519 et
2233 480 2337 520 non
2381 464 2766 534 exstinguetur.
2799 480 2817 512 ι
2869 459 2947 515 Ne
3006 470 3325 530 praeceptum

81 590 102 623 ι
123 571 236 625 duc
264 583 429 639 super
446 583 540 623 eos
562 568 703 622 diem
726 564 1026 620 alchtionis
1050 569 1105 615 et
1130 558 1325 629 duplici
1346 557 1665 613 contritione

82 677 103 711 ι
125 668 358 716 contere
371 673 482 713 eos.
504 676 523 709 ι
540 657 868 726 Imprecatur
880 655 1158 708 adversum
1172 666 1264 705 eos
1274 650 1531 718 propheta
1541 688 1555 713 ,
1572 646 1664 717 qui

75 748 420 819 exprobrant
446 747 495 803 ei
530 746 752 801 verbum
786 742 1030 807 Domini,
1067 750 1121 795 et
1145 740 1367 794 dicunt:
1404 756 1422 788 ι
1452 737 1553 793 Ubi
1583 743 1667 791 est

77 838 317 895 verbum
341 839 586 895 Domini?
604 838 813 900 veniat;
841 854 859 887 ι
878 842 939 889 ut
962 832 1357 889 confundantur
1372 832 1463 901 qui
1482 842 1667 900 perse-

74 938 330 999 quuntur
354 944 502 993 eum,
534 935 591 982 et
618 924 957 990 erubescant,
985 932 1040 978 et
1062 923 1284 977 redeant
1306 921 1371 975 ad
1397 921 1622 975 salutem
1647 937 1660 971 :

76 1027 140 1073 ut
170 1018 252 1073 illi
281 1025 516 1087 paveant
543 1015 887 1079 mentientes,
913 1022 968 1069 et
992 1028 1099 1068 non
1120 1012 1243 1069 iste.
1267 1011 1359 1080 qui
1385 1025 1511 1064 vera
1536 1024 1668 1079 pra:-

75 1107 218 1163 dicit
252 1125 267 1160 :
298 1121 532 1175 cumque
574 1105 690 1160 dies
714 1105 931 1159 ultionis
975 1102 1273 1165 advenerit,
1308 1100 1504 1169 duplici
1536 1115 1667 1155 con-

77 1197 312 1253 tritione
340 1204 587 1252 conterat
612 1211 726 1262 eos,
752 1194 893 1249 fame
932 1203 988 1249 et
1023 1192 1219 1265 gladio.
1257 1190 1429 1245 Aliter
1456 1190 1667 1261 spirita-

74 1284 160 1342 les
188 1286 449 1357 nequitia:
478 1301 599 1341 cum
637 1301 670 1339 a
705 1285 860 1339 nobis
884 1296 980 1352 per
1018 1281 1113 1336 Dei
1159 1280 1484 1351 adjutorium
1512 1294 1667 1348 supe-

74 1385 303 1442 rantur,
342 1375 758 1440 confunduntur,
783 1382 837 1428 et
865 1372 1131 1427 anxietate
1155 1369 1319 1424 nimia
1343 1368 1664 1439 afﬂiguntur,

73 1466 153 1521 ita
191 1475 256 1521 ut
282 1465 483 1521 merito
515 1463 711 1533 duplici
739 1462 1060 1518 contritione
1089 1460 1306 1515 contriti
1336 1472 1453 1513 esse
1482 1457 1665 1512 dican-

75 1563 171 1609 tur
205 1569 221 1608 :
259 1555 519 1625 primum,
556 1551 697 1622 quod
732 1551 1036 1607 hominibus
1069 1548 1440 1620 expetentibus
1471 1547 1668 1602 sancti-

75 1655 277 1711 tatem,
311 1646 387 1701 illi
410 1661 529 1701 eam
554 1643 888 1715 possidentes
922 1641 1220 1707 amiserint,
1248 1653 1526 1708 causaeque
1568 1653 1666 1693 ex-

74 1737 334 1791 stiterint
356 1734 671 1807 perditionis
694 1735 938 1789 humana:
966 1749 981 1785 :
1010 1731 1204 1786 deinde
1230 1730 1371 1800 quod
1398 1728 1667 1799 spiritales

1764 559 1971 614 sabbati
1992 558 2345 612 instauratum
2374 570 2471 626 per
2507 553 2793 609 Jeremiam
2818 554 2871 606 in
2899 551 3098 607 frustra
3130 552 3315 607 discer-

1762 664 1966 720 perem,
1988 659 2159 703 totum
2185 661 2387 717 ponere
2421 645 2639 715 placuit,
2665 654 2725 698 ut
2747 643 2904 699 simul
2930 643 3111 698 omnia
3133 657 3305 714 cogno

1764 755 1994 795 scamus.
2060 736 2303 792 Custodit
2346 736 2581 791 animam
2625 750 2777 790 suam
2805 776 2821 800 ,
2868 735 2959 804 qui
3002 750 3107 789 non
3152 742 3325 805 portat

1762 830 1999 899 pondera
2037 838 2381 898 peccatorum
2426 827 2480 880 in
2530 826 2615 880 die
2652 825 2848 895 quietis
2874 832 2929 879 et
2955 825 3195 890 sabbati,
3234 841 3330 880 nec

1764 918 1925 973 infert
1956 933 2019 973 ea
2055 934 2153 987 per
2185 927 2369 989 portas
2402 914 2731 970 Hierusalem
2768 932 2781 968 :
2818 928 2954 984 quas
2990 915 3214 969 virtutes
3247 914 3329 969 de-

1764 1008 1950 1066 bemus
1991 1009 2250 1078 accipere.
2300 1008 2368 1061 Et
2417 1006 2622 1070 nolite,
2672 1005 2885 1074 inquit,
2934 1003 3129 1073 ejicere
3165 1019 3329 1059 onera

1766 1100 1832 1154 de
1858 1099 2100 1153 domibus
2126 1098 2339 1153 vestris.
2390 1096 2508 1151 Non
2549 1095 2695 1150 enim
2737 1094 2999 1164 portanda
3043 1102 3191 1159 sunt,
3238 1095 3330 1148 scd

1764 1189 1978 1259 penitus
2026 1188 2342 1259 abjicienda.
2394 1187 2462 1242 Et
2498 1201 2658 1241 omne
2695 1200 2829 1255 opus
2864 1200 2937 1239 nc
2975 1185 3203 1249 faciatis,
3248 1184 3333 1239 vel

1766 1280 1979 1344 servile,
1998 1280 2081 1336 vel
2101 1280 2244 1334 aliud
2262 1268 2340 1333 'de
2363 1294 2470 1348 quo
2492 1279 2749 1346 scriptum
2782 1284 2865 1332 est
2892 1292 2907 1329 :
2941 1295 2959 1327 ι
2993 1276 3129 1330 Esca
3162 1277 3333 1330 ventri

1764 1383 1820 1428 et
1872 1382 2058 1428 venter
2098 1374 2237 1428 escis
2269 1390 2282 1426 :
2312 1364 2450 1426 Deus
2498 1380 2677 1426 autem
2712 1381 2767 1427 et
2798 1370 2943 1425 hunc
2980 1381 3035 1425 et
3073 1370 3215 1424 illam
3244 1371 3335 1425 de-

1766 1470 1939 1517 struet
1957 1461 2009 1532 (I
2038 1461 2158 1516 Cor.
2176 1462 2285 1532 v1);
2315 1462 2407 1516 sed
2436 1461 2566 1515 illud
2591 1475 2725 1531 opus
2750 1462 3102 1532 operandum,
3136 1462 3201 1517 de
3226 1477 3332 1531 quo

1768 1553 2017 1609 Salvator
2042 1555 2278 1625 loquitur
2310 1572 2323 1608 :
2357 1574 2375 1606 ι
2402 1553 2709 1623 Operamini
2739 1569 2871 1623 opus
2896 1556 3037 1624 quod
3061 1571 3167 1609 non
3196 1556 3335 1625 perit

1768 1645 1949 1718 (Joan.
1974 1646 2070 1716 v1).
2097 1665 2116 1698 ι
2168 1665 2193 1697 ι
2223 1644 2588 1711 Sanctificate,
2634 1644 2824 1714 inquit,
2873 1646 3010 1700 diem
3051 1644 3281 1709 sabbati,
3312 1662 3329 1695 ι

1768 1743 1827 1790 ιιι
1864 1751 2021 1791 omne
2060 1745 2267 1805 tempus
2310 1736 2432 1789 vita:
2481 1734 2534 1788 in
2572 1734 2989 1793 sanctificatione
3036 1734 3292 1787 ducamus
3318 1773 3335 1799 ,

73 1827 410 1883 substantiae
462 1824 662 1879 fuerint
706 1840 734 1876 a
782 1821 1084 1881 carnalibus
1135 1821 1468 1889 terrenisque
1521 1818 1667 1875 devi-
1694 1809 1742 1869 Β
1771 1826 1910 1880 sicut
1936 1824 2178 1880 fecerunt
2210 1835 2391 1895 patres
2429 1826 2598 1881 nostri
2635 1825 2928 1890 Abraham,
2961 1824 3111 1879 Isaac
3155 1832 3208 1877 et
3248 1822 3337 1878 Ja-

75 1930 207 1976 cm.

154 2030 175 2063 ι
199 2010 337 2065 Haec
359 2009 491 2064 dicit
514 2008 771 2063 Dominus
801 2006 869 2061 ad
892 2021 976 2061 me
1001 2024 1015 2060 :
1047 2006 1215 2071 Vade,
1244 2014 1301 2059 et
1329 2012 1411 2059 sta
1436 2005 1490 2057 in
1513 2011 1668 2073 porta

81 2118 101 2153 ι
131 2100 270 2171 (sive
298 2100 356 2155 in
378 2098 571 2170 portis)
597 2098 826 2153 filiorum
854 2096 1057 2169 papuli,
1089 2112 1187 2167 per
1224 2111 1385 2167 quam
1418 2095 1543 2167 (sive
1572 2108 1669 2164 per

79 2210 99 2242 ι
127 2190 302 2262 quas)
333 2191 703 2261 ingrediuntur
722 2205 876 2259 reges
903 2188 1051 2245 Iudae
1070 2197 1125 2243 et
1149 2189 1508 2260 egredientur,
1535 2196 1590 2241 et
1613 2186 1668 2241 in

80 2299 99 2332 ι
128 2280 356 2336 cunctis
384 2279 552 2349 portis
580 2278 930 2344 Hierusalem,
957 2286 1012 2332 et
1036 2279 1179 2333 dices
1206 2278 1273 2332 ad
1301 2292 1395 2333 eos
1427 2294 1441 2330 :
1472 2276 1669 2331 Audite

79 2389 100 2423 ι
130 2372 373 2425 verbum
422 2370 653 2434 Domini,
703 2385 855 2440 reges
895 2370 1046 2433 Juda,
1093 2379 1149 2424 et
1182 2371 1355 2424 omnis
1380 2368 1515 2424 Juda
1544 2370 1669 2440 (sive

80 2484 102 2515 ι
129 2461 372 2532 Iudaea),
391 2461 677 2530 cunctique
690 2460 1019 2515 habitatores
1030 2460 1381 2525 Hierusalem,
1398 2465 1487 2529 qui
1502 2462 1672 2530 ingre-

79 2573 100 2607 ι
129 2552 336 2607 dimini
385 2566 482 2621 per
523 2559 706 2620 portas
755 2551 871 2604 has.
902 2569 921 2601 ι
973 2549 1261 2616 Quoniam,
1288 2550 1479 2619 inquit,
1505 2551 1669 2604 verba

74 2653 174 2699 tua
206 2642 405 2697 audire
435 2647 802 2704 contemnunt,
834 2655 934 2695 nec
963 2640 1029 2694 ad
1056 2646 1105 2694 te
1134 2640 1373 2704 veniunt,
1412 2654 1469 2693 ut
1493 2641 1671 2708 requi-

75 2740 231 2795 rant,
263 2745 389 2800 quze
421 2729 493 2784 sit
520 2728 783 2798 sapientia
808 2727 924 2793 Dei,
960 2736 1015 2781 tu
1042 2741 1206 2796 perge
1243 2728 1309 2781 ad
1335 2727 1511 2781 locum
1534 2727 1673 2782 cele-

73 2822 411 2882 berrimum,
443 2817 529 2872 vel
562 2826 837 2885 portarum
868 2817 1070 2886 templi,
1099 2816 1184 2871 vel
1217 2817 1386 2882 urbis,
1421 2832 1515 2887 per
1536 2832 1671 2887 quas

78 2925 245 2981 reges
271 2916 333 2963 et
361 2922 519 2963 omne
547 2906 733 2977 vulgus
773 2907 1067 2977 ingreditur
1090 2915 1144 2961 et
1168 2906 1472 2976 egreditur,
1499 2916 1559 2960 ut
1580 2921 1671 2961 ne-

77 3002 354 3058 cessitate
383 3007 642 3069 cogantur
677 2998 881 3064 audire,
919 3007 974 3051 et
1003 2998 1324 3068 importune,
1352 3006 1666 3067 opportune,

78 3092 359 3164 praedices
382 3091 606 3145 verbum
634 3087 731 3143 Dei
762 3087 847 3157 (‘II
876 3087 1009 3141 Tim.
1045 3088 1118 3160 tv)
1148 3097 1241 3142 :ut
1267 3104 1367 3143 nec
1397 3088 1501 3142 ulla
1527 3088 1667 3158 apud

1767 1915 1887 1971 cob.
1915 1916 2154 1986 Cumque
2176 1919 2275 1973 ista
2297 1921 2609 1988 praeceperit
2629 1920 2791 1985 Deus,
2820 1934 2925 1974 non
2952 1918 3339 1974 inclinaverunt

1768 2022 1953 2061 aurem
1978 2022 2146 2070 suam,
2181 2009 2376 2063 mentis
2408 2010 2591 2079 utique
2620 2024 2723 2063 non
2761 2008 2970 2072 carnis;
3001 2008 3092 2063 sed
3118 2006 3336 2060 indura-

1766 2106 1959 2153 verunt
1998 2098 2264 2154 cervicem
2312 2115 2487 2166 suam,
2535 2101 2839 2171 rejicientes
2866 2098 3052 2169 jugum
3082 2098 3213 2169 legis
3242 2114 3255 2150 :
3280 2103 3339 2153 et

1767 2205 1864 2260 per
1895 2192 2287 2259 metaphoram,
2321 2192 2702 2247 indomitorum
2736 2190 3047 2247 animalium
3079 2189 3340 2245 habentes

1768 2280 2189 2335 similitudinem.
2245 2281 2533 2338 Videamus
2561 2283 2703 2353 quod
2729 2282 2797 2336 sit
2821 2280 3098 2351 praemium
3127 2293 3334 2344 eorum,

1768 2372 1859 2442 qui
1879 2388 1985 2426 non
2013 2380 2228 2441 portant
2250 2388 2414 2428 onera
2453 2374 2506 2428 in
2540 2374 2626 2429 die
2651 2373 2880 2438 sabbati,
2921 2380 2975 2428 et
3004 2370 3340 2427 sanctificant

1768 2461 1936 2517 illum.
1995 2481 2013 2513 ‹
2039 2461 2428 2532 Ingredientur,
2456 2463 2551 2528 ait,
2586 2477 2683 2531 per
2714 2470 2896 2532 portas
2922 2460 3151 2515 civitatis
3183 2458 3339 2527 hujus

1771 2564 1943 2620 reges,
1977 2570 1995 2601 ι
2023 2564 2248 2619 quorum
2268 2567 2364 2605 cor
2389 2553 2444 2606 in
2466 2567 2630 2607 manu
2658 2551 2752 2607 Dei
2777 2558 2879 2615 est,
2907 2558 2962 2605 et
2988 2551 3079 2619 qui
3112 2558 3341 2619 regnant

1770 2638 2080 2707 corporibus
2106 2639 2218 2692 suis
2249 2635 2429 2709 (Prov.
2460 2638 2595 2709 xxx),
2650 2657 2667 2689 ι
2694 2646 2749 2693 et
2794 2638 3039 2693 sedentes
3074 2637 3342 2707 principes

1770 2744 1932 2798 super
1954 2728 2147 2785 solium
2168 2728 2351 2793 David,
2375 2748 2396 2782 ι
2423 2737 2483 2783 ut
2500 2728 2698 2784 Christi
2719 2730 2995 2784 imitentur
3006 2726 3304 2798 exemplum
3325 2745 3355 2801 :_

1776 2838 1795 2870 ι
1822 2820 1889 2874 Et
1930 2818 2283 2875 ascendentes
2327 2821 2381 2874 in
2425 2820 2671 2875 curribus
2705 2829 2759 2875 et
2798 2820 2971 2889 equis,
3000 2838 3020 2871 ι
3054 2819 3121 2874 de
3148 2811 3342 2887 quibus

1769 2909 2029 2977 scriptum
2057 2918 2139 2963 est
2164 2928 2176 2962 :
2207 2928 2225 2961 ι
2253 2907 2455 2965 Currus
2482 2910 2576 2965 Dei
2601 2910 2781 2965 decem
2805 2909 3037 2964 millibus
3063 2908 3340 2978 multiplex

1771 3000 1937 3055 millia
1964 3000 2278 3065 laetantium,
2308 3000 2566 3058 Dominus
2592 3001 2648 3054 in
2669 3000 2768 3064 eis,
2800 3002 2854 3054 in
2878 2999 3046 3065 Sinai,
3080 3003 3133 3056 in
3160 3001 3345 3054 sancto

1772 3086 1941 3161 (Psal.
1967 3089 2187 3157 LXVII).)
2204 3087 2270 3142 Et
2291 3087 2415 3142 alibi
2439 3106 2452 3141 :
2479 3105 2497 3139 ι
2526 3087 2796 3156 Equitatio
2822 3096 2913 3143 tua
2939 3089 3081 3145 salus
3111 3089 3340 3161 (Habac.

78 3155 177 3240 eos
212 3189 498 3238 remaneat
521 3155 814 3244 excusatio,
834 3178 975 3248 quod
995 3155 1115 3232 ideo
1140 3193 1245 3232 non
1269 3177 1515 3244 fecerint,
1541 3155 1666 3247 quia
1695 3155 1741 3218 (ἶ
1772 3155 1874 3248 ιιι).
1905 3197 1923 3229 ι
1968 3155 2155 3231 Omnis
2183 3178 2264 3230 vir
2288 3178 2378 3245 qui
2410 3155 2696 3231 conﬂtétur
2716 3178 2881 3231 Deum
2900 3217 2915 3243 ,
2947 3186 3000 3233 et
3023 3155 3364 3250 quijhabitat.

78 3292 195 3333 non
248 3273 541 3329 audierint.

156 3385 178 3417 ι
204 3362 346 3418 Περ
391 3361 523 3416 dicit
563 3361 820 3417 Dominus
846 3379 859 3415 :
882 3359 1157 3417 Custodite
1195 3362 1403 3417 animas
1442 3371 1668 3430 vestras,

84 3473 104 3507 ι
134 3464 193 3509 et.
216 3450 391 3507 nolite
412 3457 623 3520 portare
646 3450 879 3520 pondera
904 3451 958 3504 in
985 3452 1072 3505 die
1094 3452 1319 3518 sabbati,
1350 3469 1450 3508 nec
1477 3454 1673 3508 infera-

86 3562 105 3595 ι
137 3544 213 3597 tis
238 3556 346 3611 per
377 3547 559 3607 portas
596 3538 947 3595 Hierusalem.
986 3540 1052 3594 Et
1086 3540 1247 3603 nolite
1285 3542 1479 3611 ejicere
1506 3558 1673 3600 onera

86 3650 105 3683 ι
136 3631 210 3686 de
257 3627 513 3684 domibus
559 3628 754 3683 vestris
793 3628 849 3682 in
890 3630 976 3684 die
1023 3630 1249 3695 sabbati,
1276 3640 1330 3686 et
1355 3646 1513 3688 omne
1538 3650 1674 3704 opus

88 3742 107 3775 ι
138 3738 257 3778 ιιοιι
309 3719 539 3784 facietis,
591 3728 647 3773 et
691 3718 1019 3774 sanctiﬁcate
1062 3720 1202 3774 diem
1254 3720 1481 3787 sabbati,
1520 3724 1675 3779 sicuti

87 3831 108 3865 ι
139 3810 389 3885 pmepi
436 3809 677 3878 patribus
716 3808 928 3863 vestris.
973 3808 1038 3862 Et
1080 3823 1186 3863 non
1225 3810 1527 3877 audierunt,
1578 3828 1677 3869 nec

88 3922 110 3956 ι
140 3901 549 3959 inclinaverunt
575 3912 759 3952 aurem
790 3913 962 3961 suam,
1000 3905 1053 3952 et
1094 3897 1477 3953 induraverunt
1506 3902 1677 3957 cervi-

87 4014 106 4047 ι
135 4008 266 4049 cem
294 4005 449 4046 suam
476 4010 494 4042 ι
518 3989 595 4060 (et
614 3990 755 4058 quod
785 3989 837 4043 in
869 3989 1128 4044 Hebraico
1158 4007 1263 4045 non
1293 3992 1522 4047 habetur
1550 4011 1569 4045 ι
1593 4010 1676 4049 su-

88 4104 107 4136 ι
138 4099 245 4155 per
281 4088 466 4151 patres
492 4078 638 4148 suos)
665 4092 731 4131 ne
772 4078 1019 4132 audirent
1044 4094 1146 4144 me,
1178 4089 1230 4134 et
1273 4096 1339 4135 nc
1372 4084 1676 4152 acciperent

88 4194 107 4226 ι
136 4172 515 4241 disciplinam.
570 4169 637 4223 Et
660 4170 782 4233 erit,
806 4170 1000 4239 inquit,
1031 4171 1076 4224 si
1108 4172 1384 4227 audieritis
1411 4190 1518 4239 me,
1546 4176 1677 4230 dicit

89 4284 107 4314 ι
138 4261 445 4322 Dominus,
481 4268 539 4311 ut
572 4273 680 4312 non
708 4257 950 4313 inferatis
974 4274 1136 4314 onera
1167 4269 1343 4315 vestra
1369 4278 1465 4332 per
1491 4275 1676 4334 portas

89 4373 108 4405 ι
136 4352 393 4409 civitatis
422 4350 581 4419 hujus
614 4350 667 4403 in
693 4349 779 4404 die
814 4351 1040 4405 sabbati.
1084 4351 1159 4407 Et
1179 4352 1226 4406 si
1258 4354 1676 4411 sanctiﬁcaveri-

90 4464 107 4496 ι
142 4445 215 4499 tis
248 4443 401 4497 diem
428 4441 665 4505 sabbati,
697 4456 765 4495 ne
794 4440 1002 4495 faciatis
1030 4444 1083 4495 in
1115 4458 1178 4497 ea
1212 4460 1371 4499 omne
1392 4461 1522 4517 opus
1552 4467 1565 4501 :
1596 4450 1677 4503 in-

91 4532 473 4605 «gredientur
531 4544 626 4598 per
682 4537 864 4598 portas
913 4530 1144 4586 civitatis
1200 4533 1357 4601 hujus
1419 4552 1573 4607 reges
1623 4549 1678 4593 et

90 4644 108 4676 ‹
139 4622 430 4694 principes
476 4620 723 4675 sedentes
764 4634 922 4689 super
959 4622 1151 4676 solium
1181 4620 1370 4689 David,
1398 4635 1453 4680 et
1486 4643 1673 4682 ascen-

92 4734 109 4766 ι
139 4714 284 4769 dent
315 4712 369 4764 in
404 4710 651 4764 curribus
681 4717 735 4762 et
760 4710 933 4779 equis,
970 4711 1069 4779 ipsi
1096 4720 1151 4766 et
1175 4715 1441 4783 principes
1468 4732 1673 4782 eorum,

94 4825 111 4856 ‹
140 4803 254 4858 viri
286 4800 427 4856 Juda
453 4807 509 4854 et
530 4800 856 4855 habitatores
881 4799 1242 4867 Hierusalem,
1271 4811 1323 4856 et
1351 4805 1679 4861 habitabitur

93 4914 112 4947 ι
141 4894 357 4949 civitas
384 4890 497 4943 haec
530 4891 582 4943 in
612 4892 1013 4961 sempiternum.
1069 4892 1135 4945 Et
1160 4892 1373 4947 venient
1403 4895 1469 4948 de
1494 4896 1679 4950 civita-

96 5006 113 5038 ι
146 4986 305 5040 tibus
334 4980 488 5046 Juda,
518 4990 571 5035 et
595 4982 659 5036 de
682 4984 906 5038 circuitu
942 4982 1292 5049 Hierusalem,
1328 4996 1383 5040 et
1424 4988 1488 5041 de
1531 4996 1677 5043 terra

97 5102 114 5133 ‹
143 5076 462 5148 Beniamin,
492 5082 546 5129 et
573 5075 638 5128 de
668 5076 1075 5146 campestribus,
1104 5084 1159 5131 et
1188 5077 1253 5131 de
1282 5080 1599 5145 montuosis,
1627 5090 1681 5136 et

96 5190 115 5224 ι
143 5169 219 5226 ab
247 5175 462 5230 austro,
496 5173 770 5235 portantes
799 5167 1164 5221 holocaustum
1194 5176 1247 5222 et
1280 5170 1526 5225 victimas
1555 5170 1680 5241 (sive

98 5283 115 5313 ι
150 5256 564 5332 tliytniamata),
591 5265 644 5309 et
671 5257 991 5312 sacrificium
1028 5259 1149 5328 (sive
1182 5260 1421 5329 manna),
1452 5271 1505 5315 et
1536 5263 1679 5327 thus,

99 5376 116 5405 ‹
147 5364 206 5408 et
258 5350 493 5406 inferent
539 5348 859 5403 oblationem
902 5348 1023 5419 (sive
1064 5350 1325 5420 laudem),
1370 5351 1425 5403 in
1463 5352 1681 5406 domum

100 5465 119 5496 ι
154 5441 403 5497 Domini.
457 5439 516 5495 Si
539 5448 715 5494 autem
743 5454 846 5493 non
878 5439 1151 5497 audieritis
1178 5456 1281 5507 me,
1306 5452 1362 5495 ut
1383 5444 1683 5500 sanctiﬁce-

101 5557 120 5590 ι
151 5537 231 5590 tis
263 5534 411 5588 diem
450 5531 678 5596 sabbati,
714 5539 766 5585 et
805 5546 911 5585 non
947 5535 1169 5601 portetis
1196 5550 1349 5597 onus,
1375 5543 1428 5589 et
1457 5550 1523 5589 ne
1550 5535 1683 5591 infe-

104 5652 123 5684 ι
154 5630 302 5686 ratis
331 5642 426 5695 per
452 5636 634 5695 portas
659 5625 990 5681 Hierusalem
1014 5628 1065 5680 in
1095 5629 1180 5682 die
1208 5628 1434 5692 sabbati,
1463 5642 1683 5681 succen-

108 5742 125 5773 ι
155 5722 291 5775 dam
330 5718 505 5787 ignem
528 5716 580 5770 in
604 5717 772 5786 portis
801 5716 935 5786 ejus,
962 5725 1017 5771 et
1046 5718 1321 5773 devorabit
1349 5720 1533 5773 domos
1559 5719 1682 5774 Hie-

1775 3268 1828 3321 in
1848 3265 2205 3331 Hierusalem,
2220 3266 2287 3320 de
2305 3281 2411 3335 qua
2439 3266 2640 3320 dictum
2659 3274 2774 3321 est:
2798 3285 2814 3317 ι
2838 3267 3032 3323 Factus
3059 3277 3144 3323 est
3170 3270 3225 3322 in
3252 3269 3350 3331 Sa-

1776 3356 1881 3409 lem
1908 3354 1982 3425 (id
1994 3362 2067 3409 est
2081 3355 2133 3409 in
2146 3354 2297 3427 pace)
2314 3354 2461 3410 locus
2472 3354 2608 3423 ejus,
2638 3364 2695 3410 et
2714 3356 2972 3411 habitatio
2993 3358 3109 3428 ejus
3139 3358 3193 3412 in
3218 3357 3348 3415 Sion

1778 3446 1949 3519 (Psal.
1980 3446 2163 3517 LXXV),
2188 3466 2206 3497 ›
2239 3454 2293 3501 et
2316 3446 2643 3501 habitabitur
2662 3447 2714 3501 in
2736 3447 2973 3504 Ecclesia
2994 3449 3087 3504 Dei
3117 3449 3170 3504 in
3192 3457 3350 3504 teter-

1776 3555 1924 3593 num.
1954 3557 1972 3589 ι
2001 3540 2329 3609 Venientque
2348 3541 2413 3594 de
2433 3540 2740 3596 civitatibus
2766 3540 2901 3596 Juda
2933 3550 2989 3597 et
3026 3543 3091 3599 de
3119 3544 3349 3600 circuitu

1777 3627 2130 3691 Hierusalem,
2158 3648 2176 3680 ι
2217 3629 2282 3682 de
2306 3628 2499 3698 quibus
2515 3628 2625 3697 jam
2652 3615 2883 3687 uisimus
2914 3649 2928 3685 :
2964 3650 2983 3684 ι
3010 3632 3078 3687 Et
3110 3635 3175 3688 de
3204 3643 3347 3690 terra

1779 3719 2074 3788 Benjamin,
2100 3718 2189 3788 qui
2220 3718 2359 3773 filius
2378 3729 2461 3774 est
2484 3721 2699 3776 virtutis
2722 3730 2777 3775 et
2797 3723 3047 3779 dexterae.
3078 3743 3097 3776 ι
3140 3744 3157 3775 ι
3186 3725 3252 3782 Ει
3283 3727 3351 3782 de

1778 3810 2190 3880 campestribus,
2221 3829 2239 3862 ι
2271 3811 2412 3879 quod
2459 3810 2720 3866 Hebraicc
2760 3812 2956 3867 dicitur
2997 3798 3160 3874 nbm
3202 3816 3349 3869 selte-

1777 3900 1949 3970 phela,
2000 3909 2055 3955 et
2105 3901 2321 3969 planam
2349 3901 2588 3955 historiae
2622 3902 2885 3972 significat
2916 3903 3343 3972 intelligentiam.

1783 4012 1801 4044 ι
1829 3992 1896 4047 Ει
1938 3993 2004 4047 de
2044 3992 2360 4057 montuosis,
2383 4010 2403 4042 ι
2442 3992 2671 4047 excelsis
2705 3993 2954 4049 videlicet
2991 3995 3344 4066 dogmatibus.

1785 4106 1803 4138 ι
1828 4086 1894 4140 Et
1937 4086 2003 4140 ab
2045 4095 2248 4151 austro,
2280 4106 2298 4138 ι
2349 4086 2415 4140 de
2448 4100 2554 4155 quo
2597 4085 2854 4155 scriptum
2892 4096 3013 4141 est:
3053 4106 3071 4137 ι
3100 4089 3240 4144 Deus
3282 4089 3351 4145 ab

1780 4182 1965 4231 austro
1984 4176 2162 4231 veniet
2182 4174 2409 4246 (Habac.
2440 4175 2541 4243 ιιι).
2565 4194 2583 4226 ι
2622 4174 2771 4230 Unde
2798 4175 2945 4229 calor
2968 4185 3023 4230 et
3053 4178 3205 4247 plena
3235 4178 3347 4246 lux,

1781 4275 1836 4323 et
1859 4267 1951 4323 ubi
1982 4281 2138 4321 omne
2177 4266 2345 4335 frigus
2374 4266 2676 4334 expellitur.
2731 4284 2750 4317 ι
2774 4265 3077 4333 Portantes,
3117 4270 3211 4334 ait,
3251 4271 3349 4326 ho-

1780 4356 2019 4411 locausta
2047 4374 2065 4407 ι
2112 4356 2317 4425 seipsos
2352 4364 2729 4411 consecrantes
2760 4357 2899 4422 Deo;
2934 4377 2951 4408 ι
2980 4368 3034 4413 et
3077 4360 3351 4417 victimam

1784 4447 1907 4516 (sive
1956 4447 2284 4517 thymiama)
2334 4455 2393 4501 ut
2440 4447 2664 4502 dicant:
2698 4466 2716 4499 ι
2750 4446 3085 4503 Sacrificium
3126 4449 3353 4507 Domino

1781 4538 1999 4609 spiritus
2028 4537 2412 4594 contribulatus
2440 4538 2609 4610 (Psal.
2638 4540 2725 4605 1.);
2750 4558 2773 4590 ι
2797 4548 2851 4593 et
2876 4559 2889 4593 :
2919 4559 2936 4590 ι
2958 4538 3151 4595 Christi
3180 4542 3352 4599 bonus

1782 4631 1915 4685 odor
1934 4647 2116 4685 sumus
2136 4632 2189 4685 in
2218 4633 2362 4686 omni
2388 4632 2505 4686 loco
2530 4630 2581 4703 (Ι
2618 4630 2740 4693 Cor.
2766 4634 2859 4704 u)‘;
2883 4654 2901 4686 ι
2941 4643 2995 4689 et
3029 4633 3153 4688 alibi
3178 4652 3189 4686 :
3219 4654 3235 4685 ι
3259 4635 3350 4689 Di—

1784 4720 1989 4788 rigatur
2014 4720 2185 4773 oratio
2215 4735 2333 4775 mea
2370 4720 2507 4774 sicut
2543 4720 2815 4775 incensum
2847 4722 2902 4774 in
2930 4729 3216 4789 conspectu
3261 4730 3351 4776 tuo

1786 4808 1956 4883 (Psal.
2006 4808 2148 4878 CXL).
2182 4829 2200 4861 ι
2262 4828 2279 4859 ι
2307 4809 2374 4863 Et
2409 4809 2755 4873 sacrificium,
2782 4829 2800 4861 ι
2852 4824 2950 4880 pro
2987 4824 3094 4878 quo
3126 4810 3353 4879 Septua-

1786 4900 1933 4969 ginta
1963 4898 2135 4968 ipsum
2160 4899 2380 4952 verbum
2416 4912 2645 4967 posuere
2674 4896 2995 4953 Hebraicum
3040 4909 3215 4962 nmo,
3243 4915 3355 4951 ma-

1784 5008 1903 5051 naa,
1946 4988 2085 5056 quod
2123 4988 2355 5056 pessima
2410 4988 2811 5051 consuetudine,
2870 4988 2978 5041 imo
3032 4989 3352 5057 scriptorum

1784 5079 2099 5149 negligentia
2128 5119 2141 5142 ,
2184 5095 2377 5131 manna
2423 5079 2476 5132 in
2523 5079 2720 5132 nostris
2776 5077 2926 5131 libris
2969 5078 3181 5147 legitur.
3241 5097 3258 5127 ι
3287 5078 3354 5132 Ει

1785 5172 1929 5234 thus,
1959 5190 1977 5222 ι
2025 5174 2090 5224 de
2137 5186 2243 5240 quo
2285 5170 2485 5231 dictum
2524 5178 2607 5222 est
2633 5183 2646 5221 :
2675 5168 2785 5223 «Ut
2815 5168 2942 5238 quid
2982 5170 3110 5223 mihi
3151 5168 3355 5224 offertis

1785 5262 1907 5317 thus
1930 5261 1994 5315 de
2016 5259 2218 5313 Saba?»
2241 5258 2454 5328 (Supra.
2471 5256 2568 5327 vi.)
2590 5276 2607 5308 ι
2630 5256 2696 5312 Ει
2716 5258 2948 5313 inferent
2964 5258 3308 5323 oblationem,
3330 5277 3349 5309 ι

1789 5365 1907 5418 qua:
1946 5349 2201 5405 Hebraicv
2266 5349 2461 5412 licitur,
2496 5357 2653 5413 .‘mn,
2693 5348 2870 5411 thoda,
2903 5356 2957 5402 et
2988 5348 3038 5401 in
3066 5349 3355 5416 gratiarum

1789 5441 2042 5494 actionem
2084 5440 2219 5493 verti
2260 5447 2454 5508 potest,
2488 5446 2543 5493 et
2577 5453 2737 5507 quam
2767 5437 2975 5491 laudem
3006 5437 3354 5508 Septuaginta

1790 5532 2193 5587 transtulerunt.
2249 5551 2266 5582 ι
2295 5532 2353 5585 ln
2404 5532 2620 5587 domum
2662 5530 2892 5595 David,»
2945 5531 3086 5584 haud
3138 5531 3356 5584 dubium

1780 5625 1915 5691 ‘quin
1938 5624 1991 5675 in
2018 5621 2319 5677 Ecclesiam.
2365 5620 2488 5676 Haec
2516 5630 2642 5676 sunt
2664 5622 2880 5691 praemia
2908 5634 3091 5674 eorum
3123 5620 3212 5688 qui
3240 5635 3360 5674 san-

1788 5713 2024 5768 ctiﬁcant
2053 5712 2285 5767 sabbatu.
2390 5720 2445 5765 et
2485 5712 2629 5769 nullo
2657 5725 2891 5781 Pondere
2928 5718 3353 5781 praegravantur.
