3926 6348
500 362 605 421 955

1134 358 1195 412 B.
1238 354 1488 412 uanam
1527 352 1746 435 MADRI
1781 350 2078 408 meum

2181 322 2451 407 losum.
2493 345 2778 403 orsnuu
2814 346 2993 404 rans
3027 348 3123 404 1n.

3647 352 3751 409 956

500 476 558 532 Si
600 483 799 541 autem,
840 474 1031 543 inquit,
1070 486 1175 527 non
1219 470 1495 525 audieritis
1532 477 1799 539 praecepta
1840 482 1980 533 mea,
2020 475 2076 521 et
2099 480 2363 540 Aerrore
2414 479 2512 519 suo
2570 464 2879 534 parabolam
2932 467 3206 536 ﬁguraret.
3262 466 3609 537 Rursumque
3662 470 3754 525 ille

497 579 605 618 non
647 562 900 626 feceritis,
934 577 1054 631 qua:
1100 560 1361 627 facienda
1390 559 1659 623 mandavi,
1711 557 2072 617 «succendam

500 657 677 727 ignem
717 655 771 713 in
811 654 981 722 portis
1019 652 1156 723 ejus,
1190 652 1243 705 id
1276 659 1359 706 est
1399 649 1755 715 Hierusalem,
1801 648 1973 712 illum,
1993 648 2075 702 ~de

497 759 613 813 quo.
653 743 881 798 dicitur:
918 760 936 792 ‹
959 738 1158 796 Omnes
1193 740 1577 802 adulterantes,
1628 739 1781 809 quasi
1830 737 2073 795 clibanus

497 836 659 891 corda
694 850 880 889 eorum
920 833 1071 904 (.038.
1094 832 1193 901 vn)
1222 850 1234 884 :
1265 833 1356 901 qui
1390 835 1613 887 devorat
1643 833 1830 886 domos
1859 830 1970 885 sive
1996 830 2073 882 vi-

497 940 590 979 cos
634 924 988 988 Hierusalem,
1019 937 1153 990 quos
1189 921 1558 992 Septuaginta,
1603 918 1831 998 ἆμφοδα;
1880 919 2073 989 Aquila

497 1024 551 1070 et
581 1014 954 1085 Symmachus,
987 1015 1182 1088 βάρεις,
1212 1015 1265 1068 id
1290 1022 1395 1077 est,
1426 1014 1645 1067 turritas
1673 1013 1875 1078 domos,
1914 1012 2073 1075 inter-

498 1108 858 1177 pretatisunt,
884 1106 1321 1177 appellanturque
1348 1105 1635 1170 Hebt’aice,
1669 1114 1912 1165 humu.
1961 1120 2071 1158 are-

498 1198 724 1252 menoth.
774 1198 841 1252 Et
883 1213 1153 1267 nunquam
1201 1197 1305 1252 hoc
1342 1197 1716 1268 exstinguetur
1742 1195 2067 1261 incendium,

498 1290 706 1345 dicente
744 1292 1001 1361 Apostolo
1027 1290 1079 1360 (Ι
1110 1289 1230 1345 Cor.
1260 1289 1342 1364 ιιι)
1374 1311 1386 1345 :
1425 1309 1443 1342 ‹
1477 1289 1905 1359 Uniuscujusque
1937 1305 2071 1359 opus

448 1376 453 1379 ⁴
497 1368 655 1455 quale
696 1388 768 1442 sit
818 1389 963 1459 ignis
1004 1388 1282 1459 probabit;
1313 1408 1332 1440 ι
1387 1396 1443 1444 et
1488 1390 1731 1444 iterums.
1763 1409 1781 1440 ι
1812 1388 1868 1443 Si
1916 1388 2071 1458 cujus

497 1491 629 1544 opus
660 1479 853 1532 arserit
873 1478 1252 1535 detrimentum
1292 1479 1525 1549 patietur
1552 1496 1565 1532 :
1594 1480 1707 1548 ipse
1749 1488 1929 1534 autem
1965 1480 2069 1534 sal-

497 1577 593 1620 vus
615 1566 747 1630 erit,
778 1567 854 1620 sic
882 1574 1064 1620 tamen.
1093 1566 1247 1635 quasi
1296 1582 1394 1637 per
1442 1567 1640 1636 ignem.
1674 1586 1693 1617 ι
1747 1565 1842 1620 Sin
1891 1576 2069 1621 autem

495 1658 665 1711 nostri
694 1657 1055 1731 judaizautes,
1080 1658 1513 1728 explanationem
1535 1657 1796 1727 tropicam
1826 1659 2069 1728 repudia‘

495 1747 623 1811 rint,
671 1754 765 1801 aut
803 1745 976 1801 Judaei
1010 1761 1129 1809 esse
1153 1757 1429 1817 cogentur,
1460 1756 1518 1802 et
1541 1763 1663 1803 cum
1692 1749 2070 1804 observatione

2174 555 2386 626 ﬁgulus,
2413 555 2506 624 qui
2537 570 2633 609 vas
2657 569 2687 609 e
2710 554 2823 610 luto
2845 562 2962 611 rota
2994 564 3245 610 currente
3267 558 3599 627 perdiderat,
3623 556 3755 614 fecit

2173 649 2317 704 aliud
2351 647 2486 713 sibi,
2516 657 2577 702 ut
2603 649 2653 702 ei
2687 648 2861 703 visum
2903 658 3006 703 est.
3053 647 3356 718 Statimque
3389 650 3649 706 Dominus
3685 653 3755 707 ad

2172 742 2529 811 prophetam:
2564 740 2622 795 Si
2657 739 2868 811 ﬁgulus,
2909 741 3011 802 ait,
3035 741 3173 796 hanc
3211 742 3374 797 habet
3402 752 3751 810 potestatem,

2173 841 2235 887 ut
2254 846 2321 886 ex
2346 832 2535 886 eodem
2565 830 2676 885 luto
2705 812 2919 885 rursum
2948 830 3142 895 faciat,
3166 812 3307 901 quod
3334 830 3500 887 fuerit
3526 835 3754 904 dissipa-

2173 929 2307 985 tum,
2332 935 2431 991 ego
2454 922 2507 975 in
2528 920 2699 987 vobis,
2734 922 2825 990 qui
2853 930 3109 990 quantum
3144 922 3198 976 in
3226 922 3376 977 vobis
3407 932 3494 977 est
3526 926 3753 994 periisse

2170 1011 2448 1076 videmini,
2499 1012 2601 1067 hoc
2642 1011 2821 1067 facere
2865 1027 2972 1065 non
3016 1013 3244 1082 potero?
3294 1013 3362 1066 Et
3414 1023 3479 1068 ut
3508 1014 3752 1070 liberum

2171 1100 2501 1172 signiﬁcaret
2541 1103 2844 1167 arbitrium,
2888 1102 3018 1157 dicit
3059 1118 3117 1157 se
3160 1114 3217 1158 et
3249 1104 3390 1159 mala
3430 1107 3755 1161 annuutiare

2170 1197 2337 1266 genti,
2366 1204 2420 1251 et
2452 1211 2617 1268 regno
2657 1196 2753 1260 illi,
2782 1196 2867 1251 vel
2893 1196 2991 1262 illi,
3018 1205 3072 1250 et
3106 1213 3323 1253 rursum
3346 1201 3512 1265 bona,
3543 1217 3645 1255 nec
3674 1210 3757 1255 ta-

2170 1304 2292 1343 men
2312 1282 2415 1345 hoc
2439 1291 2654 1345 evenire
2674 1289 2823 1358 quod
2836 1290 2948 1358 ipse
2968 1292 3296 1360 praedixerit,
3310 1296 3403 1347 sed
3426 1310 3457 1347 e
3482 1296 3755 1348 contrario

2169 1379 2306 1443 ﬁeri,
2335 1389 2393 1434 ut
2422 1390 2478 1435 et
2496 1381 2638 1435 bona
2666 1380 2822 1436 malis
2847 1382 3120 1447 eveniant,
3160 1383 3203 1438 si
3241 1384 3449 1454 egerint
3487 1386 3754 1453 paeniten—

2169 1473 2300 1528 tiam
2330 1491 2344 1527 :
2369 1482 2423 1527 et
2448 1474 2606 1529 bonis
2631 1474 2795 1539 mala,
2828 1474 2874 1528 si
2911 1481 3033 1544 post
3072 1477 3522 1543 repromissioaes
3553 1477 3757 1531 fuerint

2170 1568 2236 1623 ad
2262 1574 2481 1635 peccata
2512 1565 2777 1621 conversi.
2808 1565 2875 1619 Et
2900 1565 3001 1620 hoc
3028 1566 3276 1631 dicimus,
3304 1582 3407 1621 non
3431 1569 3576 1637 quod
3608 1569 3756 1638 igno-

2171 1668 2253 1713 ret
2297 1658 2440 1713 Deus
2485 1658 2605 1720 boc,
2660 1657 2741 1711 vel
2795 1656 2947 1722 illud,
2992 1666 3205 1726 gentem
3242 1668 3334 1711 aut
3374 1674 3599 1728 regnum
3634 1674 3755 1712 esse

2169 1748 2460 1811 factum.
2483 1750 2577 1804 sed
2599 1750 2739 1820 quod
2768 1749 3002 1803 dimittat
3026 1750 3295 1804 hominem
3324 1750 3593 1805 voluntati
3620 1768 3750 1816 suae,

493 1839 700 1895 sabbati
726 1838 1108 1894 circumcidere
1136 1840 1396 1907 prmputia
1420 1856 1434 1891 :
1463 1847 1555 1893 aut
1590 1850 1736 1894 certe
1779 1841 2070 1910 reprehen-
2095 1844 2145 1903 Β
2170 1850 2230 1897 ιιι
2251 1842 2334 1897 vel
2354 1843 2598 1912 praemia,
2627 1841 2714 1895 vel
2744 1855 2937 1910 penus
2963 1856 3061 1895 sua
3083 1841 3381 1905 voluntate,
3416 1851 3473 1894 et
3502 1856 3604 1895 suo
3642 1857 3755 1897 me-

491 1931 621 1986 dere
658 1930 989 1987 Salvatorem
1020 1971 1034 1995 ,
1085 1931 1178 1999 qui
1217 1928 1379 1998 jussit
1424 1930 1481 1985 in
1516 1929 1740 1985 sabbato
1775 1930 2079 2001 paralytico’

490 2030 551 2076 ut
580 2032 821 2093 portaret
844 2025 1039 2080 lectum
1062 2040 1238 2089 suum,
1261 2025 1593 2095 evangelista
1617 2026 1825 2081 dicente
1850 2044 1862 2079 :
1900 2044 1919 2077 ι
1940 2026 2070 2081 Pro-

488 2120 677 2184 pterea
703 2116 879 2185 magis
909 2116 1225 2185 quaerebant
1252 2132 1376 2171 eum
1407 2117 1710 2171 interﬁcere
1741 2115 1932 2182 Judaei,
1960 2132 2068 2171 non

491 2204 662 2259 solum
700 2208 831 2276 quia
857 2208 1100 2263 solvebat
1133 2208 1449 2274 sabbatum,
1477 2209 1569 2264 sed
1599 2217 1653 2263 et
1680 2209 1897 2278 patrem‘
1912 2224 2066 2264 suum

492 2293 707 2352 dicebat
727 2297 917 2366 Deum,
942 2299 1204 2369 aequalem
1227 2314 1284 2355 se
1313 2299 1520 2356 faciens
1541 2299 1859 2371 Deoann.
1891 2300 1967 2371 v).
2008 2321 2029 2353 ι

1054 2455 1281 2513 CAPUT
1335 2455 1515 2512 XVIII.

503 2564 640 2625 Vasa
664 2566 819 2638 ﬁguli
833 2571 1457 2642 propheuerostendyntur
1480 2586 1497 2624 :
1519 2572 1583 2625 de
1607 2572 1848 2642 passione
1861 2568 2069 2626 Christi

694 2656 696 2658 '
835 2639 838 2640 ⁷
928 2639 934 2641 ⁷
955 2649 1006 2694 et
1051 2641 1244 2695 ultione
1262 2639 1605 2719 plurimorum.

566 2776 586 2808 ι
612 2756 847 2811 Verbum
898 2758 1049 2826 quod
1091 2755 1289 2812 factum
1346 2765 1428 2812 est
1469 2757 1534 2811 ad
1576 2755 1867 2812 Jeremiam
1896 2772 1925 2810 a
1966 2756 2071 2812 Do-

496 2866 515 2899 ι
544 2846 709 2912 mino,
741 2847 926 2902 dicens
952 2860 968 2899 :
1002 2848 1172 2918 Surge
1202 2858 1257 2902 et
1291 2848 1553 2903 descende
1576 2848 1633 2902 in
1658 2849 1880 2903 domum
1900 2848 2066 2920 ﬁguli,

499 2958 517 2990 ι
544 2948 600 2993 et
629 2940 703 2996 ibi
734 2939 924 2994 audies
950 2940 1114 3019 verba
1162 2955 1279 2996 mea
1319 2958 1341 2993 ετ
1369 2948 1426 2995 et
1466 2940 1715 2996 doscendi
1754 2940 1812 2994 in
1852 2940 2073 2995 domum

498 3039 714 3111 «ﬁguli,
742 3048 796 3095 et
826 3054 955 3094 ecce
984 3039 1096 3108 ipse
1120 3038 1351 3093 faciebat
1374 3054 1509 3109 opus
1534 3051 1703 3108 super
1729 3046 1924 3101 rotam,
1961 3038 2079 3091 sive

2170 1933 2273 1986 rito
2310 1932 2551 2001 recipiat,
2591 1946 2694 1986 nec
2726 1931 2907 1986 statim
2955 1940 3127 1985 totum
3171 1932 3276 1984 erit
3328 1932 3561 1985 hominis
3608 1932 3756 2000 quod

2168 2024 2397 2084 eveniet.
2448 2022 2541 2078 sed
2592 2023 2712 2093 ejus
2755 2022 2977 2093 gratim,
3006 2022 3098 2091 qui
3139 2030 3335 2076 cuncta
3377 2021 3605 2092 largitus
3647 2030 3750 2077 est.

2167 2114 2244 2168 Ita
2273 2113 2419 2168 enim
2440 2112 2661 2179 libertas
2685 2102 2893 2167 arbitrii
2925 2113 3253 2167 reservanda
3289 2122 3395 2177 est,
3436 2121 3496 2166 ut
3535 2112 3593 2165 in
3633 2126 3753 2168 on-

2168 2205 2329 2259 nibus
2352 2202 2578 2261 excellat
2611 2203 2783 2272 gratia
2812 2201 3106 2272 largitoris,
3127 2201 3287 2269 juxta.
3310 2202 3441 2256 illud
3470 2202 3753 2272 propheti-

2168 2311 2311 2351 cum.
2367 2314 2387 2346 ‹
2416 2294 2527 2350 Nisi
2550 2295 2809 2349 Dominus
2835 2292 3184 2348 aediﬁcaverit
3202 2294 3438 2359 domum,
3467 2296 3521 2348 in
3546 2308 3755 2348 vanum

2166 2386 2565 2450 laboraverunt,
2580 2376 2672 2455 qui
2691 2384 2959 2440 mdiﬁcant
2982 2399 3131 2450 eam;
3154 2385 3257 2439 nisi
3284 2385 3538 2439 Dominus
3566 2394 3758 2440 custo-

2168 2479 2331 2534 dierit
2355 2479 2652 2543 civitatem,
2676 2478 2729 2532 in
2758 2493 2957 2532 vanum
2984 2477 3227 2548 vigilabit
3253 2478 3343 2546 qui
3376 2478 3607 2533 custodit
3630 2494 3755 2533 eam

2171 2568 2348 2640 (Paul.
2412 2568 2619 2639 cxxvr).
2674 2567 2797 2622 Non
2848 2569 2993 2622 enim
3038 2568 3269 2622 volentis
3318 2582 3486 2636 neque
3527 2584 3759 2623 curren-

2168 2658 2259 2723 tis,
2287 2657 2382 2713 sed
2408 2644 2712 2712 miserentis
2739 2664 2819 2711 est
2845 2656 2942 2710 Dei
2985 2656 3164 2727 (Rom.
3204 2656 3304 2729 ix).
3328 2676 3346 2709 ι
3392 2657 3555 2712 Porro
3607 2659 3759 2726 quod

2168 2750 2363 2821 ﬁgulus
2391 2751 2514 2815 iste,
2552 2751 2655 2805 hoc
2686 2757 2791 2814 est,
2820 2760 3036 2805 creator
3056 2758 3258 2815 noster,
3288 2757 3345 2804 et
3370 2746 3537 2803 factor
3565 2748 3759 2818 appel—

2168 2839 2311 2893 latur
2341 2839 2503 2904 Deus,
2535 2855 2642 2893 non
2674 2839 2845 2893 solum
2878 2837 3159 2902 Jeremias,
3189 2840 3289 2893 sed
3309 2840 3469 2892 etiam
3492 2838 3672 2893 Isaias
3702 2849 3760 2895 et

2171 2930 2368 2985 Paulus
2396 2929 2669 3000 apostolus
2700 2937 2999 2994 testantur;
3043 2944 3168 2983 nam
3218 2930 3273 2983 in
3312 2929 3451 2983 ἱερὴ
3484 2929 3756 2998 seriptum

2172 3028 2255 3073 est
2284 3036 2296 3072 :
2334 3037 2354 3070 ι
2379 3018 2477 3073 Va:
2499 3019 2595 3088 qui
2612 3018 2933 3073 contradicit
2954 3018 3129 3073 lictori
3159 3032 3280 3081 suo,
3313 3026 3453 3072 testa
3472 3017 3537 3070 de
3558 3017 3761 3072 saiis

498 3148 517 3181 ι
545 3104 769 3197 lapides,
793 3136 847 3183 et
872 3104 1196 3197 dissipatum
1226 3122 1316 3183 est
1332 3104 1427 3183 vas
1449 3104 1740 3196 quod-ipse
1774 3126 2006 3180 faciebat
2042 3140 2075 3181 e

2181 3117 2352 3163 terrm.
2407 3106 2656 3176 Nunquid
2679 3108 2819 3190 dicit
2846 3107 3018 3161 lutum
3058 3106 3219 3176 ﬁgulo
3256 3120 3396 3187 suo:
3430 3104 3568 3170 Quid
3586 3104 3761 3172 iacis,

498 3238 516 3271 ι
543 3194 657 3273 luto
694 3218 941 3273 manibus
975 3194 1108 3273 suis.
1160 3194 1571 3287 Conversusque
1606 3194 1729 3295 (sive
1754 3224 1810 3272 et
1837 3216 2073 3285 rursum)
2102 3194 2145 3254 (ἶ
2176 3212 2231 3259 οι
2250 3218 2386 3273 opus
2415 3201 2802 3295 “10013151198
2842 3201 3096 3295 manilius:
3120 3208 3203 3254 est
3219 3200 3247 3251 ἲ·
3269 3218 3288 3250 ι
3342 3196 3662 3295 (βαι-ην.)

502 3329 520 3361 ι
548 3310 676 3365 fecit
701 3311 829 3364 Illud
866 3326 964 3365 vas
1009 3311 1263 3376 alterum,
1310 3311 1449 3365 sicut
1490 3310 1770 3381 placuerat
1800 3309 1865 3363 in
1906 3308 2075 3362 oculis

500 3418 520 3452 α
548 3399 680 3467 ejus,
721 3408 779 3454 ut
817 3399 1039 3455 faceret.
1090 3400 1159 3454 Et
1185 3400 1385 3455 factum
1410 3406 1493 3455 est
1515 3402 1736 3454 verbum
1771 3400 1979 3453 Domini
2009 3398 2074 3452 ad

503 3507 524 3540 α
550 3504 635 3543 me
658 3490 843 3560 dicens
870 3508 882 3542 :
916 3489 1165 3559 Nunquid
1201 3490 1343 3543 sicut
1376 3488 1566 3561 ﬁgulus
1594 3491 1694 3544 iste
1725 3506 1833 3545 non
1860 3505 2077 3560 possunt

505 3576 729 3632 cfacere
778 3577 956 3643 vobis,
1008 3579 1196 3632 domus
1239 3577 1431 3643 Israel,
1481 3578 1555 3632 ait
1601 3579 1901 3634 Dominus?
1941 3579 2079 3633 Ecce

507 3688 533 3719 «ι
556 3670 693 3725 sicut
721 3670 897 3724 lutum
920 3671 973 3724 in
1004 3687 1164 3724 manu
1196 3670 1360 3740 figuli,
1403 3671 1483 3726 sic
1520 3686 1615 3726 vos
1652 3672 1704 3725 in
1746 3687 1909 3724 manu
1937 3685 2075 3735 mea,

508 3781 528 3814 ς
558 3763 747 3816 domus
790 3761 976 3817 Israel.
1020 3763 1259 3832 Repente
1294 3763 1422 3833 (sive
1460 3764 1533 3817 ad
1563 3764 1850 3834 summam)
1890 3763 2081 3832 loquar

508 3872 528 3905 ‹
558 3853 844 3908 adversum
872 3862 1105 3925 gentem,
1134 3865 1187 3908 et
1214 3855 1497 3910 adversum
1524 3871 1770 3925 regnum,
1810 3864 1870 3909 ut
1901 3855 2078 3910 eradi-

508 3965 527 3997 ι
555 3960 670 4000 cem
693 3946 818 4014 (sive
844 3946 1128 4018 auferam),
1150 3955 1203 4002 et
1226 3948 1501 4001 destruam
1520 3955 1575 4003 et
1595 3946 1901 4016 disperdam
1929 3948 2077 4003 illud.

510 4054 530 4087 ι
560 4035 615 4089 Si
644 4037 1013 4104 pmnitenliam
1039 4038 1207 4106 egerit
1236 4052 1372 4105 gens
1396 4035 1485 4089 nu
1527 4052 1557 4089 a
1601 4036 1742 4090 malo
1785 4052 1900 4101 suo,
1938 4036 2087 4105 quod

513 4142 534 4176 ι
560 4126 771 4180 locutus
796 4141 911 4180 sum
949 4124 1239 4178 adversum
1255 4139 1400 4188 eam,
1425 4141 1586 4196 agam
1608 4133 1661 4179 et
1690 4140 1791 4194 ego
1814 4126 2081 4195 paeniten-

514 4230 537 4261 ι
563 4211 691 4264 tiam
738 4224 901 4279 super
937 4208 1073 4262 malo
1111 4210 1253 4278 quod
1295 4210 1530 4278 cogitavi
1566 4220 1623 4263 ut
1652 4208 1885 4263 iacerem
1908 4210 1977 4264 ei.
2018 4208 2086 4263 Et

514 4320 535 4351 ι
561 4303 736 4356 subito
758 4301 883 4371 (sive
910 4300 985 4354 ad-
1013 4301 1296 4370 summam)
1333 4301 1522 4371 loquar
1549 4302 1792 4371 degente
1814 4310 1869 4355 et
1888 4317 2081 4371 regno,

517 4409 536 4441 ι
562 4400 620 4444 ut
656 4390 916 4444 aediﬁcem
947 4399 1002 4443 et
1040 4398 1100 4442 ut
1139 4391 1373 4458 pluntem
1403 4392 1549 4445 illud.
1612 4391 1667 4445 Si
1704 4390 1864 4446 fuerit
1889 4392 2089 4445 malum

517 4501 538 4533 ι
567 4483 620 4534 in
660 4481 834 4536 oculis
867 4483 1019 4546 meis,
1047 4490 1106 4534 ut
1132 4498 1236 4535 non
1263 4483 1443 4535 audiat
1479 4498 1662 4537 vocem
1696 4499 1887 4545 meam,
1921 4484 2089 4551 paeni-

522 4589 540 4621 ι
571 4571 789 4623 tentiam
815 4586 966 4640 agam
993 4585 1156 4639 super
1184 4571 1322 4624 bono
1344 4570 1485 4638 quod
1515 4570 1723 4625 locutus
1750 4587 1866 4625 sum
1907 4581 1967 4625 ut
2002 4570 2085 4625 fa-

521 4678 538 4709 ι
570 4674 746 4713 cerem
774 4660 842 4712 ei.
874 4678 891 4709 ι
944 4659 1046 4712 Per
1072 4674 1261 4713 omnes
1280 4660 1494 4727 quidem
1523 4675 1713 4714 sensus
1742 4662 1807 4714 ad
1828 4659 2088 4727 judicium
2122 4704 2161 4715 -

518 4760 572 4808 et
604 4751 1008 4819 intelligentiam
1040 4751 1204 4804 animi
1239 4752 1572 4821 pervenitur,
1602 4752 1864 4815 auditum,
1896 4754 2090 4805 odora-

521 4853 652 4906 tum,
698 4850 933 4911 gustum,
982 4851 1221 4903 tactum:
1256 4840 1347 4895 sed
1384 4841 1559 4910 magis
1595 4850 1773 4895 mente
1808 4842 2089 4905 retinetur,

521 4933 664 5002 quod
690 4933 858 4986 oculis
886 4934 1144 4986 cernitur.
1196 4930 1347 4987 Unde
1370 4931 1591 5002 jubetur
1624 4933 1885 5002 propheta
1919 4932 1995 4986 ire
2026 4933 2091 4988 ad

526 5023 743 5077 domum
774 5020 939 5091 ﬁguli,
965 5031 1018 5075 et
1046 5021 1116 5074 ibi
1150 5019 1359 5074 Domini
1393 5023 1577 5078 audire
1602 5031 1888 5092 pmccpta.
1944 5022 2097 5077 Cum-

525 5129 629 5184 que
673 5114 769 5177 ait,
817 5112 1196 5182 pe‘rrexissem,
1244 5120 1298 5165 et
1343 5110 1740 5167 descendissem
1782 5114 1839 5166 in
1880 5115 2096 5168 domum

530 5205 697 5275 ﬁguli,
727 5203 958 5257 faciebat
983 5202 1095 5271 ipse
1123 5216 1257 5279 opus
1288 5215 1447 5269 super
1469 5209 1665 5264 rotam,
1690 5217 1849 5270 quam
1874 5202 2099 5272 Septua-

530 5295 673 5364 ginta
712 5292 863 5347 verbi
900 5290 1249 5358 ambiguitate
1290 5290 1528 5353 seducti,
1575 5289 1776 5358 lapides
1808 5292 2098 5345 tmanstule~

533 5396 662 5442 runt
720 5405 732 5439 :
792 5394 851 5445 ot
880 5397 967 5443 me
1002 5383 1146 5437 enim
1195 5396 1293 5450 pro
1338 5381 1595 5451 qualitate
1639 5381 1774 5445 loci,
1828 5392 1884 5435 et
1930 5383 2101 5436 diver-

482 5486 485 5489 '
532 5477 695 5534 sitate
735 5475 1216 5543 pronuntiationis,
1250 5482 1312 5530 aet
1350 5488 1631 5553 organum,
1664 5472 1717 5526 id
1750 5480 1855 5535 est,
1888 5461 2002 5526 ruta
2045 5472 2099 5525 li-

535 5568 644 5641 guli
678 5575 925 5629 vocatur,
963 5574 1017 5619 et
1042 5565 1261 5633 lapides.
1292 5563 1550 5632 Cumque,
1585 5563 1781 5632 inquit,
1827 5574 2102 5616 cernerem

2174 3295 2461 3365 Apostolus
2489 3298 2543 3347 in
2556 3292 2808 3361 .Epistola
2838 3307 2932 3347 sua
2969 3292 3035 3345 ad
3065 3291 3346 3345 Romanos
3363 3290 3597 3359 loquitur
3615 3330 3634 3352 ,
3678 3288 3763 3343 di-

2177 3400 2350 3440 cens:
2388 3402 2405 3433 (
2434 3382 2685 3451 Nunquid
2708 3381 2839 3436 dicit
2866 3380 3175 3451 ﬁgmentum
3217 3380 3288 3444 ei,
3317 3379 3409 3448 qui
3449 3392 3505 3432 se
3549 3378 3757 3432 liquit:

2177 3476 2316 3542 Quid
2337 3464 2423 3529 me
2441 3474 2615 3530 fecisti
2635 3474 2710 3528 sic
2732 3473 2755 3526 ?
2772 3493 2791 3524 ι
2838 3471 2923 3527 An
2935 3487 3040 3527 non
3054 3481 3373 3541 potestatein
3387 3472 3547 3529 habet
3557 3471 3763 3541 figulus

2178 3566 2280 3620 lui
2300 3582 2367 3620 ex
2390 3566 2577 3621 eadem
2602 3552 2778 3619 massa
2811 3564 2988 3620 facere
3023 3565 3244 3634 quidem
3269 3565 3419 3618 aliud
3442 3579 3535 3618 vas
3563 3564 3623 3618 in
3655 3565 3762 3621 ho-

2177 3672 2388 3722 norem,
2417 3656 2564 3709 aliud
2583 3670 2710 3710 vero
2741 3657 2793 3710 in
2818 3654 3234 3709 contumeliam?

2254 3772 2277 3803 ο
2300 3753 2453 3806 Nune
2495 3765 2625 3821 ergo
2666 3750 2751 3804 dic
2784 3750 2902 3803 viro
2936 3748 3089 3811 Juda,
3116 3758 3171 3803 et
3194 3748 3485 3804 habitatori
3502 3747 3763 3806 Hierusa-

2185 3843 2360 3908 clem,
2397 3842 2582 3897 dicens
2611 3856 2624 3894 :
2654 3836 2780 3896 Hagc
2815 3839 2941 3910 (sive
2978 3839 3082 3910 sic)
3119 3841 3251 3895 dicit
3288 3841 3541 3895 Dominus
3571 3860 3584 3894 :
3618 3842 3767 3898 Ecce

2187 3949 2333 4005 rego
2361 3934 2503 4004 ﬁngo
2528 3942 2713 3987 contra
2743 3947 2840 3987 vos
2873 3932 3072 3987 malum
3117 3940 3172 3985 et
3204 3931 3387 4002 cogito
3427 3941 3613 3986 contra
3659 3948 3763 3988 vos

2187 4022 2629 4092 ccogitationem.
2694 4020 3015 4075 Revertatur
3054 4020 3420 4088 unusquisque
3456 4035 3485 4072 a
3534 4020 3617 4073 via
3662 4036 3763 4076 sua

2180 4112 2343 4177 mala,
2372 4119 2427 4166 et
2456 4111 2667 4181 dirigite
2691 4110 2813 4165 vias
2832 4118 3056 4173 vestras,
3096 4117 3151 4163 et
3185 4110 3362 4163 studia
3396 4119 3591 4163 vestra.
3656 4110 3760 4177 Qui

2184 4203 2431 4258 dixerunt
2462 4215 2481 4255 ς
2513 4201 2921 4270 Desperavimus
2950 4199 3074 4270 (sive
3119 4198 3582 4271 confortabimur),
3634 4210 3760 4270 post

2190 4312 2212 4345 ι
2239 4293 2591 4363 cogitationes
2623 4292 2769 4346 enim
2801 4298 3014 4345 nostras
3049 4290 3275 4354 ibimus,
3308 4299 3363 4345 et
3392 4291 3762 4361 unusquisque

2190 4402 2213 4434 ι
2234 4383 2555 4453 pravitatem
2574 4382 2699 4450 (sive
2722 4380 2872 4448 quod:
2890 4379 3109 4449 placuit)
3132 4380 3312 4447 cordis
3340 4381 3421 4435 sui
3447 4380 3570 4433 mali
3596 4380 3764 4437 facie-

2194 4492 2213 4524 ι
2240 4487 2377 4526 mus.
2421 4471 2552 4526 Ideo
2574 4472 2687 4524 haec
2715 4470 2847 4523 dicit
2874 4469 3166 4523 Dominus:
3190 4469 3519 4540 Interrogate
3539 4481 3761 4539 gentes:

2195 4580 2217 4613 ι
2244 4562 2364 4630 quis
2398 4560 2603 4614 audivit
2630 4558 2756 4612 talia
2783 4558 3087 4623 horribilia,
3118 4574 3237 4627 qm
3264 4556 3392 4613 feeit
3423 4558 3583 4612 nimis
3610 4562 3766 4630 virgo

2197 4670 2214 4701 ι
2239 4650 2444 4704 Israel?
2475 4670 2494 4701 ι
2556 4648 2829 4719 (Hieron)
2866 4648 3054 4717 Implet
3100 4649 3357 4703 Dominus
3412 4650 3725 4719 parabolam
3750 4692 3765 4715 ,

2191 4756 2353 4810 quam
2385 4750 2438 4795 et
2469 4750 2690 4810 aspectu
2726 4747 2782 4793 et
2812 4740 3150 4794 sermonibus
3185 4742 3459 4803 docuerat,
3496 4752 3549 4795 et
3571 4740 3723 4796 ’dicit
3752 4762 3763 4794 :

2198 4852 2216 4883 ι
2243 4824 2381 4887 Ecce
2407 4848 2506 4903 ego
2540 4832 2679 4903 ﬁngo
2706 4840 2893 4893 contra
2928 4846 3022 4886 vos
3048 4831 3278 4897 malum,
3313 4852 3331 4883 ι
3380 4834 3537 4900 quasi
3576 4832 3769 4901 figulus

2192 4922 2383 4976 lutum.
2433 4921 2625 4975 Malum
2664 4930 2843 4976 autem
2865 4916 3021 4989 juxta
3058 4921 3270 4985 Isaiam,
3312 4923 3404 4991 qui
3444 4923 3604 4976 dicit;
3632 4924 3771 4978 «Fa-

2200 5015 2346 5069 ciens
2392 5030 2575 5083 pacem
2624 5025 2679 5068 et
2729 5029 2921 5068 creans
2966 5012 3163 5065 malum
3213 5012 3349 5082 (Ira.
3402 5014 3557 5080 nv);
3587 5033 3606 5064 ι
3661 5030 3769 5069 non

2200 5104 2339 5172 quod
2371 5118 2463 5172 per
2491 5120 2547 5158 se
2581 5104 2777 5157 malum
2805 5104 2905 5165 sit,
2936 5104 3028 5155 sed
3053 5102 3199 5170 quod
3216 5102 3543 5168 patientibus
3566 5103 3769 5157 malum

2200 5210 2320 5249 esse
2340 5194 2601 5247 videatur.
2654 5212 2673 5244 ‹
2695 5193 2761 5247 Ει
2787 5192 2962 5263 cogito
2986 5201 3173 5245 contra
3200 5207 3297 5246 vos
3322 5192 3727 5261 cogitationem,
3748 5211 3765 5243 ι

2202 5283 2255 5337 id
2276 5291 2377 5346 est,
2404 5298 2500 5351 pro
2528 5284 2720 5337 merito
2751 5280 2945 5336 inferre
2976 5280 3317 5335 sententiam.
3360 5280 3560 5334 Mutate
3583 5294 3769 5348 opera,

2208 5390 2226 5423 ‹
2256 5379 2311 5425 et
2335 5372 2545 5440 dirigite
2573 5373 2684 5424 vias
2709 5378 2933 5435 vestras,
2966 5389 2983 5421 ι
3012 5381 3071 5425 ιιι
3095 5378 3150 5425 et
3172 5370 3448 5440 prosperis
3468 5384 3625 5438 pinna
3656 5386 3766 5423 mu-

2204 5475 2364 5520 tetur.
2397 5464 2517 5532 Qui,
2551 5466 2739 5534 inquit,
2772 5480 2801 5519 e
2823 5465 3092 5518 contrario
3122 5465 3391 5518 dixerunt.
3442 5482 3460 5513 ι
3490 5462 3775 5517 Conlorta—

2205 5558 2403 5622 himur,
2422 5576 2448 5613 ,ι
2479 5556 2534 5609 in
2561 5555 2714 5608 malis
2737 5554 2983 5609 videlicet
3007 5555 3277 5623 operibus,
3305 5552 3419 5607 sive
3430 5550 3583 5619 juxta
3606 5551 3773 5619 Aqui-

538 5675 634 5714 vas
669 5674 698 5714 e
741 5658 853 5713 luto
898 5656 1045 5720 ﬁeri,
1094 5654 1272 5709 subito
1314 5653 1629 5723 dissipatum
1683 5660 1769 5709 est
1817 5671 1829 5705 :
1877 5653 1975 5706 hoc
2013 5654 2106 5707 Dei
2210 5649 2310 5702 lam
2345 5663 2359 5701 :
2394 5668 2411 5699 ε
2442 5646 2861 5717 deSperavimus,
2890 5666 2907 5697 ι
2937 5654 2991 5697 et
3013 5645 3168 5714 juxta
3195 5642 3601 5714 Symmachum,
3636 5660 3656 5691 ι
3686 5643 3777 5694 de.

540 5760 729 5829 ageute
764 5748 1118 5829 providentia.
1151 5755 1215 5803 ut
1236 5760 1425 5803 manus
1445 5746 1685 5803 «artiﬁcis
1720 5746 1845 5805 dum
1874 5744 2109 5804 neseitet
2208 5739 2457 5807 fecimus,
2483 5758 2500 5790 ι
2532 5739 2675 5812 quod
2701 5747 2985 5811 utrumque
3005 5736 3225 5798 offendit
3247 5737 3569 5807 hominum,
3598 5743 3659 5790 ut
3684 5742 3775 5791 aut
