3926 6376
178 405 287 464 957

1074 404 1433 462 EXPOSITIO
1473 403 1696 463 SUPER
1732 403 2098 461 JEREMI‘AII.
2134 436 2204 447 —
2240 407 2368 464 LIB.
2406 407 2542 466 VIII.

3319 416 3425 473 958

175 539 522 594 nequaquam
550 529 783 593 se'putet
800 535 961 592 posse
980 516 1207 587 salvari,
1232 530 1325 574 aut
1348 519 1423 573 ad
1440 519 1755 589 placandum
1782 522 1834 581 Α
1934 538 1953 571 ι
1982 520 2131 576 Sicut
2165 530 2359 578 ventus
2404 540 2565 581 urens
2610 526 2913 597 dispertiunt
2959 542 3050 583 eos
3092 540 3285 585 ceram.
3316 532 3423 585 ini-

175 617 350 672 Deum
378 617 565 670 animo
588 612 864 670 defecisse.
893 633 911 665 ι
932 613 999 668 Ει
1018 621 1138 683 post
1159 611 1528 680 cogitationes,
1558 610 1751 679 inquit,

172 720 395 764 nostras
662 727 680 759 ο
723 706 823 762 Ubi
861 715 944 761 est
966 722 1104 775 ergo
1132 706 1332 773 absque
1370 704 1545 774 gratia
1566 703 1662 756 Dei
1682 701 1750 756 li-

170 801 293 856 beri
316 799 525 854 arbitrii
551 808 814 869 potestas:
833 808 887 852 et
910 797 1140 868 propria!
1156 796 1417 866 judicium
1438 793 1750 859 voluntatis,

172 906 301 959 cum
333 892 555 958 grandis
573 890 775 945 oll'ensa
801 890 871 945 sit
893 890 1007 953 Dei,
1042 889 1190 958 sequi
1223 887 1575 957 cogitationes
1602 900 1747 949 suas,

171 989 228 1035 et
260 983 411 1050 pravi
442 984 617 1036 cordis
644 981 820 1035 facere
847 980 1172 1034 voluntatem
1200 980 1224 1032 ?
1258 979 1541 1049 Propterea
1568 978 1747 1043 infert,

170 1071 363 1126 dicens
394 1089 410 1127 :
444 1092 460 1123 ι
488 1073 815 1139 lnterrogate
844 1079 1051 1141 gentes,
1097 1082 1152 1126 et
1196 1086 1381 1125 omnes
1422 1072 1476 1124 in
1522 1071 1753 1125 circuitu

166 1165 444 1228 nationes,
486 1164 607 1233 quis
645 1162 846 1233 fecerit,
882 1164 1003 1232 quis
1034 1161 1264 1217 audierit
1298 1162 1453 1217 idolis
1489 1162 1746 1227 serviens,

164 1270 292 1325 quae
318 1255 628 1309 fecit’nimis
649 1256 799 1325 virgo
824 1254 1029 1310 Israel?
1058 1274 1076 1307 ι
1106 1255 1364 1325 virginem
1387 1262 1566 1317 autem
1594 1261 1751 1308 vocat

162 1359 234 1399 eo
263 1347 411 1415 quod
436 1348 522 1399 uni
546 1347 654 1401 Deo
679 1347 945 1411 servierit,
969 1347 1179 1402 dicente
1200 1346 1467 1414 Propheta
1492 1363 1504 1397 :
1537 1362 1554 1395 ι
1584 1344 1749 1401 Notus

162 1436 220 1489 in
244 1435 435 1492 Judaea
465 1439 622 1503 Deus,
655 1438 709 1492 in
735 1438 898 1493 Israel
925 1445 1179 1507 magnum
1204 1451 1397 1491 nomen
1416 1434 1546 1504 ejus
1573 1434 1744 1507 (Psal.

160 1529 357 1597 an).
389 1550 406 1581 ι
1762 1514 1767 1521 ’

243 1642 260 1672 ι
292 1620 546 1691 Nunquid
589 1620 803 1676 deﬁciet
837 1616 901 1677 de
934 1630 1085 1691 petra
1112 1621 1223 1692 agri
1259 1622 1351 1676 nix
1390 1620 1613 1687 Libani,
1653 1629 1759 1689 aut

167 1711 379 1765 (avelli
428 1720 650 1782 possunt
688 1726 840 1781 aquae
881 1721 1221 1780 erumpentes
1268 1711 1473 1779 frigidm
1498 1753 1511 1777 ,
1561 1720 1616 1766 et
1649 1713 1743 1767 de-

167 1824 185 1855 ι
218 1802 491 1858 ﬂuentes?
514 1824 529 1853 ι
594 1802 941 1875 Septuaginta
983 1822 996 1855 .-
1047 1822 1066 1853 (
1099 1801 1353 1873 Nunquid
1391 1802 1641 1859 deficient
1679 1803 1746 1857 de

1860 630 1884 661 ς
1904 611 2052 666 inice
2078 609 2203 683 (sive
2230 612 2483 686 inimicis)
2516 634 2528 669 :
2566 615 2785 672 dorsum
2808 624 2871 673 et
2894 630 3007 673 non
3023 618 3223 674 faciem
3250 628 3429 676 osten-

1859 702 2024 756 edum
2063 702 2147 757 eis
2183 702 2237 757 in
2270 704 2355 758 die
2392 707 2710 775 perditionis
2740 724 2952 763 eorum.
2978 728 3003 760 ι
3046 709 3226 780 Usque
3268 711 3427 769 hodie

1853 795 2119 848 sententia
2140 795 2232 849 Dei
2268 806 2548 864 permanet
2584 799 2646 852 in-
2668 799 2884 867 ludims,
2931 802 2994 855 in
3028 811 3143 857 toto
3180 804 3310 858 orbe
3346 806 3427 859 di-

1852 886 2027 953 spersi
2057 895 2180 941 sunt
2207 902 2391 943 ceram
2423 888 2640 943 inimico
2665 890 2907 955 diabolo,
2938 892 3031 947 vel!
3052 892 3283 949 inimicis
3313 893 3427 948 dre-

1811 1015 1818 1023 .
1850 979 2116 1043 menibus,
2156 988 2210 1035 et
2246 994 2375 1035 cum
2401 980 2599 1036 diebus
2636 996 2700 1036 ac
2740 983 2984 1038 noctibus
3029 984 3424 1056 insynagogis

1852 1069 2063 1126 Satanae
2090 1072 2338 1127 invocent
2375 1088 2575 1127 nomen
2602 1075 2716 1140 Dei,
2780 1074 2997 1130 dorsum
3020 1084 3072 1130 et
3100 1091 3205 1129 non
3232 1075 3427 1132 faciem

1849 1178 2007 1241 suam
2039 1164 2271 1220 ostendit
2306 1165 2385 1219 eis
2427 1164 2585 1229 Deus,
2623 1172 2681 1217 ut
2718 1164 3015 1233 intelligant
3053 1179 3173 1218 eum
3211 1179 3423 1234 semper

1848 1257 2210 1321 recedentem,
2233 1266 2288 1311 et
2315 1272 2587 1327 nunquam
2616 1258 2688 1311 ad
2723 1272 2780 1311 se
2806 1257 3140 1319 venientem;
3182 1255 3297 1313 dies
3330 1270 3423 1309 au-

1847 1356 1954 1403 tem
1983 1344 2568 1426 perditionis_Judaicte,
2596 1363 2757 1404 omne
2788 1356 3003 1418 tempus
3032 1356 3115 1402 est
3145 1355 3269 1416 post
3296 1362 3423 1416 pas-

1847 1440 2052 1494 sionem
2073 1440 2382 1499 Salvatoris,
2411 1455 2577 1509 usque
2597 1440 2667 1495 ad
2684 1439 3198 1496 consummationem
3218 1438 3422 1502 saeculi,

1844 1538 1905 1584 ut
1950 1538 2238 1600 postquam
2274 1530 2655 1584 subintraverit
2687 1530 2967 1599 plenitudo
2997 1529 3255 1599 gentium,
3298 1536 3433 1583 tunc-

1843 1622 2019 1677 omnis
2053 1622 2217 1677 lsrael
2246 1622 2427 1677 salvus
2461 1622 2553 1677 ﬁat
2586 1622 2762 1693 (Rom.
2792 1620 2901 1693 ιι).

1918 1716 2029 1769 (Et
2072 1715 2325 1769 dixerunt
2355 1733 2366 1768 :
2405 1714 2595 1769 Venite
2627 1722 2682 1769 et
2722 1714 3021 1784 cogitemus
3054 1721 3247 1768 contra

1850 1821 1869 1854 ‹
1898 1804 2061 1858 miam
2083 1804 2465 1875 cogitationes;
2497 1818 2603 1858 non
2625 1804 2769 1858 enim
2806 1802 3004 1873 peribit
3044 1800 3130 1858 lex
3172 1818 3202 1856 a
3241 1817 3424 1858 sacer-

166 1912 187 1944 ι
218 1903 379 1964 petra
419 1896 581 1949 ubera
606 1927 623 1959 ,
663 1905 754 1948 aut
790 1895 879 1948 uix
920 1895 984 1949 de
1022 1894 1267 1949 Libano?
1318 1902 1412 1950 aut
1440 1894 1747 1949 declinabit
1775 1892 1821 1951 Β
1854 1914 1873 1945 ι
1900 1895 2045 1959 dote,
2094 1908 2267 1964 neque
2315 1894 2594 1949 consilium
2640 1908 2671 1948 a
2718 1894 2981 1963 sapiente,
3037 1908 3134 1948 nec
3178 1908 3357 1948 sermo
3394 1899 3436 1947 δ’

164 2003 184 2035 ι
212 2000 417 2053 aquam
462 1984 725 2038 violenter
753 1984 1018 2040 sublatam
1049 1985 1296 2040 vento?»
1354 1983 1482 2039 Tale
1525 1984 1652 2055 quid
1694 1990 1750 2038 et

159 2077 299 2133 illud
325 2078 675 2147 Virgilianum
708 2090 863 2132 sonat
887 2077 1090 2148 (Eclog.
1119 2078 1158 2149 ι)
1195 2096 1207 2131 :

293 2190 424 2253 Ante
440 2190 579 2253 leves
604 2203 722 2251 ergo
743 2197 998 2250 pascentur
1022 2190 1282 2253 inraethore
1314 2191 1483 2253 cervi,

292 2252 355 2301 Et
376 2251 499 2300 freta
522 2252 797 2301 destituent
824 2255 976 2300 nudos
1008 2254 1054 2301 in
1081 2252 1243 2301 littore
1269 2251 1466 2313 pisces,

291 2315 445 2371 Quam
482 2322 646 2364 nostro
672 2315 801 2364 illius
825 2314 1012 2364 labatur
1038 2323 1239 2379 pectore
1270 2312 1445 2365 enim.

153 2413 231 2471 Et
254 2416 311 2470 in
339 2416 444 2469 alio
470 2416 588 2471 loco
609 2415 764 2485 (/En.
790 2417 835 2485 ι)
860 2434 871 2467 :

293 2533 346 2594 In
370 2532 495 2581 freta
530 2532 643 2580 dum
670 2532 799 2580 ﬂuvii
823 2538 1045 2594 current,
1058 2520 1434 2594 dominantibus
1456 2527 1640 2588 umbra

290 2593 609 2653 Lustrabunt,
637 2604 859 2641 convexa
881 2592 1026 2653 polus
1038 2592 1159 2639 dum
1177 2592 1344 2653 sieta»
1356 2597 1540 2649 pandet,

289 2657 497 2717 Semper
520 2652 670 2704 lidnos
693 2649 970 2715 nomenque
989 2659 1121 2701 tuum
1140 2651 1405 2713 laudesque
1430 2649 1710 2703 manebunt.

151 2738 473 2805 Quomodo,
487 2739 685 2808 inquit,
704 2740 795 2793 nix
812 2738 875 2793 de
886 2737 1073 2793 Libani
1092 2736 1488 2793 summitatibus
1514 2734 1745 2790 deﬁcere

150 2847 265 2885 non
288 2838 487 2900 potest,
511 2846 610 2886 nec
634 2830 760 2896 ullo,
793 2840 852 2886 ut
880 2831 1056 2886 omnis
1082 2830 1359 2898 liquescat,
1393 2828 1524 2890 solis
1549 2828 1743 2885 ardore

149 2932 479 2991 superatur,
498 2921 841 2993 ﬂuentesque.
862 2923 928 2977 de
956 2920 1229 2978 montibus
1251 2920 1373 2984 rivi,
1398 2933 1741 2993 nequaquam

150 3010 435 3065 siccantur
474 3010 537 3064 in
569 3000 849 3065 fontibus:
886 3009 964 3065 sic
1010 3024 1183 3065 meum
1228 3024 1421 3073 nomen
1457 3008 1599 3082 quod
1644 3022 1742 3079 per

148 3117 216 3159 se
245 3102 440 3164 stabile
465 3110 569 3167 est,
604 3112 764 3170 atque
796 3109 1053 3171 perpetuo
1082 3116 1189 3153 non
1218 3099 1413 3169 poterit
1442 3097 1744 3167 immutari,

146 3206 209 3252 et
258 3205 441 3249 tamen
499 3210 621 3248 cum
674 3202 869 3247 caztera
924 3201 1128 3263 naturae
1184 3192 1435 3245 ordinem
1485 3197 1737 3271 servent,

146 3287 387 3357 populus
432 3302 583 3341 meus
628 3287 827 3341 oblitus
868 3294 951 3339 est
990 3284 1113 3337 mei.
1167 3284 1425 3353 Sequitur
1477 3283 1665 3340 enim:

231 3398 248 3428 ι
279 3377 417 3444 Quia
439 3378 636 3431 oblitus
663 3385 745 3431 est
767 3378 871 3434 mei
898 3376 1122 3445 pupulas
1150 3390 1318 3438 meus,
1346 3373 1739 3431 frustralibanr

149 3484 169 3516 ι
202 3473 310 3525 tes,
335 3472 391 3518 et
410 3464 771 3533 impingentes
798 3463 851 3515 in
876 3463 973 3534 viis
1001 3462 1141 3529 suis,
1159 3471 1215 3516 et
1248 3463 1301 3514 in
1328 3462 1537 3518 Setnitis
1561 3463 1739 3519 saeculi

150 3574 169 3605 ι
204 3553 341 3623 (sive
389 3552 787 3621 sempiternis),
816 3558 875 3610 ut
913 3549 1248 3607 ambularent
1287 3565 1383 3621 per
1407 3564 1499 3603 eas
1544 3550 1738 3615 itinere

150 3664 171 3699 ι
202 3662 315 3699 non
350 3644 497 3699 trito.
528 3664 548 3694 ι
599 3643 700 3710 Qui
736 3642 1069 3701 obliviscitur
1109 3642 1225 3707 Dei,
1255 3650 1309 3697 et
1340 3638 1558 3710 reliquit
1589 3657 1732 3705 eum,

145 3738 247 3811 qui
277 3737 450 3791 dicit:
488 3755 505 3785 ‹
532 3735 643 3805 Ego
672 3750 803 3798 sum
822 3734 908 3787 via
938 3732 1117 3804 (Joan.
1154 3732 1289 3805 xw),
1312 3752 1329 3781 ι
1365 3732 1601 3801 libatque
1634 3732 1737 3793 diis

147 3828 373 3893 alienis,
423 3826 668 3895 impingit
716 3826 771 3879 in
816 3825 927 3883 viis,
963 3824 1095 3888 suis,
1136 3838 1476 3893 nequaquam
1500 3823 1613 3886 Dei,
1642 3823 1735 3879 sed

147 3923 289 3983 suis,
323 3929 382 3974 et
404 3919 651 3987 antiquas
673 3917 1134 3986 sempiternasque
1154 3916 1373 3971 semitas
1392 3915 1733 3989 d’erelioquit.

148 4023 274 4077 quae
304 4006 545 4060 omnium
575 4011 884 4058 sanctorum
923 4009 1049 4054 sunt
1093 4002 1232 4055 trita:
1273 4002 1514 4070 vestigiis
1557 4000 1736 4056 colens

147 4099 291 4151 tium
325 4095 511 4147 Deum.
574 4091 662 4146 Isti
696 4106 825 4145 vero
866 4089 1275 4154 ambulaverunt
1308 4090 1360 4142 in
1402 4090 1593 4144 itinere
1628 4104 1737 4146 non

148 4188 310 4250 trito,
341 4193 396 4238 et
431 4182 620 4237 relicto
643 4182 795 4237 cultu.
830 4179 931 4237 Dei
964 4179 1101 4237 idola
1143 4180 1379 4234 venerati
1425 4188 1567 4244 sunt,
1606 4179 1733 4251 pro-

150 4287 277 4349 pter
312 4290 432 4347 quae
460 4272 687 4327 infertur
710 4285 868 4339 pmna
893 4285 1011 4340 qum
1039 4270 1278 4338 sequitur
1304 4287 1314 4321 :

230 4387 247 4417 ι
279 4366 352 4420 Ut
389 4366 542 4418 fieret
576 4370 718 4415 terra
750 4376 936 4415 eorum
969 4361 1020 4414 in
1049 4360 1457 4427 desolationem,
1494 4368 1549 4415 et
1582 4360 1640 4423 in.
1667 4367 1736 4417 si-

153 4481 175 4512 ι
202 4458 386 4515 hilum
426 4454 839 4522 sempiternum.
897 4450 1085 4509 Omnis
1138 4453 1231 4521 qui
1278 4454 1599 4521 praeterierit
1639 4470 1736 4525 per

1855 2007 1873 2039 ι
1901 1986 2201 2061 propheta:
2233 1985 2413 2041 venite
2457 1994 2512 2041 et
2549 1986 2913 2059 percutiamus
2957 2000 3079 2039 eum
3106 1984 3321 2055 ,li'ngua,
3371 1992 3428 2039 et

1854 2096 1875 2129 ι
1902 2093 2006 2132 non
2033 2078 2369 2133 attendamus
2394 2075 2461 2130 ad
2490 2075 2771 2131 universos
2794 2088 3072 2129 sermones
3093 2074 3228 2144 eius.
3261 2092 3281 2125 ι
3318 2073 3423 2129 Ista

1845 2180 1902 2237 et
1928 2180 2053 2225 tunc
2077 2170 2382 2226 Judteorum
2411 2182 2599 2228 contra
2630 2168 2953 2245 Ieremiam,
2989 2170 3105 2225 sive
3140 2170 3423 2245 Dominum

1848 2260 2203 2327 Salvatdrem,
2229 2270 2283 2315 et
2302 2262 2463 2317 hodie
2481 2249 2859 2318 haereticorum
2883 2270 3072 2319 contra
3097 2276 3281 2318 servos
3307 2261 3423 2331 ejus

1845 2357 2102 2430 ceg‘itatio
2133 2364 2235 2421 est,
2268 2363 2341 2438 ιιι
2356 2346 2651 2411 calumnias
2691 2364 2920 2421 struant,
2952 2365 3008 2412 et
3036 2365 3251 2412 sanctos
3278 2356 3425 2435 viros

1845 2450 2186 2515 accusatione
2213 2450 2545 2520 praeveniat“
2570 2468 2583 2504 :
2610 2466 2710 2505 nec
2741 2451 2976 2523 cogitent
3006 2450 3136 2525 quid
3165 2447 3240 2503 illi
3277 2448 3422 2504 veri-

1844 2542 1973 2605 tatis
1998 2541 2304 2611 loquantur,
2335 2543 2427 2598 sed
2462 2543 2591 2612 quid
2624 2543 2732 2614 ipsi
2758 2551 2973 2609 struant
2994 2541 3277 2597 mendacii.
3327 2538 3421 2593 Ja-

1845 2641 1998 2699 ctant
2047 2634 2189 2688 enim
2242 2633 2298 2688 in
2344 2634 2712 2693 sacerdotibus
2764 2644 2818 2690 et
2865 2635 2919 2688 in
2958 2632 3312 2703 sapientibus,
3370 2638 3424 2685 et

1843 2724 2322 2798 pseudoprophetis
2349 2725 2460 2781 suis
2488 2725 2663 2801 legem
2694 2726 2810 2791 Dei,
2838 2731 2895 2779 et
2920 2722 3200 2780 consilium
3231 2732 3287 2778 et
3314 2722 3424 2777 elo—

1845 2817 2040 2887 (lilium,
2071 2832 2416 2887 Permanere,
2455 2818 2666 2880 dicente
2710 2816 2988 2887 Scriptura
3018 2834 3041 2879 :_
3063 2835 3081 2869 ι
3110 2814 3423 2891 Ιηξρθιξνειι-

1845 2922 1961 2963 sam
1991 2910 2226 2962 animam
2262 2923 2371 2962 non
2399 2908 2623 2977 intrabit
2649 2909 2922 2977 sapientia.
2944 2906 3097 2981 (ξαρ,
3128 2907 3190 2980 1)..
3225 2926 3247 2970 ι

1919 3025 1937 3057 ι
1966 3006 2219 3071 Attende,
2241 3006 2501 3071 Domine,
2519 3008 2586 3062 ad
2610 3021 2717 3071 me.
2744 3014 2799 3061 et
2819 3006 2947 3059 audi
2964 2995 3153 3061 vocem
3174 2991 3423 3060 adversa-

1849 3117 1869 3149 (
1896 3098 2097 3153 riorum
2122 3112 2385 3155 meorum.
2437 3095 2692 3168 Nunquid
2712 3097 2973 3152 reddetur
2997 3112 3105 3175 pro,
3138 3098 3280 3151 bono
3311 3083 3425 3155 ma-

1850 3208 1868 3242 ι
1898 3189 2026 3255 lum,
2058 3190 2183 3265 quia
2208 3189 2456 3248 foderunt
2480 3188 2685 3266 foveam
2710 3188 2903 3244 animae
2926 3188 3095 3245 mem?
3116 3185 3433 3242 Recordare

1850 3300 1869 3333 ι
1897 3280 2041 3351 quod
2086 3280 2326 3335 steterim
2366 3278 2420 3333 in
2459 3286 2746 3347 conspectu
2794 3284 2907 3341 tuo‘,
2956 3283 3014 3331 ut
3048 3275 3298 3345 loquerer
3323 3290 3422 3344 pro

1848 3391 1867 3425 ι
1898 3374 1977 3440 eis
2018 3372 2239 3435 bonum,
2285 3378 2340 3425 et
2386 3378 2689 3427 averterem
2727 3367 3148 3439 indignationem
3181 3373 3325 3420 tuam
3354 3363 3423 3419 ab

1847 3482 1867 3515 ‹
1893 3464 1992 3519 eis.
2042 3462 2333 3535 Propterea
2356 3462 2420 3525 da
2444 3460 2580 3516 filios
2612 3475 2799 3515 eorum
2827 3460 2880 3513 in
2903 3445 3121 3524 famem,
3160 3466 3214 3512 et
3249 3457 3422 3521 deduc

1845 3573 1863 3606 ι
1893 3568 1986 3609 eos
2023 3553 2079 3617 in
2117 3566 2307 3608 manus
2346 3550 2528 3623 gladii.
2554 3537 2558 3540 ⁴
2584 3549 2741 3610 Fiant
2778 3563 2974 3603 uxores
3000 3562 3187 3602 eorum
3216 3547 3420 3616 absque

1843 3664 1864 3703 ι
1890 3640 2074 3708 liberis
2094 3651 2147 3699 et
2167 3629 2372 3706 vidum,
2405 3640 2584 3699 etviri.
2600 3653 2784 3715 earum
2806 3636 3199 3693 interﬁciantur
3223 3646 3415 3693 morte.

1844 3755 1863 3788 ι
1888 3736 2120 3792 Juvenes
2144 3748 2328 3789 eorum
2357 3729 2728 3788 confodiantur
2764 3730 2940 3799 gladio
2980 3730 3033 3784 in
3067 3728 3280 3799 praelia,
3297 3744 3420 3817 ⁸τιιι-

1844 3847 1862 3880 ι
1893 3827 2069 3889 diatur
2107 3825 2311 3882 clamor
2340 3825 2414 3880 de
2449 3824 2696 3879 domibus
2730 3837 2936 3878 eorum.
2967 3843 2985 3875 ι
3048 3821 3106 3879 In
3142 3831 3269 3898 typo
3297 3824 3417 3893 qui-

1790 3941 1795 3947 ι
1839 3915 1959 3970 dem
1990 3914 2286 3969 Salvatoris
2320 3915 2433 3969 bzec
2479 3928 2508 3967 a
2559 3913 2777 3985 pepulo“
2804 3912 3120 3974 Iudaeorum,
3156 3911 3417 3968 Jeremias

1836 4007 2087 4063 universa
2110 3992 2427 4075 perpetitur,
2460 4004 2549 4074 qui
2583 4013 2800 4074 postea.
2818 4003 3117 4074 Babylonio,
3142 3994 3415 4073 veniente,

1837 4104 2135 4161 vastantur.
2192 4093 2298 4149 Sed
2326 4095 2536 4164 plenius
2567 4104 2727 4163 atque
2760 4093 3052 4167 perfectius
3079 4094 3417 4164 complentur

1836 4188 1892 4245 in
1935 4186 2171 4251 Christo,
2210 4194 2265 4241 et
2301 4186 2433 4253 urbe
2464 4178 2741 4250 subversa,
2778 4184 3021 4259 Romano
3050 4185 3225 4256 gladio
3254 4187 3416 4241 truci-

1837 4280 1947 4345 dati
1986 4268 2108 4335 Sunt
2138 4297 2151 4331 :
2184 4293 2289 4340 non
2317 4277 2386 4332 ob
2414 4277 2788 4341 idololatriam,
2821 4293 2939 4346 qua:
2960 4292 3023 4342 eo
3049 4286 3285 4347 tempore
3306 4276 3413 4333 non

1836 4383 1978 4441 erat,
2006 4374 2099 4431 sed
2136 4371 2660 4434 nbinterfectionem
2703 4371 2820 4433 Filii
2860 4357 2998 4436 Dei,'
3022 4372 3236 4441 quando
3279 4388 3412 4428 cun-

1837 4463 2139 4524 ctussimuI
2156 4463 2797 4536 populusconelamavit:
2831 4482 2849 4514 ι
2878 4463 3050 4528 Tolle,
3070 4462 3412 4531 tolle'talem;

153 4570 172 4602 ι
202 4564 332 4604 eam
379 4546 767 4611 Obstupescat,
809 4549 863 4596 et
897 4542 1131 4595 movebit
1174 4538 1335 4611 caput
1382 4560 1555 4599 suum.
1590 4566 1607 4597 ι
1669 4548 1736 4603 Et

1845 4575 1943 4615 non
1972 4560 2237 4615 habemus
2262 4572 2465 4629 regem,
2492 4558 2597 4612 nisi
2623 4540 2888 4614 Caesarem
2919 4555 3095 4626 (Joan.
3130 4554 3263 4625 xix).
3289 4574 3305 4604 ι
3350 4557 3415 4612 Et

149 4640 280 4707 quia
313 4633 728 4700 dereliquerunt,
770 4631 872 4694 ait,
902 4630 1102 4687 cultum
1144 4633 1256 4697 Dei,
1297 4642 1351 4689 et
1392 4652 1586 4704 pravas
1622 4639 1735 4694 idov

148 4724 384 4781 Iolatrite
412 4721 631 4776 semitas
660 4731 787 4774 sunt
812 4722 999 4787 secuti,
1045 4734 1327 4793 propterea
1367 4734 1505 4781 terra
1547 4745 1731 4785 eorum

150 4819 377 4873 redacta
402 4823 483 4869 est
510 4815 561 4869 in
588 4813 951 4875 solitudinem,
982 4823 1035 4867 et
1067 4816 1118 4868 in
1153 4816 1473 4872 miraculum
1494 4824 1729 4876 omnium

150 4906 501 4971 sibilnmque,
549 4902 622 4956 ita
663 4910 716 4954 ut
756 4902 846 4972 qui
886 4911 1099 4956 terram
1136 4906 1401 4971 quondam
1447 4916 1501 4961 et
1544 4911 1731 4965 urbem

151 4993 597 5050 ﬂorentissimam
638 4993 865 5047 viderint
903 4994 954 5047 in
994 4993 1261 5047 desertum
1293 5002 1347 5048 et
1373 4996 1583 5053 cineres
1615 5016 1733 5058 esse

155 5088 474 5153 collapsam,
504 5082 836 5137 admirentur
868 5092 921 5137 et
956 5092 1220 5153 stupeant,
1248 5094 1301 5139 et
1330 5088 1521 5143 animo:
1550 5091 1736 5159 confu-

156 5180 371 5234 sionem
402 5184 552 5246 gestu
590 5177 830 5242 corporis
865 5177 1116 5230 indicent.
1164 5176 1275 5231 Hoc
1314 5188 1398 5233 est
1430 5181 1575 5234 enim
1618 5199 1733 5238 mo-

156 5282 290 5322 vere
326 5275 485 5335 caput
509 5272 565 5319 et
606 5272 875 5332 stuporem
916 5267 1110 5321 mentis
1148 5267 1300 5322 sibilo
1343 5267 1729 5326 demonstrare.

156 5361 318 5429 Quod
341 5360 549 5428 plenius
576 5367 631 5413 et
653 5358 849 5411 rectius
873 5367 989 5426 post
1009 5360 1314 5429 adventum
1340 5361 1549 5418 Domini
1584 5363 1736 5419 intel-

156 5452 379 5523 ligimus
412 5464 530 5503 esse
574 5448 909 5518 completum,
959 5450 1171 5517 quando
1218 5450 1392 5505 nullus
1429 5448 1732 5507 Judteorum

160 5554 362 5600 terram
412 5541 706 5609 quondam,
754 5548 808 5592 et
860 5540 1046 5593 urbem
1091 5552 1333 5597 sanctam
1379 5543 1585 5613 ingredi
1620 5543 1735 5613 lege

159 5633 529 5706 permittatur,
574 5632 667 5687 sed
713 5647 833 5686 cum
876 5632 943 5687 ad
999 5632 1268 5701 planctum
1326 5637 1589 5702 venerint,
1634 5638 1737 5691 mi-

163 5734 354 5787 rantur
384 5732 439 5779 et
471 5720 673 5780 deﬂent
693 5723 956 5783 vaticinia.
978 5725 1368 5798 prophetarum
1397 5742 1561 5801 opere
1591 5744 1737 5789 com-

165 5817 327 5892 pleta.

1836 4647 2150 4717 imprecatio
2177 4662 2362 4703 eorum
2399 4656 2598 4701 aeterna
2622 4646 2965 4703 damnatione
2993 4644 3252 4712 completa
3272 4654 3369 4699 'est
3396 4663 3409 4699 :

1843 4757 1860 4789 ι
1891 4736 2119 4807 Sanguis
2140 4736 2253 4805 ejus
2275 4750 2544 4805 supernos
2560 4745 2615 4790 et
2632 4751 2794 4804 super
2816 4735 2953 4790 filios
2968 4742 3180 4795 nostros
3197 4733 3408 4803 (Matth.

1837 4828 2027 4897 uritis
2078 4828 2345 4887 Fuderunt
2371 4829 2518 4888 enim
2546 4830 2759 4887 Christo
2784 4828 3020 4890 foveam,
3043 4836 3096 4883 et
3124 4829 3405 4885 dixerant:

1844 4938 1869 4970 ι,
1892 4911 2211 4979 Auferamus
2246 4916 2376 4974 eum
2415 4918 2490 4974 de.
2518 4927 2663 4974 terra
2701 4918 2993 4973 viventium
3039 4916 3173 4988 (lsa.
3218 4915 3355 4986 uti).
3387 4935 3405 4968 ι

1836 5009 1938 5077 Qui
1969 5016 2127 5062 tantm
2149 5022 2274 5077 erga
2302 5021 2395 5063 eos
2416 5007 2799 5066 misericordia:
2816 5009 3013 5073 fuit,et
3033 5010 3181 5069 stetit
3200 5008 3253 5061 in
3278 5023 3408 5061 con-

1838 5106 2019 5169 spectu
2048 5097 2255 5161 Patris,
2276 5105 2339 5150 ut-
2364 5098 2669 5166 loqueretur
2697 5115 2794 5167 pro
2822 5099 2901 5152 eis
2930 5100 3156 5165 bonum,
3177 5106 3233 5153 et
3262 5098 3410 5155 avet!-

1836 5199 1973 5245 teret
1993 5187 2410 5258 indignationem
2440 5188 2580 5242 illius
2605 5189 2671 5241 ab
2696 5178 2793 5252 eis,
2833 5196 2893 5241 ut
2922 5189 2979 5251 in
3002 5204 3409 5258 cruce,quoque

1837 5280 2040 5335 diceret
2077 5298 2089 5332 :
2129 5298 2149 5329 ι
2171 5278 2361 5341 Pater,
2408 5279 2624 5348 ignosce
2654 5280 2732 5333 eis
2760 5296 2773 5332 :
2805 5281 2951 5351 quod,
2986 5281 3130 5334 enim
3174 5279 3405 5343 faciunt,

1835 5368 2080 5424 nesciunt
2106 5367 2255 5439 (an.
2288 5367 2465 5441 χχιιι).
2495 5386 2514 5420 ι
2566 5367 2847 5423 Manifesta
2883 5370 3316 5434 transcurrimus,
3353 5379 3407 5423 ut

1837 5462 1902 5515 in.
1932 5459 2335 5537 obscurioribus
2386 5459 2733 5517 immoremur
2775 5474 2789 5513 :
2835 5475 3173 5529 nequaquam
3215 5454 3410 5518 delira-

1842 5559 2022 5607 menta
2053 5551 2425 5620 quorumdam',
2468 5559 2521 5606 et
2552 5549 2917 5619 captivitatem
2943 5549 3177 5607 caelestis
3222 5550 3403 5604 llieru-

1840 5641 2004 5697 salem
2046 5642 2488 5714 interpretantes,
2529 5642 2625 5697 sed
2658 5641 2993 5713 perspicuam
3029 5638 3331 5708 historiamﬂ
3354 5651 3406 5696 et

1841 5731 2329 5801 manifestissima:
2358 5734 2705 5808 prophetiam
2720 5727 2872 5795 omni.
2893 5733 3177 5793 verborum
3206 5740 3265 5796 et
3285 5747 3407 5795 aea-

1844 5838 1998 5887 suum
2020 5823 2340 5883 confidentia
2362 5834 2763 5903 persequentes.
