3926 6342
513 365 618 423 959

1143 367 1202 420 Β.
1246 363 1496 419 RABANI
1533 363 1752 418 MAURI
1785 363 2099 419 ARCHIEP.
2143 363 2447 421 MOGUNT.
2491 366 2771 422 OPERUM
2808 369 2985 424 PARS
3021 370 3105 424 lll.

3661 371 3771 431 960

587 498 606 531 ι
641 478 888 534 Λιιάιιωε
913 479 1058 532 enim
1080 492 1237 547 super
1273 491 1366 532 eos
1393 476 1654 530 latronem
1685 483 1924 545 repente,
1952 476 2080 543 quia
2106 480 2158 538 Α
2181 488 2364 563 nte-1p,
2387 478 2594 546 haram,
2620 482 2719 534 tria
2749 483 2862 536 haec
2881 484 3428 556 signiﬁcatﬁvultque,
3456 503 3578 556 quin
3601 489 3756 542 dictu

515 585 538 622 ι
573 567 823 624 foderunt
857 567 1098 634 foveam,
1129 577 1188 622 ut
1209 574 1465 636 caperent
1489 580 1595 632 me,
1628 575 1683 619 et
1709 566 1929 634 laqueos
1960 566 2088 620 abs-

515 673 539 711 ι
573 659 870 714 conderunt
908 658 1131 726 pedibus
1171 655 1326 710 meis.
1365 654 1446 708 Tu
1471 664 1670 719 autem,
1703 653 1950 720 Domine,
1982 657 2090 711 scis

514 763 536 800 ι
571 761 732 801 omne
759 746 1044 801 consilium
1083 759 1269 799 eorum
1305 745 1588 798 adversum
1630 759 1715 798 me
1745 745 1799 798 in
1835 753 2086 800 mortem.

516 855 534 888 ι
574 835 652 892 Ne
680 837 990 906 propitieris
1023 835 1294 906 iniquitati
1328 850 1512 889 eorum
1532 875 1547 900 ,
1589 843 1644 889 et
1676 845 1956 904 peccatum
1992 851 2086 892 eo—

515 945 532 979 ι
571 943 691 981 rum
734 943 764 980 a
807 927 945 981 facie
989 935 1079 980 tua
1123 942 1227 980 non
1269 925 1532 979 deleatur.
1575 924 1731 979 Fiant
1773 936 2089 983 corruentes

517 1034 535 1068 ι
573 1015 711 1088 (sive
751 1017 1135 1088 impingentes)
1178 1017 1232 1071 in
1271 1025 1561 1085 conspectu
1604 1025 1720 1080 tuo,
1761 1017 1812 1070 in
1848 1025 2089 1087 tempore

514 1122 534 1156 ι
570 1104 766 1160 furoris
805 1106 881 1160 tui
932 1107 1154 1160 abutere
1191 1105 1269 1159 eis
1305 1103 1441 1174 (sive
1481 1105 1566 1158 fac
1605 1105 1660 1158 in
1696 1104 1828 1176 eis).
1866 1125 1883 1155 ι
1930 1103 1989 1159 Si
2020 1104 2089 1159 de

505 1194 741 1250 Jeremia
784 1195 1159 1263 intelligimus,
1199 1193 1538 1262 repentinum
1579 1194 1845 1247 latronem
1887 1192 2088 1248 refera-

509 1299 628 1338 mus
654 1285 720 1337 ad
748 1283 1266 1348 Nabuchodonosor;
1309 1283 1353 1336 si
1387 1283 1451 1337 de
1483 1282 1781 1348 Salvatore,
1822 1283 1965 1352 quod
1997 1299 2089 1339 ve-

506 1374 616 1428 rius
657 1385 710 1429 et
749 1375 940 1429 melius
975 1383 1092 1440 est,
1131 1375 1198 1429 ad
1232 1374 1533 1429 Romanum
1573 1375 1888 1428 exercitum.
1923 1374 1991 1427 Et
2027 1383 2090 1428 ut

498 1464 645 1534 justa
682 1466 928 1519 videatur
966 1466 1236 1520 sententia
1270 1464 1394 1530 Dei,
1440 1466 1659 1534 exponit
1693 1465 1822 1532 quid
1860 1464 2090 1519 fecerint

506 1552 1020 1608 contra'Christum
1063 1553 1255 1608 Filium
1303 1554 1427 1618 Dei,
1478 1561 1532 1608 et
1584 1552 1710 1622 quid
1758 1554 1900 1622 passi
1954 1554 2082 1608 sint.

503 1641 655 1710 Quod
695 1655 877 1698 autem
911 1643 1074 1700 infert
1111 1664 1124 1698 :
1171 1665 1188 1695 ι
1233 1644 1310 1699 Ne
1347 1645 1651 1714 propitieris
1686 1645 1954 1712 iniquitati
1996 1660 2090 1700 eo-

504 1745 624 1785 rum
643 1773 656 1797 ,
687 1739 741 1785 et
761 1741 1039 1802 peccatum
1067 1749 1252 1788 eorum
1282 1749 1311 1786 a
1342 1733 1478 1787 facie
1510 1743 1599 1786 tua
1630 1748 1734 1786 non
1765 1733 2029 1800 deleatur,
2062 1754 2081 1786 ι

2191 586 2282 624 rus
2296 582 2397 635 est,
2410 581 2465 626 et
2484 587 2636 642 reges
2647 573 2782 628 Juda
2797 575 3003 640 audire,
3027 585 3082 630 et
3097 577 3426 634 habitatores
3439 578 3772 642 Jerusalem,

2189 660 2242 715 id
2266 672 2349 715 est
2373 671 2428 715 et
2461 663 2685 732 stirpem
2721 666 2923 734 regiam
2953 674 3008 719 et
3034 682 3248 722 omnem
3283 670 3560 740 populum,
3593 681 3654 725 ut
3691 671 3775 726 in-

2186 750 2520 806 excusabiles
2547 753 2674 816 sint,
2711 755 2799 822 qui
2829 755 3014 810 audire
3046 757 3333 817 noluerint.

2263 860 2280 891 ‹
2309 839 2434 896 Haec
2451 841 2580 896 dicit
2598 842 2854 898 Dominus
2873 846 3230 913 exercituum,
3245 849 3387 903 Deus
3408 849 3576 904 Israel
3597 869 3609 903 :
3633 851 3780 905 Ecce

2193 949 2212 982 ι
2245 947 2343 1000 ego
2375 933 2622 988 inducam
2652 933 2990 991 aﬂlictionem
3028 935 3153 1008 (sive
3188 939 3348 1010 mala)
3387 957 3552 1010 super
3588 943 3772 996 locum

2193 1039 2210 1071 ι
2244 1023 2436 1087 istum,
2478 1023 2553 1077 ita
2592 1031 2651 1077 ut
2687 1026 2862 1079 omnis
2897 1027 2986 1095 qui
3031 1027 3260 1082 audierit
3300 1029 3446 1083 illam
3479 1032 3620 1101 (sire
3656 1031 3771 1094 illa,

2191 1130 2209 1161 ι
2245 1112 2484 1166 tinniant'
2501 1128 2659 1167 aures
2697 1113 2835 1180 ejus,
2865 1129 2929 1170 eo
2959 1117 3101 1184 quod
3125 1115 3532 1188 'dereliquerunt
3573 1136 3684 1183 me,
3721 1129 3776 1173 et

2193 1217 2212 1250 ‹
2248 1201 2480 1254 alienum
2509 1201 2754 1257 fecerunt
2788 1204 2963 1258 locum
2989 1205 3172 1270 istum,
3200 1216 3254 1261 et
3281 1207 3588 1261 libaverant
3618 1210 3671 1261 in
3705 1224 3774 1262 eo

2192 1308 2209 1340 ι
2247 1291 2349 1345 diis
2377 1292 2587 1357 alienis,
2620 1308 2754 1362 quos
2791 1295 3100 1349 nescierunt
3133 1297 3234 1365 ipsi
3269 1306 3324 1349 et
3353 1307 3535 1366 patres
3575 1314 3772 1366 eorum

2192 1401 2210 1428 σ
2248 1391 2303 1434 et
2340 1397 2492 1452 reges
2519 1381 2654 1437 Juda
2695 1403 2707 1436 :
2747 1391 2801 1437 et
2839 1385 3179 1454 repleverunt
3220 1385 3394 1440 locum
3436 1387 3602 1441 istum
3644 1404 3777 1442 san-

2193 1490 2211 1522 ‹
2245 1473 2405 1541 guine
2428 1473 2790 1540 innocentum,
2818 1485 2873 1528 et
2893 1474 3292 1529 asdificaverunt
3315 1476 3530 1529 excelsa
3562 1476 3780 1530 Baalim

2195 1583 2211 1614 ι
2228 1583 2231 1585 ·
2250 1567 2314 1619 ad
2341 1567 2731 1623 comburendos
2756 1567 2891 1620 filios
2915 1583 3037 1620 suos
3063 1567 3114 1619 in
3145 1567 3515 1628 holocaustum
3538 1568 3776 1632 Baalim,

2195 1675 2212 1707 (
2249 1673 2367 1727 qua:
2395 1673 2500 1712 non
2529 1659 2755 1727 przecepi
2793 1658 2916 1729 (sive
2945 1659 3218 1729 cogitavi),
3255 1674 3354 1713 nec
3380 1660 3597 1712 locutus
3629 1675 3777 1722 sum,

2195 1767 2212 1798 ι
2252 1764 2349 1802 nec
2389 1749 2745 1803 ascenderunt
2781 1750 2833 1802 in
2874 1765 2968 1804 cor
2997 1765 3193 1812 meum.
3229 1769 3249 1801 ›
3293 1749 3359 1802 Et
3401 1749 3546 1802 hunc
3595 1751 3776 1803 locum

502 1836 842 1890 nequaquam
879 1823 1046 1892 priori
1086 1824 1365 1878 sententiae
1392 1824 1723 1903 contrarium
1756 1833 1869 1890 est,
1902 1825 1958 1878 in
1983 1841 2085 1894 qua

2194 1836 2354 1890 stulte
2378 1837 2591 1903 quidam
2616 1837 2682 1889 ad
2711 1837 2982 1891 ccelestem
3007 1835 3245 1890 referunt
3268 1834 3593 1890 Jerusalem.
3622 1836 3778 1902 Quod

501 1925 599 1979 pro
624 1911 818 1980 populo
844 1911 1163 1980 deprecatur
1190 1912 1426 1968 Patrem.
1458 1897 1561 1967 Sed
1591 1922 1874 1983 postquam
1905 1916 2088 1969 datum

503 2007 713 2070 tempus
751 2003 1083 2070 pmnitentiae
1121 2004 1410 2073 praeteriit,
1451 2011 1505 2058 et
1540 2003 1615 2057 illi
1656 2005 1709 2058 in
1751 2019 1848 2057 suo
1887 2005 2090 2059 scelere

500 2101 869 2160 perseverant,
899 2093 1079 2162 populi
1108 2109 1172 2147 ac
1208 2095 1449 2148 seniores
1475 2109 1582 2147 non
1624 2103 1733 2148 tam
1762 2109 1861 2162 pro
1896 2107 1954 2149 se
1987 2109 2088 2164 pu-

505 2180 729 2234 niuntur
755 2195 918 2250 quam
941 2196 1039 2250 pro
1069 2181 1207 2247 aliis,
1253 2197 1321 2236 ne
1362 2182 1588 2236 inultum
1617 2192 1901 2252 peccatum
1930 2191 2091 2237 caete-

503 2269 578 2324 ris
609 2279 801 2325 noceat
825 2271 1093 2352 exemplo.
1128 2272 1385 2340 Quodque
1415 2271 1617 2327 infert:
1655 2291 1673 2323 ί
1706 2272 1865 2327 Fiant
1898 2273 2090 2342 impin—

501 2370 687 2430 gentes
721 2381 741 2413 ι
777 2361 903 2432 (sive
951 2381 970 2413 ι
1008 2374 1318 2418 corruentes
1353 2367 1401 2435 ι)
1437 2383 1455 2415 ι
1490 2365 1545 2418 in
1580 2372 1872 2433 conspectu
1901 2374 2025 2429 tuo,
2063 2382 2084 2415 ι

501 2450 642 2504 illius
683 2451 831 2504 Isaia:
873 2460 929 2505 et
971 2451 1117 2506 Petri
1160 2453 1385 2522 apostoli
1428 2453 1604 2507 simile
1639 2461 1722 2507 est
1759 2471 1771 2506 :
1818 2472 1836 2504 ‹
1874 2454 1942 2508 Et
1977 2468 2089 2508 non

501 2541 806 2611 impingetis
855 2543 1011 2616 sicut
1043 2544 1097 2598 in
1144 2545 1374 2614 lapidem
1419 2544 1732 2600 offensionis
1779 2555 1834 2601 et
1878 2555 2089 2616 petram

501 2631 739 2683 scandali
764 2629 898 2700 (Isa.
924 2614 1054 2699 vui;
1083 2632 1112 2686 1
1157 2634 1302 2687 Petr.
1345 2633 1427 2706 ιι).
1467 2654 1486 2685 ι
1517 2634 1678 2705 Cujus
1703 2645 1758 2690 et
1784 2638 1837 2690 in
1861 2614 2090 2694 Psalmis

501 2719 766 2790 Propheta
795 2725 1081 2778 meminit:
1120 2743 1138 2776 ι
1171 2725 1428 2795 Lapidem
1464 2741 1624 2796 quem
1663 2729 2089 2797 reprobaverunt

500 2810 852 2877 aedificantes,
879 2814 968 2868 hic
992 2814 1164 2870 factus
1191 2825 1273 2869 est
1297 2817 1350 2869 in
1375 2824 1536 2886 caput
1560 2817 1764 2887 anguli.
1789 2818 1837 2870 A
1858 2818 2088 2875 Domino

501 2899 703 2956 factum
729 2911 812 2958 est
837 2904 943 2959 hoc
969 2902 1142 2976 (Psal.
1174 2907 1362 2974 cxvn).
1395 2925 1414 2958 ι

1091 3017 1316 3073 CAPUT
1355 3018 1494 3072 XIX.

503 3105 608 3159 Per
663 3109 1030 3178 contritione":
1091 3107 1385 3177 lagunculre
1454 3109 1782 3178 signiﬁcatur
1840 3113 2082 3166 contritio

721 3175 1016 3230 Jerusalem
1043 3175 1250 3247 propter
1274 3175 1626 3232 idololatrian:
1657 3179 1867 3235 Ennon.

579 3307 596 3338 ‹
635 3287 762 3341 Haec
784 3287 914 3341 dicit
941 3287 1199 3344 Dominus
1230 3308 1243 3343 :
1277 3291 1443 3357 Vade,
1473 3299 1529 3346 et
1557 3306 1708 3346 sume
1743 3292 2084 3360 lagunculam

509 3398 525 3429 ι
568 3379 713 3450 figuli
765 3387 991 3434 testeam
1027 3380 1092 3436 de
1117 3382 1417 3438 senioribus
1438 3381 1638 3453 populi,
1670 3397 1734 3438 ac
1761 3367 1826 3438 de
1855 3385 2086 3440 seniori-

507 3488 524 3518 ι
561 3469 660 3524 bus
701 3469 1042 3524 sacerdotum
1074 3489 1087 3524 :
1126 3481 1179 3526 et
1214 3473 1468 3543 egredere
1506 3474 1572 3527 ad
1611 3473 1939 3529 vallem'tilii
1973 3475 2084 3530 En-

507 3583 523 3612 ‹
563 3578 716 3627 nom,
761 3579 882 3633 qua:
915 3572 999 3618 est
1037 3565 1194 3634 juxta
1234 3566 1510 3620 introitum
1547 3575 1716 3636 porta:
1749 3566 1928 3622 fictilis
1961 3567 2088 3640 (sive

507 3670 525 3702 ‹
563 3652 860 3724 Charsith),
892 3663 946 3707 et
973 3655 1290 3723 praedicabis
1321 3654 1448 3726 (sive
1478 3654 1767 3719 clamabis,
1805 3656 1890 3710 vel
1919 3654 2085 3726 leges)

508 3760 524 3790 ι
566 3743 638 3795 ibi
667 3741 831 3796 verba
860 3757 981 3810 qua:
1014 3758 1114 3814 ego
1155 3743 1346 3812 loquar
1376 3742 1444 3797 ad
1472 3753 1545 3808 te,
1588 3751 1643 3797 et
1676 3744 1822 3798 dices
1849 3762 1862 3796 :
1892 3743 2087 3798 Audite

508 3852 526 3883 ‹
563 3833 788 3887 verbum
817 3834 1048 3900 Domini,
1081 3850 1232 3906 reges
1255 3833 1391 3888 Juda
1425 3845 1479 3889 et
1506 3834 1837 3888 habitatores
1861 3833 2082 3888 Jerusa-

507 3943 524 3974 ι
565 3924 686 3978 lem.
725 3946 744 3976 ›
779 3925 885 3980 Pro
911 3926 1228 3997 languncula
1253 3927 1422 3998 figuli,
1450 3927 1567 3996 quae
1597 3925 1860 3981 Hebraice
1886 3926 2088 3982 dicitur

499 4025 671 4098 papa,
698 4013 992 4079 backebeck,
1016 4015 1161 4098 LXX
1183 4016 1435 4071 doliolum
1464 4016 1851 4071 transtulerunt
1878 4035 1889 4070 :
1917 4026 1970 4071 et
1987 4034 2087 4086 pro

502 4113 657 4173 porta
688 4104 838 4158 fictili
867 4105 1079 4173 Aquila,
1110 4105 1464 4175 Symmachus
1486 4115 1540 4159 et
1565 4105 1880 4170 Theodotio,
1909 4107 2084 4176 ipsum

500 4194 724 4248 verbum
770 4203 1064 4263 posuerunt
1108 4193 1431 4249 Hebraicum
1468 4203 1671 4258 n’D-in,
1713 4194 1937 4260 harsith,
1987 4210 2086 4264 pro

504 4297 610 4351 quo
637 4281 797 4347 LXX,
822 4281 979 4350 juxta
1009 4298 1212 4337 morem
1243 4298 1418 4347 suum,
1447 4297 1546 4351 pro
1572 4283 1898 4352 aspiratione
1921 4295 1961 4345 Π
1993 4283 2083 4338 lit-

506 4383 632 4426 tera:
675 4373 997 4426 addiderunt
1037 4393 1080 4445 χ
1129 4373 1409 4438 Graecum,
1450 4380 1510 4426 ut
1553 4372 1795 4427 dicerent
1841 4370 2084 4428 Charsith

504 4481 601 4535 pro
631 4465 832 4518 harsith
858 4481 877 4518 :
908 4465 1048 4519 sicut
1081 4463 1208 4516 illud
1239 4472 1323 4517 est
1359 4463 1569 4517 Hebron
1603 4481 1699 4533 pro
1728 4463 1996 4531 Chebron,
2028 4476 2085 4521 et

504 4570 601 4623 pro
641 4553 880 4618 Hieriho,
908 4552 1175 4607 Hiericho.
1210 4552 1333 4606 Vult
1361 4562 1540 4607 autem
1570 4552 1848 4622 Scriptura
1880 4555 2080 4622 divina,

506 4660 612 4698 non
647 4645 818 4698 solum
860 4646 1080 4700 auribus
1122 4645 1299 4699 doceri
1342 4645 1619 4714 populum,
1659 4647 1748 4699 sed
1793 4656 1847 4700 et
1891 4649 2079 4703 oculis.

507 4732 673 4802 Magis
695 4734 840 4787 enim
862 4741 915 4786 ut
931 4733 1044 4801 jam
1059 4735 1291 4789 diximus
1305 4743 1485 4789 mente
1513 4735 1771 4790 retinetur
1785 4738 1926 4804 quod
1941 4740 2080 4804 visu,

505 4838 666 4891 quam
700 4823 846 4892 quod
872 4824 1056 4877 auditu
1075 4824 1140 4877 ad
1171 4824 1406 4878 animum
1432 4825 1698 4894 pervenit.
1735 4845 1754 4878 ι
1789 4826 1960 4891 Tolle,
1994 4827 2079 4881 in-

507 4913 653 4979 quit,
684 4911 1020 4978 lagunculam
1047 4921 1271 4967 testeam
1297 4913 1432 4985 (sive
1463 4913 1734 4985 doliolum)
1765 4917 1829 4969 de
1857 4917 2082 4970 seniori-

509 5004 608 5054 bus
635 5001 813 5070 populi
845 5018 907 5055 ac
933 5004 1294 5068 sacerdotum,
1316 5013 1369 5058 et
1397 5007 1649 5074 egredere
1677 5007 1743 5060 ad
1772 5007 1960 5060 vallem
1987 5007 2082 5061 ﬁlii

510 5093 766 5152 Ennom,»
797 5093 864 5147 de
889 5108 994 5161 qua
1017 5109 1177 5161 supra
1214 5094 1445 5147 diximus
1479 5113 1491 5146 :
1527 5097 1616 5148 ubi
1651 5106 1766 5150 erat
1802 5097 2082 5151 delubrum

509 5182 654 5245 llaal,
696 5192 748 5236 et
781 5196 968 5236 nemus
1003 5198 1065 5236 ac
1111 5184 1280 5247 lucus,
1336 5183 1479 5239 Siloe
1523 5183 1759 5239 fontibus
1807 5187 2079 5256 irrigatus.

510 5272 625 5338 Ipsa
652 5276 854 5335 autem,
890 5271 1081 5340 inquit,
1111 5270 1431 5339 vallisjuxta
1459 5282 1668 5341 portam
1692 5283 1793 5338 est,
1821 5291 1939 5342 qua:
1973 5275 2079 5329 ﬂe-

513 5363 654 5414 brum
680 5377 925 5416 sermone
947 5373 1155 5432 nvo-1n,
1184 5367 1406 5431 harsith,
1436 5369 1535 5422 hoc
1563 5375 1645 5422 est
1671 5368 1869 5432 ﬁctilis,
1897 5369 2080 5436 appel-

514 5454 671 5506 latur.
723 5455 788 5506 Et
835 5459 1146 5524 prmdicabis
1169 5500 1183 5523 ,
1230 5459 1311 5512 vel
1350 5459 1492 5529 leges
1531 5460 1602 5513 ibi
1631 5462 1791 5514 verba
1827 5476 1946 5529 quae
1983 5475 2084 5528 ego

511 5543 700 5611 loquar
735 5553 940 5610 tecum,
979 5556 1036 5600 ut
1079 5548 1149 5602 ibi
1185 5549 1490 5614 audiantur,
1522 5564 1639 5618 quae
1665 5550 1904 5605 dicturus
1939 5566 2080 5605 sum.

512 5622 634 5687 Ideo
664 5644 842 5690 autem
886 5636 1016 5706 (jam
1047 5646 1104 5690 ut
1143 5639 1394 5709 diximus)
1434 5649 1487 5693 et
1525 5640 1850 5709 prwdicabis,
1889 5650 1941 5692 et
1971 5639 2081 5692 cla-

515 5728 696 5794 mabis,
746 5738 800 5783 et
847 5729 980 5800 leges
1027 5731 1260 5800 ponitur,
1310 5733 1434 5800 quia
1481 5733 1704 5788 verbum
1759 5732 2082 5786 Hebraicum

2112 3170 2159 3234 C

2109 4523 2162 4581 D

2191 1943 2258 1980 nc
2295 1942 2506 1996 semper
2542 1928 2877 1999 admoneam,
2910 1936 3113 1982 tantum
3147 1929 3247 1982 hoc
3275 1929 3480 1982 dixisse
3519 1929 3775 1992 sulliciat,

2189 2016 2462 2072 vitandam
2489 2018 2788 2073 istiusmodi
2813 2019 3242 2088 explanationem
3276 2023 3559 2088 esse,,imo
3597 2022 3775 2075 haere-

2191 2107 2313 2170 sim,
2341 2122 2458 2174 quaa
2487 2107 2770 2161 manifesta
2797 2110 3073 2173 subvertit,
3101 2118 3154 2162 et
3181 2111 3480 2180 praestigias
3509 2113 3775 2179 quasdam

2191 2194 2444 2249 Ecclesiis
2482 2195 2681 2250 Christi
2715 2207 2939 2251 conatur
2974 2199 3246 2252 inducere.
3286 2199 3423 2253 Nulli
3457 2211 3645 2254 autem
3680 2203 3776 2254 du-

2190 2286 2335 2339 bium
2365 2287 2493 2355 quin
2520 2288 2574 2340 in
2607 2287 2802 2357 templo
2825 2287 2917 2342 Dei
2944 2289 3068 2342 Baal
3105 2289 3302 2350 idolum
3332 2293 3636 2360 posuerint,
3662 2293 3776 2348 sive

2190 2375 2243 2428 iu
2273 2375 2515 2442 delubro,
2547 2378 2690 2446 quod
2714 2387 2830 2431 erat
2856 2378 2910 2432 in
2937 2379 3074 2433 valle
3104 2378 3197 2432 filii
3226 2378 3452 2446 Ennom,
3484 2383 3574 2436 ubi
3607 2393 3664 2436 et
3692 2383 3775 2436 lu-

2189 2481 2284 2520 cus
2322 2467 2466 2532 Baal,
2512 2477 2568 2522 et
2606 2483 2699 2521 ara
2737 2469 2854 2538 ejus
2889 2469 3008 2535 fuit,
3054 2484 3214 2538 super
3249 2486 3409 2540 quam
3449 2473 3775 2529 immolave-

2191 2570 2346 2625 runt,
2377 2569 2430 2614 et
2473 2561 2824 2616 incenderunt
2857 2561 2993 2617 ﬁlios
3039 2577 3187 2627 suos,
3227 2579 3345 2632 qua:
3373 2563 3638 2619 Dominus
3672 2581 3774 2620 nec

2189 2649 2460 2718 cogitavit,
2494 2663 2594 2704 nec
2640 2649 2849 2704 locutus
2877 2660 2979 2715 est,
3027 2667 3126 2704 nec
3171 2652 3527 2707 ascenderunt
3569 2657 3630 2711 in
3677 2672 3773 2711 cor

2189 2741 2305 2810 ejus
2332 2760 2344 2795 :
2379 2755 2485 2796 non
2511 2742 2653 2811 quod
2681 2741 2823 2796 Deus
2853 2741 3034 2797 futura
3088 2743 3358 2808 nescierit,
3388 2730 3484 2797 sed.
3512 2748 3664 2814 quod
3691 2748 3772 2800 in-

2189 2833 2348 2903 digna
2399 2847 2495 2887 sua
2541 2833 2732 2887 notitia
2787 2835 3036 2904 ignorare
3089 2848 3148 2888 se
3204 2834 3366 2900 dicat,
3408 2834 3559 2903 juxta
3635 2838 3771 2893 illud

2188 2922 2550 2992 evangelicum
2580 2940 2592 2976 :
2628 2941 2647 2973 ‹
2683 2921 2936 2978 Recedite
2961 2939 2989 2977 a
3019 2939 3132 2988 me,
3162 2924 3391 2993 Operarii
3423 2925 3768 2994 iniquitatis:

2188 2998 2370 3068 nescio
2397 3028 2494 3069 vos
2519 3012 2676 3085 (Luc.
2718 3014 2860 3084 xm).
2907 3034 2925 3066 ι
2960 3014 3120 3070 Novit
3160 3016 3304 3071 enim
3346 3017 3602 3071 Dominus
3648 3032 3766 3082 eos,

2188 3106 2279 3174 qui
2304 3106 2388 3160 sui
2421 3113 2547 3160 sunt
2575 3105 2664 3178 (ΙΙ
2697 3105 2830 3160 Tim.
2861 3109 2941 3178 ιι).
2980 3108 3048 3162 Et
3077 3126 3087 3161 :
3128 3126 3145 3159 ι
3177 3108 3276 3175 Qui
3305 3110 3510 3178 ignorat
3539 3109 3771 3179 ignora-

2189 3195 2333 3249 bitur
2368 3194 2422 3266 (I
2465 3194 2586 3250 Cor.
2611 3196 2742 3267 xn'),
2777 3215 2794 3248 ι
2824 3198 2905 3252 vel
2933 3207 3081 3253 certe
3104 3202 3523 3273 ἀνθρωποπάθως,
3556 3209 3616 3253 et
3647 3200 3770 3255 haec

2188 3287 2253 3341 de
2280 3285 2392 3341 Deo
2417 3287 2748 3356 accipienda,
2777 3288 2912 3342 sicut
2941 3299 2996 3342 et
3024 3289 3145 3342 alia.
3174 3289 3360 3344 Omnis
3383 3299 3555 3343 autem
3583 3289 3770 3344 betwe-

2189 3379 2328 3434 ticus
2354 3377 2676 3448 derelinquit
2714 3381 2901 3447 Deum,
2940 3390 2995 3436 et
3027 3382 3256 3437 alienum
3291 3383 3418 3437 facit
3453 3385 3629 3438 locum
3665 3385 3770 3441 ha-

2188 3471 2464 3526 bitationis
2499 3470 2622 3536 Dei,
2661 3487 2822 3542 quem
2860 3489 2956 3528 sua
2994 3473 3182 3529 fraude
3217 3476 3488 3545 polluerit,
3525 3484 3576 3530 et
3627 3478 3770 3533 libat

2188 3563 2292 3618 diis
2321 3562 2526 3628 alienis,
2557 3579 2692 3633 quos
2723 3580 2822 3620 nec
2852 3566 2963 3636 ipse
2999 3575 3241 3633 noverat,
3279 3584 3380 3623 nec
3406 3578 3581 3638 patres
3615 3569 3765 3638 ejus,

2189 3655 2413 3724 apostoli
2459 3654 2709 3710 videlicet
2752 3664 2806 3710 et
2847 3657 3124 3726 apostolici
3172 3658 3295 3710 viri.
3353 3658 3523 3726 Reges
3559 3656 3769 3714 autem

2187 3743 2321 3797 Juda
2339 3784 2353 3808 ,
2377 3744 2480 3798 hoc
2506 3753 2587 3798 est
2605 3745 2977 3799 haereticorum
2999 3746 3315 3815 patriarcha:
3332 3747 3548 3817 implent
3571 3749 3768 3807 locum

2188 3833 2454 3901 quondam
2484 3833 2601 3897 Dei,
2628 3837 2885 3904 sanguine
2915 3837 3254 3906 deceptorum
3283 3847 3338 3892 et
3366 3838 3766 3897 innocentium.

2187 3921 2301 3976 Nisi
2329 3922 2470 3975 enim
2501 3923 2694 3977 stultus
2719 3932 2772 3978 et
2798 3925 3022 3994 simplex
3050 3925 3233 3991 fuerit,
3263 3943 3369 3981 non
3392 3929 3495 3982 cito
3530 3930 3769 3984 subver-

2188 4013 2335 4066 titur.
2369 4013 2434 4066 Et
2462 4012 2728 4067 aediﬁcant
2752 4014 2960 4069 excelsa
2993 4015 3218 4080 Baalim,
3256 4018 3380 4071 dum
3415 4018 3478 4072 de
3509 4019 3769 4076 sublimi-

2186 4103 2286 4157 bus
2323 4103 2595 4171 disputare
2637 4119 2694 4157 sc
2728 4103 2930 4159 dicunt.
2978 4104 3042 4157 Et
3084 4107 3402 4162 comburunt
3447 4107 3582 4162 ﬁlios
3629 4127 3768 4167 suos

2188 4192 2346 4256 idolo,
2385 4208 2518 4261 quos
2548 4193 2598 4246 in
2627 4194 2817 4248 liaci'esi
2852 4205 3163 4264 genuerunt.
3209 4196 3336 4264 Qua:
3363 4199 3540 4252 omnia
3570 4201 3769 4256 Domi-

2185 4298 2286 4336 nus
2314 4283 2558 4352 iguorare
2586 4299 2642 4338 se
2672 4283 2822 4350 dicit,
2850 4300 2948 4340 nec
2977 4301 3210 4355 unquam
3238 4289 3543 4343 ascendisse
3577 4290 3637 4344 in
3671 4307 3770 4347 oo-

2185 4373 2494 4443 gitationem
2525 4390 2697 4428 suam.

2263 4478 2282 4510 ‹
2319 4459 2605 4528 Propterea
2643 4477 2770 4518 ecce
2798 4463 2913 4519 dies
2941 4466 3187 4531 veniunt,
3215 4467 3348 4522 dicit
3372 4468 3632 4526 Dominus
3663 4491 3678 4525 :
3710 4481 3766 4528 et

2193 4568 2212 4601 ι
2249 4565 2354 4604 non
2381 4553 2656 4604 vocabitur
2686 4553 2836 4609 locus
2863 4555 3212 4625 iste'amplius
3247 4557 3488 4627 Topheth
3519 4578 3531 4614 :
3563 4571 3617 4617 et
3646 4565 3764 4616 val-

2194 4659 2213 4691 ι
2251 4641 2315 4694 lis
2346 4640 2438 4694 filii
2469 4642 2695 4704 Ennom,
2725 4645 2817 4696 sed
2839 4645 2992 4698 vallis
3013 4647 3317 4702 occisionis.
3344 4669 3361 4700 ι
3395 4649 3536 4702 LXX
3566 4670 3578 4705 :
3617 4671 3638 4702 ι
3671 4653 3760 4709 ld—

2194 4750 2212 4781 (
2249 4731 2394 4786 circo
2421 4747 2546 4786 ecce
2573 4732 2685 4785 dies
2712 4733 2949 4797 veniunt,
2979 4735 3106 4788 dicit
3133 4735 3410 4802 Dominus,
3439 4750 3491 4793 et
3521 4758 3624 4803 non
3662 4760 3759 4799 vo-

2193 4842 2211 4874 (
2250 4825 2460 4879 cabitur
2484 4825 2631 4878 locus
2658 4826 2757 4878 iste
2782 4825 3008 4895 amplius
3043 4827 3196 4880 ruina
3221 4837 3276 4881 et
3309 4832 3630 4906 πολυάνδριον
3663 4835 3755 4889 filii

2194 4935 2211 4966 ‹
2250 4917 2476 4978 Ennom,
2507 4915 2597 4969 sed
2623 4914 2945 4990 πολυάνδριον
2973 4916 3276 4971 occisionis.
3302 4938 3320 4969 ι
3350 4919 3476 4985 Quae
3506 4921 3578 4974 sit
3601 4922 3755 4978 vallis

2191 5003 2284 5055 filii
2313 5003 2550 5068 Ennom,
2594 5017 2712 5070 qua:
2754 5001 3013 5057 Hebraice
3045 5003 3243 5057 dicitur
3267 5015 3488 5068 manu.
3531 5009 3672 5062 unde
3701 5020 3753 5065 et

2189 5093 2484 5161 gehennam
2511 5092 2826 5161 appellatam
2853 5102 3070 5162 putant,
3111 5111 3270 5164 supra
3308 5096 3560 5151 diximus.
3594 5099 3752 5154 Miror

2189 5191 2377 5245 autem.
2403 5182 2527 5249 quid
2554 5182 2653 5235 sibi
2681 5182 2943 5237 voluerint
2971 5183 3318 5254 Septuaginta
3357 5203 3456 5256 pro
3493 5186 3749 5257 Thopketlt

2188 5271 2490 5335 διάπτωσιν,
2516 5271 2616 5324 hoc
2647 5278 2730 5324 est
2765 5272 2966 5324 ruinam
2995 5288 3214 5341 ponere,
3244 5283 3298 5328 et
3337 5291 3433 5343 pro
3462 5277 3623 5340 valle,
3662 5300 3750 5332 πο-

2186 5361 2464 5433 λυάνδριον,
2489 5360 2630 5429 quod
2651 5360 2917 5428 significat
2942 5362 3178 5415 virorum
3207 5363 3625 5430 multitudinem,
3649 5367 3747 5420 nisi

2190 5454 2328 5508 forte
2368 5469 2433 5507 ex
2463 5468 2526 5506 eo
2555 5452 2693 5520 quod
2738 5452 2807 5506 ibi
2837 5452 3059 5521 populus
3087 5456 3370 5519 corruerit,
3413 5452 3488 5511 et
3510 5473 3644 5513 cassa
3684 5459 3748 5513 sit

2191 5543 2463 5598 hominum
2502 5541 2802 5608 multitudo,
2830 5542 2912 5594 vel
2947 5544 3296 5611 spiritualiter
3327 5544 3382 5599 in
3417 5562 3604 5602 errore
3637 5550 3749 5604 ido-

2184 5636 2432 5698 lolatriaz,
2475 5633 2558 5687 vel
2598 5633 2751 5702 juxta
2797 5633 3028 5688 litteram
3077 5651 3107 5688 a
3157 5636 3447 5706 Babylonio
3493 5641 3744 5702 exercitu,

2189 5727 2330 5797 quod
2358 5727 2410 5780 in
2438 5725 2887 5792 consequentibus
2912 5725 3248 5783 manifestius
3274 5727 3487 5797 legitur.
