3926 6332
145 358 240 411 961

1035 355 1400 412 EXPOSITIO
1436 335 1662 411 SUPER
1700 352 2066 408 JEREMIAM.
2107 382 2180 393 —
2215 353 2343 407 LIB.
2386 352 2516 408 VIII.

3295 351 3401 409 963

165 470 175 476 ’
221 486 240 519 ι
277 467 344 521 Et
366 466 637 537 dissipabo
658 467 939 521 consilium
962 466 1112 523 Judze
1132 477 1186 523 et
1208 467 1502 523 Jerusalem
1531 469 1582 522 in
1605 469 1724 523 loco
1751 466 1804 527 Α
1834 485 1852 516 ι
1889 475 2046 522 erunt
2086 467 2274 522 domus
2317 459 2643 532 Jerusalem,
2688 476 2742 521 et
2780 467 2970 522 domus
3015 480 3201 537 regum
3245 465 3402 536 Juda,

148 576 171 613 ι
207 560 340 624 isto,
369 543 422 614 et
459 560 767 614 subvertam
797 574 889 614 eos
918 561 1096 630 gladio
1133 561 1187 614 in
1227 569 1515 631 conspectu
1551 561 1733 615 inimi-

149 666 170 703 ι
207 664 398 704 eorum
443 662 686 712 suorum,
729 659 783 703 et
827 649 880 702 in
926 664 1088 702 manu
1131 650 1486 718 quaerentium
1522 649 1731 703 animas

149 758 169 794 ι
206 756 397 795 eorum
418 779 433 804 ,
461 751 514 794 et
545 741 682 795 dabo
712 741 974 796 cadavera
1001 755 1187 795 eorum
1213 757 1394 807 escam
1427 741 1732 796 volatilibus

151 849 169 882 ι
205 830 354 896 caeli,
387 819 441 885 et
465 830 654 886 bestiis
686 839 863 885 terra}.
893 831 959 885 Et
984 846 1180 900 ponam
1210 832 1482 886 civitatem
1512 833 1651 888 hanc
1675 833 1732 887 in

152 940 169 973 ‹
206 932 484 992 stuporem
515 930 568 975 et
598 922 652 975 in
681 921 917 976 sibilum.
951 921 1138 976 Omnis
1165 922 1256 991 qui
1292 924 1610 992 praeterierit
1636 938 1732 992 per

151 1033 168 1064 ι
203 1028 328 1068 eam
360 1014 727 1082 obstupescet,
755 1020 809 1067 et
837 1013 1072 1068 sibilabit
1109 1029 1271 1085 super
1299 1015 1550 1070 universa
1576 1014 1731 1085 plaga

151 1123 168 1156 ‹
205 1104 345 1173 ejus.
380 1104 446 1158 Et
483 1105 674 1159 cibabo
708 1120 803 1159 eos
840 1105 1093 1160 carnibus
1129 1105 1362 1160 ﬁliorum
1401 1121 1640 1170 suorum,
1678 1115 1735 1161 et

150 1213 170 1248 ι
207 1197 467 1252 carnibus
496 1197 728 1251 ﬁliarum
755 1212 973 1252 suarum
991 1238 1006 1262 ,
1042 1205 1096 1252 et
1121 1198 1489 1268 unusquisque
1516 1213 1734 1252 carnem

151 1309 171 1344 ‹
206 1291 372 1346 amici
401 1292 483 1346 sui
514 1292 757 1346 comedet
790 1291 844 1345 in
878 1291 1175 1356 obsidione,
1214 1299 1270 1345 et
1298 1292 1352 1345 in
1380 1292 1647 1361 angustia,
1680 1291 1734 1343 in

151 1403 168 1435 ι
202 1398 314 1454 qua
342 1384 666 1440 concludent
687 1398 781 1438 eos
810 1382 1009 1437 inimici
1039 1397 1255 1448 eorum,
1290 1392 1345 1436 et
1370 1383 1460 1452 qui
1489 1390 1737 1452 qu:erunt

151 1493 170 1526 ι
208 1476 424 1531 animas
450 1491 657 1531 eorum.
695 1494 713 1526 ι
757 1473 1070 1544 Quanquam
1112 1475 1227 1529 haec
1260 1484 1314 1529 et
1355 1475 1406 1529 in
1444 1474 1735 1546 Babylonia

146 1567 462 1636 captivitate
493 1567 752 1622 accidisse
791 1566 986 1635 populo
1030 1566 1364 1629 noverimus,
1408 1575 1584 1621 tamen
1625 1566 1737 1634 ple-

147 1656 275 1710 nius
306 1655 615 1710 referuntur
646 1655 714 1708 ad
753 1663 992 1725 tempora
1036 1654 1355 1720 Salvatoris,
1394 1657 1607 1725 quando
1643 1657 1737 1711 obc

148 1748 286 1802 sessi
315 1756 443 1801 sunt
467 1762 496 1800 a
525 1745 855 1815 Vespasiano
883 1754 937 1799 et
962 1746 1106 1810 Tito,
1128 1755 1182 1802 et
1207 1746 1397 1801 civitas
1420 1761 1608 1800 eorum
1631 1745 1738 1800 Ha-

149 1840 329 1893 driani
360 1838 692 1908 temporibus
719 1839 772 1891 in
798 1845 1028 1892 aeternos
1054 1839 1265 1894 cineres
1292 1839 1526 1909 collapsa
1551 1849 1657 1904 est,
1680 1848 1740 1894 ut
1766 1820 1813 1880 Β

148 1931 240 1998 qui
265 1930 578 1984 obtulerant
596 1929 734 1983 ﬁlios
761 1944 886 1984 suos
916 1929 1089 1994 idolis,
1125 1931 1226 1999 ipsi
1251 1947 1344 1986 eos
1369 1931 1739 2001 postea-famis

149 2023 482 2077 necessitate
529 2021 790 2091 compulsi
840 2024 894 2076 in
952 2022 1194 2076 ciborum
1237 2039 1390 2077 usum
1433 2031 1737 2089 verterent,

149 2131 459 2186 carnesque
490 2117 730 2170 omnium
766 2113 1025 2169 da'rentur
1062 2115 1369 2170 volatilibus
1402 2116 1522 2170 coeli
1558 2125 1612 2170 et
1648 2117 1742 2171 be-

149 2208 274 2263 stiis
317 2219 473 2262 terra:
508 2225 522 2260 :
557 2215 618 2261 ut
649 2208 742 2277 qui
776 2207 872 2261 Dei
904 2206 1218 2260 muneribus
1250 2207 1404 2262 abusi
1436 2187 1654 2261 fuerant
1686 2209 1740 2261 in

149 2298 520 2368 impietatem,
564 2307 620 2352 et
657 2298 876 2367 propria
923 2297 1131 2352 viscera
1170 2297 1326 2352 idolis
1367 2298 1740 2363 immolarant,

148 2398 375 2444 ventres
407 2404 532 2443 suos
562 2387 806 2457 sepulcra
838 2386 1079 2442 facerent
1114 2387 1426 2442 liberorum.

230 2498 250 2530 ι
298 2479 368 2532 Εῑ
403 2487 652 2533 conteres
689 2477 1027 2547 lagunculam
1069 2478 1121 2531 in
1157 2478 1326 2534 oculis
1351 2479 1608 2544 virorum,
1652 2480 1743 2549 qui

157 2587 178 2623 ι
221 2570 382 2625 ibunt
403 2571 502 2642 (vel
526 2569 892 2641 egredientur)
915 2571 1351 2637 tecum,etfdices
1373 2572 1438 2624 ad
1465 2585 1594 2624 eos:
1618 2569 1744 2625 Hmc

155 2678 177 2714 ι
219 2662 358 2718 dicit
389 2661 646 2720 Dominus
673 2658 1006 2715 exercituum
1035 2680 1046 2714 :
1075 2659 1165 2716 Sic
1186 2671 1463 2715 conteram
1489 2660 1744 2730 populum

155 2773 178 2809 ι
220 2764 394 2811 istum
417 2764 472 2810 et
498 2755 772 2809 civitatem
793 2755 958 2818 hanc,
980 2753 1117 2808 sicut
1139 2755 1438 2809 conteritur
1457 2769 1554 2808 vas
1573 2753 1741 2822 ﬁguli,

156 2864 178 2898 ι
221 2846 372 2916 quod
413 2861 520 2899 non
549 2853 728 2914 potest
752 2844 891 2898 ultra
915 2845 1223 2899 instaurari.
1263 2865 1280 2896 ›
1317 2845 1603 2914 Perspicue
1636 2860 1744 2899 non

151 2935 221 2990 de
273 2933 590 3003 Babylonia,
643 2934 736 2988 sed
776 2934 842 2989 de
887 2935 1128 2989 Romana
1170 2936 1367 2989 dicitur
1409 2935 1739 3004 captivitate.

151 3027 289 3082 Post
321 3026 644 3097 Babylonios
671 3027 868 3096 quippe
898 3035 952 3081 et
978 3028 1106 3083 urbs
1137 3029 1458 3092 instaurata,
1488 3037 1540 3082 et
1579 3042 1744 3096 popu-

152 3118 240 3172 lus
268 3118 524 3172 reductus
561 3118 613 3170 in
647 3115 908 3181 Judaeam,
939 3125 996 3172 et
1025 3118 1365 3172 abundantia:
1389 3118 1629 3187 pristina:
1665 3133 1748 3172 re-

153 3196 382 3261 stitutus
418 3214 518 3262 est.
560 3206 690 3260 Post
716 3207 1079 3275 captivitatem
1112 3215 1323 3271 autem,
1360 3222 1478 3276 quae
1517 3208 1616 3262 sub
1643 3206 1748 3263 Ve-

151 3298 416 3368 spasiano
459 3306 514 3350 et
559 3296 700 3362 Tito,
751 3305 806 3352 et
856 3306 1040 3366 postea
1091 3298 1289 3352 accidit
1336 3299 1433 3353 sub
1477 3297 1748 3351 Hadriano

151 3402 337 3456 usque
367 3386 432 3440 ad
459 3387 976 3441 consummationem
1008 3388 1188 3441 saeculi
1209 3428 1224 3452 ,
1255 3387 1424 3442 ruina:
1452 3386 1747 3441 Jerusalem

151 3492 531 3549 permansura:
565 3487 690 3532 sunt
715 3494 730 3530 :
759 3493 1066 3547 quanquam
1093 3479 1192 3534 sibi
1219 3478 1384 3534 Judaei
1417 3494 1631 3534 auream
1661 3495 1750 3533 ar-

152 3577 522 3642 genteamque
559 3576 720 3638 atque
754 3578 1078 3637 gemmatam
1119 3567 1414 3624 Jerusalem
1459 3571 1748 3625 restituen-

154 3659 288 3715 dam
335 3668 522 3728 putent
561 3678 573 3712 :
622 3675 943 3728 rursumque
982 3659 1232 3727 victimas
1271 3670 1324 3714 et
1363 3661 1654 3725 sacriﬁcia,
1697 3669 1752 3714 et

155 3751 415 3822 conjugia
468 3760 806 3817 sanctorum,
863 3761 918 3807 et
966 3766 1186 3822 regnum
1234 3752 1287 3805 in
1337 3754 1497 3807 terris
1541 3752 1751 3806 Domini

155 3845 488 3902 Salvatoris.
516 3846 644 3912 Quae
668 3847 792 3901 licet
814 3862 919 3901 non
951 3861 1257 3914 sequamur,
1287 3855 1467 3901 tamen
1497 3847 1754 3921 damnare

153 3953 272 3992 non
297 3951 582 4006 possumus
606 3951 620 3989 :
645 3936 768 4004 quia
797 3936 948 3990 multi
978 3936 1467 3991 ecclesiasticarum
1491 3935 1750 4001 virorum,

151 4035 212 4082 et
263 4022 536 4096 martyres
581 4026 685 4080 ista
729 4025 1004 4090 dixerunt,
1048 4035 1102 4081 et
1149 4027 1513 4096 unusquisque
1560 4027 1612 4079 in
1658 4042 1754 4080 suo

152 4133 332 4174 sensu
365 4118 632 4181 abundet,
669 4125 724 4171 et
760 4116 972 4171 Domini
1011 4126 1200 4172 cuncta
1237 4117 1440 4186 judicio
1471 4111 1752 4171 reserven-

154 4217 272 4263 tur.
311 4207 590 4275 Quomodo
617 4215 793 4261 autem
827 4222 923 4261 vas
963 4207 1148 4273 ﬁctile,
1182 4216 1235 4263 et
1262 4216 1525 4273 testeum,
1563 4208 1606 4261 si
1643 4207 1754 4261 fra-

153 4308 318 4354 ctum
352 4298 533 4362 fuerit,
565 4298 616 4351 in
653 4298 929 4367 antiquam
961 4299 1192 4368 speciem
1230 4317 1336 4355 non
1372 4308 1549 4369 potest
1586 4299 1758 4354 refor-

152 4391 308 4447 mari
342 4407 354 4443 :
393 4390 472 4444 sic
508 4398 562 4443 et
596 4389 823 4459 populus
855 4389 1163 4445 Judaaorum
1201 4399 1256 4447 et
1296 4390 1596 4446 Jerusalem
1631 4392 1758 4447 sub—

1837 575 1856 607 ‹
1891 555 2029 610 sicut
2056 556 2204 610 locus
2234 554 2478 625 Thopbet
2505 554 2631 626 (sive
2661 556 2872 627 ruinae).
2907 577 2924 608 ›
2959 556 3112 622 Quod
3136 566 3315 612 autem
3350 557 3407 612 in

1831 644 1973 700 LXX
2003 645 2250 711 infertur,
2289 663 2308 696 ‹
2344 646 2518 701 omnis
2545 647 2732 701 domus
2761 631 3126 718 regum'Juda,
3160 647 3298 702 sicut
3324 648 3405 704 lo—

1831 753 1927 793 cus
1949 737 2273 810 t'l‘bophetb,
2317 757 2336 790 ›
2380 737 2435 792 in
2471 736 2734 794 Hebraico
2777 754 2882 793 non
2923 738 3171 794 habetur.
3217 737 3285 792 Et
3322 752 3408 810 se-

1833 829 2014 898 quitur
2047 844 2063 883 :

1908 939 1928 973 (
1960 909 2252 977 Immundae
2289 936 2481 976 omnes
2518 920 2710 976 domus
2749 919 2803 974 in
2832 919 3063 989 quarum
3105 921 3410 977 domatibus

1840 1031 1859 1064 ‹
1895 1011 2023 1083 (sive
2055 1011 2234 1082 tectis)
2275 1011 2719 1067 sacriﬁcaverunt
2764 1012 2906 1064 omni
2943 1012 3143 1067 militia:
3172 1013 3326 1078 cmli,
3355 1019 3412 1068 et

1841 1121 1859 1154 ι
1896 1102 2200 1158 libaverunt
2232 1102 2486 1157 libamina
2517 1103 2619 1158 diis
2650 1101 2856 1157 alienis.
2895 1122 2913 1154 ι
2954 1097 3107 1170 Quod
3139 1121 3297 1174 supra
3327 1105 3408 1159 di-

1836 1201 1991 1248 xerat
2021 1211 2033 1246 :
2069 1210 2087 1242 ι
2119 1189 2237 1246 Νοη
2263 1193 2542 1247 vocabitur
2562 1192 2711 1247 locus
2732 1194 2832 1247 iste
2856 1193 3085 1262 amplius
3105 1193 3408 1264 Thophcth,

1835 1295 1891 1344 et
1908 1287 2064 1342 vallis
2086 1285 2320 1340 ﬁliorum
2340 1285 2566 1351 Ennom,
2592 1286 2685 1341 sed
2709 1285 2863 1340 vallis
2886 1284 3201 1350 Occisionis,
3224 1305 3242 1336 ›
3270 1301 3412 1341 nunc

1837 1380 1988 1448 ponit
2016 1379 2374 1445 manifestius,
2406 1381 2548 1449 quod
2580 1389 2728 1434 tanta
2759 1381 2810 1435 in
2842 1382 2958 1451 ipso
2987 1380 3105 1436 loco
3135 1379 3313 1434 futura
3346 1381 3416 1436 sit

1838 1472 2030 1536 caedes,
2060 1481 2117 1525 ut
2148 1472 2220 1526 ibi
2251 1473 2541 1526 acervatim
2577 1473 2799 1541 populus
2836 1473 3142 1541 sepeliatur,
3175 1485 3228 1527 et
3258 1457 3412 1528 lucus

1839 1564 2106 1633 quondam
2149 1563 2453 1633 religionis,
2490 1563 2602 1642 ﬁat’
2624 1565 2856 1618 tumulus
2892 1573 3247 1620 mortuorum.
3295 1566 3414 1634 Ipsa

1839 1657 2053 1725 quoque
2088 1656 2295 1719 civitas,
2335 1671 2455 1726 quae
2489 1655 2616 1710 huic
2661 1655 2904 1710 imminet
2945 1657 3096 1722 loco,
3138 1659 3229 1711 ﬁat
3275 1657 3416 1712 sicut

1844 1745 2158 1815 Thopheth,
2189 1762 2285 1815 pro
2310 1763 2416 1816 quo
2442 1746 2587 1801 LXX
2623 1748 2830 1801 ruinam
2868 1747 3273 1803 transtulerunt.
3306 1741 3417 1804 Do-

1841 1850 1963 1890 mus
1999 1850 2213 1905 quoque
2245 1835 2541 1892 Jerusalem
2581 1853 2872 1907 regumque
2904 1838 3098 1907 palatia
3141 1838 3193 1891 in
3236 1839 3418 1894 ruinas

1842 1925 2045 1980 similes
2090 1934 2492 1980 convertantur.
2543 1925 2822 1995 Causaque
2866 1928 3127 1992 redditur,
3171 1942 3236 1983 eo
3277 1928 3418 1997 quod

1841 2018 2134 2076 immundae
2157 2017 2375 2083 fuerint,
2407 2027 2463 2074 et
2487 2019 2802 2088 idololatriae
2829 2019 3045 2088 polluta:
3073 2020 3291 2084 scelere,
3322 2035 3420 2090 pro

1842 2122 1907 2161 eo
1936 2108 2080 2176 quod
2107 2108 2161 2170 in
2195 2107 2498 2162 domatibus
2525 2117 2579 2163 et
2611 2109 2766 2162 tectis
2795 2124 2980 2163 earum
3011 2110 3130 2172 soli,
3169 2119 3222 2164 et
3258 2110 3416 2176 lunae,

1842 2205 1897 2250 et
1933 2196 2102 2251 stellis
2135 2198 2258 2251 cmli
2295 2199 2817 2264 immolaverint,,et
2853 2201 3008 2253 thura
3038 2201 3417 2255 incenderint:

1844 2302 1944 2341 nec
1987 2287 2089 2342 hoc
2127 2285 2326 2342 fuerint
2361 2303 2542 2343 errore
2580 2289 2850 2354 contenti,
2895 2290 2989 2344 sed
3026 2289 3422 2346 immolaverint

1843 2378 2174 2434 daemonibus
2198 2389 2252 2434 et
2279 2379 2565 2436 libaverint
2595 2381 2697 2435 diis
2723 2380 2930 2435 alienis.

1922 2489 1940 2520 ‹
1975 2472 2133 2525 Venit
2160 2480 2336 2525 autem
2367 2469 2630 2526 Jeremias
2660 2472 2725 2525 de
2749 2470 3050 2540 Thopheth,
3072 2485 3178 2540 quo
3200 2470 3424 2526 miserat

1852 2579 1871 2612 ι
1907 2577 2032 2617 eum
2068 2562 2325 2617 Dominus
2361 2562 2427 2616 ad
2456 2562 2900 2632 prophetandum,
2931 2571 2986 2617 et
3009 2565 3160 2618 stetit
3193 2564 3247 2618 in
3287 2563 3425 2620 atrio

1853 2672 1871 2704 ι
1907 2655 2096 2708 domus
2115 2653 2416 2718 Domini,‘et
2437 2654 2573 2709 dixit
2586 2655 2650 2709 ad
2667 2669 2878 2709 omnem
2894 2657 3179 2725 populum:
3207 2655 3332 2711 Hac
3345 2656 3425 2712 di-

1853 2765 1872 2798 i
1908 2740 1985 2802 cit
2007 2748 2264 2803 Dominus
2291 2732 2623 2803 eiercituum
2651 2749 2790 2802 Deus
2821 2737 2983 2803 Israel
3011 2767 3024 2801 :
3050 2749 3187 2803 Ecce
3212 2764 3312 2818 ego
3337 2749 3423 2803 in-

1852 2856 1872 2888 ‹
1906 2839 2096 2892 ducam
2128 2852 2288 2907 super
2311 2839 2584 2894 civitatem
2602 2838 2763 2902 hanc,
2789 2847 2843 2892 et
2869 2853 3031 2908 super
3051 2823 3237 2895 omnes
3265 2840 3428 2896 urbes

1853 2944 1872 2977 ι
1906 2927 2023 2996 ejus
2068 2927 2318 2981 universa
2366 2928 2508 2982 mala
2553 2944 2670 2998 qua:
2720 2928 2925 2983 locutus
2973 2945 3092 2984 sum
3144 2931 3427 2986 adversum

1853 3040 1872 3072 ‹
1908 3036 2061 3086 eam,
2103 3022 2354 3090 quoniam
2402 3022 2786 3076 induraverunt
2830 3021 3092 3076 cervicem
3143 3038 3328 3088 suam,
3369 3030 3430 3078 ut

1856 3128 1874 3161 ‹
1912 3126 2020 3165 non
2044 3111 2296 3166 audirent
2330 3126 2605 3166 sermones
2629 3126 2796 3165 meos.
2830 3130 2847 3162 ›
2883 3111 3172 3180 Postquam
3205 3113 3258 3167 in
3287 3113 3428 3168 Tho-

1850 3203 2016 3272 phetb
2039 3203 2392 3272 praesentibus
2412 3202 2588 3272 populi
2615 3202 2933 3268 senioribus,
2956 3217 3091 3273 quos
3105 3204 3332 3260 duxerat
3347 3220 3429 3261 se-

1855 3313 1977 3352 cum
2005 3297 2286 3362 Jeremias,
2316 3298 2578 3368 confregit
2605 3298 2962 3369 lagunculam,
2993 3298 3104 3352 sive
3131 3296 3352 3362 dolium,
3376 3306 3431 3352 et

1850 3393 2193 3462 prophetavit
2241 3392 2420 3446 verbis
2469 3391 2679 3446 Domini
2727 3391 2794 3445 ad
2837 3391 3220 3445 conterendum
3265 3403 3432 3459 popu—

1851 3487 1996 3553 lum,
2033 3496 2095 3542 et
2115 3488 2388 3542 civitatem
2428 3486 2724 3541 Jerusalem
2767 3505 2779 3539 :
2821 3487 3111 3541 revertitur
3148 3495 3201 3541 et
3236 3486 3428 3542 statin

1852 3580 1990 3634 atrio
2016 3580 2205 3648 domus
2242 3580 2490 3644 Domini,
2522 3590 2577 3635 et
2612 3581 2873 3635 universae
2917 3580 3154 3650 loquitur
3186 3580 3429 3634 multitu-

1851 3669 2000 3735 dini,
2046 3684 2164 3738 qua:
2202 3670 2268 3724 ad
2303 3669 2482 3724 locum
2522 3668 2799 3739 Thopheth
2841 3669 2917 3723 ire
2955 3668 3245 3723 noluerat:
3288 3668 3450 3738 quod.

1854 3761 2173 3816 inducturus
2212 3761 2282 3816 sit
2311 3760 2567 3816 Dominus
2609 3775 2768 3829 super
2801 3760 3070 3814 civitatem
3112 3759 3425 3822 Jerusalem,

1853 3859 1908 3904 et
1935 3865 2096 3918 super
2119 3864 2305 3904 omnes
2330 3851 2489 3904 urbes
2510 3848 2624 3916 ejus
2647 3848 2897 3903 universa
2925 3848 3064 3902 mala
3084 3865 3202 3917 qua:
3225 3846 3458 3902 locutus.

1855 3941 1925 3995 sit
1963 3941 2245 3995 adversum
2278 3955 2418 3995 eam.
2471 3939 2538 3992 Et
2599 3953 2666 3993 ne
2711 3946 2959 4008 putemus
3007 3937 3276 3993 crudelem
3319 3949 3439 3992 esse

1855 4030 2206 4096 sententiam,
2235 4030 2411 4095 reddit
2446 4044 2637 4083 causas
2667 4044 2770 4098 cur
2802 4029 3117 4084 inducturus
3137 4026 3223 4081 sit
3248 4026 3388 4081 mala
3420 4021 3433 4079 ἐ

1860 4143 1880 4175 ‹
1913 4123 2208 4190 Quoniam,
2241 4123 2442 4192 inquit,
2470 4122 2852 4178 induraverunt
2878 4121 3141 4175 cervicem
3172 4135 3346 4179 suam,
3378 4126 3439 4172 ut

1856 4229 1962 4270 non
1981 4214 2227 4268 audirent
2249 4225 2524 4266 sermones
2539 4227 2707 4275 meos,
2741 4231 2758 4262 ›
2793 4219 2989 4282 nepost
3003 4211 3200 4266 multas
3223 4209 3439 4280 quidem

1856 4303 2161 4372 impietates
2190 4301 2432 4357 volentes
2459 4318 2619 4373 agere
2648 4301 3036 4371 poenitentiam.

2456 4413 2683 4469 CAPUT
2721 4413 2838 4468 XX.

150 4495 330 4536 Versa
357 4481 876 4581 διδίξηθηβτίδίίηυῖη
911 4497 1016 4581 ξτοῐξ
1047 4482 1336 4581 δθδξειξυηίς
1376 4481 1616 4581 Denique
1783 4521 1835 4581 D
1860 4503 2116 4558 Jeremias
2138 4506 2426 4581 percutitur
2445 4513 2492 4557 et
2513 4505 2791 4581 ponilurin
2809 4504 3226 4581 c_ustod_iam,_qi_ti
3241 4505 3439 4581 plangit

153 4586 290 4626 sum
338 4580 422 4624 est
467 4570 624 4625 hodie
671 4586 867 4626 nomen
913 4573 1082 4641 ipsius
1127 4573 1384 4636 civitatis,
1425 4581 1479 4627 et
1506 4574 1572 4627 ab
1609 4572 1752 4628 IElio

152 4659 447 4716 Hadriano
470 4659 611 4714 Elia
636 4661 834 4716 dicitur
863 4681 875 4716 :
909 4658 1112 4717 etcum
1147 4662 1478 4716 habitatione
1501 4663 1750 4732 pristina,

152 4755 461 4824 pristinum
488 4770 698 4825 quoque
731 4764 940 4810 nomen‘
960 4757 1142 4811 amisit
1165 4757 1232 4810 ad
1258 4756 1630 4812 decutiendam
1664 4773 1754 4810 su-

151 4844 419 4916 perbiam
448 4845 807 4901 habitatorum
842 4848 977 4917 ejus.
1016 4847 1226 4902 Sancta:
1260 4855 1438 4902 autem
1466 4847 1671 4913 crucis,
1701 4856 1758 4902 et

154 4936 591 4991 resurrectionis
616 4938 898 5002 vocabula,
931 4954 1035 4993 non
1075 4938 1262 4993 urbem
1298 4938 1597 5008 signiﬁcant
1617 4979 1631 5002 ,
1663 4939 1758 4994 sed

153 5026 398 5082 locum:
433 5041 532 5082 nec
597 5021 905 5084 divitiarum
967 5031 1236 5100 quondam
1306 5031 1787 5101 magnitudinem,-

151 5133 266 5191 per
292 5134 458 5187 quam
481 5119 645 5188 periit
670 5120 898 5189 populus
923 5121 1252 5186 Judaeorum,
1275 5123 1368 5176 sed
1389 5121 1617 5192 gloriam
1636 5137 1762 5177 san-

153 5206 406 5271 ctitatis,
431 5222 593 5276 quam
606 5215 798 5283 nostra
817 5210 1144 5279 paupercula
1165 5210 1405 5279 possidet
1424 5210 1760 5278 Bethlehem,

153 5313 278 5353 non
312 5297 518 5354 habens
546 5309 818 5361 aurumet
843 5316 1103 5371 gemmas,
1135 5304 1228 5358 sed
1257 5319 1448 5373 panem
1474 5304 1566 5374 qui
1600 5304 1656 5358 in
1695 5318 1759 5359 ea

153 5396 338 5444 natus
362 5397 465 5442 est.

156 5516 178 5529 .
242 5500 264 5532 ι
302 5480 374 5535 Et
393 5481 447 5535 in
473 5481 720 5551 Topheth
740 5475 1064 5554 sepelientur
1084 5485 1183 5555 (vel
1212 5484 1510 5560 sepelierit),
1531 5500 1597 5542 eo
1617 5486 1762 5558 quod

163 5587 189 5623 ι
230 5587 348 5626 non
374 5573 446 5626 sit
469 5574 606 5628 alius
634 5575 784 5630 locus
810 5576 874 5631 ad
903 5575 1284 5656 sepeliendum.
1313 5577 1401 5632 Sic
1427 5578 1762 5633 faciamloco

165 5679 192 5718 α
232 5663 394 5727 huic,
420 5665 494 5718 ait
525 5665 800 5732 Dominus,
824 5677 879 5722 et
899 5667 1291 5724 habitatoribus
1311 5667 1423 5735 ejus
1448 5687 1459 5722 :
1485 5677 1539 5722 et
1564 5684 1760 5738 ponam

167 5770 193 5811 ι
233 5756 519 5812 civitatem
557 5759 712 5813 istam
739 5760 878 5814 sicut
904 5759 1152 5829 Thophet
1180 5759 1307 5825 (sive
1327 5770 1384 5814 ut
1410 5762 1663 5831 ruinam)!
1697 5762 1764 5816 Et

1979 4590 2136 4643 super
2159 4575 2350 4645 papula
2378 4591 2494 4638 suo,
2530 4583 2577 4627 et
2603 4573 2865 4626 maledicit
2893 4574 2996 4628 diei
3028 4573 3330 4630 nativitatis.

1937 4686 1956 4719 ε
1992 4668 2058 4722 Et
2097 4668 2300 4722 audivit
2337 4668 2576 4722 Phassur
2613 4667 2753 4721 ﬁlius
2791 4666 3007 4720 Emmer
3041 4669 3312 4732 sacerdos,
3348 4669 3442 4740 qui

1869 4778 1888 4811 ‹
1926 4759 2249 4814 constitutus
2287 4766 2406 4813 erat
2439 4759 2691 4828 princeps
2724 4757 2776 4813 in
2819 4757 2975 4812 domo
3013 4756 3253 4821 Domini,
3292 4756 3441 4814 Jere-

1869 4870 1889 4901 ι
1927 4850 2086 4904 miam
2123 4851 2531 4920 pr0phetantem
2570 4863 2843 4904 sermones
2887 4850 3038 4903 istbs.
3082 4849 3148 4903 Et
3181 4849 3446 4919 percussit

1872 4960 1891 4992 ‹
1925 4940 2166 4996 Phassur
2205 4939 2489 4997 Jeremiam
2533 4941 2885 5010 prophetam,
2935 4947 2991 4994 et
3032 4940 3179 4994 misit
3217 4954 3339 4992 eum
3384 4939 3440 4994 in

1871 5052 1890 5084 ι
1925 5047 2171 5098 nervum,
2202 5033 2342 5103 quod
2371 5040 2486 5087 erat
2515 5032 2568 5085 in
2598 5040 2754 5100 porta
2780 5029 3055 5098 Benjamin
3092 5029 3352 5100 superiori
3377 5029 3451 5084 in-

1869 5140 1888 5174 ι
1923 5106 2084 5179 domo
2111 5123 2340 5178 Domini.
2374 5141 2392 5173 )
2427 5122 2532 5177 Pro
2561 5119 2799 5175 Phassur
2825 5120 3176 5192 Septuaginta
3209 5130 3442 5177 transtu-

1862 5213 2045 5269 lerunt
2090 5214 2343 5278 ΡΙιαδσον,
2391 5215 2480 5284 qui
2523 5215 2908 5283 interpretatur
2942 5215 3048 5268 oris
3084 5214 3294 5284 nigredo
3329 5228 3349 5266 :
3387 5221 3444 5268 et

1861 5321 1960 5376 pro
1987 5323 2160 5372 nervo,
2192 5321 2349 5376 quem
2376 5299 2489 5361 ‘nos
2516 5305 2767 5378 diximus,
2800 5303 3149 5375 Septuaginta
3186 5314 3242 5360 et
3267 5305 3443 5360 Theo-

1865 5401 2013 5456 dotio
2030 5410 2243 5456 vertere
2263 5409 2561 5454 cataracten
2582 5417 2601 5454 :
2626 5397 2994 5469 Symmachus,
3016 5398 3440 5474 βασανιστήριον,

1863 5490 1978 5545 sive
2006 5492 2427 5565 στριϐλωτήριον,
2460 5490 2601 5559 quod
2639 5496 2907 5556 utrunque
2945 5496 3199 5541 tormenta
3239 5486 3446 5557 signiﬁ-

1864 5589 1972 5647 cat,
1998 5597 2096 5637 nos
2133 5591 2312 5636 autem
2345 5598 2554 5636 nervum
2585 5580 2818 5634 diximus
2846 5595 2995 5634 more
3025 5579 3231 5650 vulgari
3256 5597 3269 5632 :
3296 5578 3440 5648 quod

1865 5673 2324 5745 tormenti'genus
2361 5673 2524 5729 etiam
2566 5673 2618 5726 in
2656 5672 2877 5727 Actibus
2911 5671 3273 5742 apostolorum
3316 5668 3445 5740 legi-

1867 5777 1986 5817 mus
2018 5762 2152 5817 IAN.
2187 5764 2317 5832 xvi),
2358 5763 2572 5832 quando
2614 5761 2837 5833 apostoli
2878 5761 3072 5816 Paulus
3115 5771 3168 5816 ct
3210 5760 3350 5817 Silas
3383 5759 3443 5816 in
