3926 6340
525 363 630 443 9.63

1160 357 1514 434 BKRABANI
1552 361 1772 445 MAUR}
1809 359 2125 416 ARCHIEP.
2165 360 2472 418 MOGUNT.
2510 360 2793 417 OPERUM
2832 359 3010 415 PARS
3047 361 3132 415 ιιι.

3695 357 3792 415 υὸδ

525 473 824 528 custodiam
852 474 1089 530 carceris
1112 475 1224 530 dati
1251 484 1399 529 sunt.
1431 475 1538 530 Iste
1566 486 1746 531 autem
1783 483 1900 530 erat
1922 475 2104 545 ponti-
2128 477 2178 536 Α
2212 492 2230 525 ι
2268 489 2540 543 pavorem,
2585 483 2641 528 te
2684 483 2738 529 et
2782 489 2970 530 omnes
3009 475 3212 528 amicos
3252 483 3398 537 tuos,
3437 479 3492 538 et
3536 481 3796 528 corr-nent

527 563 615 619 fex
645 562 865 632 templi,
896 572 950 618 et
989 564 1115 619 data
1150 565 1254 620 sibi
1280 566 1570 621 sacerdotii
1597 567 1857 637 dignitate
1896 567 1950 620 in
1985 579 2112 632 per-

526 668 741 708 versum
769 655 1011 709 abutitur
1047 675 1058 708 :
1096 670 1208 710 non
1234 663 1293 709 ut
1318 656 1542 722 doceat,
1572 663 1627 711 et
1663 670 1912 711 sermone
1939 656 2110 709 corri-

510 735 657 814 piat,
689 745 782 800 sed
825 753 883 798 ut
919 744 1244 799 cruciatibus
1285 753 1505 800 terreat.
1554 744 1709 800 Unde
1746 753 1802 800 et
1841 741 2109 810 Salvator,

526 841 582 890 et
612 835 889 904 apostolus
932 835 1130 892 Paulus
1163 834 1407 903 iussione
1443 833 1714 906 pontiﬁcis
1753 830 2110 896 verberantur

528 913 710 995 (Ιοαιι.
742 941 865 993 xix;
895 927 1012 981 Act.
1039 928 1172 998 xw).
1203 926 1314 982 Nec
1339 927 1557 991 mirum,
1585 925 1631 981 si
1656 925 1816 980 hodie
1841 925 1982 979 servi
2009 923 2109 990 Dei

527 1016 802 1083 caedantur
839 1034 876 1072 a
917 1017 1155 1073 Pbascor
1194 1027 1250 1074 et
1295 1018 1579 1089 mittantur
1622 1017 1678 1071 in
1723 1031 1999 1072 carcerem
2037 1023 2109 1073 ac

525 1105 770 1162 horribili
791 1107 1041 1162 custodia
1069 1107 1430 1164 reserventur.
1477 1107 1648 1163 Datur
1678 1109 1829 1163 enim
1864 1093 1979 1164 haec
2004 1122 2107 1177 po-

527 1205 692 1257 testas
730 1213 760 1251 a
789 1198 922 1262 Deo,
957 1207 1014 1252 ut
1039 1201 1424 1269 prophetarum
1453 1198 1769 1254 ostendatur
1790 1198 1930 1253 ﬁdes
1961 1215 1975 1250 :
2006 1212 2109 1252 nec

526 1293 707 1340 tamen
753 1287 926 1356 major
948 1296 1030 1341 est
1059 1287 1166 1353 ille,
1194 1288 1283 1358 qui
1315 1288 1473 1341 caedit
1493 1327 1509 1354 ,
1541 1287 1635 1344 sed
1665 1277 1861 1342 fortior
1889 1272 1990 1342 iste
2015 1286 2108 1356 qui

523 1375 766 1432 caeditur.
821 1375 889 1430 Et
945 1376 1212 1445 patienter
1255 1377 1520 1447 prOpheta
1572 1376 1798 1446 suscipit
1842 1375 2108 1444 judicium

524 1463 650 1530 Dei,
681 1478 781 1519 nec
808 1465 1066 1520 reclamat
1094 1466 1163 1521 ad
1190 1466 1446 1534 verbera,
1483 1466 1576 1522 sed
1605 1466 1912 1521 considerat
1937 1465 2108 1534 impe-

523 1563 752 1610 rantem.
769 1549 1010 1612 'Emmer
1033 1555 1257 1613 verbum
1287 1547 1461 1634 sonat,
1493 1555 1560 1612 de
1587 1572 1694 1628 quo
1720 1570 1861 1628 sape
1885 1555 2108 1626 nigredo

521 1661 813 1722 generatur
850 1670 863 1705 :
903 1667 1009 1707 non
1042 1651 1288 1721 parentis
1317 1651 1466 1716 vitio,
1503 1651 1598 1706 sed
1639 1651 1846 1729 scelere
1880 1651 2107 1722 degene—
2139 1685 2142 1688 -

486 1793 490 1798 .
521 1744 713 1798 rantis.
767 1743 1114 1798 Tormentum
1140 1752 1358 1809 autem,_
1389 1758 1495 1812 quo
1523 1744 1796 1798 cruciatur
1817 1743 2102 1812 propheta,

521 1834 736 1889 videtur
759 1835 821 1888 in’
849 1842 1003 1904 parte
1029 1834 1280 1899 dexteraa,
1311 1835 1456 1904 quod
1500 1836 1884 1905 interpretator
1919 1833 2108 1905 Benja-
2137 1815 2183 1881 Β

523 1926 633 1980 min
664 1945 677 1980 :
716 1934 771 1980 ct
808 1925 862 1979 in
894 1922 1047 1996 porta
1088 1925 1337 1990 sublimi,
1362 1941 1488 1995 qua:
1525 1941 1632 1980 non
1658 1927 1942 1981 veritatem
1971 1924 2112 1978 indi-

521 2026 627 2082 cat,
659 2014 753 2072 sed
774 2013 1032 2084 injustam
1059 2014 1329 2085 pontiﬁcis
1356 2011 1696 2085 potestatem.

599 2124 617 2156 ι
653 2103 897 2175 Cumque
924 2099 1188 2162 illuxisset
1217 2105 1271 2160 in
1312 2107 1632 2171 crastinum,
1662 2103 1848 2162 eduxit
1872 2103 2110 2160 Pbassur

527 2216 545 2249 ι
583 2193 871 2252 Jeremiam
898 2199 963 2254 de
989 2213 1171 2262 nervo,
1196 2207 1251 2253 et
1275 2198 1412 2252 dixit
1434 2198 1501 2253 ad
1524 2215 1647 2254 eum
1666 2197 1930 2254 Jereniias
1954 2216 1966 2252 :
1991 2197 2111 2255 Non

528 2307 546 2341 ι
583 2289 820 2345 Pbassur
849 2291 1061 2361 vocavit
1099 2287 1361 2367 Dominus
1390 2307 1587 2348 nomen
1614 2301 1782 2355 tuum,
1814 2291 1908 2347 sed
1946 2306 2112 2360 pavo-

528 2401 546 2434 ι
587 2398 699 2438 rem
726 2384 981 2452 undique.
1017 2403 1035 2435 ι
1071 2374 1138 2438 Εἰ
1163 2384 1252 2438 hic
1276 2376 1387 2438 tam
1411 2400 1609 2441 nomen
1625 2383 1920 2454 pontificis,
1944 2398 2109 2454 quam

523 2475 780 2529 tormenti
818 2489 993 2545 genus
1038 2476 1285 2531 similiter
1329 2491 1490 2547 supra
1536 2492 1726 2533 omnes
1767 2477 2110 2547 interpretati

521 2565 667 2620 sUnt.
705 2563 943 2618 Mutatur
972 2559 1150 2619 autem
1182 2580 1378 2624 nomen
1410 2567 1699 2637 pontificis,
1724 2574 1784 2621 ut
1805 2582 1870 2621 ex
1895 2567 2111 2622 nomine

520 2651 824 2709 futurorum
861 2655 1181 2726 supplicium
1217 2649 1700 2712 demonstraretur.
1735 2655 2105 2726 Nequaquam,

519 2741 710 2813 inquit,
742 2744 966 2800 habebis
994 2745 1106 2799 oris
1133 2745 1490 2814 nigredinem,
1521 2757 1573 2801 et
1596 2746 1794 2815 iniquae
1822 2745 2108 2815 imperium

518 2833 818 2903 potestatis,
844 2835 937 2889 sed
960 2835 1204 2904 captivus
1225 2835 1436 2891 duceris
1457 2831 1808 2907 Babylonem.
1834 2835 1946 2891 Hoc
1966 2837 2109 2892 enim

519 2924 788 2995 significat
825 2942 983 2994 pavor
1026 2926 1250 2995 undique
1293 2925 1406 2979 sive
1436 2943 1530 2994 per
1565 2927 1871 2990 circuitum,
1910 2935 1970 2980 ut
2005 2935 2110 2980 tre-

519 3033 672 3072 mens
697 3026 750 3073 et
773 3018 1002 3087 propria:
1027 3018 1213 3072 salutis
1238 3019 1476 3073 incertus
1498 3020 1604 3073 huc
1629 3015 1859 3089 illucque
1884 3019 2110 3074 circum-

519 3107 748 3178 spicias,
784 3115 838 3162 et
871 3104 1146 3162 venientes
1181 3107 1371 3162 contra
1397 3116 1453 3177 te
1492 3109 1831 3164 adversarios
1865 3109 2110 3165 reformi-

519 3175 632 3252 des.
675 3183 803 3256 'Pro
870 3215 1057 3269 pavore
1097 3195 1238 3269 quod
1284 3199 1340 3254 in
1385 3198 1650 3256 Hebraico
1697 3201 1954 3274 scriptum
2002 3211 2105 3269 est,
2135 3175 2180 3238 ο

516 3295 662 3350 'nm
681 3280 826 3342 LXX
849 3298 904 3344 et
933 3283 1251 3356 Theodotio,
1275 3292 1524 3361 μέτοικον,
1553 3290 1606 3344 id
1633 3298 1738 3357 est,
1763 3293 2070 3362 migrantem
2089 3333 2104 3361 ,

519 3379 726 3450 Aquiiae
766 3382 1002 3436 secunda
1033 3380 1222 3447 editio,
1251 3383 1609 3453 peregrinum,
1651 3383 1847 3453 prima,
1883 3385 2107 3437 circum-

518 3472 836 3541 spicie'ruem,
888 3470 1249 3542 Symmachus
1285 3470 1683 3548 abfat‘umhsiVe
1712 3480 2102 3542 congregatum,

516 3571 571 3618 et
598 3573 856 3629 coactum,
885 3563 1222 3632 interpretati
1251 3571 1395 3617 sunt.

597 3672 615 3704 ‹
645 3652 789 3719 Quia
827 3653 946 3708 haec
979 3649 1109 3707 dicit
1147 3652 1406 3708 Dominus
1436 3671 1449 3707 :
1481 3653 1620 3709 Ecce
1645 3669 1745 3726 ego
1783 3653 1922 3708 dabo
1961 3659 2013 3708 te
2055 3653 2108 3707 in

2217 583 2236 616 ι
2266 565 2450 636 gladio
2486 566 2828 620 inimicorum
2859 581 3077 620 suorum
3108 583 3120 617 :
3151 574 3202 619 et
3233 565 3372 618 oculi
3404 564 3483 617 tui
3517 563 3790 618 videbunt.

2197 673 2236 706 -ί
2270 653 2339 708 Ει
2363 669 2581 708 omnem
2599 652 2796 708 Judam
2823 655 2960 708 dabo
2990 655 3041 707 iu
3069 669 3286 706 manum
3313 655 3458 722 regis
3481 652 3793 721 Babylonis,

2217 755 2327 802 r-et
2355 747 2603 801 traducet
2641 762 2734 802 eos
2774 747 2828 800 in
2875 745 3231 817 Babylonem,
3279 753 3336 799 et
3382 745 3652 815 percutiet
3702 757 3794 796 eos

2214 857 2234 890 ι
2264 839 2449 912 gladio
2478 859 2491 893 :
2524 839 2591 893 Et
2625 839 2766 893 dabo
2791 839 3095 894 universam
3131 839 3491 894 substantiam
3522 837 3657 907 (sive
3688 835 3797 890 foe-

2216 947 2234 982 t
2265 930 2573 1000 titudinem)
2599 930 2836 984 civitatis
2865 929 3038 996 hujus,
3067 937 3121 982 et
3141 944 3356 984 onmem
3385 929 3628 984 laborem
3653 926 3793 997 ejus,

2216 1037 2235 1071 ι
2271 1035 2535 1090 omneque
2569 1021 2801 1090 pretium
2839 1019 2975 1090 (sive
3004 1019 3282 1089 gloriam),
3323 1028 3378 1073 et
3415 1027 3644 1072 cunctos
3673 1016 3796 1070 the-

2215 1129 2234 1164 c
2271 1126 2460 1166 sauros
2501 1126 2686 1182 regum
2728 1110 2886 1174 Juda,
2921 1110 3058 1165 dabo
3092 1109 3146 1163 in
3187 1108 3798 1163 manum'inimieornm

2217 1223 2234 1256 ‹
2261 1219 2478 1269 eorum,
2519 1213 2576 1259 et
2619 1203 2871 1273 diripient
2907 1216 3029 1265 eos,
3071 1207 3126 1254 et
3171 1197 3360 1254 tollent
3404 1208 3459 1252 et
3499 1198 3699 1251 ducent
3740 1196 3797 1250 in

2216 1313 2234 1346 ι
2269 1295 2618 1366 Babylonem.
2655 1292 2733 1347 Tu
2758 1301 2965 1356 autem,
2998 1291 3252 1355 Pbassur,
3287 1298 3343 1344 et
3367 1302 3559 1343 omnes
3588 1286 3798 1359 habita-

2217 1404 2234 1435 i
2277 1393 2420 1440 tores
2447 1386 2639 1439 domus
2669 1393 2803 1448 tuze,
2842 1382 2986 1437 ibitis
3019 1382 3072 1435 in
3099 1381 3486 1452 captivitatem,
3523 1385 3581 1430 et
3616 1376 3671 1430 in
3701 1375 3798 1428 Ba-

2215 1495 2235 1528 ‹
2270 1477 2518 1548 bylonem
2554 1475 2757 1539 venies,
2790 1482 2845 1528 et
2870 1473 2942 1527 ibi
2978 1472 3239 1535 morieris,
3270 1472 3456 1540 ibique
3494 1465 3797 1537 sepelieris,

2215 1586 2234 1618 ι
2273 1577 2326 1621 ιιι
2355 1577 2409 1622 et
2437 1581 2624 1622 omnes
2654 1565 2812 1619 amici
2857 1564 2933 1617 tui
2973 1563 3025 1616 in
3054 1560 3248 1630 quibus
3279 1551 3620 1629 prophetasti
3651 1571 3791 1611 men—

2217 1679 2236 1711 ‹
2273 1660 2506 1714 decium.
2538 1678 2556 1711 ι
2592 1657 2752 1713 Juxta
2779 1655 3113 1726 superiorem
3141 1651 3796 1721 interpretationem,qua

2212 1751 2447 1806 Phassur
2474 1765 2668 1804 nomen
2706 1747 2882 1803 fuerat
2924 1747 3295 1808 immutatum,
3336 1752 3398 1797 ut
3435 1740 3797 1812 appellaretur

2209 1847 2380 1904 nun,
2418 1857 2606 1895 omnes
2656 1839 2904 1894 similiter
2943 1839 3366 1901 transtulerunt,
3413 1844 3475 1890 ut
3516 1834 3794 1903 signiﬁca-

2212 1940 2332 1986 rent
2365 1931 2446 1985 vel
2471 1947 2744 2000 pavorenL,
2781 1928 2863 1983 vel
2888 1927 3384 1998 peregrinationem,
3416 1925 3503 1980 vel
3538 1923 3794 1978 sublatio-

2211 2041 2350 2089 nem,
2380 2031 2435 2079 et
2457 2023 2878 2087 translationem,
2916 2029 2971 2076 et
2996 2021 3477 2090 commigrationem
3511 2033 3530 2071 :
3568 2016 3794 2075 commi-

2209 2124 2473 2184 naturque
2502 2128 2631 2168 eum
2663 2127 2788 2166 cum
2828 2111 3016 2170 amicis
3052 2111 3163 2164 suis
3189 2109 3302 2177 jam
3323 2110 3547 2178 jamque
3577 2109 3795 2178 capien-

2208 2203 2366 2267 dum,
2404 2202 2827 2271 tradendumque
2865 2201 3100 2256 hostium
3137 2199 3408 2263 manibus,
3451 2209 3508 2253 et
3540 2207 3794 2253 cunctum

2208 2294 2460 2369 populum
2501 2294 2674 2347 tribus
2712 2291 2881 2356 Iudae,
2920 2290 3199 2360 Babylonii
3241 2291 3382 2359 regis
3412 2289 3668 2342 manibus
3700 2287 3792 2340 ob-

2211 2385 2486 2440 tinendum
2522 2403 2536 2436 :
2573 2383 2813 2452 aliosque
2853 2382 3253 2437 interficiendos
3289 2377 3486 2451 gladio,
3529 2379 3668 2433 alios
3703 2378 3793 2432 du-

2210 2477 2409 2536 cendos
2456 2477 2524 2531 in'
2559 2460 2956 2546 captivitatem,
3003 2485 3058 2529 et
3104 2474 3382 2548 universas
3425 2472 3646 2527 divitias
3690 2481 3792 2524 tam

2209 2570 2380 2633 urbis,
2413 2583 2574 2638 quam
2602 2569 2980 2622 thesaurorum
3020 2566 3291 2636 regiorum
3317 2566 3385 2620 ab
3413 2564 3654 2619 inimicis
3680 2577 3796 2618 esse

2211 2661 2502 2732 capiendas
2534 2681 2546 2714 :
2582 2649 2860 2731 ipsumque
2891 2661 3122 2714 Pliassur
3148 2674 3268 2714 cum
3298 2658 3446 2728 omni
3477 2657 3796 2727 cognatione

2209 2765 2305 2818 sua
2336 2759 2391 2804 et
2424 2749 2623 2803 familia
2663 2749 2963 2804 ducendum
2999 2748 3052 2801 in
3085 2747 3476 2817 captivitatem,
3517 2755 3574 2800 et
3612 2745 3669 2799 in
3696 2744 3795 2798 Ba-

2211 2843 2406 2913 bylone
2436 2857 2556 2898 esse
2585 2843 2936 2918 moriturum,
2968 2856 3032 2895 co
3062 2839 3207 2911 quod
3235 2839 3493 2910 populum
3522 2853 3622 2893 suo
3650 2853 3795 2891 men-

2211 2934 2366 2990 dacio
2391 2935 2665 3003 deceperit
2692 2949 2706 2986 :
2733 2948 3071 3003 nequaquam
3101 2933 3177 2985 illi
3208 2946 3331 2985 vera
3358 2943 3415 2986 et
3444 2931 3626 3008 tristia
3658 2947 3670 2984 :
3702 2929 3796 2984 sed

2211 3041 2307 3099 per
2336 3026 2672 3084 mendacium
2703 3040 2962 3096 prospera
2995 3023 3320 3094 pollicendo.
3358 3022 3646 3092 Simulque
3683 3021 3796 3073 ani-

2214 3118 2651 3176 madvertendum
2681 3116 2952 3186 prophetae
2977 3109 3330 3184 patientiam,
3367 3113 3536 3182 atque
3569 3110 3795 3180 pruden-

2212 3209 2361 3274 tiam,
2409 3209 2553 3277 quod
2593 3207 2792 3274 missus
2840 3207 2896 3261 in
2947 3220 3223 3261 carcerem
3268 3211 3436 3268 tacet,
3485 3202 3793 3260 etsileutio

2213 3298 2379 3352 vincit
2403 3297 2682 3367 iniuriam,
2713 3311 2813 3350 nec
2834 3286 3013 3350 tamen
3033 3293 3353 3356 dissimulat,
3383 3293 3529 3361 quod
3547 3293 3662 3346 escit
3679 3305 3792 3344 esse

2213 3403 2530 3456 venturum,
2581 3399 2642 3443 ut
2685 3389 2877 3443 saltem
2919 3389 2990 3444 sit
3031 3387 3498 3457 pseudopropheta
3552 3382 3795 3454 pontifex

2212 3500 2434 3556 peccare
2467 3485 2722 3550 desistat,
2768 3493 2823 3539 et
2861 3484 2956 3539 Dei
2982 3483 3322 3538 clementiam
3351 3476 3795 3550 deprecetur;De

2213 3591 2320 3645 quo
2350 3575 2402 3630 in
2430 3575 2675 3644 sequenti
2703 3573 2839 3629 libro
2862 3573 3071 3643 plenius
3099 3572 3446 3627 disseremus.

521 3793 3780 3819 mw

1780 3863 2086 3988 LIBER
2142 3905 2514 3988 NONUS.

593 4204 844 4278 legimus
870 4205 923 4260 in
949 4204 1240 4278 Evangelio
1280 4207 1568 4263 Dominum
1593 4207 1658 4262 de
1700 4197 1958 4262 Paracliti
2004 4205 2101 4259 ad-

521 4311 682 4356 ventu
729 4294 1005 4369 discipulis
1032 4301 1105 4354 ita
1127 4288 1477 4370 'przedixisse:
1516 4320 1533 4351 ‹
1571 4299 1711 4354 Dum
1762 4299 1972 4356 venerit
2017 4297 2108 4352 ille

520 4401 710 4461 arguet
729 4394 984 4447 mundum
1010 4393 1076 4448 de
1100 4401 1346 4462 peccato,
1380 4401 1436 4447 et
1463 4394 1528 4447 de
1551 4393 1780 4462 justitia,
1811 4399 1866 4444 et
1886 4389 2110 4459 dejudi-

521 4481 606 4538 cio
635 4481 816 4552 (Joan.
858 4483 993 4553 im).
1042 4502 1060 4534 ›
1101 4482 1160 4537 ιη
1192 4492 1298 4552 quo
1339 4481 1468 4552 quid
1495 4481 1637 4536 aliud
1686 4481 1951 4542 innuitur,
2002 4479 2106 4533 nisi

520 4579 661 4646 quod
692 4578 791 4646 ipsi
830 4579 920 4647 qui
972 4577 1209 4644 ejusdem
1262 4576 1496 4652 Spiritus
1526 4578 1665 4632 dono
1710 4575 2013 4631 illustrandi
2054 4581 2109 4628 et

522 4666 860 4722 confortandi
887 4675 1064 4733 erant,
1107 4677 1378 4722 amatores
1406 4668 1586 4721 mundi
1619 4667 1678 4721 et
1709 4659 2108 4734 contemptores

521 4758 617 4814 Dei
667 4759 939 4829 arguendo
977 4760 1278 4830 correpturi
1315 4757 1570 4815 fuerant:
1602 4769 1863 4828 quatenus
1908 4751 2108 4809 intelli-

520 4857 728 4918 gerent,
777 4857 978 4918 quanto
1011 4850 1217 4904 Scelere
1247 4850 1468 4919 captivi,
1521 4859 1574 4904 et
1597 4847 1794 4920 quanta
1831 4861 1988 4916 prima
2029 4844 2108 4898 di-

521 4937 610 5006 gni
642 4946 795 4991 erant
823 4938 915 5006 qui
942 4939 1219 5006 perfidiam
1261 4954 1404 4992 same
1433 4923 1579 5003 fidei,
1609 4935 2106 5006 injustitiamjusti-

524 5028 631 5091 tim,
679 5037 733 5082 et
766 5029 1108 5097 iniquitatem
1131 5027 1336 5099 judicio
1360 5030 1722 5100 prmferebant
1746 5031 1768 5082 ?
1795 5028 1924 5094 Sed,
1978 5029 2102 5097 Quia

517 5118 696 5173 ‘sancti
743 5117 1019 5187 propheta:
1046 5120 1187 5174 idem
1226 5113 1457 5174 ofﬁcium
1491 5125 1588 5190 pro
1629 5117 1786 5172 modo
1827 5117 1927 5189 ’sibi
1982 5120 2105 5172 dato

521 5218 764 5278 tempore
803 5223 901 5264 suo
930 5213 1208 5281 gerebant,
1245 5209 1531 5282 arguentes
1553 5210 1748 5280 impios
1783 5225 1879 5279 pro
1911 5204 2101 5263 intide-

513 5297 695 5364 'litate,
747 5308 1062 5367 peccatores
1106 5290 1209 5370 pro
1248 5301 1429 5370 pravis
1463 5301 1715 5369 operibus
1755 5319 1768 5353 :
1802 5298 1927 5368 quid
1959 5299 2104 5354 aliud

519 5384 864 5451 insinuatur,
919 5389 1024 5442 nisi
1065 5389 1213 5459 quod
1261 5387 1381 5462 ipse
1434 5399 1594 5459 atque
1649 5391 1795 5444 idem
1830 5388 2095 5459 ,Spiri‘tu‘s,

519 5477 809 5548 prophetas
839 5477 932 5532 Dei
962 5487 1086 5532 ante
1117 5480 1550 5534 incarnationem
1585 5478 1821 5544 Domini,
1851 5494 1948 5533 suo
1989 5495 2102 5533 mu-

522 5580 654 5623 nere
687 5567 1071 5636 illustraverat,
1095 5577 1158 5625 ut
1181 5571 1340 5640 digne
1361 5585 1518 5626 suum
1544 5573 1903 5628 ministerium
1938 5586 2100 5641 agere

521 5667 776 5729 possent,
845 5660 938 5729 qui
995 5658 1265 5731 apostolos
1328 5669 1450 5731 past
1493 5662 1917 5717 incarnationem
1979 5661 2097 5731 ejus

521 5748 839 5819 repleverat,
877 5757 937 5804 ut
977 5750 1144 5806 totius
1195 5749 1381 5807 mundi
1414 5762 1704 5822 arguerent
1751 5768 2008 5808 errores:
2041 5757 2097 5805 et

2206 4208 2399 4265 diaboli
2434 4209 2730 4280 nequitiam
2756 4202 2939 4265 coram
2968 4205 3138 4264 oculis
3165 4206 3446 4263 hominum
3476 4206 3780 4277 detegerem

2211 4315 2275 4354 ac
2304 4301 2681 4371 publicarent?
2728 4299 2866 4355 Ecce
2911 4294 3171 4355 Ieremias
3221 4299 3482 4368 propheta
3538 4315 3692 4366 reges
3734 4311 3784 4353 et

2215 4392 2521 4446 sacerdotes
2541 4408 2644 4465 pro
2671 4391 3034 4460 impietatibus
3067 4390 3179 4444 suis
3223 4391 3421 4457 arguit,
3470 4400 3524 4444 et
3569 4406 3784 4445 omnem

2214 4482 2370 4536 simul
2419 4483 2672 4551 populum
2713 4497 2816 4554 pro
2880 4480 3179 4536 sceleribus
3221 4481 3340 4534 suis
3381 4481 3682 4549 corripuit:
3733 4490 3785 4534 et

2210 4573 2332 4627 licet
2374 4575 2549 4643 pinnis
2577 4590 2637 4628 ac
2663 4573 2936 4627 doloribus
2975 4572 3042 4626 ab
3093 4573 3176 4626 his
3209 4581 3433 4641 propter
3463 4574 3562 4625 hoc
3603 4571 3780 4624 attice-

2210 4674 2376 4727 retur,
2425 4673 2605 4718 tamen
2634 4679 2743 4718 non
2768 4665 3001 4718 cessavit
3023 4680 3052 4717 a
3079 4663 3410 4732 prmdicandi
3439 4662 3630 4724 ollicio,
3681 4663 3782 4713 vim

2211 4754 2440 4826 Spiritus
2490 4755 2659 4810 sancti
2692 4771 2749 4819 se
2799 4755 2943 4809 intus
2975 4755 3183 4825 agentis
3217 4761 3552 4816 contestans,
3588 4761 3643 4805 et
3695 4766 3783 4819 spe

2209 4837 2590 4901 consolationis
2635 4845 3229 4914 divinic‘scmetipsum
3280 4843 3627 4905 confortans,
3669 4842 3778 4894 ait:

2203 4932 2402 4994 Factus
2432 4945 2517 4992 est
2545 4937 2601 4990 in
2627 4938 2786 4992 corde
2816 4951 2936 4993 meo
2965 4935 3119 5004 quasi
3145 4934 3286 5004 ignis
3313 4944 3570 4995 aestuans,
3637 4931 3781 4984 clan-

2207 5046 2404 5100 susque
2432 5031 2486 5088 in
2508 5012 2718 5084 ossibus
2741 5028 2875 5083 meis
2912 5046 2925 5082 :
2975 5025 3148 5082 defeci
3175 5025 3318 5080 ferre
3355 5042 3462 5080 non
3491 5024 3776 5082 sustinens.

2205 5106 2398 5179 Audivi
2425 5110 2781 5174 contumelias
2806 5109 3123 5181 multorum,
3151 5125 3208 5171 et
3247 5105 3486 5171 terrores
3505 5113 3562 5166 in
3587 5112 3782 5167 circui-

2207 5199 2285 5275 t‘u,
2327 5209 2420 5264 sed
2441 5189 2704 5262 Dominus
2749 5206 2959 5264 mecum
2985 5191 3073 5266 est
3119 5205 3275 5275 quasi
3324 5197 3551 5258 bellator
3584 5201 3774 5257 fortis:

2205 5289 2574 5368 idcirco,"qui
2627 5313 2711 5351 me
2752 5285 3151 5367 persequuntur
3195 5295 3408 5356 cadent,
3479 5304 3532 5348 et
3583 5292 3778 5346 infirmi

2204 5398 2383 5444 erunt.
2426 5387 2664 5442 "Proinde
2710 5402 2853 5441 nunc
2897 5386 3052 5455 juxta
3103 5385 3229 5442 noni
3281 5384 3401 5438 libri
3453 5382 3779 5451 principium

2202 5469 2434 5548 qualiter
2461 5478 2575 5531 h:ec
2610 5484 2918 5548 agerentur,
2952 5491 3184 5546 sequens
3214 5467 3394 5533 sermo
3419 5471 3733 5543 patefaciet.

2279 5586 2296 5617 ι
2343 5565 2614 5623 Seduxisti
2648 5543 2772 5633 'me,
2810 5543 3061 5632 Domine,
3118 5575 3172 5622 et
3200 5566 3455 5622 seductus
3500 5579 3616 5616 sum
3656 5564 3777 5632 (sive

2207 5676 2225 5709 ι
2269 5658 2524 5731 decepisti
2548 5674 2656 5725 me,
2686 5655 2928 5721 Domine,
2947 5667 3003 5712 et
3015 5657 3266 5727 deceptus
3280 5654 3441 5726 sum).
3463 5654 3675 5709 Fortior
3698 5665 3777 5704 me

2207 5769 2225 5801 ι
2268 5747 2437 5816 fuisti,
2487 5758 2541 5805 et
2580 5749 2849 5803 invaluisti
2893 5749 3018 5822 (sive
3064 5747 3366 5809 obtinuisti,
3411 5754 3467 5799 et
3511 5744 3772 5815 potuisti}.
