3926 6372
182 418 299 475 965

1086 424 1457 487 EXPOSITIO
1492 426 1725 489 SUPER
1760 428 2125 494 ΙἙΒΕΜῘΑΜ.
2164 467 2237 485 —~
2268 436 2397 497 LIB.
2439 439 2529 498 IX.

3356 455 3462 517 966

188 544 213 641 ξ
259 526 460 641 fil-Cius
483 544 635 641 fil—In.
655 532 715 633 in
746 531 1124 641 derisum‘tota
1150 539 1280 641 ‘die,
1316 556 1505 641 omnes
1545 544 1771 600 subsan-
1802 559 1854 624 Α
1878 549 2203 608 idololatria:t
2226 554 2462 610 deditam
2476 556 2774 623 civitatem,
2804 558 3135 621 .ncitabatur
3154 570 3369 641 spiritu,
3398 583 3459 634 et

186 633 237 687 σε
260 627 396 672 nant
423 634 527 683 nte,
549 621 673 689 quia
695 620 808 690 jam
831 624 959 679 olim
997 626 1209 697 loquo'r,
1241 631 1544 691 vociferans
1585 635 1779 705 iniqui-

186 724 209 760 ι
260 717 457 776 tatem,
507 720 562 766 et
606 716 914 770 vastitatem
965 719 1184 776 clamito
1231 722 1357 796 (sive
1416 727 1541 797 quia
1588 743 1776 785 amaro

181 819 207 856 ι
254 803 424 858 verbo
454 820 574 860 meo
610 808 797 863 ridebo
846 813 1373 879 pmvaricationem.
1420 826 1473 874 e't
1500 820 1777 876 miseriam

185 909 209 944 ι
256 893 581 967 invocabo)..
614 917 632 949 ι
683 897 952 971 (Hieron).
1003 902 1143 958 Dicit
1166 920 1225 960 se
1251 908 1513 978 propheta
1535 927 1567 984 a
1593 911 1775 976 Domi-

179 1002 258 1042 no
283 1002 406 1043 esse
446 989 747 1059 deceptum,
777 992 903 1061 quia
934 993 989 1048 in
1015 996 1287 1068 principio
1312 1000 1558 1067 audiens,
1594 1020 1613 1053 ι
1645 1002 1775 1058 Pro-

174 1080 407 1149 phetam
473 1082 726 1152 gentibus
779 1084 901 1139 dedi
949 1092 1001 1140 te
1048 1086 1228 1159 (supra
1253 1087 1332 1162 t);
1370 1108 1389 1142 ι
1446 1102 1502 1145 et
1540 1091 1770 1165 iterum:

180 1187 203 1221 ‹
248 1170 390 1226 Ecce
456 1172 714 1247 constitui
754 1181 808 1229 te
849 1175 1010 1231 hodie
1064 1186 1234 1248 super
1276 1189 1468 1250 'gent‘es
1518 1188 1572 1235 et
1612 1196 1773 1251 super

172 1275 366 1329 regna,
395 1270 455 1316 ut
472 1262 669 1318 evellas
698 1272 754 1319 et
771 1264 1039 1332 destruas’,
1071 1276 1126 1333 et
1149 1269 1427 1338 disperdas
1445 1280 1499 1325 et
1522 1272 1769 1342 dissipes,

172 1360 234 1407 et
288 1353 525 1410 aedifices
570 1363 625 1409 et
665 1354 876 1425 plantes
908 1356 1119 1430 (lbid.),
1155 1378 1175 1410 ι
1211 1361 1508 1418 arbitratds
1538 1363 1609 1417 sit
1636 1363 1771 1418 nihil

168 1454 239 1498 se
265 1454 454 1499 contra
481 1445 734 1516 populum
783 1444 1112 1514 Judaeorum,
1164 1450 1258 1504 sed
1285 1460 1475 1506 contra
1528 1453 1770 1511 diversas

166 1531 234 1585 in
266 1530 496 1587 circuitu
544 1535 791 1589 nationes
840 1549 962 1590 esse
1016 1536 1311 1605 dicturum,
1358 1541 1498 1596 unde
1543 1551 1600 1597 et
1644 1557 1771 1612 pro-

168 1621 416 1711 phetiam
444 1620 677 1683 libenter
697 1628 1084 1697 assumpserit:
1121 1637 1176 1683 et
1201 1632 1445 1687 evenisse
1466 1635 1763 1701 contrario,

167 1723 234 1769 ut
268 1717 640 1787 captivitatem
686 1716 1023 1781 Hierusalem
1060 1724 1387 1794 prtedicans,
1436 1730 1768 1797 persecutio-

165 1825 273 1865 nes
302 1819 365 1866 et
386 1813 663 1884 angustias
687 1814 998 1869 sustineret.
1026 1814 1292 1886 Quodque
1316 1818 1497 1872 intulit
1521 1837 1534 1872 :
1562 1817 1765 1874 Factus

1878 651 1988 699 tota
2017 654 2200 701 mente
2234 645 2476 704 fervebat
2523 650 2660 723 (Act.
2711 655 2867 725 xvii);
2919 654 2987 712 Et
3005 666 3350 729 po‘stmodum
3401 669 3457 725 in

1875 735 2063 791 eodem
2089 736 2364 794 volumine
2393 738 2618 810 legimus
2638 743 2782 815 (Act.
2816 748 2973 819 xvm)
3000 764 3018 802 ε
3062 752 3247 809 (Cum
3272 758 3456 816 venis-

1872 834 1996 883 sent
2027 836 2207 883 autem
2239 829 2309 884 de
2332 829 2827 893 Macedonia'Silas
2866 840 2921 892 et
2972 836 3318 912 Timotheus,
3365 848 3455 905 in-

1873 919 2051 973 stabat
2074 920 2241 976 verbo
2259 920 2480 987 Paulus,
2496 922 2795 982 testiﬁcans
2815 918 3018 987 intimis
3039 947 3159 989 esse
3173 934 3449 996 Christum

1872 1002 2080 1063 iesum.
2124 1029 2143 1063 ι
2173 1010 2285 1066 Sed
2335 1020 2390 1067 et
2415 1012 2659 1084 pictique
2706 1016 2984 1077 doctorum
3017 1033 3189 1095 usque
3208 1026 3377 1085 hodie
3395 1031 3452 1087 in

1872 1097 2117 1165 Ecclesia
2146 1103 2344 1158 similia
2370 1104 2667 1173 sustinent,
2698 1106 2977 1167 audientes
2994 1115 3450 1188 vituperaIiOnem

1870 1190 2165 1247 multorum
2200 1203 2646 1267 congregatorum
2677 1200 2968 1258 adversum
3006 1210 3065 1260 Se
3102 1208 3159 1262 in
3182 1211 3445 1279 “circuitu,

1872 1289 2034 1352 atque
2061 1281 2356 1339 dicentium
2377 1301 2396 1340 ξ
2431 1299 2452 1338 t
2506 1286 2924 1361 Petsequimini,
2974 1302 3029 1351 et
3050 1290 3445 1371 persequamur

1868 1377 1984 1432 EOS.

1942 1477 1965 1517 ι
2010 1465 2208 1534 Omnes
2255 1470 2378 1539 viri,
2424 1472 2704 1555 quierant
2744 1467 2956 1545 paciﬁci
3004 1479 3133 1547 i‘nei,
3174 1484 3232 1536 et
3274 1492 3449 1539 custo-

1875 1576 1895 1610 ‹
1938 1558 2144 1615 dientes
2184 1561 2329 1620 latus
2377 1579 2581 1630 meum,
2624 1564 2675 1620 si
2703 1567 2973 1637 quomodo
3018 1565 3448 1646 deeipiattir,”et

1873 1665 1904 1730 c-
1936 1651 2325 1720 praevaleamus
2374 1655 2666 1710 adversum
2724 1662 2890 1726 eum,
2947 1660 3002 1717 et
3051 1648 3446 1733 consequamur

1871 1759 1891 1793 ι
1940 1741 2200 1799 ultionem
2233 1758 2303 1799 ex
2333 1758 2418 1801 'eo.
2443 1744 2709 1804 nomines
2732 1759 2911 1812 autem
2948 1754 3158 1808 mecum
3180 1758 3287 1821 est,
3320 1762 3447 1829 qua-

1873 1850 1892 1883 c
1933 1833 1980 1893 si
2008 1834 2236 1890 bellator
2256 1835 2430 1893 fortis.
2468 1858 2486 1890 ι
2518 1838 2651 1894 Cum
2684 1840 2982 1898 adVers'arii
3011 1842 3363 1915 surrexerint,
3390 1840 3446 1902 et

164 1904 297 1957 sum
338 1904 394 1957 in
421 1904 658 1961 derisum
690 1892 822 1967 tota
844 1908 950 1973 die,
998 1921 1187 1963 omnes
1229 1910 1565 1964 subsannant
1592 1926 1678 1965 me
1711 1930 1749 1976 ι,

1863 1925 2023 2008 amici
2064 1927 2332 1995 quondam
2379 1937 2551 1998 atque
2570 1926 2786 2000 pacifici
2814 1928 3019 1989 fuerint
3040 1935 3113 1990 ad
3140 1929 3280 1991 Bella
3309 1892 3438 1992 con-

160 2007 237 2048 eo
259 1996 404 2063 quod
429 1996 698 2051 :estimen‘t
720 1996 876 2051 illum
904 1998 1155 2052 universa
1178 1999 1490 2066 mentitum,
1530 2008 1587 2055 et
1611 2015 1746 2055 cun-

161 2090 285 2148 cta,
317 2100 438 2154 qua:
451 2086 761 2155 praedixerit
788 2100 909 2141 esse
928 2094 1177 2155 ventura,
1212 2088 1490 2144 mendacia
1514 2088 1751 2145 fuerint:

160 2186 225 2230 et
270 2177 533 2246 propheta
571 2179 718 2233 enim
760 2187 1044 2247 putaverat
1090 2180 1271 2234 statim
1322 2178 1563 2235 futurum
1611 2182 1756 2251 quod

159 2267 430 2329 Dominus
462 2270 805 2325 minabatur:
860 2280 916 2325 et
943 2271 1171 2343 populus
1199 2272 1504 2327 aestimabat
1546 2288 1753 2343 nequa-

160 2376 335 2431 quam
375 2362 517 2417 ultra
569 2348 881 2429 venturmn,
927 2365 1069 2433 quod
1112 2365 1299 2419 statim
1341 2378 1456 2419 non
1508 2375 1751 2421 venerat.

158 2453 352 2525 Atque
374 2454 647 2510 vociferor
678 2457 981 2512 vastitatem
1022 2456 1352 2528 Babyloniae,
1405 2467 1460 2513 et
1496 2459 1755 2529 iniquita-

158 2538 285 2606 tem
332 2543 739 2621 hostium,‘per
783 2566 946 2620 quam
990 2551 1373 2621 opprimendus
1418 2553 1489 2608 sit
1516 2552 1754 2622 populus

155 2636 341 2700 meus.
384 2643 680 2699 Sin'autem
708 2644 983 2713 sequimur
1003 2640 1382 2717 Septuaginta,
1431 2645 1484 2697 in
1510 2655 1575 2699 eo
1608 2642 1752 2713 quod

156 2730 385 2794 dixere:
422 2756 439 2787 ι
474 2736 599 2806 quia
641 2750 825 2790 amaro
854 2735 1019 2789 verbo
1045 2749 1166 2789 meo
1195 2732 1380 2790 ridebo
1425 2723 1749 2805 praevarica-

157 2821 403 2895 tionem,
436 2837 503 2883 ‘et
540 2826 816 2883 miseriam
847 2825 1129 2891 invocabo,
1184 2846 1204 2878 ι
1255 2825 1345 2880 hic
1387 2841 1578 2880 sensus
1632 2834 1747 2880 est:

156 2920 294 2978 Scio
344 2926 659 2992 pr’msentem
713 2917 987 2973 tristitiam
1018 2916 1200 2986 futuro
1258 2918 1454 2989 gaudio
1507 2933 1751 2973 commu-

156 3016 407 3080 tandam,
442 3015 596 3085 juxta
620 3013 748 3067 illud
780 3012 922 3081 quod
950 3012 1209 3082 scriptum
1235 3020 1353 3066 est:
1392 3030 1410 3062 σ
1448 3010 1597 3066 Beati
1623 3008 1765 3076 lien-~

156 3117 267 3175 tes,
322 3107 575 3177 quoniam
612 3105 713 3175 ipsi
759 3104 1016 3158 ridebunt
1064 3102 1216 3176 (Luc.
1249 3103 1349 3175 vi).
1386 3122 1405 3154 ι
1438 3103 1504 3157 Et
1544 3103 1747 3159 idcirco

1860 2018 2023 2084 versi,
2057 2019 2433 2091 voluerintque
2452 2010 2621 2078 nobis
2648 2021 2877 2080 insidias
2912 2022 3163 2094 tendere,
3194 2036 3304 2085 non
3327 2043 3444 2084 ma-

1859 2123 2094 2181 gnopere
2129 2105 2399 2179 curemus,
2452 2115 2546 2170 sed
2569 2114 2816 2185 optemus
2848 2115 2957 2173 ’b‘oc
2980 2113 3180 2185 dicere,
3216 2120 3357 2190 quod
3386 2128 3442 2176 et

1857 2205 2119 2273 propheta
2172 2204 2450 2275 loquitur:
2490 2218 2521 2281 ε
2560 2204 2823 2261 Dominus
2865 2216 3055 2263 antem
3099 2208 3440 2266 mecum‘eSt

1857 2300 2013 2368 quasi
2034 2299 2269 2354 bellator
2293 2299 2468 2355 fortis.
2499 2318 2519 2352 ›

1931 2409 1949 2442 ‹
1994 2375 2199 2446 idcirco
2227 2391 2320 2460 Qui
2346 2392 2750 2461 persequuntur
2793 2394 2885 2448 me
2910 2394 3124 2461 cadent,
3160 2402 3215 2450 et
3238 2393 3439 2450 inﬁrmi

1860 2488 1883 2532 ι
1922 2488 2082 2536 erunt
2106 2479 2231 2553 (sive
2255 2481 2380 2537 ideo
2408 2483 2679 2552 persecuti
2709 2487 2852 2549 sunt,
2904 2493 2959 2538 et
2988 2484 3285 2556 intelligere
3326 2486 3436 2540 min

1861 2582 1881 2623 ι
1923 2571 2257 2642 potuerunt).
2314 2570 2724 2628 Confundentur
2745 2562 3117 2638 vehementer,
3152 2573 3278 2643 quia
3327 2587 3435 2628 non

1860 2680 1879 2714 ι
1919 2661 2302 2717 inteﬂexemnt
2330 2658 2677 2732 opprobrium
2711 2662 2837 2734 (sive
2864 2662 3238 2734 ignominiam)
3285 2673 3431 2720 sc’m-

1858 2774 1876 2806 ‹
1921 2755 2220 2825 piternum,
2272 2755 2417 2832 quod
2440 2768 2718 2825 nunquam
2745 2752 3030 2811 delebitur.
3062 2747 3205 2823 Quia
3238 2771 3432 2827 perse-

1853 2845 1963 2900 cuti
2012 2853 2162 2910 sunt,
2201 2844 2321 2901 ideo
2347 2846 2724 2916 propheticum
2772 2842 2881 2902 non
2902 2856 3196 2916 potuerunt
3223 2843 3431 2903 intem-'-

1851 2955 1976 3011 gere
2011 2943 2337 3005 sermonem,
2376 2946 2431 2993 et
2456 2938 2819 3008 ignorantiam
2862 2938 3105 3007 confusio
3135 2942 3431 2997 vehemens

1850 3037 2138 3086 consecuta
2170 3037 2292 3085 est:
2320 3044 2419 3084 nec
2448 3029 2827 3093 intellexerunt
2850 3022 3199 3125 ignominiam
3224 3032 3424 3102 sempi-

1849 3128 2080 3187 ternam,
2124 3135 2244 3191 qua:
2271 3120 2539 3177 obtinebit
2560 3134 2678 3187 eos,
2704 3128 2788 3175 'et
2808 3120 2960 3176 nulla
2987 3120 3257 3199 oblivione
3278 3122 3427 3178 dele-

154 3199 439 3289 miseriam
480 3202 534 3253 et
582 3196 946 3269 iniquitatem,
1008 3182 1462 3264 aﬂlic’tionemque
1511 3193 1744 3249 libenter
1774 3275 1812 3289 Δ
1845 3211 2008 3267 δίων,
2061 3182 2253 3267 mea,“
2306 3212 2475 3282 igitur
2506 3226 2509 3231 η
2537 3182 2680 3282 quod
2727 3210 2916 3267 νοπυηι
2984 3193 3087 3266 ἥτε
3157 3214 3426 3283 quondam

154 3275 428 3357 sustineo,
480 3291 552 3345 ita
581 3296 642 3343 ut
675 3284 887 3357 cupiam
922 3295 978 3341 et
1014 3286 1259 3341 invocem
1306 3300 1436 3340 eas:
1480 3294 1534 3340 et
1562 3285 1739 3341 brevi-

1857 3298 2075 3372 paciﬁci,
2131 3311 2188 3358 et
2214 3302 2304 3373 qui
2332 3275 2712 3369 custodiebant
2732 3300 2879 3372 latus
2924 3306 3125 3369 meum,
3172 3275 3235 3358 et
3286 3304 3427 3375 deci7

156 3391 344 3438 tatem.
360 3380 572 3452 injuriae
598 3377 870 3433 felicitatis
893 3376 1195 3431 aeternitate
1218 3388 1597 3443 compensem.

236 3512 257 3545 ι
286 3487 434 3560 Ὠιιὶιι
480 3491 657 3545 lactus
689 3497 774 3545 est
824 3488 955 3543 mihi
990 3501 1169 3542 sermo
1211 3482 1425 3541 Domini
1456 3486 1512 3540 in
1543 3500 1740 3556 oppro-

157 3606 178 3638 ι
222 3582 428 3647 brium,
454 3591 509 3637 et
535 3582 590 3636 in
612 3580 850 3635 derisum
874 3585 987 3632 tota
1012 3579 1119 3644 die,
1163 3584 1218 3631 et
1239 3576 1380 3632 dixi:
1414 3575 1534 3633 Non
1559 3590 1743 3633 recor-

158 3697 177 3729 ι
222 3666 403 3731 dabor
429 3672 545 3742 ejus
583 3671 719 3742 (sive
768 3684 876 3724 non
924 3669 1211 3723 nominabo
1253 3666 1590 3740 Dominum),
1641 3682 1742 3723 nec

159 3788 177 3820 ι
220 3767 420 3835 loquar
466 3763 605 3818 ultra
637 3759 712 3833 in}
736 3748 954 3816 nomine
1001 3759 1165 3813 illius.
1218 3758 1287 3813 Et
1328 3757 1511 3813 iactus
1556 3766 1641 3813 est
1685 3758 1761 3813 ine

158 3878 176 3910 ι
220 3855 389 3913 corde
415 3867 560 3918 meo,
610 3852 761 3922 quasi
785 3849 926 3922 ignis
965 3859 1276 3906 exaestuans
1299 3889 1314 3914 ,
1337 3848 1662 3919 claususque
1686 3848 1741 3903 in

158 3967 176 3999 ι
222 3945 441 4002 ossibus
465 3942 634 3998 meis:
669 3950 722 3995 et
746 3939 916 3996 deieci
946 3938 1075 4010 (sive
1092 3937 1401 4009 dissolutus)
1433 3954 1575 4003 sum,
1598 3938 1742 3993 ferre

156 4059 175 4093 ι
222 4056 335 4115 non
356 4040 631 4095 sustinens
656 4054 668 4091 :
703 4036 883 4091 audivi
907 4034 1051 4090 enim
1075 4031 1429 4088 contumelias
1455 4030 1579 4112 (sive
1599 4032 1740 4087 vitu-

158 4154 177 4188 ‹
224 4114 586 4208 perationem)
634 4130 951 4197 multorum,
1005 4140 1060 4187 et
1088 4140 1350 4186 terrorem
1381 4130 1435 4185 in
1486 4114 1736 4198 circuitu,

160 4248 179 4281 ι
224 4229 356 4301 (sive
387 4235 835 4299 congregatarum
882 4223 1174 4295 undique):
1227 4223 1632 4294 persequimi‘ni,
1687 4233 1741 4279 et

159 4345 177 4377 ι
219 4338 611 4395 persequamur
636 4333 779 4376 eum.
817 4340 836 4373 ι
870 4320 1149 4376 Clamante
1176 4332 1263 4373 me
1294 4324 1454 4386 atque
1484 4304 1701 4370 dicente
1721 4333 1745 4377 ε,

152 4415 304 4487 quod
331 4415 444 4485 jam
494 4411 817 4483 Babylonius
847 4411 1056 4465 veniiet
1108 4408 1402 4473 exercitus,
1451 4415 1507 4487 et
1554 4407 1738 4462 omnia

154 4484 375 4564 hostilis
405 4504 614 4577 gladius
639 4503 992 4574 prmdaretttr,
1039 4514 1229 4555 versus
1257 4506 1341 4553 est
1371 4484 1506 4552 mihi
1556 4511 1738 4551 sermo

152 4598 374 4656 Domini
401 4598 453 4651 in
481 4594 846 4666 opprobrium,
877 4600 1037 4662 atque
1065 4591 1119 4644 in
1144 4590 1401 4654 derisum,
1456 4588 1584 4643 dum
1624 4597 1737 4642 tar-
1763 4624 1814 4684 υ

152 4690 386 4749 ditatem
415 4688 707 4758 prophetia:
735 4691 925 4755 putant
965 4696 1086 4737 esse
1132 4680 1492 4735 mendacium.
1536 4678 1735 4745 Quam-

154 4783 368 4836 olirenr
389 4778 444 4831 in
476 4790 594 4831 mea
628 4783 806 4830 mente
831 4771 1062 4837 decrevi,
1118 4776 1177 4825 ut
1202 4770 1341 4823 ultra
1388 4770 1455 4823 ad
1483 4768 1735 4839 populum

155 4870 252 4924 Dei
283 4867 462 4923 verbis
489 4880 596 4921 non
622 4864 893 4933 loquerer,
944 4877 1043 4916 nec
1071 4875 1266 4916 nomen
1299 4859 1440 4914 illius
1486 4859 1732 4913 nomina-

154 4976 273 5016 rem
323 4978 337 5019 ξ
368 4959 510 5028 quod
545 4971 666 5011 cum
700 4954 905 5025 pudore
933 4962 1240 5021 superatus,
1285 4952 1584 5006 verecunde
1613 4951 1735 5020 qui-

154 5052 304 5113 dem,
341 5052 433 5104 sed
463 5047 625 5103 stulte
672 5046 1089 5101 constituissem.
1126 5038 1341 5098 Factus
1385 5051 1490 5106 est,
1539 5043 1734 5112 inquit,

156 5140 210 5194 in
236 5139 403 5209 corde
427 5153 567 5202 meo,
608 5136 764 5206 quasi
795 5135 932 5205 ignis
966 5141 1289 5195 exaestuans,
1320 5132 1640 5201 claususque
1680 5133 1735 5186 in

154 5230 371 5285 ossibus
400 5225 552 5293 meis,
591 5248 609 5280 ι
646 5227 761 5282 sive
790 5226 1027 5295 undique
1058 5225 1349 5279 dissolutus
1378 5241 1519 5289 sum,
1568 5224 1644 5277 ita
1675 5232 1733 5278 ut

152 5323 303 5381 ferre
349 5337 455 5376 non
503 5319 724 5390 possim.
792 5315 1095 5387 Conceptus
1140 5317 1282 5371 enim
1331 5317 1510 5370 animo
1554 5330 1734 5371 sermo

156 5414 392 5477 divinus,
441 5420 541 5465 nec
562 5423 657 5465 ore
680 5407 921 5479 prolatus
949 5408 1100 5460 ardet
1128 5408 1180 5461 in
1205 5414 1442 5476 pectore.
1484 5398 1641 5461 Unde
1680 5415 1735 5462 et

158 5502 358 5559 Paulus
384 5499 691 5571 loquitur‘(1
717 5497 839 5552 Cor.
868 5497 976 5573 ix):
1007 5514 1025 5547 ‹
1049 5496 1105 5551 Si
1133 5496 1595 5568 evangelizavero,
1623 5512 1730 5552 non

156 5604 241 5651 est
275 5592 407 5663 mihi
441 5592 649 5663 gloria:
703 5590 999 5645 necessitas
1061 5588 1205 5642 enim
1254 5587 1385 5641 mihi
1441 5589 1727 5643 incumbit.

162 5683 252 5740 Va:
295 5684 439 5738 enim
468 5682 599 5736 mihi
633 5688 733 5746 est,
786 5672 969 5736 sinon
994 5677 1448 5748 evangelizavero.
1499 5677 1555 5731 Si
1586 5680 1731 5734 enim

160 5773 346 5830 volens
370 5774 473 5829 hoc
495 5786 617 5843 ago,
650 5771 954 5837 mercedem
981 5768 1186 5824 habeo:
1223 5770 1267 5824 si
1300 5778 1479 5823 autem
1508 5770 1725 5837 invitus,

162 5864 486 5936 dispensatio
519 5863 653 5918 mihi
680 5860 876 5918 tradita
905 5869 1005 5917 est.
1051 5879 1070 5912 ι
1104 5859 1169 5914 Et
1190 5860 1249 5915 in
1278 5861 1508 5918 Athenis
1538 5852 1727 5917 videns

1842 3408 1970 3465 pere
1984 3394 2271 3466 ‘cupiebant
2294 3393 2825 3465 :dummddojtustum
2847 3393 3028 3448 virum
3053 3401 3219 3465 atque,
3244 3394 3428 3449 docto-

1843 3494 1981 3549 rem,
2000 3485 2263 3541 Ecclesia:
2306 3489 2432 3555 pust
2475 3474 2910 3557 persecutionem
2960 3492 3118 3548 tanta
3162 3484 3422 3552 vindicta,

1842 3585 2099 3647 tantaque
2125 3576 2350 3648 praemia
2390 3580 2811 3646 consequantur.

1916 3689 1935 3721 ι
1971 3669 2040 3723 Et
2066 3676 2147 3736 tu,
2197 3668 2425 3727 Domine
2448 3667 2801 3732 exercituum,
2852 3662 3111 3737 probator
3138 3662 3272 3734 justi
3298 3663 3425 3742 (sise

1848 3782 1866 3815 c
1909 3762 2001 3832 qui
2041 3759 2447 3831 probasjusta),
2488 3760 2579 3830 qui
2605 3761 2759 3827 vides
2782 3755 2942 3815 renes
2970 3766 3024 3814 et
3044 3763 3166 3823 cur,
3188 3757 3420 3824 videam,

1849 3870 1868 3905 σ
1912 3868 2116 3923 (ιιιωεο,
2147 3852 2406 3908 ultionem
2437 3845 2582 3923 (nam
2611 3856 2678 3907 ex
2706 3851 2789 3906 eis
2818 3868 2832 3904 :
2871 3849 2973 3904 tibi
3013 3834 3157 3903 enim
3188 3846 3421 3902 revelavi

1848 3961 1867 3993 ι
1913 3958 2133 3998 causam
2159 3957 2361 3997 meam.
2418 3961 2437 3993 ι
2468 3941 2629 3996 Solus
2666 3947 2750 3999 est
2790 3936 3056 3995 Dominus
3084 3939 3175 4007 qui
3202 3936 3419 3993 noverit

1836 4036 2070 4107 probare
2107 4032 2396 4106 justitiam,
2443 4032 2710 4103 quomodo
2760 4031 2906 4087 solus
2952 4026 3044 4086 est
3088 4027 3190 4101 qui
3239 4028 3419 4086 cordis

1840 4130 2057 4185 interna
2083 4123 2400 4200 conspiciat.
2438 4116 2599 4183 ‘U‘n‘de
2627 4134 2683 4182 et
2715 4122 2870 4182 Je‘sus
2894 4158 2896 4161 -
2920 4125 3105 4181 sciens
3139 4124 3421 4198 cogitatio-

1841 4236 1936 4277 nes
1964 4217 2240 4277 homin'um
2272 4219 2423 4293 (Luc.
2453 4218 2548 4291 Vl),
2578 4222 2697 4273 non
2715 4232 2781 4272 ex
2809 4213 3070 4287 proiectu,
3109 4221 3170 4269 ut
3200 4215 3416 4285 quidam

1840 4314 2050 4382 putant,
2081 4311 2173 4367 sed
2200 4292 2394 4364 natura
2419 4309 2694 4364 Deusiest.
2719 4307 2845 4361 Tale
2871 4304 3001 4376 quid
3021 4314 3076 4361 et
3096 4306 3159 4360 ita
3180 4305 3415 4361 Psalmis

1840 4404 2031 4457 sbnat:
2071 4400 2097 4453 ι’
2126 4400 2241 4455 Νοη
2264 4398 2651 4468 justiﬁeabnur
2682 4399 2740 4453 in
2782 4398 3075 4468 conspectu
3092 4405 3191 4452 tuo
3241 4397 3417 4453 omnis

1839 4493 2025 4547 vivens
2052 4490 2224 4563 (Psal.
2247 4491 2434 4563 citur).
2476 4512 2494 4544 ι
2528 4490 2586 4546 Si
2607 4483 2794 4546 vivens
2816 4489 3105 4544 virtutibus
3127 4504 3234 4544 non
3257 4489 3392 4558 justi

1838 4584 2053 4649 iicatur,
2086 4583 2290 4654 quanto
2336 4582 2509 4653 magis
2559 4582 2650 4652 qui
2701 4580 2941 4650 peccatis
2994 4588 3241 4634 mortuus
3290 4579 3417 4634 est?

1835 4674 2077 4743 Cumque
2100 4688 2158 4729 se
2182 4674 2317 4727 sciat
2334 4672 2513 4742 justus
2532 4655 3198 4741 haberep'ropttgnatorem
3221 4671 3414 4736 Deum,

1837 4756 2020 4821 tamen
2063 4764 2396 4836 impatientia
2428 4762 2737 4832 fragilitatis
2784 4764 3051 4829 humanae,
3091 4763 3412 4833 quodnovit

1840 4846 2317 4921 esse'venturum,
2348 4854 2461 4924 jam
2504 4871 2648 4911 nunc
2676 4856 2857 4910 videre
2903 4856 3190 4919 desiderat,
3231 4856 3315 4909 cui
3361 4865 3411 4910 et

1843 4929 2101 5003 revelahit
2130 4961 2346 5002 causam
2371 4957 2551 5008 suam,
2582 4944 2673 5014 qui
2710 4944 2839 4999 dicit
2863 4944 2918 4997 in
2947 4944 3051 4998 alio
3076 4934 3229 4998 loco:
3267 4961 3285 4993 ‹
3316 4942 3388 4997 Mi

1839 5042 1897 5095 hi
1920 5040 2233 5104 vindictam,
2258 5047 2313 5093 et
2334 5053 2433 5106 ego
2454 5036 2769 5101 retribuam,
2800 5036 2930 5091 dicit
2945 5035 3203 5090 Dominus
3231 5034 3407 5105 (Deut.

1838 5133 2035 5199 xxx").
2079 5149 2097 5181 ι
2134 5128 2285 5183 Felix
2311 5135 2490 5181 autem
2519 5128 2869 5192 conscientia,
2918 5126 3072 5195 cujus
3107 5122 3269 5182 causa
3314 5126 3393 5180 Do

1837 5221 1983 5275 mino
2010 5219 2279 5274 revelatur
2308 5216 2490 5289 (Hebr.
2526 5224 2559 5272 κ
2586 5218 2630 5289 ),
2656 5218 3147 5288 dicenteAp’os‘tolo
3174 5231 3250 5292 ἐς
3285 5215 3383 5272 0m

1835 5328 1904 5366 ne
1934 5310 2075 5380 quod
2103 5304 2476 5363 manifestatur
2500 5308 2589 5361 lux
2622 5317 2703 5363 est
2726 5308 2948 5384 (Ephes.
2980 5308 3055 5381 v).
3094 5327 3113 5360 ι
3157 5344 3163 5348 μ

1910 5421 1928 5454 ι
1951 5401 2183 5457 Caritate
2212 5400 2458 5465 Domino,
2487 5399 2703 5455 laudate
2726 5397 3033 5463 Dominum,
3058 5397 3187 5468 ’quia
3208 5396 3407 5453 libera.-

1844 5512 1863 5545 α
1894 5492 1972 5546 vit
1990 5493 2224 5547 animam
2252 5504 2545 5561 pauperum
2568 5490 2634 5547 de
2660 5501 2821 5545 manu
2838 5484 3220 5560 pessimorum.
3256 5486 3406 5562 {Qui

1837 5598 2150 5656 pauperest
2174 5586 2386 5655 spiritu,
2438 5601 2542 5640 nec
2563 5586 2733 5640 habet
2759 5585 2995 5649 divitias,
3042 5599 3160 5653 qua:
3188 5588 3407 5652 recepe-

1835 5686 1963 5734 runt
1988 5678 2046 5732 in
2066 5678 2173 5733 isto
2191 5677 2386 5733 sa:in
2409 5677 2826 5732 consolationem
2854 5683 3104 5742 suamet
3120 5675 3192 5729 de
3215 5674 3420 5744 quibus

1832 5766 2306 5839 Paulusﬂoquitur
2348 5785 2361 5821 :
2399 5784 2418 5817 ι
2458 5776 2665 5822 tantum
2696 5775 2756 5821 ut
2802 5774 3090 5837 pauperum
3135 5774 3405 5820 memores

1832 5871 2075 5916 essemus
2125 5857 2174 5931 (ι
2209 5857 2331 5913 Cor.
2385 5875 2481 5913 xm
2510 5858 2551 5929 )1,
2606 5878 2625 5911 ι
2660 5873 2782 5913 cum
2830 5857 2994 5914 fuerit
3039 5858 3330 5913 vindictam
3370 5873 3402 5911 υ
