3926 6314
501 330 607 390 967

1142 335 1204 389 Β.
1245 333 1499 390 RABANI
1537 332 1759 391 MAURI
1798 333 2113 390 ARCHIEP.

2222 330 2474 390 OGUNT.
2515 306 2802 387 OPERUM
2839 329 3021 385 rans
3059 328 3148 383 ιιι.

498 444 730 503 Domino
756 453 1101 511 consecutus,
1138 446 1425 502 Dominum
1475 444 1663 501 laudat
1690 445 1745 501 in
1770 446 1989 515 spiritu,
2044 454 2099 501 et
2126 456 2181 516 Α
2204 454 2260 500 et
2303 444 2523 499 omnino
2549 459 2656 498 non
2682 458 2800 498 esse
2827 458 2990 513 quam
3057 439 3197 495 male
3218 453 3373 496 esse:
3427 435 3794 506 subiungam:

503 552 562 593 se
608 537 675 592 de
725 552 888 592 manu
940 538 1303 609 pessimorum
1352 545 1566 593 erutum
1618 532 1902 609 gloriatur.
1985 536 2101 613 [loc

500 634 683 680 autem
715 634 887 681 mlum
922 625 986 682 fit
1014 642 1122 683 non
1166 635 1355 682 nostro
1384 628 1601 693 merito,
1633 626 1729 682 sed
1759 624 1876 695 ejus
1905 627 2102 697 gratia,

499 716 592 789 qui
624 733 919 791 pauperem
965 719 1235 785 liberavit,
1276 735 1377 774 nec
1403 720 1569 774 habet
1593 718 1813 773 divitias
1837 719 2107 789 superbiae

499 811 831 877 corruentis,
858 812 953 867 sed
977 794 1338 866 humilitatem
1366 810 1623 881 pauperis
1650 810 1884 866 liberati.

579 918 599 951 ι
641 898 927 956 Maledicta
950 901 1086 963 dies,
1139 902 1193 956 in
1217 917 1322 971 qua
1378 909 1542 957 natus
1565 916 1685 957 sum
1720 919 1734 955 :
1767 900 1883 955 dies
1911 899 1968 954 in
1999 915 2106 970 qua

508 1008 528 1042 ι
573 992 785 1061 peperit
812 1006 899 1047 me
925 1001 1100 1048 mater
1135 1008 1276 1058 mea,
1310 1007 1417 1047 non
1442 992 1515 1047 sit
1541 991 1848 1047 benedicta.
1878 990 2105 1047 Maledi-

506 1098 525 1133 ι
566 1088 688 1136 ctus
709 1081 793 1136 vir
840 1082 967 1153 (sive
997 1083 1208 1155 homo),
1237 1083 1329 1151 qui
1375 1081 1721 1137 annuntiavit
1772 1081 1915 1155 patri
1961 1096 2103 1148 meo,

508 1188 530 1224 ι
572 1172 819 1229 dicens:
851 1172 1022 1229 Natus
1052 1181 1137 1230 est
1165 1172 1263 1228 tibi
1309 1171 1453 1228 filius
1500 1172 1815 1239 masculus,.
1851 1182 1905 1230 et
1950 1173 2103 1244 quasi

508 1279 529 1315 ι
573 1264 770 1335 gaudio
816 1250 1115 1319 laetiﬁcavit
1161 1276 1308 1318 eum.
1374 1263 1459 1319 Sit
1502 1264 1666 1319 homo
1712 1263 1821 1330 ille,
1870 1272 1930 1318 ut
1981 1273 2110 1318 sunt

511 1370 531 1404 ι
560 1354 825 1409 .civitates
854 1369 993 1424 quas
1019 1353 1287 1411 subvertit
1314 1353 1599 1420 Dominus,
1628 1364 1685 1410 et
1710 1369 1817 1409 non
1852 1353 2109 1425 paenituit

506 1463 529 1501 ι
572 1461 716 1501 eum.
744 1444 943 1502 Audiat
969 1442 1263 1503 clamorem
1292 1462 1473 1515 mane,
1507 1456 1563 1503 et
1588 1447 1851 1502 ululatum
1886 1448 1939 1502 in
1966 1455 2105 1532 tem-

507 1554 530 1591 ι
568 1551 703 1609 pore
738 1538 1080 1593 meridiano:
1128 1538 1258 1615 quia
1286 1553 1395 1594 non
1422 1553 1511 1594 me
1544 1538 1818 1595 interfecit
1844 1554 1876 1593 a
1922 1538 2106 1602 vulva,

507 1649 530 1685 ι
572 1641 635 1686 ιιι
673 1631 829 1687 fieret
874 1631 1008 1687 mihi
1044 1640 1221 1687 mater
1263 1648 1384 1699 mea
1428 1633 1736 1707 sepulcrum
1764 1672 1779 1698 ,
1844 1642 1900 1687 ct
1950 1630 2109 1685 vulva

510 1740 531 1775 ι
574 1721 694 1793 ejus
722 1731 1018 1794 conceptus
1051 1732 1312 1779 aeternus.
1358 1724 1540 1791 Quare
1568 1723 1635 1779 de
1660 1723 1821 1779 vulva
1856 1738 2110 1794 egressus

2212 555 2231 587 ‹
2270 536 2450 604 Quare
2477 537 2543 591 de
2591 536 2751 590 vulva
2798 550 3049 608 egressus
3095 545 3237 599 sum,
3283 542 3346 587 ut
3372 532 3618 587 viderem
3663 529 3800 587 labo-

2207 644 2323 684 rem
2380 638 2434 682 et
2473 627 2734 697 dolorem,
2781 636 2835 683 et
2885 636 3335 684 consumerentur
3384 625 3442 680 in
3490 623 3801 681 confusione

2207 718 2325 773 dies
2352 717 2499 773 mei?
2521 737 2539 771 ι

2813 809 3045 867 CAPUT
3086 807 3229 865 XXI.

2313 947 2393 1001 De
2422 947 2660 1018 captione
2690 934 2957 1003 Se‘decliia:
2985 956 3031 1000 et
3056 945 3298 1000 incendio
3336 941 3701 999 Hierusalem.

2286 1099 2305 1132 ι
2352 1081 2587 1136 Verbum
2614 1082 2757 1151 quod
2778 1080 2979 1136 factum
3007 1089 3089 1136 est
3116 1081 3185 1134 ad
3230 1080 3526 1137 Jercmiam
3561 1096 3593 1134 a
3624 1078 3806 1134 Domi-

2216 1190 2234 1223 ι
2280 1188 2371 1238 ιιο,
2398 1172 2615 1241 quando
2655 1156 2895 1227 misit'ad
2923 1186 3047 1226 eum
3090 1186 3181 1225 rex
3200 1170 3522 1237 Sedechias,
3567 1169 3809 1225 Phassur

2216 1283 2234 1316 ι
2281 1262 2452 1317 ﬁlium
2474 1261 2739 1329 Melchiaz,
2765 1262 3168 1332 etSophoniam
3198 1262 3364 1317 tilium
3394 1261 3600 1317 Maasia
3630 1275 3807 1316 sacer-

2216 1375 2235 1407 ‹
2283 1356 2485 1421 dotem,
2515 1355 2734 1411 dicens:
2758 1346 3035 1427 lnterrOga
3048 1370 3147 1426 pro
3170 1355 3323 1410 nobis
3346 1355 3659 1421 Dominum,
3685 1354 3807 1425 quia

2219 1466 2236 1498 ‹
2282 1444 2782 1503 Nabuchodonosor
2802 1463 2897 1503 rex
2916 1445 3204 1517 Babylonis
3219 1446 3499 1516 praaliatur
3520 1446 3807 1500 adversum

2218 1559 2235 1592 ι
2282 1554 2398 1605 nos,
2428 1541 2475 1594 si
2515 1539 2654 1595 forte
2700 1538 2865 1595 faciat
2890 1540 3151 1596 Dominus
3187 1540 3469 1595 nobiscum
3510 1540 3808 1596 secundum

2219 1655 2238 1686 α
2282 1634 2463 1689 omnia
2486 1632 2755 1688 mirabilia
2796 1648 2915 1699 sua,
2942 1641 2998 1689 et
3036 1633 3256 1690 recedat
3296 1648 3327 1687 a
3354 1632 3531 1687 nobis.
3562 1652 3587 1709 ν»
3636 1631 3808 1701 Supra

2212 1725 2456 1796 pontifex
2476 1724 2748 1790 PhasSur,
2776 1724 2891 1779 sive
2912 1722 3172 1797 Phascor,
3203 1722 3293 1792 qui
3344 1721 3619 1791 percussit
3660 1720 3808 1775 lere-

512 1839 530 1873 ι
578 1835 719 1887 sum,
745 1828 805 1874 ut
832 1820 1073 1875 viderem
1098 1819 1341 1875 laborem
1364 1829 1421 1875 et
1441 1820 1709 1888 dolorem,
1738 1828 1795 1876 et
1821 1834 2110 1875 consume-
2137 1827 2186 1888 Β
2214 1820 2400 1884 miam,
2438 1825 2645 1889 patrem
2675 1815 2865 1871 habuit
2888 1815 3125 1871 Emmer.
3170 1812 3270 1867 Hic
3314 1821 3497 1867 autem
3549 1811 3805 1873 Phassur,

512 1929 531 1963 ι
578 1919 768 1967 rentur
790 1910 845 1965 in
872 1908 1196 1967 confusione
1244 1911 1360 1968 dies
1390 1912 1518 1968 mei.
1556 1932 1578 1966 ι
1608 1912 1712 1979 Qui
1741 1919 1938 1983 putant
1981 1912 2102 1967 ani-

511 2018 630 2058 mas
658 2003 824 2058 fuisse
847 2003 905 2057 in
952 2003 1286 2075 caelestibus,
1336 2012 1392 2059 et
1420 2005 1487 2060 de
1515 2004 1738 2060 meliore
1773 2005 1826 2059 in
1864 2002 2105 2075 pejorem

509 2100 715 2149 statum
761 2092 1170 2176 praecipitatas,
1228 2093 1329 2149 hos
1377 2101 1434 2149 et
1461 2094 1835 2164 hujuscemodi
1884 2102 2108 2147 utuntur

509 2186 874 2241 testimoniis:
924 2187 1070 2256 quod
1117 2185 1325 2241 scilicet
1351 2185 1549 2243 melius
1576 2184 1742 2241 fuerit
1769 2186 1824 2240 in
1872 2185 2110 2241 coelesti-

512 2278 637 2345 bus,
670 2294 833 2349 quam
860 2277 916 2351 in
946 2278 1181 2334 terrenis
1221 2278 1579 2334 commorari:
1630 2286 1686 2333 et
1708 2293 1906 2349 corpus
1935 2277 2111 2333 humi-

516 2371 691 2427 litatis
750 2385 1063 2437 assumere:
1136 2386 1275 2427 nova
1321 2372 1569 2443 quaedam
1620 2372 1729 2426 imo
1760 2369 1875 2439 jam
1923 2379 2110 2427 vetera

516 2465 790 2519 haereseos
836 2444 979 2520 suae.
1022 2472 1343 2535 argumenta
1397 2471 1705 2534 quzerentes
1752 2472 1788 2514 ε·
1825 2475 1925 2517 nos
1980 2476 2111 2517 vero

515 2555 758 2627 legentes
782 2554 913 2612 illud
939 2556 1085 2612 beati
1110 2555 1211 2612 Job
1235 2574 1248 2610 :
1285 2576 1303 2608 ι
1344 2555 1625 2611 Maledicta
1654 2556 1773 2610 dies
1798 2555 1852 2609 in
1883 2569 1993 2625 qua
2015 2569 2113 2608 na-

513 2655 602 2705 tus
623 2663 760 2711 sum,
786 2655 841 2703 et
864 2663 973 2704 nox
993 2647 1085 2703 illa
1110 2648 1164 2703 in
1182 2662 1289 2717 qua
1315 2646 1591 2713 dixerunt,
1615 2662 1743 2702 ecce
1768 2646 2044 2702 masculus
2061 2664 2073 2700 :
2088 2665 2106 2697 ι

508 2749 588 2808 et,
622 2740 942 2797 maledictus
990 2742 1193 2807 homo,
1242 2742 1334 2812 qui
1393 2726 1735 2797 annuntiavit
1782 2741 1927 2813 patri
1965 2756 2109 2807 meo,

511 2832 725 2889 dicens:
760 2831 931 2889 Natus
956 2843 1039 2909 est
1066 2835 1161 2890 tibi
1183 2849 1319 2905 puer
1344 2832 1489 2905 (Job.
1518 2834 1625 2905 ιιι),
1658 2854 1676 2886 ι
1709 2834 1835 2889 huic
1872 2834 2113 2889 testimo-

512 2925 607 2981 nio
638 2912 973 2994 coaptamus,
1030 2927 1173 3005 quod
1226 2924 1435 2981 scilicet
1490 2925 1687 2981 melius
1735 2926 1807 2979 sit
1840 2942 1948 2981 non
1995 2939 2117 2980 esse

516 3032 681 3087 quam
727 3018 910 3072 vivere
951 3018 1004 3071 in
1054 3016 1353 3087 suppliciis,
1390 3017 1543 3087 juxta
1606 3016 1735 3071 illud
1787 3017 1930 3086 quod
1980 3017 2141 3071 scri-.

514 3116 667 3177 ptum
690 3117 806 3161 est:
834 3126 852 3158 ι
890 3107 1035 3161 Mors
1066 3108 1184 3162 Viro
1212 3107 1450 3177 requies,
1474 3108 1563 3162 cui
1586 3107 1781 3161 clausit
1802 3108 1945 3163 Deus
1971 3108 2113 3162 viam

2209 1910 2350 1965 ﬁlius
2370 1917 2455 1965 est
2476 1908 2739 1964 Melchize.
2777 1906 2891 1961 Hoc
2912 1906 3117 1962 idcirco
3136 1922 3204 1961 ne
3226 1905 3350 1976 quis
3369 1904 3625 1960 eumdem
3639 1914 3807 1975 putet.

2209 2002 2572 2057 Mittitautem
2598 1986 2891 2054 Sedeehias
2914 2012 3007 2052 rex
3040 1997 3105 2051 ad
3134 1997 3484 2067 prophetam,
3514 1994 3708 2050 volens
3732 1994 3810 2048 vel

2208 2094 2465 2165 populum
2493 2093 2633 2147 scire
2653 2132 2668 2157 ,
2693 2090 2779 2145 vel
2800 2090 3097 2162 principes,
3114 2097 3175 2143 ut
3196 2087 3429 2168 occulto,
3456 2102 3559 2156 per
3581 2086 3807 2155 legatos,

2210 2185 2403 2241 nuntio
2448 2184 2839 2255 recognoscat,
2902 2196 3065 2251 quam
3112 2180 3374 2236 Dominus
3404 2194 3570 2248 super
3622 2179 3807 2233 urbem

2212 2275 2570 2341 Hierusalem,
2601 2283 2655 2331 et
2680 2274 2878 2346 populo
2901 2271 3211 2328 Judzeorum
3238 2272 3437 2327 habeat
3461 2273 3807 2325 sententiam.

2214 2367 2479 2438 Quodque
2512 2365 2679 2423 infert
2709 2384 2723 2420 :
2754 2366 2881 2436 quia
2922 2364 3420 2420 Nabuchodonosor
3448 2378 3546 2418 rex
3597 2363 3813 2433 Babylo-

2214 2461 2300 2516 nis
2327 2461 2604 2532 przeliatur
2641 2460 2935 2515 adversum
2984 2474 3113 2514 nos:
3145 2458 3385 2514 ostendit
3428 2456 3542 2526 jam
3593 2458 3810 2513 obsessa

2215 2552 2574 2619 Hierusalem,
2628 2553 2731 2607 hoc
2767 2567 2798 2606 a
2829 2552 3095 2622 propheta
3147 2551 3417 2606 sciscitari
3467 2550 3808 2606 Sedechian.

2217 2642 2324 2698 Sed
2354 2644 2518 2699 etiam
2548 2650 2603 2698 et
2643 2643 2963 2708 notandum,
3017 2642 3160 2711 quod
3206 2643 3258 2696 in
3308 2641 3592 2711 prophetis
3648 2641 3812 2696 maxi-

2215 2751 2410 2807 meque
2457 2737 2512 2791 in
2543 2736 2827 2791 Ezechiele
2863 2744 2918 2791 et
2954 2733 3193 2791 Jeremia
3230 2749 3579 2804 nequaquam
3629 2748 3809 2803 regum

2217 2834 2272 2881 et
2301 2836 2605 2897 temporum
2635 2827 2769 2883 ordo
2796 2836 3074 2882 servetur:
3113 2826 3206 2882 sed
3253 2833 3617 2896 praepostere,
3673 2824 3810 2895 quod

2217 2919 2374 2989 juxta
2405 2922 2692 2976 historiam
2719 2930 2909 2991 postca
2956 2919 3159 2974 factum
3190 2919 3261 2973 sit
3288 2918 3440 2987 prius
3490 2915 3712 2981 referri,
3764 2925 3813 2970 et

2220 3014 2362 3082 quod
2388 3014 2539 3082 prius
2568 3019 2778 3081 gestum
2806 3012 2897 3076 sit,
2930 3018 3135 3080 postea.
3159 3008 3321 3063 Aliud
3348 3019 3434 3063 est
3459 3009 3611 3062 enim
3644 3008 3809 3063 histo-

2222 3105 2385 3171 riam,
2437 3106 2582 3160 aliud
2629 3105 2970 3175 prophetiam
3020 3103 3278 3180 scribere,
3327 3111 3388 3157 ut
3441 3103 3497 3156 in
3558 3110 3810 3173 ριντξξδειιιι

516 3214 671 3253 suam
704 3198 895 3270 (Eccli.
951 3197 1110 3269 xm).
1147 3217 1165 3249 ι
1201 3198 1271 3253 Et
1316 3198 1547 3253 iterum:
1584 3217 1602 3249 ι
1638 3196 1820 3264 Quare
1865 3198 1991 3253 data
2033 3192 2191 3253 estC
2222 3199 2359 3253 loco.
2411 3196 2726 3262 Sedechias,
2762 3196 2855 3266 qui
2884 3212 3008 3251 cum
3050 3196 3183 3250 urbe
3235 3194 3577 3250 Hierusalem
3623 3202 3813 3264 captus

484 3350 487 3351 ν
518 3288 720 3343 misero
749 3288 874 3355 lux,
926 3296 981 3343 et
1018 3287 1130 3341 vita
1168 3287 1252 3341 his
1281 3286 1374 3357 qui
1416 3288 1472 3341 in
1510 3287 1873 3342 amaritudine
1922 3286 2119 3342 animae

516 3380 687 3436 sunt?
714 3379 858 3450 (Job.
886 3378 994 3450 ιιι.)
1018 3400 1037 3431 ι
1058 3380 1119 3433 Et
1152 3380 1208 3432 in
1240 3378 1539 3448 Evangelio
1565 3378 1885 3448 simpliciter
1913 3379 2117 3433 dictum

517 3471 749 3543 legimus
775 3490 787 3526 :
811 3491 830 3524 ι
865 3471 1053 3527 Melius
1072 3472 1123 3527 ei
1147 3469 1325 3526 fuerat
1346 3472 1390 3526 si
1414 3480 1576 3527 natus
1593 3486 1701 3526 non
1724 3480 1869 3527 esset
1897 3470 2115 3542 (Matth.

521 3560 696 3633 xum),
728 3582 746 3615 ›
773 3576 879 3616 ιιοιι
911 3560 1054 3632 quod
1084 3561 1156 3615 sit
1180 3561 1273 3630 qui
1300 3571 1462 3615 natus
1483 3575 1591 3615 non
1620 3560 1803 3626 fuerit,
1848 3562 1945 3616 sed
1972 3558 2117 3630 quod

520 3653 712 3709 melius
737 3652 809 3707 sit
834 3668 943 3707 non
973 3666 1096 3707 esse
1129 3666 1292 3722 quam
1317 3650 1461 3706 male
1487 3665 1631 3706 esse.
1664 3650 1827 3705 Aliud
1854 3660 1939 3704 est
1969 3650 2117 3704 enim

517 3744 739 3801 omnino
769 3759 875 3799 non
898 3758 1021 3799 esse
1062 3743 1206 3798 aliud
1237 3758 1362 3797 cum
1414 3742 1507 3809 sit,
1552 3743 1757 3811 absque
1796 3741 1904 3795 ulla
1948 3742 2120 3796 inter-

521 3838 782 3894 missione
830 3838 1085 3893 cruciari.
1144 3837 1426 3903 Quomodo
1465 3844 1698 3891 mortem
1731 3829 1969 3904 quietam
1991 3834 2120 3888 vitm

524 3933 738 3988 miserae
781 3931 1179 4003 praeferimus?
1231 3930 1385 3987 Unde
1431 3938 1488 3985 et
1530 3929 1697 3983 Amos
1743 3928 1886 3983 diem
1938 3927 2120 3999 appel-

523 4022 602 4077 lat
652 4020 1020 4086 tenebrarum,
1052 4029 1107 4076 et
1159 4020 1303 4075 diem
1355 4018 1664 4076 alllictionis
1714 4018 1916 4092 (Amos.
1942 4020 2031 4090 v),
2066 4026 2123 4074 et

518 4114 709 4179 Jacob,
738 4128 804 4169 eo
830 4114 974 4184 quod
1016 4113 1215 4169 vixerit
1248 4113 1306 4167 in
1354 4111 1543 4167 labore
1594 4120 1650 4167 et
1688 4114 1936 4183 angustia
1958 4153 1972 4179 ,
2003 4112 2121 4167 dies

519 4203 643 4257 vita:
672 4218 783 4257 sua:
809 4217 1009 4272 parvos
1034 4210 1091 4257 et
1115 4202 1383 4273 pessimos
1404 4188 1566 4256 vocat
1594 4200 1614 4274 (
1641 4186 1772 4257 Gen.
1810 4217 1955 4257 van
1982 4201 2023 4275 ).
2052 4202 2121 4258 Et

520 4294 719 4349 Paulus
737 4293 1015 4365 apostolus
1027 4293 1159 4350 dicit
1173 4303 1232 4347 ut
1252 4294 1520 4365 «eriperet
1542 4307 1644 4349 nos
1664 4294 1730 4349 de
1750 4294 2006 4363 praesenti
2034 4310 2121 4350 se-

520 4385 641 4443 culo
670 4400 902 4455 nequam
929 4381 1130 4457 (Galat.
1174 4382 1235 4453 ι).
1279 4403 1298 4436 ι
1331 4384 1399 4439 Ει
1424 4385 1623 4440 iterum
1659 4404 1672 4438 :
1710 4404 1729 4435 ‹
1771 4385 2121 4443 Redimentes

520 4488 755 4553 tempus,
783 4480 1041 4551 quoniam
1093 4482 1208 4537 dies
1236 4480 1368 4537 mali
1400 4491 1527 4538 sunt
1550 4482 1767 4554 (Ephes.
1793 4484 1867 4555 v);
1900 4482 2117 4539 Hebraei

519 4573 768 4645 quintum
806 4586 1073 4639 mensem,
1117 4568 1226 4643 q'uo
1252 4581 1409 4644 capta
1439 4574 1801 4642 Hierusalem,
1832 4576 2119 4647 templum-

521 4680 629 4737 que
668 4666 991 4720 subversum
1020 4674 1139 4731 est,
1185 4666 1488 4722 nativitatis
1532 4665 1779 4722 Jeremiae
1824 4676 2121 4739 supputant

519 4758 985 4815 tnextricahilibus
1022 4760 1368 4831 quibusdam,
1410 4768 1467 4817 et
1500 4761 1908 4819 incredibilibus
1951 4779 2115 4833 argu-

522 4850 743 4904 mentis.
778 4848 932 4916 Quod
974 4851 1023 4905 si
1046 4851 1281 4921 probare
1326 4852 1623 4922 potuerint,
1655 4855 1926 4923 quomodo
1968 4855 2119 4910 testi-

523 4940 767 4997 monium
793 4939 897 4997 Job
924 4925 1139 4997 valeant
1167 4943 1536 5015 interpretari,
1564 4947 1751 5003 nescio
1778 4965 1790 5001 :
1838 4948 1940 5004 nisi
1979 4947 2119 5004 forte

522 5039 581 5086 et
604 5030 753 5084 illum
814 5031 1208 5102 diemquadam
1258 5034 1696 5107 praefiguratione
1745 5046 1802 5091 et
1857 5036 2116 5093 vaticinio

522 5120 829 5176 futurorum
866 5122 1236 5179 subversionis
1284 5125 1471 5195 templi
1511 5134 1812 5181 autument.
1853 5127 2118 5199 Quodque

522 5214 872 5283 imprecatur,
897 5201 1304 5271 similitudinem
1332 5216 1715 5273 subversarum
1729 5218 2033 5285 civitatum,
2050 5219 2119 5275 de

524 5302 761 5360 Sodoma
784 5314 841 5361 et
864 5304 1170 5363 Gomorrha
1199 5307 1305 5364 dici
1333 5309 1571 5366 arbitror
1597 5331 1609 5365 :
1636 5319 1691 5367 et
1714 5326 1875 5368 omne
1905 5306 2119 5383 tempus
2170 5318 2173 5323 ’

524 5394 580 5450 in
603 5394 772 5461 luctu,
799 5402 861 5449 ut
887 5410 1047 5452 mane
1072 5397 1145 5476 sit
1160 5397 1366 5455 clamor
1379 5408 1434 5455 et
1447 5400 1679 5457 ululatus
1695 5404 1940 5459 meridie.
1964 5404 2117 5473 Quod

525 5498 707 5545 autem
763 5488 928 5544 infert
978 5508 993 5545 :
1026 5509 1045 5544 ι
1090 5491 1183 5563 qui
1212 5508 1301 5549 me
1330 5510 1439 5549 non
1470 5493 1744 5551 interfecit
1789 5495 1844 5549 in
1872 5493 2055 5560 vulva,
2093 5514 2111 5545 ι

526 5583 697 5639 Deum
722 5584 1011 5654 significari
1028 5595 1218 5657 putant
1242 5607 1254 5643 :
1288 5609 1306 5641 ι
1328 5598 1389 5643 ut
1409 5599 1553 5645 esset
1579 5590 1733 5657 mihi,
1764 5590 1961 5660 inquit,
1984 5606 2115 5646 con-

528 5674 716 5745 ceptus
740 5685 996 5745 aeternus,
1036 5681 1205 5751 ijqua:
1246 5683 1427 5737 omnia
1454 5684 1709 5739 dicuntur
1749 5684 2113 5755 hyperbolice.

527 5768 771 5842 Denique
796 5773 1017 5841 exponit
1046 5788 1264 5835 causas.
1296 5790 1392 5831 cur
1416 5783 1647 5834 mortem
1681 5778 1937 5848 praeferat
1962 5778 2112 5845 vitae,

2222 3300 2324 3354 est,
2357 3292 2578 3347 mittens
2606 3290 2867 3347 scribitur
2913 3291 2978 3344 ad
3033 3289 3343 3355 Jeremiam,
3394 3297 3448 3344 et
3477 3303 3544 3343 eo
3571 3297 3813 3357 tempore

2220 3398 2327 3453 quo
2383 3382 2733 3438 obsidebatur
2789 3380 3127 3436 Hierusalem
3154 3421 3169 3446 ,
3237 3390 3289 3436 et
3339 3389 3527 3452 postea
3557 3388 3814 3434 narratur

2221 3476 2449 3532 historia
2498 3474 2743 3531 Joachim
2791 3474 2977 3549 fratris
3026 3474 3142 3544 ejus
3171 3515 3185 3541 ,
3226 3475 3320 3545 qui
3364 3484 3493 3529 ante
3544 3490 3671 3529 eum
3722 3488 3814 3527 rex

2222 3568 2344 3633 fuit,
2376 3576 2432 3624 et
2465 3568 2711 3633 Joachin,
2757 3568 2813 3623 id
2839 3575 2922 3622 est
2946 3566 3238 3631 Jcchtmiae,
3269 3566 3362 3635 qui
3394 3566 3499 3619 fuit
3524 3564 3673 3620 filius
3692 3562 3816 3619 Joa-

2220 3664 2384 3726 chim,
2416 3678 2577 3732 super
2604 3662 2799 3731 quibus
2828 3661 3038 3716 dicetur
3073 3660 3128 3713 in
3160 3658 3643 3728 consequentibus.

2295 3773 2315 3804 (
2359 3753 2426 3807 Et
2453 3754 2589 3807 dixit
2634 3742 2901 3808 Ieremias
2950 3751 3017 3805 ad
3069 3766 3161 3805 eos
3209 3770 3221 3803 :
3268 3748 3361 3804 Sic
3402 3749 3594 3804 dicetis
3650 3747 3813 3804 Sede.

2227 3866 2246 3898 ‹
2275 3845 2453 3923 ⁸οὶιίιιεεε
2493 3845 2620 3901 Haec
2668 3846 2800 3922 dicit
2827 3844 3086 3899 Dominus
3114 3845 3258 3899 Deus
3311 3843 3511 3899 Israel:
3543 3844 3690 3899 Ecce
3718 3860 3813 3914 ego

2228 3958 2244 3991 ι
2288 3948 2497 3993 vertam
2544 3952 2671 3993 vasa
2721 3937 2847 3994 belli
2877 3936 3003 4008 (sive
3034 3953 3187 3991 arma
3216 3935 3452 4003 bellica,
3511 3951 3634 4006 quae
3693 3944 3813 3991 sunt

2227 4048 2247 4081 ι
2294 4030 2348 4084 ἱιι
2385 4013 2635 4083 manibus
2664 4028 2884 4089 vestris,
2914 4035 2969 4082 et
2995 4028 3191 4097 quibus
3218 4027 3473 4097 p'ugnatis
3522 4026 3811 4083 adversum

2227 4140 2246 4173 ‹
2292 4135 2472 4191 regem
2494 4112 2806 4191 Babylonis,
2830 4127 2885 4173 et
2908 4118 3206 4183 Chaldaeos,
3231 4118 3323 4188 qui
3351 4119 3603 4173 obsident
3633 4134 3735 4173 vos
3762 4120 3809 4171 in

2226 4234 2245 4267 ι
2286 4215 2515 4270 circuitu
2546 4228 2844 4276 murorum,
2878 4220 2933 4267 et
2977 4212 3317 4283 congregabo
3363 4228 3430 4266 ea
3459 4212 3583 4281 (sive
3612 4212 3737 4283 eos)
3764 4213 3811 4265 in

2226 4324 2257 4357 «η
2293 4307 2473 4362 medio
2501 4305 2736 4361 civitatis
2782 4304 2963 4373 hujus,
2993 4313 3049 4358 et
3087 4303 3368 4359 debellabo
3399 4319 3500 4360 vos
3542 4304 3595 4359 in
3650 4322 3810 4360 manu

2227 4418 2244 4447 ι
2294 4405 2531 4463 extenta,
2557 4405 2611 4451 et
2638 4395 2865 4450 brachio
2895 4393 3021 4448 forti
3052 4393 3178 4466 (sive
3208 4384 3471 4464 excelso),
3495 4403 3551 4450 et
3579 4394 3633 4449 in
3666 4394 3809 4449 furo—

2229 4509 2247 4540 (
2292 4506 2371 4557 re,
2403 4501 2458 4547 et
2505 4490 2560 4544 in
2592 4490 3003 4559 indignatione,.
3020 4495 3087 4542 et
3122 4488 3175 4541 in
3206 4487 3286 4541 ira
3326 4488 3538 4559 grandi.
3592 4488 3666 4541 Et
3694 4504 3812 4560 per-

2228 4604 2246 4635 ι
2294 4585 2494 4639 cutiam
2542 4583 2879 4637 habitatores
2932 4580 3170 4635 civitatis
3205 4580 3366 4651 hujus
3422 4581 3722 4638 :bomines
3763 4590 3815 4637 et

2228 4696 2247 4727 ι
2286 4676 2528 4745 jumenta
2595 4672 2899 4744 pestilentia
2969 4687 3161 4741 magna
3220 4671 3543 4726 morientur.
3586 4691 3606 4724 ι
3677 4672 3811 4727 Fru-

2223 4775 2357 4831 stra,
2382 4765 2580 4835 inquit,
2612 4776 2915 4834 repugnare
2940 4760 3101 4815 vultis
3123 4760 3389 4816 Chaldaeis
3412 4760 3807 4826 obsidentibus,

2224 4868 2280 4915 et
2310 4872 2463 4911 arma
2494 4855 2688 4911 bellica
2734 4853 3071 4925 praeparatis,
3121 4866 3355 4921 quorum
3386 4851 3442 4905 in
3477 4851 3656 4907 media
3689 4862 3807 4907 tan-

2224 4961 2338 5006 tum
2382 4950 2517 5004 urbe
2566 4962 2723 5002 usum
2776 4946 3083 5009 habebitis,
3134 4952 3191 4996 ut
3240 4943 3435 4997 armati
3482 4943 3807 4999 videamini:

2222 5050 2478 5098 caeterum
2528 5040 2634 5095 illis
2685 5037 3093 5101 obsidentibus,
3145 5050 3246 5106 ego
3279 5051 3377 5091 vos
3421 5035 3709 5091 debellabo
3759 5037 3798 5090 ir

2222 5153 2390 5193 manu
2432 5143 2673 5199 extenta,
2716 5140 2772 5187 et
2801 5130 3023 5195 brachio
3056 5130 3205 5198 forti,
3256 5142 3485 5199 meoque
3525 5128 3717 5184 furore
3759 5138 3809 5183 et

2222 5207 2592 5300 indignatione
2640 5224 2941 5296 percutiam
2966 5262 2980 5287 ,
3021 5231 3083 5276 ut
3127 5230 3182 5276 et
3218 5236 3315 5277 vos
3358 5230 3413 5275 et
3456 5236 3620 5279 omne
3669 5224 3809 5291 quod

2224 5322 2413 5392 spirat,
2448 5319 2589 5375 fame
2615 5324 2670 5373 et
2697 5314 3005 5387 pestilentia
3052 5312 3107 5367 in
3134 5312 3312 5368 media
3341 5313 3477 5368 urbe
3522 5314 3806 5368 moriatur.

2224 5410 2379 5478 Quod
2414 5410 2631 5480 quidem
2666 5415 2722 5461 et
2748 5404 2949 5460 factum
2973 5402 3219 5473 legimus.
3272 5402 3493 5471 Absque
3516 5403 3666 5458 enim
3710 5400 3810 5456 ulla

2222 5519 2423 5561 corona
2477 5500 2813 5572 strepituque
2868 5495 3223 5567 pugnantium
3274 5494 3407 5550 urbs
3452 5503 3605 5550 tanta
3662 5495 3809 5551 obsi-

2222 5597 2382 5651 dione
2428 5601 2587 5665 capta
2634 5601 2735 5656 est,
2786 5596 2848 5643 ut
2887 5601 3024 5656 quos
3053 5585 3335 5667 vincerent
3371 5601 3478 5640 non
3519 5585 3808 5651 haberent,

2221 5688 2314 5743 sed
2365 5702 2503 5757 quos
2536 5693 2744 5739 tantum
2789 5684 3075 5750 caperent:
3110 5698 3127 5729 ι
3157 5678 3428 5745 Meliores,
3458 5682 3552 5745 ait,
3589 5679 3808 5736 fuerunt

2220 5779 2399 5852 gladio
2438 5775 2725 5841 vulnerati,
2759 5786 2921 5843 quam
2949 5767 3113 5825 occisi
3142 5768 3303 5827 fame.
3340 5792 3358 5823 ι
