3926 6330
155 395 264 454 969

1046 394 1406 460 EXPOSITIO
1437 401 1662 460 SUPER
1699 402 2066 496 JBBEMIAM.
2103 432 2175 447 —-
2205 403 2331 460 LIB.
2367 403 2458 459 IX.

3291 399 3402 460 9.70

235 529 253 562 ι
297 509 366 564 Ει
405 516 528 579 post
563 508 680 564 haec
718 509 849 568 dicit
895 512 1156 571 Dominus
1181 534 1192 569 :
1223 516 1372 572 Dabo
1406 515 1725 573 Sedechiam
1751 524 1804 584 Α
1828 525 2083 585 strorum,
2105 537 2124 571 ι
2158 519 2214 572 in
2229 516 2372 572 LXX
2390 530 2494 572 non
2512 515 2761 571 habetur.
2793 515 2926 583 Quia
2948 529 3110 588 supra
3134 516 3390 576 dixerat:

162 616 182 652 ι
227 615 407 670 regem
445 599 602 666 Juda,
641 611 698 657 et
725 618 912 661 servos
949 607 1087 677 ejus,
1125 614 1180 662 et
1220 607 1469 677 populum
1510 609 1646 679 ejus,
1674 617 1729 663 et

161 718 181 750 ι
223 697 317 766 qui
358 695 598 751 derelicti
624 708 749 753 sunt
785 700 839 754 in
869 701 1088 754 civitate
1118 701 1220 756 hac
1248 717 1278 754 a
1315 711 1485 771 peste,
1526 710 1580 756 et
1620 701 1728 773 gla-

163 809 184 842 ‹
230 789 342 853 dio,
407 797 462 844 et
511 785 674 855 fame,
734 791 789 845 in
833 807 997 845 manu
1056 789 1547 848 Nabuchodonosor
1585 794 1730 864 regis

162 901 181 932 ι
226 880 534 952 Babylonis,
582 891 637 935 et
681 882 735 936 in
765 897 927 936 manu
962 882 1306 940 inimicorum
1336 897 1546 950 eorum,
1574 892 1629 938 et
1676 882 1729 936 in

164 991 184 1023 ι
229 988 392 1027 manu
451 958 808 1042 quaerentium
869 975 1104 1029 animam
1169 989 1354 1030 eorum
1383 1014 1398 1040 ,
1444 985 1499 1030 et
1539 988 1730 1046 pereu-

163 1079 185 1113 (
231 1062 328 1116 tiet
373 1077 466 1117 eos
513 1063 569 1116 in
597 1077 690 1117 ore
724 1062 926 1134 gladii,
965 1076 1021 1119 et
1063 1063 1171 1118 ndn
1221 1063 1502 1130 ﬂectetur,
1555 1078 1730 1133 neque

163 1171 182 1204 ι
227 1160 433 1220 parcet,
496 1167 596 1208 nec
626 1153 984 1209 miserebitur.
1025 1174 1042 1206 ι
1085 1152 1199 1209 Hoc
1232 1142 1520 1225 quod’nos
1557 1163 1733 1210 trans-

161 1241 418 1297 tulimus:
457 1253 491 1294 ι⁴
530 1243 588 1296 In
643 1258 804 1297 manu
844 1243 1339 1300 Nabuchodonosor
1392 1231 1536 1315 regis
1562 1243 1732 1316 Baby-

156 1331 320 1397 lonis,
348 1341 403 1387 et
428 1332 482 1386 in
519 1348 679 1387 manu
719 1333 1058 1388 inimicorum
1101 1349 1305 1398 eorum,
1355 1352 1374 1386 ι
1409 1334 1465 1388 in
1499 1333 1729 1403 Septua-

157 1421 305 1493 ginta
337 1438 441 1476 non
485 1422 732 1476 habetur.
772 1421 838 1475 Et
864 1437 962 1492 pro
1003 1438 1069 1477 eo
1093 1424 1235 1493 quod
1269 1423 1532 1478 diximus:
1569 1441 1586 1474 ι
1617 1422 1732 1478 Non

157 1508 427 1573 ﬂectetur,
455 1524 627 1579 neque
648 1521 853 1579 parcet,
900 1527 999 1566 nec
1041 1513 1404 1578 miserebitur,
1443 1533 1460 1565 ι
1500 1510 1730 1581 Septua-

157 1599 310 1671 ginta
359 1600 790 1654 transtulerunt:
829 1619 847 1651 c
901 1601 1018 1656 Non
1080 1617 1318 1672 parcam,
1373 1617 1473 1658 nec
1509 1603 1730 1657 misere-

156 1689 276 1744 bor.
315 1708 334 1740 ι
388 1689 680 1759 Meliusque
711 1697 794 1744 est
825 1689 980 1758 juxta
1013 1690 1359 1757 Hebraicum,
1392 1703 1450 1746 ut
1498 1693 1730 1747 crudelis

157 1783 428 1839 sententia
501 1793 558 1838 et
624 1782 975 1851 inﬂexibilis,
1030 1787 1200 1857 magis
1261 1786 1402 1856 regis
1455 1785 1732 1855 Babylonii

1837 628 1855 662 ι
1887 619 1943 666 et
1979 613 2046 667 ad
2079 610 2332 680 populum
2371 611 2512 665 hunc
2537 610 2683 665 dices
2722 623 2736 661 :
2771 609 2885 663 haec
2908 610 3035 664 dicit
3065 610 3342 675 Dominus,
3377 629 3396 662 ι

1829 709 2222 771 consequenter
2240 715 2381 755 nunc
2409 699 2588 766 infert,
2617 717 2634 752 ι
2669 708 2722 756 et
2745 700 2924 756 domui
2945 701 3085 769 regis
3112 700 3271 765 Juda,
3302 720 3321 753 ι
3347 709 3408 756 ut

1830 790 2200 854 subaudiatnr,
2223 807 2241 840 ι
2265 789 2413 844 dices
2435 805 2450 844 :
2475 788 2600 844 Haec
2613 786 2744 844 dicit
2769 789 3056 844 Dominus:
3081 807 3100 841 ι
3127 791 3229 845 ἀπὸ
3241 797 3404 845 κοινοῦ

1828 882 1971 935 enim
1985 889 2041 936 et
2054 878 2331 951 superiora
2347 886 2401 933 et
2421 876 2670 933 inferiora
2682 878 2998 950 junguntur,
3025 886 3085 932 ut
3101 879 3173 933 sit
3194 894 3404 942 sensus,

1833 988 1856 1021 ,ι
1877 981 1932 1025 et
1965 970 2034 1024 ad
2068 967 2323 1040 populum
2346 968 2491 1021 hunc
2526 965 2714 1021 dices:
2752 967 2875 1021 Haec
2903 965 3036 1022 dicit
3070 966 3343 1020 Dominus.
3382 986 3400 1017 ι

1829 1060 2051 1130 Proprie
2082 1068 2261 1114 autem
2286 1073 2462 1114 sermo
2486 1056 2545 1111 ﬁt
2571 1061 2637 1112 ad
2665 1057 2879 1118 domum
2906 1059 3127 1128 regiam,
3159 1059 3228 1113 ob
3253 1059 3408 1128 cujus

1831 1149 2065 1223 maxime
2085 1147 2295 1217 culpam
2312 1148 2503 1202 civitas
2516 1145 2812 1214 obsidetur,
2833 1148 3155 1204 utemendet
3167 1162 3405 1203 errorem

1830 1237 2166 1307 pcenitudine
2179 1243 2234 1291 et
2253 1236 2593 1292 clementiam
2619 1237 2833 1292 Domini
2853 1245 3234 1308 consequatur.
3255 1235 3406 1290 Judi-

1833 1336 1973 1395 cate,
1998 1327 2189 1398 inquit,
2213 1343 2372 1384 mane
2382 1325 2792 1398 judiciumpnon
2815 1330 2871 1384 in
2897 1329 3133 1385 tenebris
3158 1330 3411 1400 iniquita-

1795 1494 1797 1496 η
1824 1421 1915 1488 tis,
1939 1421 2031 1477 sed
2056 1421 2111 1476 in
2142 1421 2262 1476 luce
2284 1423 2526 1491 justitiar.
2560 1423 2684 1476 «Et
2717 1423 2890 1476 eruite
2915 1421 2966 1474 vi
3001 1431 3316 1489 oppressum
3344 1415 3411 1470 de

1823 1529 1989 1569 manu
2008 1512 2440 1578 calumniatoris,
2475 1531 2492 1564 ι
2517 1520 2577 1566 ιιι
2613 1527 2720 1567 non
2747 1511 3027 1580 accipiatis
3049 1521 3334 1579 personam
3354 1505 3408 1559 in

1759 1637 1768 1654 ι
1817 1602 2044 1674 judicio,
2073 1603 2167 1658 sed
2191 1603 2447 1658 divitibus
2467 1617 2735 1672 pauperes
2755 1600 3204 1672 opprimentihus,
3239 1595 3411 1665 magis

1823 1696 1962 1766 apud
1985 1709 2080 1750 vos
2109 1693 2204 1749 Dei
2227 1694 2511 1763 imperium
2536 1695 2734 1760 valeat,
2765 1709 2926 1764 quam
2949 1692 3191 1762 potentia
3222 1703 3409 1759 perse-

1836 1783 2070 1853 quentis.
2095 1782 2164 1855 Et
2191 1783 2258 1850 si,
2287 1787 2478 1853 inquit,
2512 1784 2614 1837 hoc
2642 1782 2898 1847 feceritis,
2921 1776 3257 1851 nequaquam
3282 1797 3408 1837 suc-

159 1887 325 1942 quam
381 1873 591 1926 Domini
641 1887 762 1927 esse
811 1873 1070 1928 videatur.
1147 1873 1388 1929 Primum
1435 1883 1618 1929 autem
1669 1874 1734 1928 de
1762 1865 2097 1930 Bcendetur
2144 1875 2198 1928 in
2246 1876 2397 1930 vobis
2443 1875 2582 1946 ignis
2629 1872 2829 1928 furoris
2867 1873 2995 1938 mei,
3040 1889 3138 1928 nec
3181 1874 3412 1928 inveniet

156 1963 417 2018 universa
449 1961 582 2017 urbe
615 1964 990 2034 prephetatum
1018 1973 1141 2020 est:
1172 1981 1314 2020 nunc
1342 1965 1557 2036 proprie
1577 1965 1734 2020 Sede-

154 2056 296 2110 chiae
325 2056 650 2128 praedicitur,
687 2065 742 2109 et
770 2056 964 2126 populo
1001 2056 1136 2125 ejus,
1179 2058 1270 2127 qui
1301 2049 1734 2113 residui'fuerint

153 2157 284 2214 post
327 2153 534 2213 pestem
573 2144 808 2214 gladium
858 2154 914 2199 et
941 2144 1160 2210 famem,
1203 2146 1345 2215 quod
1376 2161 1407 2199 a
1452 2143 1735 2200 Nabucho-

153 2237 396 2309 donosor
437 2233 731 2304 Babylonio
762 2249 885 2305 rege
931 2235 1363 2304 capienduS'sit,
1409 2235 1734 2290 interficien-

154 2325 368 2395 dusqne
418 2340 539 2380 cum
589 2326 777 2380 amicis
824 2326 936 2383 suis
983 2327 1160 2398 gladio
1203 2346 1215 2382 :
1260 2342 1360 2382 nec
1409 2327 1572 2384 ullam
1617 2329 1735 2399 ejus

156 2422 344 2483 speret
390 2413 837 2480 misericordiam,
889 2417 1039 2487 cujus
1069 2417 1244 2473 foedus
1285 2426 1339 2472 et
1385 2418 1734 2475 necessitudi-

155 2518 287 2558 nem
316 2501 552 2573 perjurio
579 2504 832 2559 deseruit.

238 2613 256 2646 ι
288 2593 356 2647 Et
382 2595 446 2648 ad
477 2594 729 2664 populum
758 2597 902 2652 hunc
927 2598 1106 2654 dices:
1136 2598 1261 2655 Hac
1287 2600 1420 2656 dicit
1439 2600 1730 2659 Dominus:

158 2682 305 2738 Ecce
334 2698 431 2753 ego
461 2684 529 2737 do
552 2699 734 2740 coram
759 2687 912 2742 vobis
939 2688 1079 2743 viam
1106 2689 1230 2744 vitae
1263 2697 1318 2744 et
1352 2691 1494 2746 viam
1520 2693 1731 2748 mortis.

159 2774 269 2844 Qui
298 2775 622 2831 habitaverit
669 2777 721 2831 in
751 2779 883 2835 urbe
904 2780 1007 2834 hac
1031 2782 1290 2837 morietur
1313 2783 1489 2854 gladio
1514 2795 1566 2840 et
1593 2785 1735 2842 fame

157 2875 218 2922 et
246 2877 422 2938 peste,
473 2867 565 2936 qui
598 2877 776 2923 autem
805 2884 1055 2940 egressus
1097 2871 1276 2937 fuerit,
1308 2883 1362 2927 et
1389 2875 1738 2948 transfugerit

162 2959 232 3014 ad
282 2958 584 3025 Chaldaeos,
640 2960 733 3029 qui
781 2960 1027 3016 obsident
1076 2978 1195 3028 vos,
1234 2963 1378 3018 vivet
1422 2981 1435 3017 :
1473 2973 1528 3019 et
1555 2966 1659 3020 erit
1685 2967 1736 3022 ei

157 3053 346 3109 anima
372 3067 465 3107 sua
493 3052 648 3121 quasi
696 3052 944 3122 spolium.
977 3053 1138 3109 Posui
1163 3055 1304 3110 enim
1337 3055 1528 3111 faciem
1561 3073 1735 3112 meam

158 3156 329 3213 super
367 3142 643 3197 civitatem
671 3143 810 3198 hanc
845 3143 898 3196 in
929 3144 1153 3210 malum,
1201 3143 1393 3202 etnon
1424 3147 1477 3200 in
1513 3148 1734 3213 bonum,

1836 1966 2118 2020 materiam
2134 1980 2294 2034 quam
2317 1973 2614 2020 consumat.
2638 1964 3074 2034 lneredibilisque
3090 1965 3142 2018 in
3169 1965 3272 2019 hoc
3296 1965 3413 2018 loco

1835 2056 1930 2112 Dei
1978 2057 2264 2111 clementia
2319 2057 2736 2123 demonstratur,
2787 2066 2847 2110 ut
2894 2056 2960 2110 de
3007 2056 3202 2124 quibus
3251 2071 3413 2126 supra

1835 2150 2064 2212 dixerat,
2100 2166 2118 2201 ι
2147 2150 2300 2218 posui
2341 2149 2484 2206 enim
2514 2149 2702 2206 faciem
2742 2164 2918 2204 meam
2953 2164 3111 2218 super
3139 2149 3413 2203 civitatem

1834 2236 1976 2291 hanc
2018 2237 2072 2291 in
2123 2239 2346 2304 malum,
2377 2247 2433 2293 et
2473 2254 2579 2294 non
2628 2238 2680 2293 in
2727 2239 2946 2294 bonum.
2983 2239 3041 2292 In
3071 2253 3230 2292 manu
3275 2241 3415 2307 regis

1833 2324 2125 2396 Babylonis
2176 2328 2442 2394 tradetur,
2479 2335 2534 2382 et
2579 2334 2770 2381 exuret
2797 2341 2917 2380 eam
2953 2327 3080 2396 igni,
3112 2346 3130 2378 ι
3161 2323 3272 2394 jam
3307 2328 3414 2380 Du-

1834 2417 1966 2474 mini
2012 2419 2292 2490 ingruente
2338 2420 2602 2475 sententia
2645 2434 2739 2474 eos
2779 2428 3034 2488 provocet
3071 2421 3137 2473 ad
3159 2401 3412 2475 'salutem.

1835 2507 1953 2564 Non
1975 2511 2117 2579 quod
2138 2511 2352 2580 ignoret
2370 2511 2555 2565 urbem
2577 2509 2913 2566 Hierusalem
2937 2525 3056 2564 esse
3076 2510 3414 2580 capiendam,

1835 2601 1931 2656 sed
1955 2588 2098 2672 quod
2123 2600 2354 2672 liberum
2383 2601 2588 2656 homini
2615 2604 2859 2656 servetur
2889 2602 3194 2664 arbitrium,
3223 2609 3279 2654 ut
3308 2616 3413 2655 non

1836 2693 2141 2764 ignorantia
2185 2692 2368 2754 futuri,
2537 2691 2813 2746 voluntate
2856 2691 3072 2762 propria
3116 2691 3293 2760 perire
3339 2691 3418 2744 vi-

1836 2784 2087 2838 deantur.
2134 2782 2411 2850 Quomodo
2452 2791 2508 2837 et
2550 2783 2798 2856 Salvator
2851 2784 3052 2838 sciebat
3103 2783 3415 2852 Apostolum

1835 2883 2187 2944 negaturum,
2235 2883 2291 2928 et
2334 2889 2391 2929 se
2427 2889 2546 2929 esse
2587 2873 3026 2944 eruciﬁgendum.
3070 2873 3274 2943 Quippe
3324 2873 3413 2942 qui

1836 2963 1938 3017 hoc
1969 2961 2223 3032 apostolis
2258 2977 2399 3032 saepe
2426 2962 2776 3031 praedixerat,
2811 2972 2863 3017 et
2893 2963 3243 3018 nihilominus
3273 2977 3411 3016 eom-

1837 3054 2107 3118 monebat,
2145 3053 2330 3108 volens
2380 3069 2473 3109 eos
2517 3055 2788 3126 corrigere
2832 3056 2898 3110 ad
2937 3056 3328 3126 paenitentiam,
3361 3063 3413 3110 ut

1840 3145 2099 3214 quidquid
2128 3153 2309 3214 postea
2340 3145 2710 3200 sustinuerunt
2736 3161 2834 3200 suo
2862 3146 2991 3201 vitio
3018 3148 3097 3202 eis
3137 3149 3413 3216 acciderit,

165 3209 249 3289 ait
284 3234 580 3288 Dominus:
616 3234 668 3287 in
709 3249 866 3288 manu
898 3236 1039 3305 regis
1072 3235 1359 3308 Babylonis
1411 3239 1647 3306 dabitur,
1684 3209 1739 3295 et
1764 3209 1808 3271 Ε
1843 3209 1951 3288 lion
1980 3209 2176 3288 (iutilia
2201 3235 2598 3289 comminantis.

158 3332 356 3379 exuret
391 3339 513 3378 eum
545 3321 674 3395 igni.
731 3324 828 3380 His
851 3327 941 3395 qui
973 3342 1004 3379 a
1042 3343 1168 3398 rege
1198 3337 1323 3382 sunt
1351 3329 1520 3396 missi,
1572 3340 1627 3386 et
1673 3332 1740 3387 ad

159 3417 480 3487 prophetam
515 3427 776 3472 venerant
813 3417 1207 3488 deprecandum
1231 3461 1245 3486 ,
1286 3431 1344 3476 ut
1387 3424 1742 3495 interrogaret

160 3522 262 3576 pro
285 3507 366 3561 eis
398 3507 704 3572 Dominum,
733 3510 1010 3578 superiora
1046 3512 1409 3580 responderat,
1438 3523 1493 3568 et
1516 3531 1634 3584 quze
1665 3531 1744 3571 re-

160 3597 376 3671 ferrent
427 3598 534 3667 regi
587 3597 902 3665 Sedechize;
950 3616 1093 3655 nunc
1128 3603 1375 3657 hortatur
1419 3613 1478 3658 ut
1516 3619 1739 3675 respon-

161 3687 553 3756 deant'pOpulo
584 3705 596 3740 :
629 3687 829 3758 datque
877 3691 1159 3745 consilium
1190 3701 1247 3746 ut
1289 3694 1644 3766 transfugiant
1674 3697 1742 3752 ad

161 3774 447 3830 Chaldaeos
485 3784 670 3831 contra
699 3778 901 3848 regiam
928 3780 1276 3847 voluntatem,
1307 3786 1449 3853 quod
1478 3787 1744 3855 periculo-

161 3880 284 3919 sum
329 3865 490 3921 fuisse
518 3868 794 3938 prophetae
833 3869 1011 3924 nullus
1055 3872 1282 3942 ignorat.
1319 3874 1470 3930 Unde
1508 3886 1563 3931 et
1600 3894 1740 3933 mor-

160 3965 272 4012 tem
299 3957 400 4011 sibi
428 3959 770 4028 imprecatur,
795 3969 850 4014 et
874 3961 1003 4016 dicit
1033 3981 1045 4012 :
1075 3949 1091 4013 έ
1117 3963 1394 4020 Maledicta
1418 3967 1532 4021 dies
1557 3968 1610 4022 in
1635 3985 1740 4038 qua

159 4057 328 4105 natus
359 4064 477 4104 sum
505 4051 598 4120 ljet
619 4065 784 4120 quare
805 4052 872 4107 de
894 4054 1049 4110 vulva
1076 4070 1327 4126 egressus
1353 4072 1492 4125 sum,
1519 4068 1576 4112 ut
1598 4060 1743 4115 vide-

161 4157 281 4197 rem
311 4141 546 4198 laborem
572 4152 628 4198 et
656 4144 932 4200 dolorem?
976 4166 994 4198 ι
1030 4163 1138 4203 non
1172 4150 1314 4219 quod
1343 4149 1458 4205 leve
1490 4152 1580 4217 sit,
1613 4168 1740 4207 nec-

159 4235 487 4303 dumcaptis
508 4235 637 4289 dare
665 4236 970 4303 consilium,
1005 4253 1063 4292 se
1099 4239 1241 4294 ultro
1269 4243 1478 4296 tradere
1514 4244 1738 4313 captivi-

160 4324 284 4387 tati,
313 4323 467 4394 quasi
493 4325 537 4378 si
565 4326 806 4393 passuris
828 4327 1164 4399 naufragium
1190 4329 1498 4400 imperetur,
1531 4341 1589 4388 ut
1617 4343 1740 4390 ante

160 4413 504 4485 naufragium
541 4423 596 4469 et
625 4416 935 4486 dissipatam
977 4435 1187 4487 navem,
1219 4436 1398 4477 remos
1431 4423 1742 4494 tabulasque

158 4505 478 4573 corripiant,
505 4515 558 4560 et
579 4521 636 4560 se
666 4509 822 4561 undis
846 4511 1057 4564 tradent
1082 4530 1094 4564 :
1122 4513 1217 4567 sed
1245 4516 1384 4582 quod
1414 4515 1739 4572 tolerabilius

159 4595 256 4658 sit,
294 4586 566 4664 utcunque
609 4606 794 4666 captos
833 4600 1012 4654 vivere
1055 4617 1218 4670 quam
1260 4603 1457 4673 gladio,
1508 4605 1649 4662 fame
1689 4618 1742 4663 et

157 4694 335 4755 peste,
365 4679 630 4762 eonsumi.
659 4687 797 4742 Sunt
824 4691 916 4758 qui
942 4692 1085 4747 hunc
1107 4693 1282 4748 locum
1311 4696 1603 4752 secundum
1633 4708 1741 4752 tro-

157 4777 430 4847 pologiam
453 4779 531 4832 sic
555 4778 857 4834 edisserunt
893 4800 905 4834 :
939 4784 1129 4839 melius
1152 4798 1272 4840 esse
1303 4787 1647 4843 saecularibus
1685 4805 1744 4844 se

160 4871 380 4924 tradere
413 4870 724 4942 disciplinis,
755 4883 808 4928 et
838 4877 1068 4950 maxime
1089 4879 1458 4948 philosophiae,
1485 4897 1643 4951 quam
1689 4883 1743 4936 in

161 4958 252 5012 illa
296 4973 614 5028 permanere
651 4955 897 5030 ecclesia,
948 4964 1001 5018 in
1040 4981 1144 5034 qua
1171 4965 1341 5022 fames
1386 4970 1455 5022 sit
1480 4971 1743 5026 sermonis

160 5048 284 5114 Dei,
331 5056 386 5104 et
435 5057 663 5105 cunctus
705 5053 931 5122 populus
976 5055 1348 5111 haereticorum
1391 5057 1600 5126 gladio,
1649 5060 1742 5114 do-

161 5138 463 5209 ctrinaque
502 5140 761 5209 penuria,
792 5153 846 5196 et
893 5144 1144 5201 haeretica
1191 5154 1340 5216 peste
1387 5147 1666 5204 moriatur.

243 5242 261 5276 ι
291 5224 360 5279 Et
378 5229 558 5283 dumui
588 5230 729 5299 regis
753 5229 887 5286 Juda
904 5249 918 5286 :
936 5235 1117 5290 audite
1138 5238 1360 5291 verbum
1385 5231 1616 5306 Domini,
1643 5240 1737 5294 do-

163 5333 290 5372 mus
317 5318 500 5372 David.
529 5321 654 5376 Haec
682 5324 812 5378 dicit
829 5325 1086 5383 Dominus
1117 5347 1128 5381 :
1159 5327 1400 5384 Judicate
1426 5347 1582 5386 mane
1604 5333 1742 5402 judi-

167 5409 336 5474 cium,
359 5422 414 5465 et
439 5411 610 5466 emite
631 5414 684 5468 vi
705 5429 1018 5485 oppressum
1044 5419 1110 5471 de
1136 5435 1294 5473 manu
1316 5420 1735 5489 ealumniatoris,

167 5515 240 5556 ne
286 5499 427 5556 forte
463 5504 767 5572 egrediatur
796 5508 930 5578 (sive
973 5516 1029 5562 ut
1067 5524 1174 5563 non
1211 5513 1544 5582 egrediatur)
1587 5515 1738 5582 quasi

171 5590 312 5661 ignis
329 5594 624 5666 indignatio
640 5613 774 5664 mea,
795 5611 848 5655 et
867 5603 1242 5669 succendatur,
1260 5615 1313 5660 et
1327 5623 1430 5660 non
1453 5606 1622 5676 sitqui
1645 5624 1740 5663 ex-

172 5683 410 5753 stinguat
443 5695 659 5757 propter
706 5691 964 5747 malitiam
1010 5695 1307 5752 studiorum
1356 5707 1676 5752 vestrorum.
1718 5719 1738 5752 ι

173 5774 434 5844 Quodque
460 5779 729 5846 sequitur:
761 5799 780 5832 ι
815 5794 1030 5852 propter
1056 5785 1311 5841 malitiam
1339 5789 1633 5844 studiorum
1657 5804 1746 5845 ve-

534 5867 804 5932 ΡΑτιιοι..
849 5872 1013 5934 CXI.

1919 3343 1937 3374 ι
1982 3324 2121 3378 Ecce
2149 3339 2246 3394 ego
2277 3325 2343 3378 ad
2381 3332 2430 3379 te
2461 3325 2836 3381 habitatricem
2863 3325 3017 3381 vallis
3048 3327 3230 3383 solidae
3260 3335 3416 3399 atque

1849 3431 1869 3465 ι
1914 3415 2247 3484 campestris,
2286 3414 2362 3467 ait
2387 3414 2663 3478 Dominus,
2694 3416 2785 3485 qui
2815 3416 2992 3471 dicitis
3025 3436 3036 3469 :
3065 3417 3192 3486 Quis
3225 3433 3411 3488 peren-

1851 3521 1869 3555 ι
1917 3506 2013 3558 tiet
2043 3504 2166 3575 (sive
2195 3504 2438 3574 terrebit)
2468 3521 2585 3570 nos,
2627 3515 2682 3559 et
2720 3507 2840 3574 quis
2868 3507 3196 3576 ingredietur
3234 3508 3415 3564 domos

1850 3613 1867 3645 ι
1913 3580 2164 3648 nostras?
2195 3594 2262 3647 Et
2291 3594 2520 3649 visitabo
2547 3610 2711 3665 super
2749 3613 2862 3651 vos.
2899 3617 2916 3647 ›
2951 3596 3208 3668 Quodque
3236 3601 3412 3668 sequi-

1844 3693 1954 3749 tur,
1985 3703 2002 3736 ι
2027 3686 2181 3755 juxta
2211 3685 2446 3740 fructum
2491 3688 2790 3742 studiorum
2825 3682 3123 3745 vestrorum
3161 3693 3290 3745 dicit
3319 3692 3416 3746 Do-

1843 3777 2045 3840 minus,
2069 3795 2086 3826 ι
2115 3777 2169 3828 in
2192 3774 2536 3848 Septuaginta
2555 3793 2658 3831 non
2677 3779 2904 3833 habetur
2929 3797 2942 3832 :
2967 3798 2983 3830 ι
3011 3780 3075 3834 Et
3099 3782 3416 3834 sucecndam

1845 3866 2022 3936 ignem
2057 3867 2112 3920 in
2146 3866 2285 3921 saltu
2314 3866 2450 3935 ejus,
2481 3877 2536 3922 et
2575 3867 2854 3923 devorabit
2887 3871 3066 3922 omnia
3100 3871 3154 3923 in
3191 3871 3415 3924 circuitu

1842 3957 1976 4025 ejus.
2032 3975 2049 4008 ι
2095 3957 2200 4011 Pro
2251 3957 2568 4012 habitatriee
2619 3946 2773 4012 vallis
2832 3957 3012 4015 solidae
3063 3967 3222 4028 atque
3274 3978 3414 4014 cani-

1841 4046 2037 4117 pestris
2073 4045 2424 4118 Septuaginta
2451 4048 2874 4102 transtulerunt:
2901 4067 2918 4099 ‹
2953 4049 3090 4104 Ecce
3120 4066 3219 4120 ego
3249 4051 3314 4103 ad
3345 4060 3416 4114 te,

1841 4138 1933 4206 qui
1970 4135 2182 4191 habitas
2211 4137 2265 4191 in
2303 4137 2438 4192 valle
2467 4136 2574 4193 Son
2605 4137 2748 4209 ('11?)
2772 4141 3092 4208 campestri,
3134 4160 3152 4190 ι
3185 4157 3283 4210 pro
3312 4158 3416 4209 quo

1844 4227 2200 4300 Symmachus
2217 4222 2436 4298 petram,
2453 4228 2768 4294 Theodotio,
2783 4231 3060 4294 obsessam,
3079 4231 3415 4301 interpretati

1841 4327 1967 4372 sunt
1991 4335 2004 4381 ;
2026 4319 2232 4387 Aquila:
2253 4318 2426 4388 prima
2447 4318 2633 4384 editio,
2665 4318 2911 4383 solidam,
2937 4321 3171 4375 secunda
3201 4321 3412 4391 Tyrum.

1841 4409 1945 4484 Sor
1974 4411 2117 4466 enim
2146 4413 2258 4466 sive
2285 4411 2391 4466 Sur
2420 4412 2596 4483 lingua
2629 4411 2848 4470 Hebrzna
2881 4423 2934 4468 et
2969 4412 3181 4483 Tyrum,
3217 4426 3271 4469 et
3301 4419 3413 4469 sili-

1842 4517 1970 4566 cem,
1988 4512 2042 4557 et
2055 4503 2374 4557 cohortatum
2391 4501 2754 4575 [coarctatami
2773 4515 2945 4560 sonat.
2960 4505 3220 4574 Loquitur
3235 4519 3413 4561 allthl

1841 4604 2030 4649 contra
2076 4594 2431 4659 Hierusalem,
2477 4611 2595 4663 qua:
2642 4597 2918 4651 obsidione
2951 4598 3141 4651 vallata
3170 4608 3271 4661 est,
3303 4616 3414 4653 suve

1844 4685 1896 4738 in
1930 4680 2332 4740 similitudinem
2365 4685 2512 4756 Tyri,
2546 4687 2697 4755 quasi
2726 4690 2860 4741 mari
2895 4690 3102 4760 grandi,
3137 4691 3210 4744 ita
3245 4691 3418 4761 Baby-

1842 4775 1987 4830 lonio
2029 4777 2269 4831 exercitu
2306 4775 2561 4848 cingitur,
2585 4788 2640 4832 et
2685 4781 2910 4834 evadere
2944 4796 3049 4833 non
3087 4791 3280 4849 potest.
3310 4783 3417 4835 Aut

1846 4877 2014 4934 certe,
2041 4883 2159 4937 quae
2196 4883 2252 4922 se
2281 4868 2451 4923 instar
2486 4879 2650 4937 petrae
2681 4872 2980 4926 durissimae
3024 4873 3412 4943 inexpugnabi-

1846 4961 1948 5017 lem
1972 4971 2120 5031 putat
2147 4971 2307 5030 atque
2325 4961 2622 5026 robustam,
2646 4978 2743 5032 pro
2762 4965 3036 5019 soliditate
3061 4981 3331 5018 murorum
3359 4977 3413 5020 et

1844 5054 2226 5123 magnitudine,
2258 5062 2314 5108 et
2340 5053 2470 5110 dicit
2498 5072 2510 5107 :
2547 5072 2565 5104 ι
2603 5055 2733 5120 Quis
2764 5067 2966 5110 terrere
2993 5071 3092 5110 nos
3117 5057 3334 5123 poterit,
3363 5070 3414 5111 et

1843 5147 1963 5217 quis
1991 5148 2320 5217 ingredietur
2354 5148 2539 5202 domos
2573 5151 2819 5204 nostras?
2852 5168 2870 5200 ›
2914 5165 3035 5204 cum
3069 5166 3099 5206 e
3144 5153 3416 5204 contrario

1842 5239 2092 5308 loquatur
2133 5241 2302 5294 Deus:
2337 5259 2354 5291 ι
2389 5241 2496 5311 Ego
2522 5241 2749 5296 visitabo
2777 5258 2889 5307 vos,
2933 5263 2951 5294 ι
2979 5259 3154 5296 meum
3185 5245 3412 5297 evadere

1841 5331 2053 5386 ocuium
2073 5348 2176 5386 non
2194 5333 2455 5402 poteritis.
2469 5333 2716 5388 .Visitabo
2733 5344 2906 5388 autem
2922 5349 3016 5389 vos
3032 5335 3082 5387 in
3098 5327 3411 5412 perniciem,

1843 5430 1897 5475 et
1919 5423 2138 5476 reddam
2162 5424 2312 5477 vobis
2341 5421 2570 5478 fructum
2602 5424 2816 5480 malitia:
2842 5434 3060 5490 vestrm;
3092 5435 3146 5478 et
3169 5441 3268 5495 ego
3295 5443 3418 5481 suc—

1844 5514 2069 5567 cendam
2101 5514 2272 5584 ignem
2304 5515 2355 5568 in
2391 5514 2526 5568 saltu
2570 5525 2750 5571 vestro
2774 5557 2788 5582 ,
2826 5532 2930 5571 non
2969 5516 3312 5588 Babylonius,
3361 5528 3418 5572 ut

1843 5605 2065 5674 putatis,
2099 5620 2206 5659 non
2246 5621 2340 5659 rex
2378 5606 2772 5671 Chaldaeorum,
2814 5609 2903 5662 sed
2939 5625 3054 5662 mea
3089 5610 3203 5664 haec
3237 5613 3415 5664 uinnia

1847 5697 1925 5750 ira
1950 5698 2213 5766 perficiet.
2243 5698 2452 5752 Saltum
2483 5711 2661 5756 autem
2687 5712 2843 5757 vocat
2868 5701 3196 5758 Hierusalem
3227 5715 3283 5758 et
3305 5722 3391 5758 um

1847 5805 1971 5845 nem
2002 5790 2146 5846 circa
2188 5793 2480 5862 regionem,
2519 5811 2636 5864 quae
2678 5794 2958 5866 frugiferas
2993 5797 3210 5851 arbores
3250 5798 3389 5850 lanio

2872 5887 2941 5946 3t
