3926 6344
447 391 545 448 971

1092 389 1154 446 Β.
1193 387 1448 446 RABANI
1483 387 1704 446 MAURI
1738 389 2037 446 ARCIIIEP

2143 388 2410 448 lUGUNT.
2427 389 2713 448 OPERUM
2745 389 2936 454 l’AltS
2971 391 3060 443 III.

3643 393 3749 451 972

443 523 568 564 rum
595 520 822 577 operum
858 519 965 560 non
1007 505 1188 569 habet,
1227 502 1371 574 quod
1415 503 1489 558 sit
1537 504 1784 560 incendio
1826 519 2006 576 praepa
2066 512 2119 571 Α
2143 508 2438 562 ambitione
2459 503 2842 578 ingrediemini
2864 503 3422 574 portasIIierunlem.
3450 507 3548 565 Sin
3569 521 3747 569 autem

448 607 616 653 ratus.
649 587 990 667 Pulchreque
1012 596 1206 651 vallem
1229 593 1460 666 appellat
1491 605 1874 667 campestrem,
1896 597 2040 666 quod

443 689 630 764 pervia
677 689 749 744 sit
794 689 1063 753 hostibus,
1109 695 1163 742 et
1203 701 1312 741 non
1354 696 1590 741 montem
1623 687 1916 754 excelsum,
1946 687 2040 758 qui

443 763 732 838 didiculter
751 763 972 836 ascendi
993 787 1209 850 potest,
1215 779 1372 851 juxta
1405 778 1551 850 quod
1582 779 1636 834 in
1657 779 1795 834 Isaia
1821 779 2038 846 dicitur,

447 890 469 925 ι
505 873 657 930 Visio
678 863 833 928 vallis
860 864 989 926 Sion
1016 873 1152 943 (lsa.
1184 871 1343 944 χχιι).
1379 891 1398 923 ι
1431 872 1700 941 Quidquid
1728 853 1793 925 ad
1813 870 2041 926 domum

443 967 673 1038 regiam,
701 975 757 1021 et
795 968 988 1021 urbem
1032 965 1372 1036 metropolim
1419 966 1797 1035 prophetatur,
1840 963 2044 1020 refera-

443 1076 565 1116 mus
610 1059 679 1115 ad
723 1058 1152 1116 ecclesiasticum
1183 1059 1426 1114 ordinem
1458 1067 1514 1114 et
1550 1047 1824 1130 principes
1853 1059 2042 1115 Eccle-

439 1153 670 1217 siarum,
714 1166 810 1216 eos
854 1135 1120 1206 duntaxat
1173 1150 1266 1220 qui
1322 1165 1380 1204 se
1425 1151 1694 1221 superbiae
1737 1159 1792 1206 et
1837 1150 2040 1206 divitiis

438 1244 784 1315 lasciviasque
815 1243 1157 1307 tradiderint,
1199 1257 1300 1298 nec
1327 1243 1534 1307 statim,
1562 1244 1686 1312 quia
1721 1243 1914 1298 domus
1951 1249 2039 1298 re-

439 1338 526 1410 gia
557 1347 643 1393 est
686 1339 754 1392 ab
806 1337 1028 1392 interitu
1069 1335 1409 1391 liberabitur.
1458 1334 1738 1403 Quomodo
1766 1344 1820 1390 et
1847 1336 1938 1406 qui
1974 1335 2043 1390 de

439 1432 610 1502 stirpe
669 1430 820 1486 fuere
852 1431 1051 1495 David,
1093 1430 1252 1500 pauci
1301 1431 1590 1485 admodum
1639 1437 1765 1484 sunt
1807 1427 2040 1494 inventi,

438 1526 532 1596 qui
565 1524 865 1580 placuerint
912 1523 1162 1590 Domino,
1192 1531 1252 1578 ut
1287 1523 1402 1594 ipse
1445 1519 1634 1586 David,
1686 1521 1946 1577 Ezechias
1985 1526 2045 1576 et

437 1613 638 1683 Josias,
687 1630 992 1686 magnaque
1025 1629 1153 1683 pars
1197 1614 1500 1684 principum
1538 1622 1594 1668 et
1631 1613 1815 1682 stirpis
1856 1611 2039 1684 regias,

437 1707 494 1760 in
525 1705 837 1761 universum
867 1703 1125 1777 populum
1153 1703 1293 1759 iram
1321 1703 1535 1760 Domini
1557 1701 1893 1775 provocavit.

1023 1863 1251 1922 CAPUT
1290 1861 1456 1919 XXII.

439 1977 672 2048 Mittitur
719 1977 973 2048 propheta
1006 1976 1097 2048 ad
1137 1992 1307 2048 regem
1358 1974 1652 2048 prledicare
1692 1974 1974 2048 justitiam
2013 1985 2035 2024 :

376 2071 379 2073 ·
505 2042 753 2172 loaclhim
783 2042 876 2102 rex
901 2045 1051 2102 Juda
1083 2042 1377 2102 insepultus
1413 2042 1870 2116 projicitur’extra
1900 2042 2036 2098 Hie-

513 2136 637 2174 rusa
662 2135 763 2173 em.

514 2274 533 2307 ι
575 2252 703 2310 Haec
733 2252 866 2308 dicit
891 2250 1155 2306 Dominus
1183 2267 1196 2304 :
1230 2246 1508 2306 Descende
1542 2246 1597 2302 in
1639 2247 1858 2302 domum
1890 2245 2038 2316 regis

442 2366 463 2398 ι
504 2345 667 2411 Juda,
695 2354 752 2400 et
785 2343 1026 2413 loqueris
1056 2342 1130 2397 ibi
1162 2342 1388 2397 verbum
1425 2341 1548 2404 hec,
1581 2347 1636 2393 et
1669 2338 1819 2393 dices
1849 2355 1862 2391 :
1895 2337 2038 2392 Audi

441 2458 461 2491 ι
505 2437 730 2493 verbum
761 2434 992 2501 Domini,
1023 2447 1119 2489 rex
1147 2429 1302 2496 Juda,
1337 2431 1429 2501 qui
1466 2429 1622 2514 sedes
1651 2443 1815 2500 super
1837 2427 2037 2484 solium

443 2549 462 2581 ‹
508 2527 787 2593 David,‘tu
812 2533 867 2582 et
900 2525 1044 2581 servi
1074 2524 1173 2590 tui,
1202 2531 1259 2579 et
1297 2521 1526 2594 populus
1562 2529 1708 2586 tuus,
1733 2519 1824 2589 qui
1856 2518 2039 2589 ingre-

443 2641 460 2672 ι
509 2619 700 2677 dimi‘ni
731 2634 828 2690 per
851 2626 1040 2689 portas
1060 2617 1179 2672 has.
1212 2615 1340 2671 Haec
1366 2615 1497 2670 dicit
1517 2613 1778 2670 Dominus
1807 2629 1820 2666 :
1849 2610 2038 2666 Facite

442 2730 462 2762 ι
497 2709 765 2780 judicium
794 2717 850 2764 et
873 2707 1167 2780 justitiam,
1197 2714 1252 2761 et
1283 2705 1512 2760 liberate
1536 2703 1588 2758 vi
1612 2716 1931 2774 Oppressum
1970 2700 2039 2756 de

445 2822 463 2855 ι
509 2817 671 2857 manu
703 2799 1134 2864 calumniatoris,
1181 2807 1239 2853 et
1277 2799 1562 2863 advenam,
1587 2804 1643 2850 et
1670 2795 1954 2866 pupillum,
1981 2803 2040 2848 et

445 2918 461 2949 ι
512 2896 727 2950 viduam
753 2893 922 2950 nolite
946 2893 1293 2958 contristare,
1309 2905 1484 2960 neque
1508 2887 1828 2960 opprimatis
1853 2887 2038 2958 inique

443 3012 462 3045 ι
509 2993 624 3047 sive
655 2991 837 3062 impie,
872 2997 928 3045 et
967 2989 1284 3059 sanguinem
1321 2987 1664 3040 innocentem
1699 2999 1768 3038 ne
1795 2980 2037 3038 effunda-

442 3106 460 3137 ι
507 3086 579 3142 tis
608 3085 661 3139 in
701 3083 823 3139 loco
869 3083 993 3139 isto.
1037 3079 1095 3136 Si
1137 3078 1587 3136 enim'facientes
1630 3074 1870 3135 feceritis
1914 3087 2037 3132 ver-

443 3197 462 3229 σ
508 3180 634 3232 bum
667 3176 830 3243 istud,
884 3174 1256 3246 ingredieutur
1293 3186 1391 3243 per
1434 3179 1618 3242 portas
1657 3169 1848 3225 domus
1878 3169 2038 3240 hujus

2143 597 2323 654 facere
2347 599 2650 666 nolueritis,
2667 617 2701 656 o
2720 601 2920 657 domuis
2947 598 3114 669 regia,
3134 613 3239 653 non
3270 607 3381 656 tam
3402 602 3618 658 Domini
3642 605 3749 662 erit

2143 690 2498 758 crudelitatis,
2527 707 2688 762 quam
2728 701 2833 746 tuae
2885 689 3196 758 voluntatis,
3241 700 3303 747 ut
3333 697 3515 751 omnis
3559 698 3750 755 civitas

2144 783 2422 854 redigatur
2471 784 2528 838 in
2584 783 2952 840 solitudinem.
3021 781 3296 853 Quidquid
3347 789 3512 857 regia:
3564 789 3748 846 domui

2145 875 2348 931 dictum
2401 885 2519 945 est,
2573 878 2877 950 intelligant
2927 875 3202 949 episcopi,
3256 878 3503 949 sociique
3558 897 3747 937 eorum

2141 967 2443 1037 presbyteri
2484 976 2645 1038 atque
2676 970 2912 1037 diaconi,
2951 979 3006 1025 ct
3038 967 3219 1022 omnis
3244 969 3378 1024 ordo
3411 971 3749 1028 ecclesiasti-

2144 1072 2259 1113 cus.
2305 1058 2459 1126 Quod
2505 1060 2550 1114 si
2592 1059 2822 1120 fecerint
2873 1076 2995 1130 quae
3036 1067 3310 1132 prmcepta
3342 1070 3490 1126 sunt,
3518 1071 3575 1116 et
3604 1063 3748 1118 inter

2144 1157 2340 1224 caetera
2384 1149 2728 1205 innocentem
2776 1152 3099 1222 sanguinem
3150 1165 3260 1206 non
3303 1149 3568 1217 fuderint,
3599 1170 3749 1209 scan-

2145 1237 2441 1294 dalizantes
2492 1240 2745 1296 minimos
2801 1258 3044 1314 quosque
3089 1251 3138 1298 et
3191 1241 3568 1314 percutiean
3616 1259 3750 1300 con-

2147 1331 2402 1386 scientias
2423 1333 2780 1405 singulorum,
2799 1334 3078 1391 obtineant
3101 1337 3355 1391 traditam
3379 1335 3480 1390 sibi
3504 1351 3536 1389 a
3560 1321 3744 1392 Domi-

2143 1439 2214 1479 no
2243 1425 2582 1494 dignitatem.
2601 1426 2695 1481 Sin
2723 1437 2903 1482 autem
2929 1427 3109 1484 facere
3131 1428 3407 1484 noluerint
3433 1439 3600 1498 atque
3621 1436 3749 1485 eon-

2143 1515 2483 1586 tempserint,
2524 1517 2624 1590 ipsi
2667 1517 2915 1590 redigant
2951 1518 3247 1574 Ecclesiam
3279 1519 3377 1575 Dei
3406 1518 3464 1574 In
3495 1519 3744 1574 solitudi-

2145 1622 2289 1663 nem.
2318 1608 2699 1680 lngrediuntur
2720 1623 2902 1667 autem
2929 1615 2995 1669 de
3017 1630 3216 1692 genere
3237 1615 3408 1671 David
3431 1631 3533 1686 per
3555 1623 3747 1686 portas

2147 1698 2507 1766 Hierusalem,
2552 1709 2608 1755 et
2651 1701 2840 1756 sedent
2877 1719 3042 1774 super
3079 1705 3334 1760 thronum
3367 1707 3514 1777 ejus,
3543 1703 3636 1776 qui
3661 1705 3746 1760 in-

2147 1797 2482 1860 terpretatur
2528 1792 2684 1849 fortis
2732 1811 2918 1861 manu,
2969 1807 3026 1850 et
3075 1799 3374 1854 ascendunt
3438 1816 3635 1855 currus
3687 1807 3745 1857 et

2061 1878 2113 1938 Β
2139 1896 2329 1950 equos,
2356 1883 2573 1952 quando
2599 1884 2876 1941 refrenant
2909 1894 2961 1942 et
2998 1903 3126 1944 suas
3163 1899 3217 1946 et
3246 1891 3429 1962 populi
3453 1878 3742 1962 perturba-

2140 1973 2337 2039 tiones,
2362 1983 2418 2029 et
2443 1976 2747 2046 camposito
2777 1978 2830 2032 in
2865 1977 3106 2034 Ecclesia
3133 1982 3513 2052 ingrediuntur
3547 1983 3738 2056 gradu,

2137 2076 2194 2121 et
2220 2067 2513 2122 multarum
2545 2070 2806 2126 virtutum
2836 2072 3026 2138 choro,
3059 2073 3269 2144 sibique
3295 2090 3364 2130 ex
3402 2076 3553 2131 omni
3588 2087 3744 2147 parte

2139 2159 2597 2216 concinnentium.
2614 2162 2682 2219 Et
2702 2174 2762 2218 ut
2784 2163 2888 2219 hoc
2902 2180 3089 2220 verum
3113 2179 3232 2220 esse
3259 2169 3572 2235 credamus,
3591 2171 3752 2240 jurat

2138 2263 2237 2319 per
2263 2265 2345 2316 se,
2381 2251 2509 2321 quia
2541 2253 2697 2322 juxta
2741 2255 3079 2326 Apostolum,
3125 2257 3387 2328 majorem
3428 2258 3597 2315 alium
3641 2277 3740 2333 per

2139 2356 2302 2411 quem
2323 2340 2512 2411 jurare
2538 2345 2710 2414 possit
2745 2361 2853 2400 non
2893 2347 3059 2403 habet
3097 2346 3286 2420 (Hebr.
3328 2349 3428 2420 vx).

2219 2451 2237 2484 ι
2285 2433 2421 2501 Quia
2459 2436 2575 2500 tunc
2606 2436 2738 2490 dicit
2766 2437 3028 2494 Dominus
3060 2453 3226 2510 super
3254 2441 3479 2497 domum
3511 2444 3641 2512 (sive
3672 2447 3741 2501 ad

2145 2538 2178 2572 ο
2213 2518 2453 2593 domum)
2491 2521 2633 2591 regis
2670 2519 2830 2588 Juda,
2869 2520 3095 2590 Galaad,
3139 2535 3197 2580 tu
3241 2527 3375 2582 mihi
3422 2538 3589 2600 caput
3615 2530 3744 2602 (sive

2145 2631 2166 2666 ι
2211 2611 2561 2685 principium)
2595 2613 2808 2680 Libani,
2837 2615 2884 2692 si
2913 2629 3020 2670 non
3047 2629 3281 2686 posuero
3316 2627 3369 2674 te
3402 2620 3456 2675 in
3487 2623 3741 2680 solitudi-

2147 2724 2166 2756 ι
2212 2719 2361 2771 nem,
2391 2705 2554 2761 urbes
2585 2705 2984 2763 inhabitabiles.
3014 2707 3081 2763 Et
3106 2710 3457 2768 sanctiﬁcabo
3487 2724 3652 2784 super
3688 2722 3745 2770 te

2147 2815 2167 2848 ι
2212 2787 2632 2853 interficientem
2679 2798 2879 2865 virum,
2919 2807 2975 2856 et
3012 2815 3165 2856 arma
3194 2801 3345 2873 ejus;
3373 2813 3430 2860 et
3460 2807 3745 2862 succident

2147 2908 2166 2940 ι
2206 2888 2409 2946 electas
2428 2891 2623 2946 cedros
2651 2898 2794 2956 tuas,
2821 2899 2875 2946 et
2899 2893 3319 2963 pnecipltabunt
3345 2895 3473 2966 (sive
3496 2897 3741 2968 mittent)

2147 2997 2167 3031 ι
2213 2979 2270 3035 in
2295 2981 2496 3051 ignem.
2527 2980 2596 3036 Et
2616 2982 3032 3052 pertransibunt
3056 2993 3248 3055 gentes
3273 2969 3455 3040 multa!
3483 3002 3583 3057 per
3608 2987 3747 3043 civi-

2147 3091 2166 3124 ι
2213 3081 2379 3129 tatem
2416 3073 2580 3139 hanc,
2611 3081 2668 3128 et
2717 3073 2862 3130 dicet
2908 3077 3282 3146 unust1uisque
3321 3077 3568 3147 proximo
3599 3094 3742 3134 suo:

2147 3182 2167 3217 ι
2213 3162 2393 3231 Quare
2429 3163 2563 3218 fecit
2595 3163 2856 3222 Dominus
2889 3166 2971 3222 sic
3004 3167 3208 3222 civitati
3236 3168 3365 3224 huic
3399 3170 3649 3239 magna}?
3679 3171 3750 3226 Et

443 3288 462 3321 ι
508 3283 664 3340 reges
691 3234 973 3323 sedentes"
987 3266 1056 3320 de
1109 3234 1312 3336 genere
1357 3234 1524 3318 David
1573 3276 1737 3332 super
1779 3234 2034 3317 thronum
2063 3234 2109 3297 C
2147 3273 2164 3306 ι
2211 3253 2614 3325 respondebunt
2647 3273 2662 3311 :
2691 3255 2770 3312 Eo
2793 3257 2939 3326 quod
2963 3257 3354 3329 dereliquerint
3377 3234 3594 3331 pact-um
3630 3264 3744 3319 Do-

443 3383 464 3417 ι
507 3360 645 3431 ejus,
678 3369 732 3415 et
759 3360 1120 3414 ascendentes
1146 3371 1341 3412 currus
1369 3363 1426 3409 et
1459 3369 1649 3424 equos,
1680 3341 1780 3424 ipsi
1810 3362 1864 3409 et
1891 3354 2036 3409 servi

442 3473 464 3508 ί
506 3460 562 3509 et
601 3451 829 3523 populus
871 3463 1078 3504 eorum.
1113 3446 1266 3514 Quod
1308 3446 1353 3501 si
1391 3462 1498 3500 non
1545 3445 1825 3500 audieritis
1869 3445 2037 3500 verba

441 3563 463 3599 ι
503 3544 621 3600 hac
655 3557 753 3612 per
791 3541 1166 3608 memetipsum
1200 3537 1391 3609 juravi.
1424 3537 1554 3591 dicit
1587 3536 1867 3601 Dominus,
1907 3535 2037 3604 quia

441 3656 462 3689 ι
509 3635 565 3690 in
605 3631 952 3690 solitudinem
987 3630 1093 3684 erit
1135 3630 1327 3684 domus
1366 3629 1500 3683 haec.
1536 3648 1555 3680 ι
1594 3626 1866 3700 (ΙΙὶεΓοη.)
1911 3627 2043 3684 Haec

437 3727 598 3790 visio,
645 3725 753 3778 imo
791 3721 880 3777 hic
922 3735 1103 3775 sermo
1148 3720 1380 3786 Domini,
1419 3719 1508 3775 vel
1537 3729 1662 3774 ante
1709 3719 1769 3774 fit
1801 3719 1868 3774 ad
1900 3719 2038 3775 Pro-

435 3817 657 3889 phetam
715 3828 877 3883 quam
925 3811 1220 3867 Sedeehias
1282 3811 1350 3865 ad
1403 3827 1526 3867 eum
1579 3811 1798 3866 nuntios
1851 3811 2034 3865 mitte-

439 3919 544 3980 ret,
577 3906 659 3962 vel
692 3916 838 3961 certe
867 3912 1154 3974 postquam
1201 3903 1405 3958 nuntiis
1434 3903 1710 3973 pramepit,
1754 3902 1882 3971 quid
1923 3902 2038 3973 regi

439 4001 651 4056 referre
675 3999 930 4060 debeant,
968 3995 1278 4064 pneeipitur
1309 3992 1579 4056 Jeremite,
1609 4001 1668 4046 ut
1693 4007 2037 4062 nequaquam

437 4107 535 4166 per
579 4091 797 4146 nuntios
846 4088 1096 4158 loquatur
1141 4086 1208 4140 ad
1239 4101 1443 4157 regem,
1493 4087 1584 4140 sed
1630 4086 1744 4154 ipse
1775 4085 1935 4140 vadat
1967 4087 2036 4140 ad

437 4185 725 4258 palatium,
753 4190 808 4237 et
842 4182 916 4236 ibi
947 4182 1198 4249 loquatur
1237 4179 1306 4233 ei.
1343 4176 1625 4248 Simulque
1659 4179 2039 4233 adnimadver-

443 4287 627 4333 tamus
655 4276 894 4330 divinam
935 4271 1279 4341 sapientiam,
1329 4269 1473 4339 quod
1508 4284 1604 4340 per
1642 4270 1859 4325 nuntios
1882 4269 2038 4339 jubet

441 4370 618 4426 tristia
653 4366 912 4430 nuntiari,
945 4364 1120 4418 nnstis
1146 4371 1202 4418 et
1229 4362 1526 4432 prosperis,
1551 4363 1596 4416 si
1618 4378 1778 4431 agere
1809 4362 2039 4422 voluerit

439 4479 535 4519 rex
581 4458 977 4532 paenitentiam.
1027 4454 1124 4509 Hic
1168 4468 1298 4508 vero
1336 4452 1464 4523 quia
1501 4453 1602 4522 ipsi
1641 4453 1938 4522 imperatur
1978 4461 2040 4507 ut

438 4563 647 4626 pergat,
677 4567 784 4606 non
816 4548 991 4604 tristia
1023 4547 1254 4611 nuntiat,
1280 4555 1336 4599 et
1376 4546 1747 4616 captivitatem
1782 4542 2038 4613 jamjam-

2144 3362 2162 3396 ι
2209 3343 2342 3399 mini
2389 3343 2486 3399 Dei
2521 3344 2604 3400 s'ui
2647 3353 2703 3400 et
2741 3344 3090 3404 adoraverint
3121 3346 3252 3404 deos
3283 3349 3486 3406 alienos
3519 3361 3576 3406 et
3615 3367 3743 3408 ser-

2144 3454 2164 3488 ι
2209 3437 2408 3491 vierint
2441 3435 2541 3491 eis.
2577 3455 2595 3487 ι
2628 3435 3055 3508 ϐαιεειά,ἐιιιίιιιι
3099 3441 3338 3510 possedit
3382 3441 3602 3498 dimidia
3646 3444 3748 3498 tri«

2139 3528 2239 3584 bus
2269 3528 2536 3596 Mauasse,
2571 3542 2722 3585 trans
2761 3529 3075 3599 Iordanem,
3103 3531 3381 3609 scriptura
3403 3548 3747 3590 commemo-

2140 3631 2226 3677 rat
2249 3619 2399 3693 (Gen.
2429 3622 2604 3694 uxr),
2637 3624 2691 3678 in
2718 3639 2825 3693 quo
2856 3634 3041 3681 mute
3065 3625 3251 3682 Laban
3276 3627 3564 3698 fugientem
3597 3642 3746 3685 con-

2141 3723 2359 3770 secutus
2405 3724 2488 3769 est
2534 3713 2702 3771 Iacob
2745 3733 2758 3769 :
2791 3723 2848 3771 et
2875 3732 3033 3774 mons
3069 3717 3223 3787 juxta
3253 3719 3502 3774 Genesim
3532 3734 3746 3776 nomen

2139 3805 2348 3874 accepit
2393 3807 2574 3883 Σωρός,
2629 3807 2682 3862 id
2725 3815 2829 3872 est,
2875 3808 3115 3864 tumulus
3149 3811 3462 3876 testimonii,
3492 3826 3555 3866 eo
3590 3811 3748 3881 quod

2142 3897 2214 3952 ibi
2244 3895 2411 3952 Jaeob
2440 3898 2733 3968 Labanque
2763 3896 3071 3967 juraverint
3099 3901 3153 3956 in
3184 3915 3435 3957 acervum
3465 3903 3748 3973 lapidibus

2141 3991 2500 4061 congregatis.
2532 3989 2629 4045 Est
2665 4001 2844 4046 autem
2882 4001 3063 4064 caput,
3110 3994 3224 4048 sive
3253 3995 3572 4067 principium
3596 4037 3614 4060 ,
3653 3997 3746 4052 Li-

2139 4081 2265 4136 bani
2315 4082 2511 4136 montis
2558 4083 2782 4149 excelsi,
2829 4084 2923 4152 qui
2961 4084 3247 4140 universus
3281 4087 3455 4141 eedris
3485 4089 3743 4144 consitus

2140 4183 2244 4240 est,
2287 4173 2441 4245 juxta
2494 4175 2624 4231 illud
2667 4175 2836 4230 David
2883 4178 3171 4234 canentis:
3206 4195 3226 4230 ί
3260 4177 3747 4242 Et‘eommovebit

2141 4266 2400 4322 Dominus
2452 4267 2644 4322 cedros
2673 4266 2866 4321 Libani
2911 4266 3096 4339 (Psal.
3144 4269 3370 4340 xxvnt).
3404 4288 3420 4320 ι
3454 4269 3518 4324 Et
3546 4272 3687 4326 alibi
3725 4290 3738 4324 :

2149 4375 2166 4408 ι
2206 4355 2324 4410 Vidi
2371 4356 2595 4425 impium
2629 4357 2947 4421 exaltatum,
2978 4365 3034 4412 et
3061 4358 3329 4413 elevatum
3368 4360 3505 4414 sicut
3539 4362 3743 4418 Cedros

2141 4449 2330 4504 Libani
2378 4449 2558 4522 (Psal.
2599 4452 2818 4524 xxxvi).
2852 4471 2871 4505 ι
2919 4451 2987 4508 Et
3037 4453 3093 4508 in
3140 4453 3402 4509 Zaeliaria
3451 4455 3693 4526 legimus
3722 4498 3739 4523 ,

2149 4561 2165 4594 ι
2201 4543 2385 4613 Aperi,
2435 4543 2657 4609 Libane,
2706 4555 2891 4615 portas
2931 4553 3070 4610 tuas,
3112 4555 3166 4600 et
3203 4547 3448 4601 comedet
3478 4547 3624 4617 ignis
3653 4564 3744 4605 ee-

439 4619 563 4716 que'
590 4651 894 4704 venturam,
944 4638 1038 4692 sed
1082 4644 1264 4691 monet
1312 4635 1440 4704 quid
1491 4633 1672 4689 facere
1718 4635 1929 4698 debeat,
1977 4642 2036 4689 ut
2060 4619 2114 4681 D
2141 4639 2268 4691 dros
2305 4645 2424 4690 tuas
2454 4635 2638 4707 (Zach.
2673 4637 2771 4707 χι).
2803 4657 2821 4689 ι
2852 4638 3017 4707 Igitur
3044 4639 3297 4707 praesenti
3332 4639 3469 4703 loco,
3501 4642 3637 4710 quia
3675 4642 3744 4698 ad

437 4737 574 4790 vitet
603 4731 997 4802 impendentem
1025 4727 1351 4782 sententiam
1367 4725 1600 4780 Domini.
1619 4726 1824 4796 Regum
1851 4733 2033 4780 autem

439 4825 722 4897 proprium
765 4830 850 4877 est
897 4820 1077 4874 facere
1122 4815 1384 4885 judicium
1439 4826 1600 4887 atque
1644 4815 1934 4884 justitiam,
1979 4825 2036 4871 et

439 4919 672 4973 liberare
713 4913 781 4968 de
822 4927 987 4966 manu
1029 4909 1478 4966 ealumniatorum
1527 4909 1578 4963 vi
1622 4922 1928 4978 oppressos,
1979 4915 2037 4962 et

438 5007 724 5079 peregrino
768 5001 1076 5074 pupilloque
1108 5009 1164 5055 ct
1211 4999 1407 5064 viduae,
1453 5000 1544 5068 qui
1595 4998 1808 5054 facilius
1853 4999 2034 5069 oppri-

440 5105 664 5152 muntur
693 5109 722 5147 a
747 5093 1052 5162 potentibus
1078 5089 1320 5161 praebere
1347 5089 1625 5143 auxilium.
1661 5089 1726 5142 Et
1763 5097 1821 5143 ut
1847 5103 2031 5143 curam

439 5189 522 5245 eis
583 5195 974 5259 praeceptorum
1026 5184 1118 5239 Dei
1168 5182 1428 5252 majorem
1481 5180 1765 5250 injiceret,
1820 5181 2027 5236 intulit:

443 5297 467 5335 ι
508 5277 684 5334 Nolite
711 5275 1045 5340 contristari,
1077 5282 1136 5329 ut
1173 5289 1278 5329 non
1325 5275 1498 5329 solum
1541 5273 1805 5343 eripiatis,
1842 5273 1937 5326 sed
1968 5286 2035 5326 ne

439 5371 724 5442 patiamini
765 5370 984 5440 quidem
1022 5382 1116 5438 per
1157 5374 1392 5422 vestram
1423 5366 1788 5421 cohibentiam
1820 5364 2036 5436 [conni-

443 5459 704 5532 ventiam]
723 5461 790 5514 ab
815 5461 934 5514 aliis
954 5457 1284 5514 contristari.
1308 5477 1328 5508 σ
1349 5456 1750 5528 Et'sanguinem
1775 5455 2033 5510 innocen-

442 5563 554 5609 tem
579 5552 868 5609 eﬁ‘undatis
887 5553 942 5606 in
969 5552 1088 5608 loco
1111 5552 1232 5607 isto.
1256 5571 1275 5603 ι
1298 5550 1608 5605 Homicidas
1632 5549 1776 5604 enim
1797 5557 1853 5602 et
1871 5547 2037 5603 sacri-

441 5642 592 5714 legos
613 5653 669 5699 et
695 5643 1018 5699 venenarios
1045 5642 1238 5710 punire
1267 5655 1374 5696 non
1401 5647 1485 5695 est
1517 5637 1709 5694 elfusio
1730 5637 2033 5709 sanguinis,

442 5737 539 5792 sed
576 5735 754 5808 legum
797 5736 1180 5792 ministerium.
1226 5734 1314 5802 Si,
1340 5734 1533 5805 inquit,
1569 5733 1684 5788 luee
1715 5733 1974 5797 feceritis,
2002 5749 2035 5786 ο

445 5844 599 5895 reges
627 5827 788 5891 Juda.
820 5831 1070 5886 tenebitis
1112 5829 1396 5885 nristinam
1434 5835 1777 5896 potestatem,
1812 5835 1866 5880 et
1911 5843 2035 5883 cum

2141 4727 2357 4784 domum
2394 4727 2594 4797 regiam
2619 4727 2962 4797 loquebatur,
2977 4744 3077 4799 per
3099 4732 3466 4802 metaphoram
3492 4731 3743 4801 loquitur

2141 4823 2209 4876 ad
2237 4821 2515 4891 templum,
2544 4822 2658 4876 sive
2685 4821 2750 4876 ad
2778 4821 2998 4876 domum
3028 4823 3215 4892 stirpis
3240 4821 3401 4890 Juda,
3442 4825 3582 4893 quod
3622 4825 3740 4894 ipsa

2141 4912 2212 4966 sit
2241 4911 2295 4965 in
2333 4911 2570 4976 excelso,
2601 4911 2713 4966 sive
2747 4911 2888 4980 quod
2929 4908 2996 4966 de
3042 4912 3241 4982 templo
3289 4922 3449 4982 atque
3493 4917 3743 4969 sacrario

2141 5003 2381 5057 omnium
2410 5012 2755 5072 peccatorum
2787 5004 3022 5058 remedia
3063 5005 3441 5074 poscebantur.
3498 5005 3662 5061 Unde
3689 5015 3744 5060 ct

2139 5094 2226 5148 hic
2255 5093 2398 5147 idem
2427 5094 2687 5162 propheta
2735 5103 3127 5148 commemorat
3157 5111 3170 5148 :
3204 5112 3223 5144 ι
3261 5091 3512 5162 Nunquid
3551 5098 3736 5152 resina

2137 5196 2243 5234 non
2271 5187 2356 5234 est
2392 5178 2445 5233 in
2482 5177 2710 5233 Galaad.
2743 5189 2836 5232 aut
2868 5178 3110 5234 medicus
3145 5195 3249 5235 non
3290 5189 3374 5235 est
3403 5181 3517 5236 ibi?
3553 5181 3739 5249 Quare

2137 5286 2245 5336 non
2277 5270 2521 5324 ascendit
2545 5270 2753 5325 curatio
2783 5268 2906 5324 ﬁlim
2935 5271 3118 5341 populi
3150 5271 3292 5325 mei?
3329 5291 3347 5323 ι
3385 5271 3403 5342 (
3421 5270 3555 5341 Sep.
3589 5274 3735 5344 vin.)

2136 5363 2510 5419 Comminatur
2539 5362 2702 5432 igitur
2730 5362 2891 5433 regiae
2919 5364 3122 5426 domui,
3148 5371 3202 5418 et
3231 5363 3352 5418 urbi
3385 5361 3736 5418 Hierusalem

2135 5465 2192 5514 et
2221 5457 2440 5527 templo,
2472 5457 2614 5525 quod
2640 5465 2797 5511 vocat
2826 5465 2987 5526 caput
3029 5455 3218 5509 Libani
3253 5473 3266 5508 :
3299 5455 3442 5525 quod
3482 5456 3711 5527 redigen

2140 5550 2266 5605 dum
2298 5549 2369 5602 sit
2395 5549 2447 5602 in
2480 5547 2823 5603 solitudinem
2860 5563 2984 5602 cum
3024 5547 3290 5603 universis
3326 5548 3554 5603 urbibus
3597 5548 3734 5614 suis,

2139 5657 2245 5697 non
2272 5639 2513 5710 potentia
2562 5639 2704 5710 regis
2747 5636 3047 5709 Babylonii,
3093 5639 3184 5694 sed
3217 5638 3431 5693 Domini
3459 5635 3738 5706 iussione,

2138 5735 2230 5805 qui
2258 5733 2434 5788 dicit:
2469 5753 2488 5789 ‹
2525 5731 2888 5787 Sanctificaho
2933 5746 3097 5801 super
3135 5738 3187 5787 te
3225 5729 3675 5786 interficientem.
3716 5749 3735 5782 ι

2141 5825 2370 5880 Sanetus
2413 5837 2591 5878 autem
2636 5830 2860 5878 vocatur
2905 5819 3426 5886 Nabuchodonosor.
3459 5807 3519 5878 0t
3554 5821 3738 5877 anulis
