3926 6394
280 490 393 556 973

1178 483 1544 548 EXPOSITIO
1585 490 1811 548 SUPER
1845 489 2212 547 JEREMIAM.
2247 521 2318 532 --
2353 493 2479 548 LIB.
2519 492 2609 548 IX.

3450 501 3554 558 974

273 602 402 677 ejus
425 601 721 668 exercitus,
749 602 1220 673 quia.exsequitur
1243 583 1564 658 sententiam
1597 601 1711 656 Dei.
1751 618 1768 651 ι
1807 599 1876 655 Et
1902 602 1952 663 Α
1984 618 2002 651 ι
2047 601 2174 656 dicit
2212 600 2489 658 aediﬁcabo
2531 603 2664 658 mihi
2705 605 2925 660 domum
2965 604 3148 672 latam,
3188 619 3244 664 et
3278 612 3556 668 caenacula

277 696 584 759 succident,
600 693 792 764 inquit,
811 694 1013 750 electas
1033 696 1225 750 cedros
1245 703 1384 762 tuas,
1413 715 1431 747 ›
1452 697 1695 765 potentes
1711 707 1874 763 quos-

278 802 390 859 que
413 795 466 839 et
486 785 756 855 principes
783 785 1038 848 civitatis,
1069 803 1087 835 ι
1117 794 1170 838 et
1194 783 1408 841 mittent
1437 786 1490 840 in
1520 787 1696 856 ignem
1718 825 1732 851 ,
1765 803 1784 836 ι
1815 793 1876 838 ιιι

275 883 463 939 omnia
491 883 758 939 devorans
797 882 1010 937 flamma
1058 893 1361 939 consumat.
1405 882 1647 953 Cumque
1699 881 1876 938 deleta

279 971 486 1029 fuerint
524 961 775 1030 universa
812 965 1118 1030 transibunt
1160 985 1348 1045 gentes
1386 975 1569 1029 multae
1612 989 1708 1044 per
1744 974 1877 1030 civi;

281 1073 452 1122 tatem
495 1075 549 1121 et
587 1061 871 1137 templum,
906 1065 1049 1137 quod
1079 1068 1159 1122 eis
1195 1067 1347 1136 prius
1379 1065 1584 1137 ingredi
1614 1082 1720 1122 non
1750 1067 1876 1122 lice-

279 1156 398 1222 bat,
413 1163 468 1211 et
489 1157 860 1227 unusquisque
883 1144 1120 1227 loquitur
1143 1159 1391 1228 proximo
1419 1173 1531 1213 suo.
1554 1157 1880 1228 quarefece—

280 1246 360 1301 rit
395 1247 654 1302 Dominus
679 1233 882 1302 civitati
913 1248 1132 1319 inclytae
1156 1257 1213 1304 et
1240 1263 1450 1318 magnae
1480 1255 1588 1301 tam
1620 1247 1873 1313 subitam,

279 1346 342 1394 et
379 1341 487 1392 ta‘m
521 1332 778 1408 grandem
808 1339 1165 1393 eversidnem.
1205 1358 1224 1390 ι
1262 1323 1818 1409 Respondehuntque,
1853 1358 1871 1390 ι

277 1428 483 1499 inquit,
537 1429 628 1499 qui
673 1426 986 1500 interrogati
1027 1429 1247 1497 fuerint,
1279 1437 1334 1484 et
1376 1438 1648 1499 exponent
1689 1445 1880 1485 causas

277 1509 565 1577 ruinarum
596 1515 875 1576 dicentes:
908 1539 926 1570 ι
960 1520 1084 1589 quia
1107 1520 1508 1590 dereliquerunt
1536 1528 1752 1590 pactum
1769 1519 1876 1575 Do-

278 1611 416 1666 mini
448 1609 542 1665 Dei
572 1611 709 1674 sui,»
735 1598 790 1664 et
816 1626 915 1680 pro
942 1597 1054 1665 Deo
1085 1594 1222 1665 idola
1244 1610 1485 1666 venerati
1512 1619 1652 1664 sunt.
1680 1610 1881 1665 Audiat

277 1698 387 1757 hoc
421 1703 476 1756 et
520 1710 719 1756 nostra:
755 1689 906 1758 urbis
933 1689 1122 1757 dicmus
1151 1703 1297 1774 regia
1315 1742 1330 1765 ,
1359 1710 1415 1756 et
1442 1702 1713 1772 principes
1736 1701 1877 1772 ejus,

277 1801 338 1851 et
359 1792 530 1859 cedri,
553 1808 673 1864 qum
691 1786 905 1849 elevant
921 1809 1092 1863 usque
1113 1794 1179 1848 ad
1202 1794 1374 1850 nubes
1399 1794 1659 1848 verticem
1690 1809 1876 1860 suam;

278 1886 340 1942 e‘t
379 1881 476 1956 pér
518 1871 829 1956 superbiam
863 1885 1179 1953 loquuntur,
1213 1902 1232 1935 ι
1275 1884 1398 1953 quis
1435 1900 1543 1943 non
1579 1883 1819 1940 videbit?
1848 1902 1868 1935 ι

1981 712 1998 744 ι
2043 692 2302 762 spatiosa,
2332 694 2423 763 qui
2451 695 2623 762 aperit
2651 695 2752 750 sibi
2791 695 3076 764 fenestras,
3109 710 3163 754 et
3189 701 3319 759 facit
3344 703 3555 774 laquea-

1981 804 1998 837 ι
2042 787 2122 840 ria
2150 783 2368 841 cedriua
2393 788 2670 859 pingitQue
2705 790 2965 860 sinopide.
3000 776 3248 864 Nunquid
3286 797 3554 867 regnabis,

1981 898 1999 930 ι
2044 880 2295 950 quoniam
2312 878 2528 935 confers
2542 889 2592 934 te
2606 883 2790 936 cedro?
2808 883 2968 940 Pater
2983 895 3106 941 tuus
3131 903 3308 945 nonne
3326 893 3562 946 comedit

1982 989 2001 1024 ι
2046 981 2101 1027 et
2134 972 2291 1037 bibit,
2331 982 2387 1028 et
2419 971 2549 1028 fecit
2571 973 2831 1044 judicium
2867 984 2922 1030 et
2951 978 3238 1048 justitiam,
3279 990 3406 1036 tunc
3437 998 3561 1040 cum

1986 1082 2003 1113 ι
2049 1064 2185 1119 bene
2223 1073 2344 1119 erat
2371 1066 2458 1120 ei?
2493 1065 2762 1121 Judicavit
2791 1083 3006 1126 causam
3046 1074 3298 1142 pauperis
3323 1083 3378 1131 et
3404 1076 3563 1147 egeni

1985 1174 2002 1206 σ
2053 1155 2107 1209 in
2134 1157 2333 1210 bonum
2361 1174 2539 1212 suum.
2569 1158 2820 1228 Nunquid
2858 1176 2962 1214 non
3000 1163 3118 1219 ideo
3157 1166 3280 1236 quia
3311 1167 3567 1237 cognovit

1987 1264 2007 1298 ι
2052 1261 2140 1301 me
2165 1245 2297 1302 dicit
2321 1247 2614 1314 Dominus?
2647 1250 2747 1303 Tui
2777 1262 2906 1306 vero
2935 1253 3076 1308 oculi
3111 1261 3168 1309 et
3210 1273 3303 1311 cor
3336 1258 3401 1312 ad
3440 1274 3565 1313 ava-

1988 1354 2006 1386 ι
2053 1336 2255 1404 ritiam,
2287 1344 2340 1391 et
2384 1338 2451 1392 ad
2494 1342 2810 1409 sanguinem
2838 1342 3181 1399 innocentem
3208 1346 3562 1415 fundendum,

1988 1445 2007 1478 ι
2053 1435 2108 1481 et
2151 1427 2220 1482 ad
2269 1427 2593 1483 calumniam
2645 1438 2700 1486 et
2753 1432 2819 1486 ad
2872 1448 3091 1489 cursum
3137 1437 3266 1492 mali
3312 1439 3509 1508 operis.
3544 1459 3563 1491 ι

1982 1517 2126 1586 LXX
2154 1537 2167 1573 :
2203 1538 2221 1571 ι
2253 1518 2298 1576 Ο
2325 1521 2417 1590 qui
2447 1521 2684 1577 aediﬁcas
2715 1523 2930 1580 domum
2957 1536 3104 1582 tuam
3135 1545 3240 1584 non
3269 1535 3391 1585 cum’
3409 1531 3566 1601 justi-

1989 1629 2008 1661 ι
2056 1610 2151 1676 tia,
2197 1619 2253 1666 et
2289 1611 2568 1667 caenacula
2614 1623 2703 1667 tua
2756 1630 2862 1669 non
2901 1616 2955 1672 in
2985 1617 3227 1688 judicio!
3260 1620 3416 1690 Apud
3445 1638 3566 1677 eum

1989 1718 2008 1752 ι
2052 1702 2332 1771 proximus
2375 1711 2632 1774 operatur
2684 1705 2877 1775 gratis,
2926 1716 2980 1762 et
3021 1710 3325 1766 mercedem
3364 1712 3422 1785 ei
3463 1728 3570 1770 non

1989 1809 2008 1843 ι
2054 1792 2245 1847 reddit.
2272 1791 2573 1849 IEdiﬁcasti
2608 1794 2702 1872 tibi
2728 1795 2946 1851 domum
2982 1800 3258 1867 parvulam
3295 1802 3573 1859 caenacula

1991 1902 2009 1935 ‹
2053 1884 2337 1952 perflatilia
2363 1885 2611 1941 distincta
2645 1886 2916 1955 fenestris,
2956 1899 3011 1944 et
3045 1892 3351 1963 contignata
3389 1895 3572 1962 cedro,

278 1973 429 2048 Quod
460 1976 569 2051 cito'
599 1974 816 2030 ﬂamma
858 1975 1065 2030 Domini
1093 1983 1504 2039 consumantur,
1536 1975 1578 2029 si
1611 1974 1882 2029 noluerint
1910 1961 1958 2020 Β
1992 1993 2010 2024 ι
2057 1981 2112 2028 et
2152 1974 2246 2028 lita
2293 1975 2556 2046 sinopide.
2585 1977 2836 2049 Nunquid
2883 1983 3151 2054 regnabis,
3181 1961 3304 2052 quia
3339 1991 3407 2038 ,ιιι
3437 1961 3570 2040 con?

277 2064 430 2126 illius
455 2067 739 2140 praeceptis
767 2069 1137 2140 acquiescere.
1171 2069 1289 2124 Alia
1326 2078 1507 2124 autem
1552 2079 1637 2125 est
1674 2069 1882 2125 sacriﬁ-

278 2159 428 2214 catio
459 2149 826 2239 interfectoris
845 2168 900 2214 et
922 2161 1338 2239 armorumnejus
1355 2179 1368 2214 :
1386 2161 1488 2214 alia
1512 2161 1881 2226 sacerdotum,

276 2241 338 2306 ct
363 2240 554 2305 serum
594 2250 687 2319 Qui
725 2231 1040 2305 ministrant
1066 2231 1315 2308 Domino.

361 2347 378 2392 ι
425 2339 601 2422 Nelite
655 2330 783 2397 fiere
817 2353 1146 2422 mortuum,
1203 2360 1385 2415 neque
1434 2345 1665 2415 lugeatis
1721 2358 1884 2415 super

287 2428 310 2485 ἐ
361 2449 506 2489 eum.
577 2421 728 2489 Fletu
770 2421 1008 2504 plangite
1075 2451 1196 2488 eum
1243 2439 1336 2514 qui
1397 2438 1696 2508 egreditur,
1757 2436 1885 2507 quia

285 2546 308 2580 ι
359 2527 468 2589 non
503 2521 991 2610 revertetur‘ultra,
1024 2542 1125 2610 nec
1159 2526 1365 2584 videbit
1394 2538 1595 2584 terram
1629 2528 1883 2582 nativita-

273 2614 308 2690 ,ἃ
354 2610 424 2674 tis
450 2631 578 2675 suae.
637 2595 771 2687 Quia
804 2595 918 2676 haec
946 2598 1077 2676 dicit
1099 2622 1360 2677 Dominus
1387 2621 1456 2676 ad
1483 2621 1689 2676 Selium
1716 2619 1887 2676 ﬁlium

285 2732 307 2764 σ
356 2710 518 2767 Josiae
567 2727 750 2784 regem
795 2692 952 2778 Iuda,
999 2714 1091 2783 qui
1138 2715 1385 2785 regnavit
1427 2729 1526 2785 pro
1555 2713 1701 2770 Josia
1733 2723 1889 2786 patre

287 2810 309 2857 ε
359 2821 480 2884 suo,
509 2799 600 2874 qui
628 2803 880 2876 egressus
907 2815 991 2861 est
1015 2807 1082 2884 de
1111 2807 1230 2863 loco
1260 2808 1364 2863 isto
1392 2827 1404 2862 :
1438 2824 1544 2864 non
1583 2816 1888 2866 revertetur

289 2907 308 2949 ι
359 2879 468 2951 huc
492 2895 746 2967 amplius,
781 2897 875 2953 sed
921 2885 974 2952 in
1018 2879 1140 2977 loco
1173 2899 1239 2953 ad
1255 2914 1426 2968 quem
1458 2901 1708 2954 transtuli
1738 2915 1884 2966 eum,

291 3005 312 3040 ‹
362 2987 436 3042 ibi
462 2979 741 3054 mdrieiur,
762 2979 818 3043 et
839 2999 1039 3044 terram
1057 2990 1216 3045 istam
1239 3005 1347 3046 non
1366 2991 1569 3046 videbit
1585 2992 1838 3061 amplius.
1863 3010 1880 3041 ι

280 3078 465 3158 Josias
499 3079 592 3133 rex
617 3078 800 3149 justus
849 3088 958 3136 tres
980 3065 1120 3136 ﬁlios
1148 3082 1361 3148 habuit,
1393 3080 1648 3148 Joachaz,
1680 3091 1735 3138 et
1765 3081 1890 3137 Joa-

284 3169 457 3234 chit'n,
493 3178 549 3226 et
591 3165 931 3226 Sedecbiam.
977 3158 1229 3240 Quorum
1257 3174 1492 3242 primttm
1534 3188 1629 3228 rex
1668 3173 1888 3246 Egypti

285 3257 501 3316 Pharao
527 3249 743 3318 Nechao
770 3255 1040 3333 Captivum
1073 3263 1229 3318 duxit
1255 3265 1306 3318 in
1349 3263 1663 3336 Egyptum,
1705 3265 1889 3334 ibique

285 3364 539 3410 mortuus
560 3363 663 3424 est,
694 3363 751 3410 et
774 3355 1056 3411 constituit
1085 3371 1184 3426 pro
1207 3371 1273 3411 eo
1299 3371 1480 3427 regem
1519 3356 1742 3412 fratrem
1772 3355 1889 3425 ejus

281 3438 534 3504 Joachim
562 3443 673 3518 (ιν
705 3446 828 3516 Reg.
858 3462 1016 3512 mu,
1049 3462 1199 3514 xxw,
1227 3446 1378 3519 xxv).
1415 3447 1531 3513 Quo
1559 3457 1774 3503 mortuo
1806 3463 1892 3504 re-

285 3538 477 3610 gnavit
509 3537 650 3593 ﬁlius
687 3539 805 3609 ejus
847 3537 1158 3603 Jechonias,
1197 3539 1290 3608 qui
1324 3554 1354 3592 a
1392 3538 1891 3594 Nabuchodonosor

284 3648 440 3711 rege.
480 3619 814 3704 Babylonio,
861 3648 985 3688 cum
1038 3640 1212 3687 matre
1269 3641 1325 3688 et
1384 3633 1719 3703 principibus
1775 3631 1891 3700 ejus

285 3716 620 3812 ductuseat
658 3724 719 3812 in
750 3724 1154 3806 captivitatem,
1199 3740 1298 3794 pro
1345 3740 1451 3793 quo
1496 3732 1724 3794 patruus
1771 3722 1889 3792 ejus

283 3816 541 3892 regnavit
565 3791 858 3872 gedecbias
887 3816 1002 3886 qui,
1027 3826 1186 3885 capta
1200 3791 1562 3882 llierusalem,
1590 3817 1780 3871 ductus
1804 3791 1894 3870 est

285 3909 346 3965 in
384 3900 733 3980 Babylonem.
766 3907 1040 3975 Quaeritur
1070 3908 1250 3977 itaque
1280 3907 1401 3977 quis
1429 3907 1497 3962 sit
1525 3907 1626 3961 iste
1650 3907 1744 3976 qui
1775 3905 1891 3962 ﬁeri

285 4014 402 4054 non
431 3999 622 4053 debeat
651 3997 1035 4066 ducendusque
1069 3997 1139 4051 sit
1163 3997 1216 4050 in
1245 3995 1638 4066 captivitatem,
1666 4005 1720 4050 et
1746 3996 1890 4056 ultra

286 4107 402 4148 non
460 4105 800 4155 reversurus,
856 4105 980 4145 cum
1029 4099 1141 4143 tres
1186 4088 1330 4157 capti
1361 4087 1492 4153 sint,
1517 4097 1686 4159 atque
1715 4095 1891 4142 trans-

286 4184 461 4241 tlucti.
519 4173 728 4237 Hebraei
774 4189 969 4251 putant
1027 4183 1130 4236 hoc
1161 4181 1424 4236 omnibus
1468 4163 1790 4247 convenire,
1839 4182 1891 4236 id

287 4287 400 4342 est,
437 4273 780 4338 ct‘Joachaz,
819 4284 876 4330 et
904 4273 1201 4338 Jecbonite,
1231 4273 1285 4328 ét
1317 4274 1614 4339 Sedechim,
1653 4276 1892 4345 appella-

290 4368 453 4437 rique
476 4381 666 4422 omnes
714 4366 852 4422 ﬁlios
886 4365 1048 4422 Josiae
1100 4365 1318 4431 Sellem,
1346 4368 1460 4421 sive
1490 4365 1714 4431 Sellum,
1746 4370 1894 4438 quod

288 4456 683 4525 interpretatur
711 4457 1128 4522 consummatio,
1173 4456 1258 4510 vel
1305 4456 1619 4526 completio,
1650 4472 1715 4512 eo
1747 4459 1892 4528 quod

289 4563 522 4619 regnum
548 4546 683 4604 Juda
711 4549 765 4603 in
792 4548 922 4619 ipsis
948 4548 1158 4604 ﬁnitum
1190 4549 1280 4604 sit.
1312 4548 1441 4603 Mihi
1467 4559 1647 4606 autem
1675 4552 1892 4622 proprie

289 4643 404 4700 hoc
429 4639 532 4696 dici
559 4641 771 4698 videtur
800 4641 867 4695 de
894 4639 1179 4705 Sedecbia,
1215 4642 1284 4696 de
1313 4657 1422 4712 quo
1449 4654 1504 4697 et
1529 4644 1809 4712 praesentis
1838 4653 1892 4698 et

289 4730 569 4805 prrteriti.
591 4730 811 4803 capituli
842 4732 1122 4801 prophetia
1153 4741 1258 4797 est,
1297 4733 1350 4786 in
1380 4748 1488 4802 quo
1509 4748 1635 4787 vcre
1661 4750 1888 4806 regnum

289 4820 436 4881 Inda
463 4821 673 4877 ﬁnitum
698 4830 805 4887 est,
837 4823 939 4879 sub
966 4838 1074 4894 quo
1099 4832 1154 4879 et
1184 4824 1312 4892 urbs
1338 4834 1496 4895 capta
1522 4835 1625 4897 est,
1666 4827 1890 4882 ductus-

292 4929 406 4988 que
449 4915 506 4970 in
554 4905 903 4986 Babylonem,
944 4916 1016 4971 ibi
1057 4925 1304 4973 mortuus
1347 4919 1620 4973 scribitur.
1675 4901 1783 4975 Iste
1807 4929 1892 4975 est

293 5008 526 5074 Sellum,
556 5008 611 5063 id
647 5017 752 5074 est,
792 5009 1188 5065 consummatio
1215 5017 1379 5078 atque
1404 5009 1718 5079 completio,-
1752 5010 1895 5066 ﬁlius

293 5097 480 5164 Jo‘site,
512 5109 609 5155 rex
635 5096 797 5165 Juda,
827 5101 921 5169 qui
961 5100 1208 5171 regnavit
1246 5099 1515 5170 provJosia
1571 5110 1725 5170 patre
1772 5117 1890 5157 suo.

293 5189 591 5248 Jecbonias
635 5198 812 5245 autem
859 5191 1123 5261 nonfuit
1172 5189 1331 5251 ﬁlius,
1365 5190 1458 5244 sed
1503 5203 1670 5259 nepos
1707 5185 1894 5257 Jbsim,

300 5278 449 5335 ﬁlius
469 5277 735 5346 Joachim,
763 5287 821 5333 ut
851 5294 882 5332 a
912 5279 1178 5349 principio
1219 5279 1463 5343 visionis,
1486 5281 1702 5348 quando
1745 5280 1894 5334 misit

297 5373 375 5430 ad
426 5371 718 5428 Jeremiam
778 5387 870 5428 rex
932 5370 1226 5426 Sedecbias
1275 5370 1514 5426 Phassur
1561 5370 1729 5426 tilium
1767 5371 1893 5426 Mel—

297 5466 465 5531 chiae,
491 5473 548 5518 et
567 5462 897 5542 Sophoniam
920 5462 1085 5516 ﬁlium
1105 5462 1320 5518 Maasia:
1342 5462 1698 5525 sacerdotem,
1724 5475 1892 5531 usque

298 5559 375 5616 ad
415 5557 558 5613 istud
601 5557 933 5626 capitulum,
981 5556 1162 5610 omnia
1211 5557 1279 5610 ad
1331 5558 1513 5624 regem
1560 5562 1615 5608 et
1653 5555 1720 5609 de
1767 5561 1894 5624 rege

299 5650 572 5708 Sedechia
603 5647 707 5704 dici
733 5649 1118 5721 intelligamds.

379 5761 399 5797 ι
447 5742 540 5798 Vae
596 5739 690 5813 qui
729 5739 964 5796 aedificat
1002 5742 1219 5796 domum
1260 5757 1409 5797 suam
1432 5745 1494 5795 -in
1520 5737 1808 5808 injustltla,
1840 5744 1896 5794 et

297 5857 322 5892 ι’
373 5833 656 5894 emnacula
678 5850 773 5889 sua
796 5848 904 5890 non
929 5834 984 5889 in
1001 5833 1225 5903 judicio.
1252 5834 1500 5888 Amicum
1528 5845 1684 5886 suum
1714 5830 1893 5901 oppri—

297 5946 330 5987 ι.
377 5927 476 5984 mit
505 5923 726 5994 frustra,
751 5933 807 5983 et
832 5926 1136 5983 mercedem
1162 5923 1281 5994 ejus
1310 5940 1418 5980 non
1470 5923 1656 5979 reddet
1701 5921 1751 5977 ei
1801 5921 1895 5990 qui

1994 2083 2012 2116 ι
2060 2065 2235 2121 tendis
2266 2075 2453 2130 contra
2479 2067 2663 2123 Achaz
2691 2081 2901 2139 patrem
2931 2072 3261 2138 tuum?qu
3288 2077 3576 2131 comedent

1993 2173 2011 2206 ι
2056 2162 2112 2210 et
2139 2170 2243 2210 non
2271 2156 2475 2212 bibent.
2509 2158 2695 2214 Melius
2730 2161 2835 2216 erit
2877 2162 2972 2217 tibi
3015 2162 3194 2219 facere
3223 2161 3488 2232 judicium
3519 2179 3576 2222 et

1993 2265 2011 2298 ι
2049 2245 2318 2316 justitiam
2347 2248 2564 2304 bonam.
2595 2249 2748 2305 Nunc
2780 2262 3162 2321 cognoverunt,
3216 2270 3323 2308 non
3364 2255 3580 2324 judica-

1994 2357 2014 2390 ‹
2055 2348 2250 2395 verunt
2270 2338 2537 2409 judicium
2567 2341 3000 2412 humilis,neque
3008 2344 3270 2421 judicium
3301 2349 3575 2415 pauperis.

1994 2446 2013 2479 ι
2056 2427 2244 2483 Nonne
2285 2430 2388 2484 hoc
2441 2441 2525 2485 est
2563 2440 2614 2486 te
2664 2432 3067 2501 ignorare'me,
3107 2433 3237 2490 dicit
3269 2434 3574 2490 Dominus?

1995 2539 2012 2571 ι
2058 2520 2197 2575 Ecce
2217 2537 2326 2576 non
2343 2531 2472 2577 sunt
2496 2523 2638 2579 oculi
2663 2524 2740 2578 tui
2763 2525 2917 2591 recti,
2943 2541 3043 2580 nec
3064 2542 3158 2581 cor
3180 2535 3330 2582 tuum
3355 2528 3578 2596 bonum,

1997 2629 2015 2663 ι
2063 2611 2157 2666 sed
2176 2597 2244 2666 ad
2260 2612 2542 2667 avaritiam
2568 2622 2739 2680 tuam,
2754 2623 2808 2668 et
2825 2625 2880 2670 ut
2897 2618 3211 2687 sanguinem
3233 2620 3581 2676 innocentem

1996 2721 2016 2753 ‹
2061 2696 2328 2770 effundas,
2353 2711 2410 2759 et
2437 2703 2502 2758 ad
2534 2704 2874 2774 iniquitatem
2902 2715 2957 2760 et
2994 2708 3365 2775 homicidium,
3401 2718 3462 2764 ut
3497 2709 3578 2764 fa-

1997 2812 2017 2845 σ
2061 2795 2176 2851 cias
2201 2810 2285 2850 ea.
2317 2814 2338 2848 ι
2373 2795 2669 2868 Utramque
2702 2799 2992 2856 editionem
3038 2815 3106 2857 ex
3150 2801 3360 2873 integro
3403 2806 3582 2874 posui,

1990 2896 2052 2942 ut
2070 2896 2126 2943 et
2153 2886 2418 2944 Hebraica
2462 2891 2685 2956 veritas,
2715 2900 2772 2946 ct
2806 2889 3091 2948 diﬁlcultas
3127 2895 3356 2964 vulgatae
3390 2896 3585 2951 editio-

1990 2979 2077 3034 nis
2115 2977 2328 3035 factlius
2375 2992 2749 3052 cognoscatur.
2795 2983 2893 3038 Est
2930 2993 3110 3041 autem
3158 3001 3338 3042 sermo
3367 2986 3583 3043 -coutra

1990 3069 2238 3125 Joachim
2279 3070 2448 3125 ﬁlium
2474 3072 2635 3128 Josize
2661 3074 2806 3143 regis
2834 3073 3004 3140 Iudae,
3029 3076 3096 3130 de
3117 3092 3226 3146 quo
3251 3091 3413 3148 supra
3441 3078 3586 3133 dixi-

1993 3177 2148 3227 mus;
2176 3177 2339 3231 quem
2386 3165 2666 3219 constituit
2711 3163 2929 3221 Nechao
2969 3166 3185 3224 Pharao
3228 3184 3322 3224 rex
3361 3169 3587 3242 Egypti

1993 3268 2089 3323 pro
2133 3250 2366 3308 Joacbaz
2419 3253 2588 3309 fratre
2633 3271 2772 3322 suo,
2826 3272 2986 3327 quem
3041 3260 3279 3314 vinctum
3324 3261 3481 3315 'ddxit
3531 3263 3587 3317 in

1917 3333 1965 3396 C
1995 3343 2310 3414 .‘Egyptum.
2346 3345 2599 3416 Legimus
2635 3356 2836 3413 autem,
2881 3357 2939 3403 ut
2993 3361 3100 3405 tam
3137 3350 3364 3422 Regum,
3421 3365 3586 3422 quam

1995 3435 2442 3506 Paralipomenon
2499 3448 2687 3514 narrat
2739 3440 2963 3495 historia
3013 3440 3128 3513 (IV
3185 3442 3316 3514 Reg.
3363 3453 3497 3498 χχιιι
3536 3454 3587 3499 et

1994 3542 2153 3591 xxiv;
2200 3524 2265 3579 II
2313 3523 2445 3581 Par.
2491 3513 2677 3598 xxvi),
2729 3529 2978 3586 undecim
3028 3534 3184 3587 annis
3234 3513 3489 3604 regnasse
3531 3535 3588 3588 ln

1993 3617 2332 3672 Hierusalem
2353 3615 2600 3674 Joachim
2628 3618 2798 3675 filium
2828 3617 3007 3685 Josiae,
3041 3630 3092 3676 et
3117 3631 3370 3694 regnasse
3395 3619 3588 3679 crude-

1992 3708 2136 3774 liter,
2166 3717 2222 3763 ct
2250 3709 2524 3765 exstitisse
2555 3710 2778 3781 impium
2817 3722 2872 3766 et
2907 3718 3093 3784 poSte'a
3137 3724 3449 3781 mortuum;
3482 3731 3583 3772 nec

1997 3809 2174 3854 tamen
2199 3797 2316 3870 ejus
2344 3803 2620 3870 sepultura
2655 3812 2944 3870 narratur,
2989 3806 3130 3860 hanc
3172 3806 3406 3862 habente
3449 3807 3587 3862 scri-

1992 3903 2152 3964 ptura
2175 3904 2362 3950 sancta
2384 3896 2850 3959 consuetudinem,
2884 3906 2944 3950 ut
2971 3911 3161 3951 omnes
3188 3906 3342 3967 reges
3364 3904 3424 3952 et
3445 3905 3589 3952 mor-

1994 3993 2114 4039 tuos
2144 3983 2346 4038 referat
2373 3994 2429 4039 et
2465 3983 2721 4054 sepultos.
2758 3984 2913 4040 Hunc
2937 3994 3118 4041 autem
3157 3988 3371 4056 proprie
3397 3994 3586 4042 narrat

1994 4082 2289 4139 mortuum,
2323 4082 2378 4129 et
2414 4091 2521 4129 non
2563 4075 2854 4146 sepultum,
2877 4073 2944 4130 de
2968 4090 3075 4145 quo
3102 4077 3344 4132 dicemus
3371 4075 3424 4132 in
3455 4090 3584 4134 con-

1994 4166 2385 4234 sequentibus...
2417 4166 2633 4236 Plangit
2675 4163 3066 4238 itaque‘supra
3117 4168 3318 4223 dictum
3377 4184 3580 4240 regem,

1994 4257 2138 4326 quod
2167 4254 2406 4312 conﬁdat
2447 4258 2499 4310 in
2536 4256 2944 4327 injustitiasua,
2977 4264 3029 4310 et
3055 4256 3207 4326 putet
3242 4272 3362 4312 esse
3387 4273 3582 4328 perpe-

1995 4357 2143 4402 tuam
2171 4348 2372 4416 regiam
2402 4347 2737 4417 dignitatem,
2770 4347 3040 4418 faciatque
3068 4349 3169 4403 sibi
3199 4351 3502 4416 ctenacula,
3529 4359 3585 4406 et

1993 4438 2198 4493 amicos
2235 4438 2527 4508 opprimat,
2559 4439 3014 4509 operantibusque
3057 4454 3165 4495 non
3209 4441 3397 4495 reddat
3445 4457 3586 4497 mer-

1992 4531 2179 4586 cedem
2203 4546 2378 4596 suam,
2416 4537 2472 4586 et
2518 4541 2776 4586 aeternam
2821 4531 3007 4602 palatii
3053 4533 3134 4587 sui
3169 4525 3583 4588 aediﬁcationem

1995 4624 2310 4679 arbitretur.
2344 4623 2624 4693 Nunquid,
2654 4625 2730 4678 ait
2754 4630 2933 4678 sermo
2956 4605 3187 4686 divinus,
3235 4635 3462 4693 regnare
3490 4639 3583 4693 po-

1995 4716 2130 4770 tcris
2155 4717 2208 4770 in
2225 4723 2542 4786 perpetuum
2559 4721 2578 4778 ’,λ
2604 4715 2858 4784 quoniam
2889 4713 3137 4769 conferre
3166 4724 3216 4769 te
3242 4715 3392 4783 θυρὶς
3420 4715 3586 4769 cedro

1997 4809 2241 4878 excelsas,
2269 4809 2408 4878 patri
2437 4816 2526 4862 tuo
2550 4806 2731 4874 Josize,
2759 4809 3044 4873 videlicet,
3074 4807 3222 4876 justo
3255 4809 3365 4877 regi
3387 4809 3410 4861 ?
3432 4828 3450 4858 ι
3488 4808 3583 4862 Pa-

2000 4909 2104 4963 ter,
2135 4899 2332 4968 inquit,
2364 4907 2510 4963 tuus,
2534 4906 2588 4953 et
2618 4897 2852 4953 comedit
2879 4905 2934 4951 ‘et
2956 4898 3112 4963 bibit,
3144 4918 3164 4951 ι
3195 4907 3250 4951 et
3276 4897 3474 4952 fruitus
3501 4908 3588 4954 est

1999 4986 2190 5059 opibus
2219 4988 2381 5060 regiis
2401 5027 2415 5054 ,
2442 5003 2539 5043 nec
2575 4989 2756 5042 tamen
2782 4989 2838 5042 in
2864 4988 3172 5044 eooﬂ’endit
3210 4987 3410 5052 Deum,
3440 4991 3586 5058 quod

2001 5080 2188 5135 habuit
2233 5079 2478 5145 divitias;
2522 5080 2616 5139 sed
2663 5079 2719 5133 ιη
2763 5095 2827 5135 eo
2861 5079 3082 5150 placuit,
3115 5080 3258 5148 quod
3287 5079 3417 5136 fecit
3439 5079 3585 5149 judi-

2003 5169 2148 5223 ciutu
2201 5178 2362 5237 atque
2406 5167 2784 5236 justitiam,%t
2824 5168 3028 5224 idcirco
3071 5177 3178 5224 tam
3231 5170 3286 5224 in
3333 5174 3590 5240 pmsenti

2003 5259 2194 5314 saeculo
2211 5271 2371 5329 quam
2391 5259 2445 5312 in
2469 5260 2646 5313 futuro
2671 5260 2809 5314 bene
2843 5261 2891 5314 ei
2917 5259 3018 5315 ftm
3035 5259 3223 5316 'eterlt:
3251 5279 3269 5312 α
3293 5260 3583 5332 Ιιιίίἰαιῆι,

2001 5350 2196 5419 inquit,
2219 5365 2438 5405 causam
2472 5349 2724 5419 pauperis
2760 5356 2814 5404 et
2850 5351 3025 5421 egeni,
3060 5371 3077 5401 ι
3107 5349 3161 5403 et
3194 5351 3244 5404 in
3280 5367 3467 5406 eorum
3496 5367 3582 5419 re-

1999 5441 2300 5511 frigerium,
2315 5453 2452 5508 quos
2464 5434 2685 5504 audivit,
2717 5448 2773 5494 et
2789 5440 3005 5508 proprie
3023 5459 3040 5490 ‹
3067 5439 3122 5493 in
3137 5440 3335 5495 bonum
3353 5455 3528 5496 suum.
3555 5460 3577 5495 ι

2000 5530 2125 5586 Haec
2149 5539 2329 5586 autem
2359 5530 2535 5585 omnia
2567 5537 2861 5585 evenerunt
2898 5531 2944 5583 ei
2977 5547 3256 5601 prospera,
3297 5549 3315 5582 ι
3335 5534 3459 5600 quia
3492 5543 3582 5588 me

1995 5637 2266 5709 cbgno'vit,
2287 5623 2415 5695 ἐπὲῆ
2439 5631 2719 5692 Dominus.
2744 5657 2763 5690 ›
2787 5635 2887 5692 Tui
2918 5644 3068 5704 vero,
3084 5652 3118 5692 o
3146 5636 3409 5705 Joachim,
3440 5638 3585 5695 oculi

1996 5731 2261 5810 declinant
2290 5730 2358 5786 ad
2384 5731 2688 5813 avaritiam,
2716 5737 2772 5784 et
2798 5740 2856 5784 ut
2883 5721 3225 5786 innocentem
3242 5740 3584 5798 sanguinem

1995 5825 2209 5891 fundas,
2238 5819 2703 5885 adcaluniniani,
2747 5828 2802 5874 et
2843 5819 2909 5875 ad
2959 5835 3173 5876 cursum
3221 5821 3346 5875 mali
3379 5821 3580 5892 operis.

1995 5917 2154 5973 Juxta
2188 5907 2536 5984 Septuaginta
2567 5926 2696 5967 vero
2725 5926 2886 5981 quem
2913 5927 3127 5967 sensum
3173 5914 3406 5968 habeant
3426 5910 3581 5967 intel‘
