3926 6340
437 347 544 410 θτυ

1079 347 1140 400 Β.
1185 341 1439 402 RABANl
1475 340 1695 398 MAURl
1731 337 2049 395 ARCHIEP.
2093 336 2400 394 MOGUNT.
2437 331 2720 395 OPERUM
2760 338 2940 394 PARS
2978 339 3065 397 lll.

3589 342 3689 398 976

434 449 603 538 ligere
625 439 735 520 non
757 475 996 532 possum.
1025 459 1158 516 Cum
1185 460 1330 539 enim
1365 465 1559 535 caetera
1597 455 1702 512 sibi
1737 456 1914 527 aliqua
1942 469 2011 508 ex
2034 455 2090 516 Α
2113 472 2139 505 τι
2180 467 2288 508 non
2335 453 2529 509 audisti
2568 468 2754 509 vocem
2794 468 2988 509 meam.
3037 453 3236 510 Omnes
3280 463 3530 527 pastores
3554 460 3688 527 (sive

436 564 590 628 parte
615 553 970 618 consentiant,
993 551 1121 606 illud
1149 550 1290 620 quod
1319 549 1546 605 infertur
1560 548 1620 603 τ’(
1646 547 1895 617 Nunquid
1911 561 2011 600 re-

438 651 648 722 gnabis,
685 649 937 720 quoniam
969 654 1022 701 tu
1045 644 1336 702 contendas
1372 644 1428 699 in
1460 642 1640 697 Acha:
1669 645 1822 711 patre
1841 638 1969 695 tuo?
1988 657 2008 691 ι

433 756 534 810 pro
559 750 665 810 quo
689 739 743 793 in
769 737 1035 793 Hebraico
1071 734 1329 805 scriptum
1351 740 1436 788 est
1460 742 1566 791 "nit
1586 771 1602 797 ,
1639 739 1695 786 et
1716 730 1806 792 hic
1833 743 2020 808 sermo

437 832 660 888 cedrum
689 829 990 902 signiﬁcet,
1012 825 1352 894 manifestum
1381 830 1464 878 est
1490 823 1632 893 quod
1659 821 1861 876 nullum
1891 835 2015 875 sen-

439 939 557 980 sum
580 924 798 978 habeat.
822 920 954 975 lllud
968 921 1180 989 quoque
1200 918 1340 988 quod
1364 915 1625 984 sequitur,
1656 934 1674 965 ε
1701 928 1807 967 non
1834 921 2014 966 eome-

434 1016 584 1104 dent,
595 1022 650 1070 et
671 1028 778 1068 non
797 1012 1005 1076 bibent,
1029 1030 1048 1062 ι
1067 1018 1123 1064 et
1149 1017 1364 1072 caetera,
1382 1004 1746 1076 quaeitainter
1773 1017 1831 1058 se
1855 1001 2013 1057 dissi-

434 1092 566 1177 pata
585 1114 727 1170 sunt,
751 1111 911 1172 atque
926 1099 1170 1164 confusa,
1191 1106 1248 1153 ut
1268 1099 1470 1167 absque
1489 1095 1716 1152 veritate
1732 1092 2012 1148 Hebraicis

434 1194 680 1263 lectionis
737 1191 936 1248 nullam
971 1189 1376 1259 intelligentiam
1425 1178 1676 1242 habeant.
1720 1184 2012 1240 Possumus

433 1293 612 1338 autem
637 1284 784 1337 hunc
810 1281 988 1336 locum
1007 1277 1162 1348 juxta
1203 1290 1478 1347 anagogen
1511 1283 1700 1329 contra
1724 1272 2010 1328 haereticos

435 1376 698 1458 accipere,
733 1373 824 1443 qui
859 1371 1127 1427 aedificant
1151 1368 1252 1451 sibi
1276 1369 1493 1422 domum
1519 1380 1628 1421 non
1650 1352 1924 1436 magnam,
1956 1371 2011 1419 et

431 1453 684 1522 Ecclesia:
713 1467 959 1520 ubertate
988 1460 1325 1531 latissimam,
1356 1456 1449 1512 sed
1475 1456 1780 1525 parvulam.
1813 1453 2008 1508 ΑΒ(ιὶΙί-

432 1565 559 1613 cant
604 1565 786 1611 autem
823 1569 930 1608 non
980 1565 1102 1606 cum
1144 1548 1353 1618 justitia
1392 1555 1552 1617 atque
1575 1544 1801 1615 judicio,
1832 1543 2008 1597 aliena

431 1649 664 1719 diripere
705 1645 1000 1717 cupientes.
1050 1641 1202 1698 Unde
1244 1640 1483 1694 dicitur:
1531 1655 1550 1688 ι
1578 1634 1880 1691 EdificaSti
1912 1632 2008 1688 tibi

418 1740 646 1794 domum
666 1736 964 1808 parvulam,
980 1732 1256 1793 ccemcula
1276 1728 1578 1801 perﬂatilia,
1601 1746 1618 1779 ι
1635 1742 1755 1797 quae
1776 1725 2008 1781 circum-

2122 564 2141 598 ι
2181 545 2471 615 amatores)
2511 553 2633 601 tuos
2673 552 2858 615 pascet
2898 552 3112 610 ventus,
3147 555 3200 599 et
3243 556 3520 602 amatores
3565 547 3690 618 (sive

2121 656 2141 690 ι
2183 638 2362 708 amici)
2390 637 2464 691 tui
2497 639 2552 692 in
2591 638 2954 708 captivitatem
2984 638 3158 702 ibunt,
3188 648 3242 692 et
3269 640 3614 698 confunderis
3638 651 3692 699 et

2122 747 2141 780 ‹
2182 728 2469 783 erubesces
2498 729 2565 783 ab
2595 729 2742 783 omni
2770 728 2973 783 malitia
3014 737 3121 782 tua.
3159 728 3288 796 Quin
3325 732 3485 787 sedes
3507 735 3561 788 in
3604 734 3689 788 Li-

2122 837 2140 871 ι
2183 820 2343 884 bano,
2366 827 2430 874 'et
2463 818 2713 879 nidiﬁcas
2731 819 2784 872 in
2813 820 3011 886 cedris,
3042 822 3308 890 quomodo
3337 827 3689 895 congemuisti

2120 927 2138 960 ι
2185 922 2307 962 cum
2319 909 2597 963 venissent
2617 909 2716 964 tibi
2733 909 2944 965 dolores
2970 903 3362 980 quasidolo'res
3382 918 3688 983 parturien-

2118 1017 2136 1049 ι
2178 998 2292 1053 tis?
2310 1017 2328 1050 ι
2361 998 2465 1054 Per
2494 999 2865 1068 metaphoram
2894 1000 3087 1055 Libani
3108 1011 3161 1056 et
3187 1003 3390 1070 Basan,
3410 1008 3686 1077 regionum

2112 1095 2168 1142 et
2192 1088 2454 1144 montium
2488 1101 2638 1143 trans
2662 1086 2950 1144 Jorda'nem
2977 1091 3045 1145 ad
3070 1091 3368 1150 Jerusalem
3404 1112 3586 1153 sermo
3613 1101 3692 1154 di-

2112 1179 2326 1250 rigitur,
2349 1180 2491 1249 quod
2536 1179 2739 1236 frustra
2849 1179 3084 1264 Egypto
3112 1185 3183 1238 sit
3213 1186 3414 1242 conlisa
3434 1229 3449 1254 ,
3487 1189 3599 1243 sive
3626 1191 3690 1264 ad

2086 1295 2089 1297 ·
2112 1270 2289 1338 ipsum
2319 1268 2585 1337 Joachim,
2613 1261 3068 1346 qui'eo'tempore
3094 1276 3353 1345 regnabat
3391 1278 3445 1332 in
3472 1261 3689 1334 Jerusa?

2111 1361 2240 1439 lem,
2271 1363 2434 1442 etab
2477 1361 2744 1433 Egyptiis
2789 1377 2881 1418 rex
2933 1361 3110 1420 fuerat
3151 1368 3515 1433 .constitutus,
3554 1370 3691 1440 quod

2110 1451 2314 1507 frustra
2340 1451 2715 1522 Egyptiorum
2750 1461 2930 1522 speret
2978 1456 3353 1513 auxiliumzet
3403 1459 3548 1527 quod
3595 1461 3690 1529 ipsi

2112 1556 2326 1611 quoque
2353 1557 2384 1595 a
2403 1540 2694 1614 Babylonio
2723 1557 2850 1613 rege
2878 1547 3168 1614 superandi
3214 1547 3349 1614 sint,
3377 1557 3433 1603 et
3466 1551 3689 1615 ducendi

2111 1635 2168 1689 in
2197 1634 2565 1705 captivitatem
2593 1633 2644 1705 (I
2662 1631 2700 1686 V
2731 1633 2863 1706 Reg.
2893 1637 3071 1709 xxiii).
3101 1636 3365 1710 Quodque
3394 1641 3473 1695 ait
3498 1660 3510 1694 :
3540 1661 3558 1692 ι
3584 1642 3687 1697 Lo-

2070 1728 2073 1729 ⁷
2114 1732 2268 1780 cutus
2297 1741 2415 1780 sum
2441 1725 2509 1779 ad
2534 1732 2584 1779 te
2601 1765 2614 1791 ,
2637 1743 2656 1776 ι
2683 1725 2786 1782 hoc
2821 1735 2905 1782 est
2931 1729 3042 1797 ipse
3075 1727 3217 1785 Deus
3251 1745 3351 1801 per
3376 1733 3686 1802 prophetas,

425 1803 836 1884 ferunturomni
850 1836 1008 1881 vento
1023 1825 1298 1889 doctrinae,
1318 1842 1335 1874 ι
1354 1832 1408 1876 et
1428 1821 1678 1876 distincta
1694 1818 1962 1875 fenestris.
1983 1835 2002 1867 ›
2036 1803 2085 1863 Β
2113 1818 2235 1872 sive
2256 1835 2275 1868 ‹
2319 1816 2481 1871 locuti
2511 1826 2638 1872 sunt
2667 1819 2735 1886 ad
2762 1826 2835 1884 te,
2874 1839 2892 1871 ›
2927 1829 2986 1874 ιιι
3013 1822 3383 1889 subaudiatur,
3415 1827 3690 1896 prophetae

428 1921 545 1977 Non
571 1922 714 1976 enim
744 1918 940 1976 habent
966 1924 1282 1988 perpetuum
1307 1911 1616 1977 aedificium,
1651 1924 1752 1965 nec
1780 1908 2006 1970 solidam

427 2010 761 2064 firmitatem.
799 2025 817 2058 ι
853 2007 921 2061 Et
946 2006 1278 2077 contignata,
1305 2002 1498 2072 inquit,
1527 2001 1710 2057 cedro.
1754 2018 1773 2051 ι
1806 1996 2005 2052 Viden-

428 2111 518 2154 tur
554 2101 772 2170 quidem
815 2097 1269 2168 contignationem
1319 2094 1522 2148 habere
1563 2089 2004 2166 pulcherrimam,

428 2192 520 2248 sed
542 2192 608 2245 ad
628 2191 828 2251 imbres
846 2198 902 2245 et
929 2188 1364 2259 persecutionum
1391 2180 1886 2266 tempeStatemncito
1904 2195 2003 2248 pu-

427 2292 671 2340 trescunt
682 2291 739 2339 et
763 2267 1044 2339 corruunt.
1056 2299 1075 2332 ι
1094 2281 1318 2349 Litaque
1339 2277 1601 2347 sinopide.
1614 2294 1632 2326 ι
1649 2276 1719 2329 Ει
1744 2273 1843 2343 ipsi
1855 2271 2005 2334 enim

424 2374 733 2443 passionem
774 2372 988 2426 Domini
1021 2379 1076 2426 et
1105 2367 1419 2440 sanguinem
1448 2365 1788 2436 pollicentur,
1828 2361 1921 2416 sed
1949 2360 2004 2414 in

424 2471 744 2534 perpetuum
768 2476 878 2516 non
904 2467 1152 2531 regnant,
1184 2458 1310 2527 quia
1343 2455 1674 2511 contendunt
1702 2464 1757 2508 et
1785 2452 1852 2507 ad
1891 2452 2001 2504 ira—

424 2555 676 2609 cundiam
693 2552 1159 2623 provocantArez,
1175 2550 1228 2604 id
1244 2558 1327 2627 est
1348 2549 1567 2603 cedrum
1598 2553 1808 2616 patrem
1825 2556 2001 2597 suum.

425 2647 615 2704 Omnis
659 2648 807 2704 enim
854 2645 1140 2701 haareticus
1169 2641 1410 2696 nascitur
1430 2640 1494 2703 in
1529 2637 1787 2705 Ecclesia,
1820 2636 1912 2691 sed
1940 2632 2005 2688 de

424 2736 665 2794 Ecclesia
701 2736 1001 2807 projicitur,
1055 2742 1110 2789 et
1158 2731 1432 2789 contendit
1472 2738 1526 2785 et
1565 2735 1779 2800 pugnat,
1817 2732 2005 2781 contra

426 2818 728 2903 parentem.
769 2829 1030 2898 Quodque
1059 2826 1221 2882 infert
1253 2844 1265 2879 :
1303 2845 1322 2878 ‹
1357 2824 1474 2880 Non
1501 2825 1785 2879 comedent
1803 2830 1868 2890 et
1895 2835 2004 2876 non

428 2921 633 2984 bibent,
661 2939 681 2972 ι
716 2918 1033 2974 subauditur
1072 2922 1365 2986 corpus-et
1401 2914 1717 2985 sanguinem
1762 2910 2003 2966 Salvatov

432 3011 532 3077 ris,
559 3016 862 3077 cateraque
889 3008 975 3061 his
1011 3005 1228 3071 similia,
1261 3018 1608 3072 erroremque
1635 3016 1851 3056 omnem
1873 3000 2007 3056 dicit

426 3101 554 3156 inde
579 3099 924 3161 descendere,
957 3096 1100 3166 quod
1124 3082 1502 3164 ignoraverint
1542 3091 1731 3156 Deum,
1769 3105 1873 3145 nec
1910 3091 2006 3144 ha-

2108 1907 2233 1972 mei,
2258 1924 2277 1957 (
2297 1914 2352 1961 et
2376 1915 2434 1960 tu
2460 1907 2514 1960 in
2545 1907 2872 1977 abundantia
2900 1917 2991 1963 tua
3019 1909 3200 1966 dixisti
3227 1929 3240 1965 :
3275 1927 3385 1967 non
3404 1914 3682 1969 audiam.»

2066 2017 2068 2019 ’
2106 1997 2297 2069 Arguit
2313 2013 2434 2052 eam
2456 2000 2719 2068 superbiae
2745 2007 2800 2056 et
2825 2001 2968 2070 quod
2987 2001 3300 2058 divitiarum
3323 2008 3690 2078 magnitudine

2073 2119 2077 2121 -
2108 2089 2275 2143 abusa
2302 2089 2372 2144 sit
2391 2089 2446 2143 in
2471 2097 2837 2161 contemptum
2856 2091 2981 2159 Dei,
3014 2103 3070 2149 et
3089 2106 3276 2150 narrat
3299 2075 3443 2167 quod
3473 2115 3581 2158 non

2108 2182 2218 2236 lum
2253 2183 2357 2237 hoc
2387 2191 2651 2252 tempore,
2669 2180 2777 2240 'sed
2800 2191 2854 2239 et
2888 2185 2956 2239 ab
2980 2183 3137 2242 initio
3163 2184 3378 2256 quando
3408 2191 3602 2246 educta
3621 2193 3690 2249 sit

2106 2273 2173 2328 de
2198 2272 2447 2343 «Egypto,
2476 2287 2585 2328 non
2619 2274 2849 2329 audierit
2878 2289 3064 2331 vocem
3092 2276 3210 2332 Dei.
3237 2277 3390 2334 Unde
3415 2289 3472 2335 et
3506 2296 3691 2339 omnes

2107 2373 2351 2432 pastores
2375 2363 2493 2433 ejus
2527 2373 2582 2418 et
2612 2365 2883 2435 principes
2908 2366 3016 2420 huc
3043 2367 3274 2438 illucque
3302 2370 3533 2441 dispersi
3560 2375 3685 2440 sint,

2108 2465 2164 2511 ct
2190 2456 2489 2525 captivitati
2519 2456 2824 2528 Babyloniae
2851 2457 2989 2512 colla
3025 2454 3688 2535 submiserint.‘Quodque

2108 2547 2292 2614 infert,
2323 2566 2340 2599 ι
2370 2563 2490 2618 qua:
2516 2549 2670 2603 sedes
2691 2550 2744 2602 in
2766 2549 2993 2617 Libano,
3009 2559 3064 2605 et
3093 2551 3340 2608 nidificas
3363 2554 3420 2608 in
3443 2534 3640 2619 cedris,
3662 2576 3679 2606 ι

2109 2642 2477 2712 arrogantiam
2504 2641 2770 2712 suggillat,
2788 2658 2908 2712 qua:
2937 2643 3004 2698 de
3027 2645 3270 2699 omnium
3296 2661 3477 2701 rerum
3508 2664 3687 2704 creve-

2109 2743 2194 2790 rat
2233 2735 2597 2800 abundantia,
2639 2744 2694 2789 et
2738 2735 2880 2804 quod
2919 2735 3094 2791 instar
3131 2736 3372 2792 mulieris
3411 2754 3686 2809 puerpera)

2108 2827 2424 2897 repentinus
2451 2827 2503 2882 ei
2525 2827 2680 2882 dolor
2721 2835 2775 2880 et
2795 2827 2968 2882 subita
2995 2828 3175 2881 veniat
3203 2828 3512 2897 captivitas.
3538 2830 3682 2898 Quod

2110 2925 2290 2970 autem
2319 2930 2416 2970 nos
2445 2915 2716 2970 diximus:
2739 2933 2758 2966 ι
2785 2915 2967 2970 Clama
3000 2916 3066 2972 ad
3096 2925 3470 2984 transeuntes,
3502 2940 3519 2970 ι
3553 2927 3605 2980 et
3631 2921 3678 2974 in

2111 3007 2376 3062 Hebraico
2404 3006 2662 3077 scriptum
2685 3013 2790 3071 est,
2814 3009 3076 3071 nium,
3122 3006 3476 3078 Septuaginta
3509 3008 3681 3065 Theo-

2113 3098 2365 3167 dotioque
2390 3104 2688 3162 verterunt,
2712 3104 2858 3150 trans
2882 3111 3045 3159 mare,
3073 3095 3455 3165 Symmachus,
3476 3098 3542 3153 de
3565 3116 3685 3154 con-

424 3191 587 3246 beant
631 3197 808 3242 rectos
853 3184 1059 3248 000108.
1108 3178 1202 3238 ἀθά
1241 3196 1336 3237 001⁵
1371 3195 1557 3235 eorum
1581 3194 1811 3249 Ρτοηυηι
1840 3179 1913 3234 Sit
1937 3179 2006 3233 ad
2034 3150 2079 3215 Ο
2111 3200 2217 3258 ινα,
2249 3150 2310 3246 uit
2337 3186 2641 3260 significent
2683 3189 2826 3260 quod
2851 3203 2957 3244 vox
2997 3150 3273 3259 prophetae
3297 3191 3363 3246 de
3389 3150 3684 3248 Jerusalem

429 3277 736 3341 avaritiam,
762 3283 824 3328 ut
842 3268 1018 3328 aliena
1043 3272 1318 3342 diripiant,
1344 3277 1400 3323 et
1422 3271 1767 3338 deceptorum
1793 3268 2009 3338 sangui-

423 3383 551 3424 nem
603 3365 879 3420 fundant:
926 3366 1028 3418 hoc
1077 3373 1162 3418 est
1208 3363 1350 3417 enim
1398 3361 1578 3415 facere
1635 3358 2004 3415 homicidium.

423 3457 666 3514 Obscura
693 3455 854 3510 latius
882 3453 1192 3509 disserenda
1227 3458 1371 3507 sunt.

499 3566 517 3599 ι
562 3545 855 3616 Propterea
882 3544 997 3598 haec
1023 3543 1152 3598 dicit
1170 3542 1431 3597 Dominus
1457 3542 1526 3596 ad
1582 3541 1796 3596 oachim
1834 3538 2005 3594 ﬁlium

430 3661 447 3692 ι
492 3639 652 3696 Josiae
680 3653 862 3710 regem
890 3635 1039 3692 Judae
1067 3654 1080 3689 :
1109 3635 1224 3690 Non
1253 3634 1510 3706 plangent
1531 3633 1677 3699 enim,
1706 3648 1786 3688 vae
1814 3633 2000 3699 frater,

428 3751 447 3783 ε
484 3733 549 3784 ‘et
571 3744 652 3784 va:
679 3742 850 3792 soror,
890 3741 997 3781 non
1035 3725 1433 3793 concrepabunt
1457 3725 1528 3789 ei,
1571 3738 1652 3777 vae
1679 3722 1921 3785 Domine,
1951 3729 2006 3776 et

421 3833 451 3875 λι
494 3835 577 3877 vae
605 3820 823 3891 inclyte,
862 3817 959 3872 sed
986 3815 1260 3886 sepultura
1301 3814 1438 3870 asini
1474 3813 1786 3886 sepelietur,
1821 3821 2004 3883 putre-

426 3928 449 3965 ι
496 3910 674 3966 factus
698 3917 754 3965 et
772 3898 1042 3977 projectus
1067 3914 1220 3960 extra
1243 3909 1427 3974 portas
1452 3902 1807 3959 Hierusalem.
1843 3923 1862 3955 ι
1891 3901 2004 3958 Hoc

425 4005 571 4075 quod
613 4016 711 4055 nos
757 3998 824 4053 de
868 3997 1132 4060 Hebraico
1183 3995 1506 4065 posuimus:
1545 4015 1563 4048 ι
1599 4011 1708 4050 non
1749 3995 2004 4065 plangent

422 4108 568 4155 eum,
597 4105 677 4144 va:
713 4086 901 4153 frater,
948 4095 1004 4141 et
1044 4101 1126 4140 vae
1157 4099 1329 4147 soror,
1368 4104 1388 4137 ι
1421 4085 1476 4139 in
1516 4082 1863 4153 Septuaginta
1897 4098 2002 4137 non

424 4184 678 4246 habetur,
704 4179 1028 4252 proprieque
1073 4176 1270 4230 dicitur
1310 4183 1496 4230 contra
1539 4173 1784 4252 Joachim
1822 4188 2002 4244 regem

426 4275 588 4341 Julia,
615 4281 672 4328 et
699 4271 940 4342 aperitur
963 4269 1211 4339 aanigma,
1241 4267 1384 4336 quod
1413 4266 1565 4336 prius
1591 4266 1875 4321 videbatur
1916 4279 2002 4319 oc-

426 4375 654 4431 cultum,
684 4359 740 4419 et
768 4363 910 4416 inter
947 4370 1056 4414 tres
1087 4357 1283 4414 fratres
1323 4358 1654 4428 ambiguum,
1705 4363 1764 4410 ut
1795 4370 1901 4410 non
1932 4355 2003 4410 sit

2108 3297 2281 3352 usque
2309 3282 2377 3335 ad
2411 3269 2950 3336 montem'Libanum
2979 3287 3035 3336 et
3072 3280 3249 3336 Basan
3279 3283 3475 3341 debeat
3496 3299 3686 3356 perve-

2109 3391 2246 3430 mre.

2183 3486 2200 3518 ι
2233 3464 2366 3521 Vivo
2385 3478 2505 3537 ego,
2530 3463 2661 3520 dicit
2687 3461 2966 3530 Dominus,
2992 3464 3119 3534 quia
3143 3465 3186 3518 si
3200 3463 3372 3519 fuerit
3397 3462 3690 3521 Jechonias

2111 3577 2132 3611 ι
2177 3556 2477 3630 [Chonias),
2509 3555 2651 3611 ﬁlius
2697 3549 2939 3609 Joachim
2974 3556 3115 3624 regis
3160 3554 3331 3621 Juda,
3358 3557 3593 3615 annulus
3633 3560 3689 3614 in

2113 3669 2130 3701 ι
2173 3664 2335 3704 manu
2366 3647 2589 3702 dextera
2615 3660 2756 3709 mea,
2789 3644 2914 3700 inde
2939 3645 3166 3700 evellam
3191 3661 3316 3700 eum
3344 3646 3473 3718 (sive
3503 3647 3599 3718 te),
3634 3658 3689 3703 et

2112 3758 2131 3792 ί
2176 3739 2314 3794 dabo
2347 3746 2398 3791 te
2423 3738 2477 3791 in
2506 3751 2666 3790 manu
2693 3735 3043 3804 quaerentium
3071 3735 3308 3808 animam
3351 3745 3518 3800 tuam,
3549 3748 3603 3793 et
3632 3741 3688 3794 in

2111 3848 2130 3881 ι
2174 3843 2338 3884 manu
2382 3841 2609 3896 quorum
2651 3833 2708 3879 tu
2746 3823 3005 3880 formidas
3048 3826 3278 3892 faciem;
3325 3835 3380 3883 et
3422 3829 3477 3883 in
3523 3845 3688 3884 manu

2111 3938 2128 3972 ι
2172 3916 2662 3972 Nabuchodonosor
2702 3916 2844 3984 regis
2873 3913 3161 3986 Babylonis
3189 3917 3352 3985 (quod
3379 3916 3434 3969 in
3458 3914 3688 3986 Septua-

2110 4027 2130 4061 ‹
2173 4009 2319 4079 ginta
2366 4022 2469 4059 non
2505 4004 2769 4075 habetur),
2805 4013 2859 4058 et
2899 4005 2954 4057 in
2995 4019 3158 4058 manu
3187 4003 3582 4070 Chaldaeorum,
3631 4015 3690 4061 et

2111 4117 2130 4149 ι
2175 4099 2383 4152 mittam
2415 4104 2466 4150 te
2511 4095 2634 4168 (sive
2674 4093 2953 4170 projiciam
3001 4095 3095 4166 te),
3125 4103 3181 4149 et
3233 4103 3460 4151 matrem
3511 4105 3684 4163 tuam,

2112 4207 2130 4239 ‹
2170 4202 2288 4255 qua:
2315 4184 2499 4256 genuit
2528 4191 2600 4249 te,
2632 4183 2686 4238 in
2712 4192 2913 4238 terram
2941 4183 3194 4250 alienam,
3219 4186 3272 4240 in
3301 4202 3406 4256 qua
3434 4190 3546 4244 nati
3575 4205 3686 4247 non

2111 4299 2128 4329 ‹
2170 4277 2319 4343 estis,
2351 4275 2533 4344 ibique
2555 4275 2878 4340 moriemini,
2901 4283 2955 4328 et
2985 4276 3039 4328 in
3066 4284 3269 4330 terram
3297 4278 3365 4331 ad
3389 4293 3551 4347 quam
3581 4272 3708 4348 ipsi

2110 4387 2128 4418 ‹
2169 4367 2347 4422 levant
2394 4364 2630 4417 animam
2681 4377 2859 4428 suam,
2885 4371 2946 4417 ut
2973 4372 3318 4419 revertantur
3345 4365 3473 4421 illuc
3496 4379 3551 4421 et
3575 4383 3686 4424 non

426 4471 605 4513 sermo
643 4454 709 4509 de
735 4451 994 4516 Joachaz,
1025 4462 1198 4517 neque
1235 4447 1301 4501 de
1336 4445 1616 4510 Sedechia,
1651 4444 1743 4498 sed
1786 4445 2003 4514 proprie

2113 4477 2132 4508 ε
2177 4465 2533 4512 revertentur.
2565 4475 2583 4506 ι
2613 4455 2784 4523 Supra
2832 4455 3056 4518 dixerat,
3089 4473 3107 4506 ι
3135 4457 3320 4512 domui
3375 4459 3518 4528 regis
3547 4459 3686 4516 Juda

427 4548 492 4602 de
512 4543 756 4601 Joachim
791 4560 803 4595 :
837 4554 998 4610 quem
1045 4534 1385 4592 interfectum
1432 4549 1462 4587 a
1497 4532 1811 4588 latrunculis
1841 4531 2003 4587 Chal-

427 4637 686 4700 daeorum,
715 4631 904 4702 Syriae,
935 4625 1366 4683 Ammonitarum
1405 4631 1460 4678 et
1490 4621 1859 4685 Moabitarum,
1895 4619 2004 4675 He-

428 4729 574 4781 braea
600 4732 783 4778 narrat
811 4720 1057 4776 historia.
1099 4716 1250 4772 Unde
1286 4723 1340 4768 et
1366 4714 1420 4768 in
1457 4712 1737 4767 Malachim
1764 4718 2014 4766 mortuus

429 4816 709 4879 scribitur,
733 4823 787 4867 et
811 4811 1050 4880 sepultus
1076 4814 1285 4863 tacetur
1311 4803 1418 4877 (IV
1434 4803 1562 4875 Reg.
1596 4803 1766 4874 XXIV).
1795 4803 1852 4856 ln
1870 4803 2007 4856 libro

431 4908 649 4960 Dierum
680 4901 906 4972 legimus
935 4899 1172 4951 vinctum
1200 4894 1404 4950 catenis
1443 4903 1496 4947 et
1553 4893 1772 4948 ductum
1815 4892 1869 4945 in
1905 4890 2005 4944 Ba-

430 4996 678 5067 bylonem
703 4993 749 5064 (1
758 4992 784 5046 1
812 4990 942 5057 Par.
979 4987 1199 5057 xxxvi);
1229 4975 1332 5040 nec
1356 4983 1495 5061 ultra
1523 4984 1652 5053 quid
1678 4981 1910 5037 refertur
1939 4982 2004 5035 de

431 5103 514 5143 eo.
547 5083 886 5150 Pulchreque
925 5076 1198 5148 sepultura
1243 5073 1383 5129 asini
1423 5073 1552 5128 dicit
1595 5088 1716 5126 eum
1745 5072 2005 5143 sepelien-

431 5177 582 5237 dum,
614 5180 673 5226 ut
718 5170 841 5224 aliis
887 5168 1066 5222 verbis
1114 5164 1382 5235 signiﬁcet
1408 5161 1756 5235 insepultum,
1787 5163 1888 5219 hoc
1919 5171 2008 5220 est

433 5281 468 5321 a
493 5264 680 5320 bestiis
707 5261 1001 5328 avibusque
1034 5256 1398 5311 lacerandum.

503 5353 630 5409 Haec
648 5361 730 5407 est
746 5351 888 5406 enim
911 5349 1048 5404 asini
1069 5344 1342 5416 sepultura
1359 5363 1402 5397 ;‹
1421 5344 1666 5401 Ascende
1676 5344 1938 5401 Libanum
1951 5353 2008 5402 et

434 5465 473 5505 ι,
497 5447 692 5511 clama,
709 5445 762 5498 in
786 5443 957 5508 Basan
981 5441 1049 5494 da
1072 5454 1258 5494 vocem
1281 5447 1445 5503 tuam,
1469 5446 1522 5491 et
1548 5439 1717 5493 clama
1744 5441 1810 5494 ad
1838 5448 2009 5495 trans-

440 5561 459 5592 ι
503 5545 710 5601 euntes,
747 5534 873 5604 quia
921 5529 1134 5585 contriti
1183 5535 1309 5583 sunt
1367 5542 1555 5583 omnes
1603 5538 1874 5585 amatores
1910 5530 2008 5586 tui.

441 5654 458 5683 ι
502 5633 734 5686 Locutus
762 5639 882 5681 sum
906 5622 974 5676 ad
1010 5629 1060 5674 te
1086 5621 1139 5673 in
1170 5618 1493 5673 abundantia
1525 5613 1638 5684 tua,
1653 5620 1832 5689 dixisti
1859 5638 1870 5674 :
1903 5635 2010 5677 non

441 5746 459 5776 ‹
501 5721 734 5777 audiam.
765 5715 891 5771 llzec
918 5719 1000 5769 est
1036 5711 1122 5766 via
1152 5717 1244 5764 tua
1270 5710 1337 5763 ab
1370 5707 1727 5767 adolescentia
1757 5722 1866 5780 tua,
1886 5717 2008 5785 quia

2108 4548 2220 4602 hac
2233 4546 2499 4628 loqueris;
2527 4565 2543 4596 ι
2560 4554 2615 4600 et
2637 4545 2867 4601 deinde:
2889 4564 2907 4596 ι
2935 4546 3210 4601 Descende
3230 4547 3284 4600 in
3303 4546 3522 4602 domum
3543 4551 3686 4620 regis

2107 4639 2275 4704 Juda;
2305 4657 2322 4688 ι
2354 4646 2408 4691 et
2453 4638 2688 4692 iterum:
2721 4655 2738 4688 ‹
2768 4635 2894 4690 Haec
2938 4636 3067 4691 d'cit
3097 4637 3355 4692 Dominus
3397 4654 3558 4707 super
3590 4641 3687 4694 do-

2109 4743 2255 4782 mum
2295 4727 2436 4797 regis
2461 4725 2621 4790 Juda,
2646 4745 2664 4776 i
2696 4733 2749 4780 et
2789 4734 3117 4795 przepostero
3144 4725 3368 4788 ordine',
3399 4735 3686 4796 postquam

2110 4817 2319 4871 locutus
2347 4825 2429 4870 est
2458 4817 2523 4870 de
2552 4815 2842 4881 Sedechia,
2873 4816 2964 4886 qui
3004 4815 3225 4897 ultimus
3266 4813 3370 4870 fuit
3409 4831 3593 4889 regum
3629 4817 3685 4871 in

2109 4905 2426 4972 Jerusalem,
2457 4907 2747 4962 revertitur
2788 4906 2854 4961 ad
2891 4904 3136 4960 Joachim
3181 4905 3400 4961 fratrem
3429 4906 3561 4975 ejus,
3589 4907 3686 4977 qui

2111 5007 2238 5050 ante
2263 5011 2384 5050 eum
2411 4995 2676 5066 regnavit,
2699 5010 2804 5066 qua
2828 4994 3208 5050 vaticinatione
3234 4995 3517 5064 completa,
3539 5009 3688 5049 nunc

2113 5086 2348 5157 loquitur
2374 5086 2439 5139 ad
2471 5085 2637 5139 lilium
2661 5082 2905 5156 Joachim
2927 5091 3178 5152 nepotem
3203 5081 3364 5138 loslae
3388 5095 3569 5152 regem
3595 5080 3690 5137 Je-

2114 5180 2347 5236 rusalem
2392 5178 2724 5243 Jechoniam,
2755 5177 2846 5246 qui
2891 5185 2947 5232 et
2990 5178 3096 5233 alio
3134 5179 3350 5233 nomine
3385 5178 3691 5249 appellatur

2111 5270 2352 5328 Joachim
2372 5311 2386 5336 ,
2418 5272 2509 5340 qui
2548 5276 2734 5338 captus
2761 5283 2792 5322 a
2821 5266 3311 5326 Nabuchodonosor
3345 5284 3469 5324 cum
3513 5279 3693 5327 matre

2113 5379 2212 5420 sua
2238 5363 2675 5434 principibusque
2694 5368 2749 5415 et
2767 5361 3083 5427 artificibus,
3105 5369 3160 5415 et
3180 5360 3359 5417 nuiltis
3391 5361 3687 5427 nobilibus,

2115 5458 2309 5514 ductus
2332 5465 2413 5510 est
2437 5456 2491 5510 in
2530 5453 2850 5519 Chaldaeam,
2886 5455 3066 5523 ibique
3093 5463 3352 5511 mortuus.
3381 5454 3497 5512 Hoc
3524 5455 3694 5527 igitur

2116 5546 2348 5602 dicitur:
2375 5545 2433 5599 Si
2475 5545 2741 5615 quomodo
2786 5544 3017 5598 annulus
3063 5559 3168 5600 non
3198 5546 3398 5602 recedit
3429 5546 3496 5600 de
3525 5563 3693 5603 manu

2116 5624 2400 5704 portantis,
2431 5633 2574 5688 etde
2616 5631 2781 5701 digito
2808 5627 3091 5685 difficulter
3130 5633 3393 5697 elabitur,
3427 5633 3507 5688 sic
3539 5633 3609 5688 sit
3633 5632 3694 5687 in

2119 5738 2281 5779 manu
2303 5739 2422 5780 mea
2450 5723 2761 5780 JechoniaS'
2794 5730 2972 5777 tamen
2999 5725 3222 5779 evellam
3244 5739 3368 5781 eum
3396 5733 3451 5782 et
3481 5725 3696 5780 tradam
