3926 6324
257 428 366 483 977

1151 423 1512 506 EXPOSITIO
1547 423 1772 484 SUPER
1808 423 2176 482 IEREMIAM.
2217 453 2288 467 —-
2327 423 2454 500 L_lB.
2496 424 2590 480 lX.

3421 427 3526 481 978

259 542 372 613 regi
402 539 723 611 Babylonio,
755 539 934 608 ibique
961 552 1083 591 cum
1113 549 1285 592 matre
1313 547 1368 591 et
1392 538 1641 593 omnibus
1673 538 1830 592 sociis
1860 541 1914 600 Α
1934 539 2063 610 jecti
2089 539 2141 593 in
2172 548 2378 593 terram
2407 554 2566 608 quam
2594 538 2933 610 ignorabant,
2958 557 2975 588 ›
3006 537 3149 608 quod
3175 541 3244 592 de
3267 534 3527 594 Iecbonia

257 634 378 704 ejus
410 634 698 697 morietur,
727 640 780 686 et
810 630 949 685 ultra
981 639 1179 685 terram
1210 628 1474 695 Iudaeam,
1503 644 1665 698 quam
1691 629 1838 685 desi-

258 727 418 780 derat
455 739 560 778 non
585 722 806 777 videbit.
855 719 1180 776 Miserabilis
1207 718 1501 783 Grunnius,
1536 720 1626 788 qui
1657 719 1722 772 ad
1753 735 1843 774 ca-

257 813 598 868 lumniandos
625 820 841 867 sanctos
861 811 1006 864 viros
1043 807 1251 879 aperuit
1277 823 1339 863 os
1367 820 1544 874 suum,
1573 807 1842 878 linguam-

255 921 366 975 que
387 920 538 958 suam
566 904 746 958 docuit
764 901 1124 966 mendacium,
1148 900 1296 956 Sexti
1319 899 1642 971 Pythagorei
1669 899 1844 955 homi-

256 998 344 1052 nis
388 995 728 1067 gentilissimi
772 1009 935 1048 unum
986 992 1180 1046 librum
1225 992 1609 1060 interpretatus
1657 999 1739 1046 est
1785 991 1840 1045 in

257 1087 526 1150 Latinum,
573 1085 860 1152 divisitque
899 1098 1022 1137 eum
1068 1082 1121 1135 in
1163 1081 1267 1136 duo
1309 1079 1602 1145 volumina,
1648 1089 1702 1133 et
1742 1079 1842 1135 sub

257 1178 474 1232 nomine
501 1175 672 1230 sancti
707 1173 963 1244 martyris
993 1171 1130 1226 Sixti
1148 1172 1403 1227 Romanae
1428 1170 1578 1225 urbis
1603 1169 1840 1239 episcopi

254 1283 423 1322 ausus
462 1275 545 1321 est
578 1265 756 1329 edere,
789 1265 844 1342 in
870 1264 1068 1333 quibus
1097 1262 1240 1316 nulla
1283 1260 1508 1326 Christi,
1539 1259 1684 1314 nulla
1719 1258 1842 1329 Spi-

253 1361 393 1414 ritus
436 1359 627 1423 sancti,
672 1356 816 1411 nulla
846 1355 940 1410 Dei
985 1355 1179 1419 Patris,
1229 1351 1371 1407 nulla
1403 1351 1840 1421 patriarcharum

251 1459 307 1505 et
338 1450 720 1520 prophetarum
749 1455 803 1502 et
843 1444 1208 1516 apostolorum
1254 1441 1314 1495 (it
1362 1440 1584 1505 mentio,
1615 1447 1670 1494 et
1697 1440 1841 1494 hunc

249 1542 452 1596 librum
482 1539 638 1594 solita
667 1537 1000 1602 temeritate,
1032 1542 1087 1590 et
1122 1533 1329 1588 insania
1354 1530 1628 1584 Annulum
1667 1529 1840 1585 nomi-

250 1632 427 1696 navit,
459 1631 549 1700 qui
578 1645 677 1700 per
699 1629 895 1683 multas
927 1626 1238 1698 provincias
1263 1624 1477 1694 legitur,
1510 1630 1564 1677 et
1604 1622 1840 1675 maxime

253 1725 324 1779 ab
374 1724 457 1778 his
509 1723 599 1793 qui
650 1705 917 1786 ἀπαθείαν,
942 1728 998 1774 et
1045 1717 1458 1788 impeceantiam
1504 1714 1835 1785 praedicant;

250 1816 521 1886 quomodo
564 1815 726 1885 igitur
775 1812 1035 1866 Dominus
1075 1809 1388 1864 Iechoniam
1442 1808 1611 1861 instar
1653 1805 1837 1859 annuli

1944 628 2146 684 factum
2191 643 2353 682 nemo
2400 628 2629 682 dubitat.
2660 627 2950 682 Iechonias
2991 628 3526 698 interpretatur,Do-

1944 719 2075 773 mini
2105 714 2448 788 praeparatio,
2475 718 2560 772 cui
2587 717 2640 771 in
2670 718 2927 786 praesenti
2958 717 3077 772 loco
3105 717 3275 786 prima
3302 717 3531 789 syllaba,

1944 809 1999 863 id
2027 816 2111 864 est
2131 807 2343 862 Domini
2370 823 2567 863 nomen
2607 806 2872 873 aufertur,
2897 817 2953 862 ct
2981 806 3179 863 dicitur
3206 805 3444 862 Chouias
3468 814 3531 863 ut

1945 896 2299 952 subaudiatur
2314 897 2602 967 perditioni
2623 906 2679 952 et
2706 897 2948 952 interitui
2972 904 3328 966 praeparatus.

2021 1008 2039 1040 ι
2074 987 2261 1052 Terra,
2315 996 2478 1052 terra,
2535 999 2710 1054 terra,
2761 990 2883 1043 audi
2938 1004 3241 1044 sermonem
3292 988 3528 1044 Domini.

1951 1100 1969 1132 σ
2013 1079 2140 1137 Hzec
2185 1080 2315 1135 dicit
2348 1080 2609 1137 Dominus
2648 1099 2660 1135 :
2701 1081 2890 1136 Scribe
2932 1083 3108 1136 virum
3161 1082 3322 1137 istum
3368 1081 3518 1136 steri-

1952 1192 1970 1223 ‹
2015 1171 2153 1238 lem,
2190 1171 2369 1231 virum
2418 1173 2509 1242 qui
2551 1174 2605 1227 in
2644 1173 2831 1229 diebus
2875 1174 2987 1228 suis
3036 1190 3141 1228 non
3187 1173 3532 1244 prosperabi-

1950 1280 1970 1313 ε
1993 1263 2126 1328 'tur;
2182 1276 2303 1318 nec-
2321 1263 2466 1318 enim
2495 1265 2600 1318 erit
2639 1265 2705 1319 de
2733 1265 2937 1319 semine
2964 1265 3081 1335 ejus
3107 1265 3191 1318 vir
3219 1265 3310 1335 qui
3347 1266 3536 1320 sedeat

1951 1374 1970 1405 ‹
2013 1370 2174 1425 super
2201 1354 2394 1410 solium
2425 1355 2617 1420 David,
2644 1364 2698 1410 et
2722 1364 3045 1426 potestatem
3075 1357 3274 1412 habeat
3295 1357 3437 1411 ultra
3475 1357 3534 1410 in

1951 1466 1971 1498 ‹
2012 1443 2212 1499 Iudaea.
2236 1465 2253 1497 ι
2284 1445 2339 1500 Si
2360 1446 2582 1501 voluero
2601 1461 2697 1516 per
2723 1447 2840 1500 loca
2861 1456 3049 1501 notare
3071 1447 3302 1518 singula,
3327 1457 3534 1516 quanta

1946 1536 2295 1606 Septuaginta
2322 1535 2405 1590 vel
2435 1537 2904 1606 praetermiserim,
2928 1537 3015 1592 vel
3044 1536 3390 1600 mutaverint,
3409 1536 3531 1590 lon-

1944 1634 2070 1698 gum
2117 1627 2242 1691 ﬂet;
2269 1627 2575 1696 przesertim
2617 1642 2741 1681 cum
2788 1627 2959 1695 possit
3004 1628 3234 1692 diligens
3266 1627 3437 1682 lector
3464 1643 3532 1682 ex

1947 1724 2171 1786 utraque
2220 1716 2456 1772 editione
2501 1717 2846 1773 considerare
2894 1718 3021 1787 quid
3069 1726 3357 1783 mutatum,
3401 1717 3531 1786 quid

1946 1808 2208 1874 additum,
2235 1807 2363 1876 quid
2401 1809 2738 1863 subtractum
2767 1809 2854 1864 sit.
2887 1808 2992 1863 Pro
3022 1808 3190 1862 sterili
3221 1810 3273 1863 in
3303 1802 3532 1864 Hebraeo

251 1879 321 1961 de
355 1923 512 1960 manu
543 1879 661 1970 sua,
703 1912 758 1958 et
785 1903 974 1973 digito,
1022 1915 1080 1956 se
1121 1900 1487 1970 projecturum
1543 1896 1839 1952 commina-
1866 1879 1915 1939 B
1943 1901 2203 1970 scriptum
2226 1908 2329 1965 est,
2357 1908 2537 1964 νην-ην,
2571 1901 2713 1970 quod
2757 1899 2964 1970 Aquilae
2993 1901 3168 1970 prima
3199 1901 3382 1964 editio,
3419 1910 3532 1955 ste-

253 2003 362 2058 tur,
395 1997 468 2048 ita
512 1994 769 2048 lectorem
799 1992 1056 2057 obsecro,
1083 1998 1144 2044 ut
1170 1987 1434 2043 nefarium
1475 1986 1672 2042 librum
1699 1985 1836 2053 abji-

237 2088 363 2142 ciat
383 2127 396 2150 ,
431 2087 673 2156 legatque
700 2085 746 2139 si
776 2081 1025 2148 veluerit,
1055 2090 1115 2136 ut
1145 2089 1368 2136 czeteros
1394 2079 1836 2149 phiIOSOphorum

246 2177 457 2241 libros,
508 2190 613 2229 non
658 2182 717 2229 ut
765 2174 1016 2228 volumen
1072 2170 1521 2226 ecclesiasticum.
1581 2168 1740 2223 Soleo
1784 2168 1838 2222 in

249 2266 656 2322 commentariis
697 2273 752 2321 et
779 2263 1279 2334 explanationihus,
1309 2276 1540 2331 quorum
1583 2275 1700 2314 mos
1757 2267 1839 2314 est

249 2360 495 2414 diversas
514 2360 871 2427 interpretum
896 2356 1191 2412 sententias
1211 2368 1433 2424 ponere,
1462 2352 1839 2424 hujuscemodi

250 2453 484 2507 miscere
512 2466 816 2508 sermonem
843 2465 858 2504 :
884 2449 1101 2520 quidam
1131 2449 1235 2503 hoc
1263 2448 1466 2513 dicunt,
1495 2446 1584 2502 alii
1614 2447 1717 2501 hoc
1742 2461 1835 2500 au-

254 2553 489 2606 tumant,
523 2541 763 2602 nonnulli
805 2542 885 2596 sic
925 2541 1182 2596 sentiunt.
1215 2537 1367 2606 Quod
1395 2546 1451 2593 et
1474 2538 1587 2607 ipse
1615 2538 1842 2592 misera-

247 2636 376 2690 bilis
400 2634 694 2700 Grunnius,
738 2642 795 2689 et
834 2643 956 2702 post
1001 2633 1197 2688 multos
1245 2647 1416 2686 annos
1460 2629 1711 2700 discipuli
1751 2627 1842 2683 Io-

250 2727 480 2788 viniani,
527 2735 581 2779 et
627 2725 769 2779 illius
812 2723 1126 2778 calumniati
1167 2729 1312 2786 sunt,
1351 2729 1405 2776 et
1443 2720 1843 2775 calumniantur

248 2819 476 2885 me,sub
497 2816 1008 2874 alienistnominihus
1026 2814 1275 2884 proprias
1300 2813 1594 2867 sententias
1618 2823 1836 2881 ponere.

249 2911 410 2979 Quod
435 2924 533 2980 ego
557 2923 718 2963 causa
743 2905 1134 2960 benevolentiae
1162 2903 1325 2968 facio,
1350 2918 1417 2957 ne
1438 2902 1670 2972 aliquem
1692 2907 1842 2955 certo

248 3003 468 3058 nomine
494 3000 682 3054 videar
708 2999 967 3053 lacerare.
1003 2997 1136 3062 Quia
1167 2996 1330 3066 igitur
1355 2995 1659 3065 benignitas
1683 3007 1840 3048 versa

249 3103 340 3150 est
363 3095 415 3148 in
445 3094 793 3156 calumniam,
821 3107 963 3146 nunc
992 3091 1114 3144 dico
1141 3098 1194 3145 et
1221 3089 1316 3153 illi,
1343 3090 1433 3158 qui
1463 3097 1707 3143 mortuus
1734 3095 1838 3152 est,

249 3193 308 3240 et
337 3184 423 3238 isti
448 3184 540 3253 qui
569 3183 702 3236 vivit
733 3191 788 3236 et
818 3182 1049 3237 haeresin
1080 3182 1224 3236 illius
1259 3180 1563 3234 instaurare
1589 3186 1836 3244 conatur,

253 3277 573 3344 magistrum
613 3290 801 3330 eorum
828 3274 1116 3346 Origenem
1153 3275 1297 3328 hunc
1325 3273 1502 3329 locum
1541 3272 1745 3329 referre
1772 3273 1842 3328 ad

249 3364 546 3430 Christum,
565 3366 708 3435 quod
726 3367 792 3421 de
803 3381 962 3420 manu
987 3366 1082 3419 Dei
1104 3364 1279 3419 Patris
1300 3365 1471 3418 instar
1493 3364 1676 3419 annuli
1691 3364 1845 3418 avul-

250 3471 348 3511 sus
377 3456 749 3520 sit,etmissus
775 3457 828 3510 in
845 3465 1043 3511 terram
1059 3456 1409 3525 captivitatis,
1428 3455 1481 3509 in
1507 3455 1647 3510 valle
1668 3456 1845 3524 lacry-

250 3559 467 3600 marum
493 3547 747 3616 crucique
778 3546 1024 3609 traditus,
1053 3553 1279 3600 matrem
1304 3559 1516 3613 quoque
1540 3543 1672 3611 ejus,
1699 3544 1846 3597 haud

251 3637 475 3691 dubium
523 3636 653 3705 quin
695 3634 1054 3707 Synagogam,
1081 3645 1292 3705 captam
1320 3642 1481 3704 atque
1524 3635 1844 3704 projectam,

249 3735 312 3781 et
352 3741 459 3779 non
503 3726 862 3796 pertimescit,
912 3716 1014 3781 ista
1058 3740 1519 3789 commemorans,
1561 3726 1663 3779 hoc
1702 3723 1846 3793 quod

259 3816 537 3886 sequitur:
569 3836 587 3868 c
614 3815 806 3884 Terra,
825 3827 992 3883 terra,
1019 3827 1184 3883 terra,
1212 3819 1334 3872 audi
1358 3817 1583 3872 verbum
1605 3815 1842 3871 Domini.

257 3909 386 3964 Hzec
405 3910 534 3963 dicit
558 3910 816 3964 Dominus
842 3928 853 3963 :
881 3909 1073 3964 Scribe
1093 3909 1267 3962 virum
1290 3908 1453 3961 istum
1477 3908 1845 3961 abominatum

256 4000 388 4070 (sive
432 3999 713 4068 sterilem),
737 4019 753 4051 ι
786 4007 840 4053 et
880 3999 1091 4068 reliqua
1113 4039 1128 4064 ,
1160 3997 1462 4068 intelligere
1508 3997 1574 4051 de
1617 3996 1845 4052 Domino

257 4089 577 4159 majestatis.
643 4087 844 4144 Scribit
900 4096 1081 4141 autem
1109 4088 1212 4141 hoc
1234 4100 1300 4140 ne
1329 4085 1578 4156 discipuli
1607 4087 1724 4158 ejus
1750 4101 1845 4143 ne-

257 4199 392 4256 gare
418 4183 671 4247 audeant,
707 4183 759 4236 in
786 4181 975 4252 quinto
1002 4179 1338 4234 Stromatum
1369 4179 1528 4234 libro.

343 4271 643 4342 «Nunquid
671 4287 769 4325 vas
812 4269 976 4324 ﬁctile
1001 4277 1163 4338 atque
1188 4270 1479 4324 contritum
1515 4269 1600 4322 vir
1633 4269 1734 4322 iste
1758 4266 1846 4321 Ie-

265 4387 284 4419 c
337 4365 594 4419 chonias?
622 4363 873 4433 Nunquid
900 4378 995 4417 vas
1022 4362 1225 4431 absque
1251 4361 1396 4416 omni
1425 4361 1696 4430 voluptate
1720 4358 1846 4431 (sive

264 4477 284 4509 ι
337 4455 619 4526 utilitate)?
649 4454 827 4521 Quare
869 4452 1062 4522 abjecti
1092 4461 1218 4508 sunt
1247 4453 1362 4521 ipse
1397 4459 1451 4505 et
1478 4465 1660 4506 semen
1706 4447 1844 4518 ejus,

264 4568 283 4598 ι
332 4555 385 4600 et
411 4545 629 4615 projecti
659 4546 710 4599 in
739 4553 941 4599 terram
970 4560 1133 4613 quam
1156 4541 1574 4614 ignoraverunt?
1601 4559 1618 4590 ι
1650 4539 1755 4594 Pro
1781 4554 1847 4593 eo

258 4637 408 4708 quod
439 4652 537 4691 nos
565 4637 818 4699 diximus,
848 4654 866 4686 ι
896 4634 1136 4703 nunquid
1161 4649 1255 4687 vas
1276 4631 1438 4686 ﬁctile
1461 4639 1623 4699 atque
1650 4628 1848 4684 contri-

261 4741 405 4793 tum,
437 4748 453 4780 ι
488 4727 846 4798 Symmachus
874 4725 1172 4790 transtulit,
1205 4743 1224 4774 ‹
1255 4721 1495 4792 nunquid
1521 4735 1843 4792 purgamen-

263 4833 404 4886 tum,
427 4840 443 4872 ι
478 4821 658 4885 sive”
693 4820 997 4889 quisquilias
1036 4818 1169 4872 viles
1199 4825 1358 4884 atque
1383 4813 1675 4884 projectte?
1701 4832 1718 4864 ι
1745 4827 1844 4883 pro

261 4927 375 4981 quo
407 4912 457 4965 in
503 4909 854 4980 Septuaginta
899 4909 1030 4962 nihil
1077 4908 1323 4970 habetur,
1357 4907 1447 4962 sed
1497 4908 1600 4961 hoc
1639 4913 1843 4979 tantum

265 5001 604 5070 interpretati
640 5010 782 5064 sunt,
815 5020 830 5051 ι
859 5000 1208 5053 inhonoratus
1243 5006 1324 5052 est
1351 4995 1662 5062 Iechonias,
1692 4993 1845 5064 quasi

264 5108 364 5147 vas
391 5093 444 5146 in
472 5107 578 5161 quo
605 5091 750 5145 nulla
775 5099 860 5145 est
886 5090 1109 5144 utilitas.
1130 5109 1148 5140 ι
1184 5089 1248 5143 Et
1276 5104 1396 5143 cum
1425 5090 1540 5144 hoc-
1556 5088 1621 5142 de
1649 5085 1845 5141 Jecho—

264 5184 360 5238 nia
404 5183 612 5236 dicatur
657 5182 766 5236 tilio
811 5180 1038 5247 Ioacim,
1071 5180 1232 5235 audet
1267 5182 1534 5249 quispiam
1563 5180 1629 5233 ad
1662 5189 1847 5250 typum

267 5273 476 5328 referre
501 5272 719 5336 Christi,
748 5281 802 5328 et
823 5287 886 5326 ex
913 5287 978 5326 eo
1000 5272 1142 5341 quod
1162 5270 1449 5342 Apostolus
1471 5271 1634 5336 dicat,
1669 5269 1848 5323 Domi-

268 5381 400 5421 num
426 5363 759 5426 Salvatorem
781 5365 1066 5434 imaginem
1084 5378 1202 5417 esse
1218 5363 1312 5418 Dei
1329 5362 1613 5416 invisibilis
1628 5359 1762 5433 (Col.
1783 5358 1845 5431 ι),

267 5457 686 5529 primogenitum
732 5457 908 5511 omnis
951 5463 1248 5519 creaturae,
1293 5455 1348 5509 id
1382 5463 1464 5509 est
1504 5453 1841 5524 sapientiam,

267 5549 520 5614 verbum,
557 5548 862 5613 veritatem,
901 5555 1059 5616 atque
1099 5547 1264 5600 vitam
1313 5553 1367 5601 et
1405 5545 1691 5614 justitiam,
1723 5559 1846 5598 eum

270 5636 533 5707 appellari
565 5638 840 5702 annulum,
873 5637 963 5707 qui
1003 5634 1336 5707 projiciatur,
1361 5636 1445 5689 vel
1485 5635 1750 5689 avellatur
1781 5635 1846 5690 de

273 5747 437 5786 manu
489 5729 724 5792 Domini,
773 5737 828 5785 et
875 5731 987 5800 regi
1040 5731 1282 5784 tradatur
1336 5728 1844 5784 Nabuchodonosor.

271 5832 292 5866 ι
332 5815 538 5885 Abjecti
583 5830 721 5886 sunt,
755 5822 943 5892 inquit,
971 5822 1069 5891 ipsi
1107 5832 1160 5877 et
1199 5837 1380 5880 semen
1410 5837 1618 5890 eorum,
1649 5832 1704 5878 et
1727 5836 1850 5891 pro-

1871 4593 1924 4652 D

1940 1990 2125 2056 rilem;
2156 1990 2420 2053 secunda,
2455 1992 2750 2056 ἀναύξητον,
2798 1991 2849 2044 id
2882 2001 2965 2046 est
3009 2005 3114 2045 non
3140 2000 3531 2056 crescentem;

1943 2080 2300 2152 Symmachus
2328 2095 2593 2141 vacuum;
2625 2078 2976 2150 Septuaginta
2998 2090 3052 2134 et
3075 2080 3376 2134 Theodotio
3405 2081 3535 2134 abo-

1943 2172 2254 2228 minabilem
2285 2181 2339 2227 et
2370 2174 2678 2228 abdicatum
2707 2173 3044 2241 interpretati
3071 2178 3213 2226 sunt.
3265 2171 3334 2226 Et
3356 2173 3534 2226 oritur

1943 2263 2192 2335 quaestio,
2220 2263 2493 2331 quomodo
2537 2262 2710 2331 possit
2745 2271 2890 2315 stare
2936 2261 3236 2331 prophetia,
3267 2261 3331 2314 de
3361 2261 3532 2330 stirpe

1941 2355 2058 2425 ejus
2082 2353 2290 2407 nullum
2319 2367 2440 2407 esse
2475 2353 2811 2423 generatum,
2842 2352 2932 2421 qui
2965 2351 3166 2405 sederit
3191 2365 3355 2420 super
3382 2351 3533 2404 thro-

1943 2465 2072 2504 num
2112 2451 2299 2514 David,
2326 2465 2427 2508 nec
2463 2450 2732 2520 princeps,
2771 2448 2863 2517 qui
2904 2447 3070 2503 fuerit
3097 2447 3239 2500 ultra
3273 2447 3329 2500 in
3353 2445 3527 2511 Iuda;

1943 2555 2066 2596 cum
2111 2540 2370 2595 Dominus
2395 2549 2556 2609 atque
2593 2538 2844 2594 Salvator
2869 2539 2936 2594 de
2970 2538 3129 2608 hujus
3154 2545 3315 2593 natus
3348 2538 3418 2592 sit
3447 2536 3532 2591 se;

1944 2632 2107 2696 mine,
2141 2646 2303 2701 super
2330 2630 2482 2699 cuius
2505 2639 2628 2688 ortu
2649 2631 2888 2701 loquitur
2917 2630 3135 2685 Gabriel
3165 2630 3233 2683 ad
3266 2629 3488 2683 Mariam
3515 2645 3526 2680 :

1950 2714 1968 2774 ἀ
2003 2723 2143 2778 Ecce
2165 2723 2440 2792 concipies
2465 2722 2518 2776 in
2546 2730 2700 2776 utero
2725 2731 2779 2777 et
2806 2721 2986 2792 paries
3016 2720 3206 2786 ﬁlium,
3231 2729 3291 2774 et
3313 2719 3534 2775 vocabis

1944 2828 2143 2868 nomen
2185 2811 2302 2880 ejus
2335 2811 2538 2868 Iesum.
2571 2813 2688 2882 Ipse
2725 2812 2830 2867 erit
2860 2827 3086 2880 magnus
3122 2820 3176 2865 et
3206 2810 3348 2865 ﬁlius
3374 2809 3537 2865 Altis-

1944 2905 2066 2960 simi
2088 2904 2388 2959 vocabitur.
2415 2904 2481 2957 Et
2507 2904 2656 2958 dabit
2685 2903 2735 2958 ei
2759 2902 3018 2958 Dominus
3045 2902 3188 2958 Deus
3216 2883 3398 2958 sedem
3428 2900 3536 2955 Da-

1942 2998 2032 3052 vid
2075 2998 2244 3068 patris
2290 2997 2395 3063 sui,
2422 3007 2477 3052 et
2520 2995 2770 3067 regnabit
2815 3011 2976 3066 super
3018 2996 3237 3050 domum
3284 2994 3452 3051 Iacob
3478 2995 3534 3049 in

1943 3089 2205 3140 aeternum
2231 3126 2244 3146 ,
2287 3091 2342 3140 et
2386 3085 2539 3156 regni
2579 3083 2696 3153 ejus
2739 3100 2845 3140 non
2894 3085 2999 3139 erit
3043 3083 3165 3151 ﬁnis
3223 3084 3373 3154 (Luc.
3409 3083 3469 3155 l).
3513 3102 3531 3134 ι

1945 3179 2237 3234 Possumus
2260 3192 2395 3249 ergo
2424 3179 2527 3233 hoc
2551 3178 2752 3244 dicere,
2777 3177 3036 3248 quoniam
3063 3176 3190 3231 illud
3216 3177 3360 3245 quod
3379 3175 3536 3230 deest

1950 3272 2005 3326 in
2028 3265 2376 3341 Septuaginta
2397 3269 2676 3335 videlicet;
2707 3288 2726 3320 ‹
2754 3270 2806 3323 in
2831 3269 3017 3324 diebus
3043 3268 3160 3337 ejus
3180 3282 3284 3322 non
3306 3280 3532 3338 prospe-

1947 3362 2175 3428 rabitur,
2200 3381 2219 3412 ι
2254 3362 2368 3416 sive
2395 3381 2412 3412 ι
2452 3376 2559 3416 non
2609 3369 2839 3425 crescet,
2866 3380 2882 3412 ι
2917 3361 3292 3430 ignorantibus
3344 3357 3541 3414 fecerit

1947 3453 2320 3524 quaestionem.
2346 3452 2697 3524 Septuaginta
2712 3453 2858 3507 enim
2871 3453 3264 3507 transtulerunt
3281 3468 3325 3504 :c
3345 3449 3539 3506 Scribe

1946 3545 2126 3598 virum
2154 3543 2317 3598 istum
2348 3543 2658 3598 abdicatum
2689 3542 2996 3607 hominem,
3025 3542 3150 3610 quia
3182 3556 3287 3596 non
3330 3549 3541 3595 crescet

1949 3636 2016 3689 de
2043 3635 2247 3689 semine
2281 3635 2398 3705 ejus
2424 3635 2509 3688 vir
2534 3634 2626 3703 qui
2655 3633 2840 3688 sedeat
2873 3647 3036 3703 super
3063 3633 3320 3686 thronum
3346 3630 3537 3696 David,

1948 3729 2200 3798 princeps
2229 3728 2373 3782 ultra
2398 3728 2451 3782 in
2481 3725 2643 3792 Iuda,
2667 3745 2685 3778 ι
2716 3726 2858 3795 quod
2891 3726 2945 3780 in
2985 3725 3252 3780 Hebraico
3281 3725 3366 3779 bis
3388 3726 3536 3795 posi-

1951 3827 2062 3872 tum
2092 3826 2193 3873 est.
2227 3817 2381 3884 Quod
2406 3825 2676 3886 putantes,
2694 3816 2786 3887 qui
2813 3817 2880 3870 ab
2909 3816 3063 3870 initio
3095 3815 3452 3885 scripserunt,
3483 3815 3540 3869 in

1949 3895 2150 3964 Griecis
2190 3908 2344 3964 libris
2380 3909 2623 3964 additum
2658 3909 3060 3963 subtraxerunt.
3097 3907 3544 3978 Respondeamus

1948 3999 2114 4070 igitur
2141 4000 2283 4068 quod
2331 4000 2617 4066 indiebus
2658 3992 2932 4054 Iechoniae
2973 4015 3080 4054 non
3121 4000 3447 4055 successerit
3490 4001 3541 4055 ei

1948 4091 2032 4146 vir
2059 4091 2150 4160 qui
2181 4090 2386 4145 sederit
2427 4106 2589 4161 super
2632 4091 2889 4144 thronum
2921 4089 3059 4159 ejus,
3088 4091 3182 4147 sed
3219 4091 3389 4145 multo
3421 4097 3544 4161 post

1949 4191 2190 4251 tempore
2219 4181 2286 4236 de
2325 4181 2532 4237 semine
2574 4181 2691 4252 ejus
2731 4189 2892 4236 natus
2928 4180 3033 4246 sit,
3065 4182 3156 4252 qui
3196 4181 3389 4237 solium
3424 4179 3543 4249 ejus

1948 4271 2260 4326 obtinuerit.
2307 4272 2492 4327 Potest
2518 4280 2573 4327 et
2600 4272 2679 4326 sic
2711 4271 2842 4325 solvi
2874 4289 2885 4324 :
2925 4286 3030 4325 non
3070 4271 3278 4326 sedebit
3319 4271 3541 4341 quidem

1950 4379 2111 4433 super
2137 4365 2394 4418 thronum
2422 4364 2588 4418 David
2609 4365 2693 4418 vir
2719 4373 2774 4418 et
2795 4362 2976 4429 homo,
2995 4365 3090 4419 sed
3109 4364 3337 4419 sedebit
3357 4364 3532 4420 Deus:

1949 4469 2282 4524 regnumque
2306 4452 2423 4521 ejus
2450 4470 2556 4508 non
2587 4454 2691 4509 erit
2717 4462 2992 4508 terrenum
3029 4463 3085 4508 et
3123 4440 3310 4521 breve,
3342 4463 3402 4510 ut
3439 4453 3542 4511 fuit

1955 4544 2146 4608 David,
2175 4544 2269 4599 sed
2313 4553 2629 4614 perpetuum
2672 4541 2832 4614 atque
2874 4545 3113 4611 caeleste,
3147 4530 3362 4600 dicente
3394 4545 3542 4600 Scri-

1948 4644 2105 4705 ptura
2132 4653 2144 4688 :
2174 4655 2192 4687 ι
2227 4635 2492 4705 Regnabit
2520 4648 2682 4705 super
2717 4636 2933 4690 domum
2960 4635 3128 4690 Iacob
3155 4637 3208 4690 in
3248 4645 3535 4702 aeternum,

1945 4725 2178 4796 et_regni
2208 4724 2324 4792 ejus
2353 4740 2458 4779 non
2492 4726 2597 4780 erit
2638 4724 2779 4780 ﬁnis.
2803 4745 2820 4777 ι
2857 4724 3028 4781 Natus
3049 4735 3132 4781 est
3159 4741 3288 4798 ergo
3315 4727 3381 4781 de
3407 4725 3540 4781 Ioa-

1946 4815 2051 4870 cim
2097 4813 2403 4880 Iechonias,
2433 4815 2500 4870 de
2545 4813 2803 4870 Iechonia
2849 4814 3131 4880 Salathiel,
3166 4816 3234 4868 de
3275 4815 3539 4870 Salathiel

1947 4908 2264 4970 Zorobabel,
2288 4917 2344 4963 et
2372 4923 2469 4978 per
2500 4908 2743 4964 ordinem
2769 4907 2984 4964 venitur
3007 4908 3075 4962 ad
3099 4907 3396 4961 Christum.
3431 4907 3540 4962 Sed

1951 5004 2007 5056 in
2049 5003 2236 5057 diebus
2283 5000 2489 5056 Joacim
2536 5015 2642 5053 non
2690 5001 3029 5055 suceessitei
3074 5016 3174 5054 rex
3207 4999 3371 5064 ﬁlius,
3399 5014 3538 5068 quo-

1948 5093 2107 5148 modo
2135 5093 2276 5162 patri
2301 5093 2416 5161 ipse
2447 5099 2801 5155 successerat,
2831 5091 2924 5145 sed
2955 5090 3056 5146 fuit
3101 5091 3154 5144 in
3200 5090 3534 5160 captivitate,

1947 5191 2001 5238 et
2028 5182 2287 5237 Salathiel
2319 5191 2372 5237 et
2395 5180 2689 5236 Zorobabel
2731 5188 2785 5234 et
2813 5195 2985 5249 usque
3009 5180 3077 5234 ad
3107 5178 3383 5233 Christum
3416 5177 3538 5231 nul-

1947 5276 2030 5330 lus
2056 5276 2258 5346 regiam
2303 5275 2534 5330 obtinuit
2561 5281 2901 5344 potestatem.
2935 5273 3048 5329 Hoc
3077 5281 3258 5327 autem
3304 5273 3531 5337 idcirco,

1947 5369 2072 5436 quia
2103 5368 2158 5420 in
2187 5365 2453 5421 Hebraico
2478 5366 2738 5434 scriptum
2761 5373 2842 5420 est
2871 5383 2883 5418 :
2915 5384 2932 5416 ι
2963 5364 3020 5418 In
3046 5364 3236 5418 diebus
3255 5359 3374 5429 ejus
3400 5370 3454 5416 et
3478 5361 3537 5416 in

1950 5467 2190 5528 tempore
2221 5459 2358 5528 ipso,
2387 5477 2403 5507 ι
2436 5473 2543 5527 quo
2572 5457 2661 5510 ille
2704 5456 2836 5520 fuit,
2865 5475 2883 5507 ι
2915 5470 3022 5509 non
3049 5453 3155 5508 erit
3178 5453 3264 5508 vir
3302 5453 3395 5522 qui
3445 5467 3532 5507 se-

1950 5549 2075 5603 deat
2120 5563 2282 5617 super
2315 5547 2510 5604 solium
2551 5547 2737 5600 David.
2765 5565 2782 5596 »
2817 5543 3016 5600 Omnes
3059 5543 3205 5597 enim
3237 5541 3391 5599 {uere
3438 5557 3529 5596 ca-

1948 5637 2101 5706 ptivi,
2127 5645 2183 5691 et
2219 5635 2287 5690 de
2323 5637 2491 5705 stirpe
2534 5635 2703 5688 David
2752 5633 2928 5688 nullus
2976 5633 3230 5702 deinceps
3274 5633 3330 5685 in
3382 5641 3532 5686 terra

1950 5728 2128 5784 Iudaea
2175 5728 2346 5782 tenuit
2373 5727 2750 5797 principatum.
2784 5725 2936 5782 Unde
2973 5735 3027 5782 et
3058 5727 3324 5795 Iosephus
3361 5723 3533 5779 refert

1951 5823 2018 5879 de
2042 5820 2360 5880 sacerdotali
2403 5819 2597 5890 genere
2626 5833 2690 5874 ac
2719 5819 2859 5874 tribu
2888 5819 3014 5875 Levi
3049 5817 3216 5874 fuisse
3238 5815 3531 5885 principes,
