3926 6362
415 377 521 433 979

1063 374 1124 428 Β.
1167 373 1422 429 RABANI
1461 369 1680 459 MAIJBI
1718 365 2038 424 ARCHIEP.
2080 354 2393 422 MOGUN'I'.
2435 361 2721 426 OPERUM
2757 361 2938 420 PARS
2973 359 3061 419 III.

416 489 612 560 quibus
633 487 953 545 successerit
978 485 1218 542 Herodes
1241 484 1506 556 Antipatri
1536 460 1811 555 proselyti.
1827 480 1988 546 ﬁlius,
2008 463 2072 540 Ἀ
2097 477 2247 532 dum.
2280 475 2435 532 Aliud
2481 475 2624 531 enim
2654 476 2949 546 capitulum
2993 473 3270 546 sequitur,
3308 467 3454 544 quod
3498 471 3569 526 ab
3600 471 3683 530 eis

415 588 472 636 et
489 589 674 652 postea
696 582 796 637 sub
822 578 1172 650 Vespasiano,
1199 591 1422 648 regnum
1446 575 1609 664 hujus
1629 572 1864 645 generis,
1885 569 1998 629 imo

415 671 707 743 imaginem
736 671 968 752 imperii,
1000 669 1213 740 penitus
1243 665 1410 722 fuisse
1433 666 1687 722 deletum.

978 798 1206 881 quur
1244 798 1430 881 xxiii.

414 890 776 974 οοηιηιίηιξηεν
798 873 1055 974 Homini!
1073 873 1366 974 ρφεεοεὲριὶξ
1388 873 1740 974 intra”???
1758 900 1998 974 Mer-5

486 964 551 1018 de
578 955 846 1018 nativitaté
872 955 919 1016 et
947 955 1189 1032 putatam;
1229 955 1452 1024 Christi;
1476 955 1546 1012 'de
1586 955 1736 1028 falsis
1759 955 2001 1030 ’pr'ophe;

486 1035 575 1088 tia.

490 1145 510 1177 ‹
546 1126 640 1182 Va:
666 1125 973 1196 pastoribus
999 1123 1089 1193 qui
1110 1123 1424 1194 dispergunt
1443 1129 1500 1177 et
1518 1121 1768 1178 lacerant
1782 1133 1998 1191 gregem

423 1233 442 1266 ι
487 1206 702 1285 pascuae
726 1223 882 1269 meai.
894 1212 1023 1285 (sive
1042 1227 1075 1268 0
1095 1204 1344 1283 pastores
1368 1211 1458 1280 qui
1483 1209 1793 1284 disperditis
1807 1218 1873 1264 .et
1893 1210 2003 1265 dis-

421 1290 440 1356 i
484 1303 676 1375 sipatis
704 1319 830 1363 aves
855 1319 1068 1376 pascuae
1087 1295 1407 1371 niem),dicit
1436 1302 1713 1356 Dominus.
1734 1300 1858 1356 Ideo
1885 1302 1999 1357 hare

417 1411 437 1449 ε
483 1397 616 1452 dicit
646 1396 906 1452 Dominus
927 1397 1068 1451 Deus
1093 1395 1258 1452 Israel
1284 1395 1351 1450 ad
1373 1402 1622 1463 pastores
1652 1393 1742 1462 qui
1771 1400 2002 1464 pascunt

417 1506 435 1540 ε
479 1488 734 1557 populum
775 1499 999 1547 meum:
1025 1487 1134 1542 Vos
1161 1485 1492 1554 dispersistis
1528 1485 1744 1556 gregem
1794 1498 1993 1550 meum,

415 1597 433 1629 ι
479 1577 719 1646 ejecistis
760 1592 854 1632 eos
892 1585 948 1632 et
995 1592 1101 1630 non
1149 1576 1434 1640 visitastis,
1465 1590 1593 1631 ecce
1635 1588 1736 1645 ego
1767 1569 1998 1630 visitabo

415 1689 432 1721 ι
474 1685 637 1739 super
662 1684 758 1724 vos
781 1667 1043 1723 malitiam
1074 1666 1378 1746 studiorum
1422 1675 1748 1732 vestrorum,
1781 1667 1856 1721 ait
1893 1667 1998 1722 Do-

415 1779 431 1809 ι
475 1759 672 1817 minus.
702 1758 771 1813 Et
797 1773 898 1830 ego
923 1743 1264 1830 congregabo
1288 1757 1545 1826 reliquias
1583 1756 1762 1827 gregis
1785 1756 1889 1811 mei
1929 1757 1995 1810 de

413 1867 432 1900 ι
477 1848 730 1906 omnibus
755 1850 936 1932 terris,
957 1836 1180 1919 ad‘quas
1205 1847 1472 1917 ejeceram
1502 1839 1769 1910 eos'illuc,
1792 1856 1847 1902 et
1865 1862 1996 1902 con-
2025 1831 2072 1891 Β

413 1964 432 1996 α
476 1950 685 2006 vertam
731 1957 825 2010 eos
853 1943 920 1996 ad
959 1958 1084 2004 rura
1135 1957 1231 1996 sua
1265 1941 1393 2012 (sive
1440 1936 1721 2004 restituam
1764 1939 1884 1993 illos
1928 1941 1994 1994 ad

414 2028 676 2104 (pascua
704 2034 920 2106 sua),et
963 2042 1214 2088 crescent
1256 2044 1312 2087 et
1356 2033 1898 2103 multiplicabuntur:
1931 2032 1995 2086 Et

412 2145 432 2178 ‹
477 2125 755 2195 suscitabo
780 2115 946 2196 super
967 2139 1062 2180 eos
1091 2134 1356 2195 pastores,
1385 2132 1440 2180 et
1477 2134 1702 2194 pascent
1726 2140 1838 2179 eos.
1878 2124 1995 2179 Non

411 2236 431 2269 ‹
475 2217 841 2288 formidabant
869 2215 1033 2282 ultra,
1050 2223 1106 2271 et
1130 2231 1237 2272 non
1261 2217 1551 2285 pavehuut,
1568 2227 1623 2271 et
1651 2203 1827 2271 nullus
1848 2231 1992 2286 qua:-

412 2329 431 2361 ι
475 2300 627 2366 retur
670 2324 737 2364 ex
782 2295 1032 2375 nu'mero,
1063 2309 1196 2364 dicit
1237 2302 1516 2364 Dominus.
1549 2328 1567 2360 ι
1602 2307 1870 2380 (Hieron)
1915 2308 1996 2373 Ad

407 2411 677 2483 pastores,
710 2403 825 2458 sive
860 2403 926 2457 de
952 2402 1282 2472 pastoribus,
1309 2379 1660 2472 propheticus
1685 2416 1864 2455 sermo
1889 2410 1993 2469 est,
2028 2379 2039 2390 λ

2101 569 2524 640 praetermissum
2569 575 2672 624 est.
2723 567 2840 636 Quo
2888 567 3072 633 ﬁnito,
3126 565 3314 621 titulus
3341 562 3536 622 est“
3563 579 3685 634 ρη-

2105 663 2302 736 plietas,
2345 662 2457 718 sive
2509 659 2708 716 Contra
2750 647 3060 736 prophetas;
3078 658 3146 714 de
3174 672 3283 730 quo
3324 658 3381 714 in
3410 645 3684 714 suo'dics-

2101 771 2222 813 mus
2248 756 2402 812 loco..
2421 757 2658 825 Abjectis
2702 771 2832 827 ergo
2859 755 3168 827 pastoribus
3201 751 3524 825 Synagogae,
3553 751 3687 809 scri-

2100 847 2184 902 bis
2233 847 2481 914 videlicet
2522 855 2577 903 et
2616 846 3018 923 Pbarisaeis,‘et
3065 844 3286 900 salvatis
3333 843 3576 913 reliquiis
3617 857 3686 898 ex

2099 935 2282 1002 Israel,
2309 926 2673 1007 apostolisque
2691 935 2962 1008 Evangelii
2985 937 3035 991 in
3059 936 3235 992 locum
3265 934 3511 1003 priorum
3529 934 3686 1004 prin-

2100 1029 2279 1100 cipum
2339 1029 2690 1094 constitutis,
2738 1027 3010 1084 inducitur
3062 1038 3252 1102 pastor
3301 1034 3607 1095 pastorum,
3630 1034 3686 1080 et

2099 1121 2350 1190 princeps
2384 1119 2789 1190 principum,‘et
2831 1135 2927 1173 rex
2973 1132 3180 1189 regum,
3212 1125 3267 1172 et
3298 1117 3562 1172 Dominus
3585 1115 3686 1171 do-

2101 1210 2456 1275 minantium;
2491 1206 2742 1262 Christus
2769 1205 3023 1261 videlicet
3060 1205 3311 1260 Salvator
3350 1213 3558 1268 noster,
3589 1204 3685 1274 qui

2099 1289 2319 1373 proprie
2365 1310 2449 1356 est
2496 1290 2715 1371 germen
2748 1297 2972 1368 justum,
3001 1297 3122 1353 sive
3163 1297 3347 1352 oriens
3371 1297 3592 1366 justus,
3619 1294 3689 1348 de

2100 1408 2207 1463 quo
2237 1383 2464 1464 legimus
2489 1410 2500 1445 :
2530 1411 2547 1444 ι
2577 1391 2796 1447 Orietur
2820 1390 2872 1444 in
2903 1389 3091 1445 diebus
3120 1386 3238 1456 ejus
3266 1386 3482 1457 justitia
3511 1383 3682 1454 (Paul.

2100 1482 2272 1555 ωιιι).
2297 1502 2346 1543 θ,
2372 1471 2442 1537 Et
2467 1482 2521 1536 in
2563 1481 2670 1535 alio
2721 1478 2840 1550 loco
2867 1497 2879 1533 :
2909 1499 2928 1531 ‹
2958 1478 3096 1534 Ecce
3131 1478 3215 1531 vir
3260 1474 3459 1530 oriens‘
3488 1486 3687 1539 nomen

2099 1573 2238 1644 ejus,
2269 1585 2324 1639 et
2351 1574 2538 1629 subter
2573 1587 2698 1627 eum
2737 1572 2968 1633 orietur,
3001 1578 3056 1625 et
3093 1566 3382 1623 aediﬁcahit
3431 1565 3699 1636 templum.

2101 1667 2328 1722 Domino
2356 1664 2542 1736 (Zach.
2573 1664 2713 1738 ‘11),»
2745 1672 2806 1718 ιιι
2833 1662 3102 1733 quomodo
3148 1659 3203 1715 in
3246 1659 3387 1735 Isaia
3422 1678 3442 1710 ε
3465 1655 3684 1722 5mm.-

2100 1758 2224 1814 nuel
2256 1757 2390 1829 (Isa.
2423 1756 2520 1828 vn)
2550 1775 2568 1809 ι
2589 1754 2933 1826 appellatur,
2965 1753 3066 1808 hoc
3108 1750 3191 1808 est
3217 1753 3490 1806 nobiscum
3523 1750 3685 1820 Dm,

2100 1851 2179 1906 sic
2207 1850 2260 1905 in
2288 1848 2520 1904 Ieremia
2552 1862 2746 1901 nomen
2781 1830 3032 1914 accipiat,
3069 1843 3274 1912 iustitia
3299 1850 3500 1897 nostra.
3535 1842 3686 1899 Unde

2098 1949 2153 1997 et
2172 1939 2460 2010 Apostolus
2484 1936 2754 2007 loquitur:
2778 1956 2796 1987 ι
2817 1935 2917 2002 Qui
2945 1933 3124 2006 factus
3135 1942 3219 1989 est
3239 1932 3510 2004 sapientia
3534 1934 3684 1990 nobis

2099 2049 2130 2088 a
2180 2033 2329 2099 Deo,
2363 2039 2419 2087 et
2456 2030 2701 2101 justitia,
2745 2038 2801 2083 et
2838 2012 3243 2092 sanetilicatio,
3288 2035 3342 2082 et
3388 2027 3686 2098 redemptio

2100 2123 2151 2195 (I
2180 2121 2304 2178 εστ.
2329 2122 2393 2192 ι).
2416 2141 2434 2171 ›
2463 2120 2561 2187 Cui
2588 2121 2894 2176 contrarius
2919 2119 3308 2184 Antichristus,
3331 2128 3388 2173 et
3415 2118 3688 2176 habitator

2099 2217 2214 2284 ejus
2264 2201 2532 2279 diabolus,
2567 2202 2622 2268 in
2669 2200 2935 2268 Zacharia
2967 2232 2985 2263 ι
3017 2211 3211 2268 stultus
3261 2220 3470 2281 pastor,
3499 2232 3516 2262 ν
3553 2212 3684 2266 dici-

2101 2317 2228 2360 tur:
2262 2323 2280 2357 ι
2320 2305 2388 2359 Et
2419 2304 2628 2369 'faciet,
2669 2304 2874 2374 inquit,
2903 2291 3177 2372 judicium
3225 2313 3280 2358 et
3313 2301 3586 2370 justitiam
3633 2303 3684 2356 in

2099 2404 2266 2451 terra.
2290 2416 2308 2448 ›
2334 2395 2450 2450 Νοη
2475 2395 2618 2451 enim
2639 2395 2804 2450 Pater
2826 2395 3030 2450 indicat
3047 2407 3395 2465 quemquam,
3411 2391 3508 2447 sed
3528 2405 3686 2461 omne

404 2500 462 2547 et
489 2482 615 2562 quia
641 2492 709 2547 de
736 2491 994 2580 decbonla
1024 2484 1323 2562 penultimo
1365 2507 1494 2564 rege
1532 2482 1749 2556 Iudaea},
1778 2491 1869 2561 qui
1900 2491 2000 2544 fuit
2093 2488 2357 2578 judicium
2380 2489 2524 2544 dedit
2544 2486 2681 2542 F-ilio
2703 2486 2884 2580 (Joan.
2910 2487 2984 2558 ν).
3009 2487 3064 2545 In
3095 2487 3284 2559 diebus
3330 2485 3459 2549 illis,
3488 2494 3544 2539 et
3572 2485 3686 2540 duae

405 2587 475 2640 de
519 2584 691 2667 stirpe
733 2571 922 2666 David,
951 2583 1182 2673 legimus
1220 2583 1484 2652 scriptum
1514 2601 1525 2636 :
1550 2603 1573 2664 ,ς
1602 2583 1795 2646 Terra,
1828 2590 1995 2646 terra,

406 2682 578 2740 terra,
610 2675 734 2729 audi
776 2689 1055 2753 sermones
1097 2674 1331 2730 Domini.
1385 2673 1575 2729 Scribe
1611 2674 1787 2728 virum
1835 2674 1997 2729 istum

408 2768 717 2823 abdicatum
746 2765 872 2839 (sive
889 2766 1173 2839 sterilem),
1196 2766 1252 2820 et
1273 2783 1378 2822 non
1408 2764 1513 2820 erit
1535 2767 1599 2821 de
1624 2767 1833 2820 semine
1857 2763 1996 2833 ejus,

406 2845 718 2928 qui'sedeat
745 2847 918 2934 super
946 2857 1138 2911 solium
1171 2857 1372 2922 David;
1402 2875 1421 2908 ι
1450 2857 1738 2926 omnisque
1766 2871 1895 2926 spes
1916 2872 1999 2911 re-
2044 2909 2048 2913 .

405 2949 495 3020 gni
544 2948 752 3004 Judaici
795 2947 971 3004 fuerat
1014 2939 1287 3018 amputata
1312 2987 1327 3014 ,
1367 2935 1568 3004 transit
1610 2949 1677 3003 ad
1728 2949 1999 3019 principes

405 3028 683 3104 Ecclesiae,
711 3046 766 3094 et
799 3033 1081 3110 Synagoga
1109 3052 1231 3093 cum
1262 3040 1376 3094 suis
1407 3041 1713 3109 pastoribus
1740 3029 1997 3096 derelicta

407 3140 568 3200 atque
613 3132 888 3196 damnata,
918 3133 986 3186 ad
1037 3133 1307 3204 apostolos
1354 3149 1535 3189 sermo
1583 3134 1661 3199 ﬁt,
1693 3134 1760 3188 de
1803 3135 1996 3204 quibus

407 3225 643 3280 dicitur:
673 3243 692 3276 ‹
718 3225 784 3279 Et
806 3214 1079 3280 sriScitabo
1107 3239 1268 3296 super
1295 3209 1390 3281 eos
1419 3233 1754 3295 pastores,'et
1776 3237 2002 3296 pascent

407 3332 526 3372 eos.
571 3315 688 3396 Non
735 3317 1104 3371 formidabant
1149 3317 1324 3379 ultra,
1360 3327 1415 3372 et
1465 3300 1570 3373 non
1615 3302 1915 3388 pavebant,
1945 3329 2001 3374 et

408 3405 589 3461 nullus
616 3416 891 3476 quaeretur
924 3422 988 3462 ex
1034 3421 1283 3472 numero,
1320 3406 1453 3463 dicit
1495 3409 1753 3464 Dominus
1781 3395 2002 3481 (Ezech.

409 3487 514 3566 tn).
541 3517 559 3551 ι
592 3497 836 3568 Apostoli
869 3484 1033 3554 enim
1057 3498 1423 3566 conﬁdenter,
1454 3513 1509 3556 et
1551 3484 1757 3572 alisque
1791 3503 1898 3557 ullo
1929 3486 2000 3557 ti;

411 3599 566 3640 more
591 3596 813 3655 pascent
836 3587 1262 3644 ecclesiasticum
1285 3573 1526 3660 gregem,
1553 3575 1609 3646 et
1640 3592 1880 3660 reliquiae
1907 3608 2002 3662 po-

410 3676 518 3745 puli
547 3665 712 3732 Israel
732 3677 1087 3732 salvabuutur
1114 3681 1179 3734 de
1200 3682 1451 3736 omnibus
1478 3663 1662 3747 terris,
1687 3690 1741 3737 et
1760 3664 1999 3738 conver-

410 3775 594 3822 tentur
633 3769 700 3823 ad
745 3758 896 3834 rura,
921 3769 1036 3824 sive
1065 3757 1132 3825 ad
1179 3757 1396 3842 pascua.
1420 3788 1536 3839 sua,
1563 3781 1618 3848 et
1655 3759 1920 3840 crescent,
1949 3783 2004 3828 et

436 3851 936 3928 uultiplicabuntur.
948 3852 1128 3930 Super
1140 3849 1310 3916 malos
1323 3872 1502 3918 autem
1515 3872 1782 3934 pastores,
1797 3865 2003 3919 scribas

412 3957 470 4004 et
489 3949 600 4004 Pba
610 3950 812 4015 risaeos,
831 3939 1071 4005 visitabit
1085 3952 1360 4014 Dominus,
1379 3961 1599 4023 propter
1620 3937 1880 4008 malitiam
1899 3936 2007 4009 stu—

414 4035 626 4091 diomm
657 4037 919 4108 ipsorum.
952 4031 1252 4094 Possumus-
1274 4028 1450 4098 autem
1479 4041 1581 4096 hoc
1616 4039 1792 4118 juxta.
1821 4031 2006 4113 tropo-

416 4127 641 4199 logiam,
680 4139 735 4183 et
765 4129 832 4184 de
874 4130 1130 4186 Ecclesiae
1174 4132 1507 4201 principibus
1558 4133 1879 4202 intelligere,
1913 4133 2006 4202 qui

419 4225 604 4274 tamen
630 4215 736 4274 non
770 4222 931 4293 digne
961 4230 1155 4291 regunt
1183 4237 1312 4277 oves
1341 4209 1573 4286 Domini,
1599 4225 1740 4294 quod
1774 4220 1878 4279 illis
1907 4226 2007 4280 ab-

415 4305 580 4383 jecti-s
613 4302 775 4380 atque
803 4301 1074 4368 damnatis
1099 4303 1338 4369 salvetur
1358 4315 1608 4384 populus,
1639 4317 1865 4387 aliisque
1893 4325 2008 4372 tra-

425 4405 606 4470 datur,
629 4404 723 4475 qui
753 4406 900 4476 digni
932 4407 1274 4472 exstiterunt,
1303 4416 1359 4462 et
1401 4408 1641 4478 reliquiae
1661 4410 1825 4467 salvae
1853 4410 2004 4465 fiant.

2027 3182 2075 3243 C

2101 2569 2370 2637 et'decem
2410 2580 2585 2635 tribus
2620 2571 2780 2642 Iuda,
2809 2586 2864 2632 et
2891 2576 3057 2637 Israel
3083 2578 3290 2647 pariter
3314 2576 3684 2642 salvabuntur,

2101 2686 2157 2730 et
2182 2659 2247 2729 de
2277 2674 2484 2729 duabus
2507 2673 2677 2743 virgis
2702 2673 2854 2742 juxta
2883 2660 3247 2732 Eaecliielem,
3277 2684 3385 2723 una
3414 2667 3571 2739 virga
3600 2667 3690 2722 ﬁet

2103 2765 2319 2838 (Ezech.
2344 2749 2573 2837 xxivn).
2601 2763 2918 2832 Nomenque
2939 2763 3136 2833 ejus,si
3155 2763 3307 2832 juxta
3331 2745 3686 2832 Septuaginta

2101 2861 2378 2916 vocaverit
2396 2874 2518 2914 eum
2543 2859 2833 2922 Dominus,
2853 2843 3211 2928 appellabitur
3239 2846 3519 2920 Iosedech,
3536 2855 3588 2909 id
3606 2861 3686 2908 est

2104 2950 2364 3009 Dominus
2383 2953 2561 3023 juxta:
2579 2969 2599 3017 ;
2629 2951 2676 3006 si
2703 2932 2996 3018 secundum
3041 2947 3386 3010 Hebraicum,
3421 2947 3513 3016 qui
3541 2947 3689 3001 dixe-

2105 3052 2230 3097 runt
2251 3040 2272 3093 ‹’
2299 3022 2494 3098 nomen
2510 3033 2628 3109 ejus
2647 3025 2952 3103 vocabitur,
2975 3059 2994 3090 ι
3015 3024 3250 3099 dicetur,
3264 3026 3690 3119 Doruiiingjusti-

2104 3126 2178 3188 tia
2207 3142 2407 3188 nostra.
2436 3131 2550 3186 Hoc
2577 3133 2721 3186 enim
2753 3128 3020 3201 signiﬁcat
3057 3135 3243 3208 u’p'nt
3265 3136 3385 3186 an»
3407 3165 3422 3192 ,
3453 3143 3548 3198 pro
3584 3143 3689 3198 quo

2107 3219 2466 3295 Symmachus
2492 3222 2682 3286 vertit,-
2705 3239 2724 3272 ‹
2753 3220 2999 3284 Domine,
3023 3216 3262 3286 justifica
3294 3232 3414 3273 nos.
3437 3237 3455 3268 ι
3515 3285 3518 3289 Δ

2130 3304 2153 3328 ’·
2179 3335 2196 3366 ι
2228 3314 2460 3383 Propter
2483 3315 2588 3368 hoc
2622 3326 2751 3368 ecce
2798 3301 2912 3366 dies
2960 3310 3201 3373 veniunt,
3229 3307 3361 3364 dicit
3410 3309 3686 3366 Dominus.

2103 3409 2170 3464 Et
2234 3392 2343 3463 non
2384 3408 2564 3462 dicent
2603 3405 2802 3460 ultra:
2845 3401 3016 3458 Vivit.
3041 3401 3330 3465 Dominus,
3369 3402 3462 3472 qui
3507 3389 3690 3457 eduxit

2104 3500 2242 3554 ﬁlios
2280 3493 2447 3575 Israel
2477 3499 2544 3553 de
2593 3485 2733 3552 térra
2783 3495 3022 3568 Egipti,
3062 3497 3198 3552 sed:
3227 3495 3688 3574 Vivit'Dominus,

2055 3665 2058 3668 .
2104 3593 2194 3662 qui
2229 3592 2419 3647 eduxit
2445 3600 2501 3645 et
2535 3589 2759 3645 adduxit
2806 3605 2990 3644 semen
3031 3591 3222 3645 domus
3251 3589 3418 3670 Israel
3445 3590 3512 3644 de
3541 3598 3682 3644 terra

2103 3681 2401 3752 Aquilonis,
2433 3690 2487 3735 et
2521 3681 2586 3735 de
2616 3682 2823 3736 cunctis
2856 3681 3017 3736 terris
3039 3683 3104 3756 ad
3147 3690 3281 3759 quas
3306 3680 3572 3750 ejeceram
3601 3697 3693 3736 eos

2108 3772 2249 3835 illae,
2278 3779 2332 3826 et
2354 3771 2675 3826 habitabunt
2704 3771 2758 3825 in
2793 3779 2933 3825 terra
2959 3762 3076 3826 sua.
3114 3791 3132 3821 ι
3164 3767 3278 3827 Hoc
3303 3788 3464 3827 omne
3488 3773 3690 3841 Capitu-

2106 3859 2214 3914 lum
2239 3861 2289 3915 in
2314 3859 2664 3932 Septuaginta
2694 3876 2800 3916 non
2825 3857 3077 3928 habetur,
3099 3862 3251 3931 cujus
3275 3841 3359 3917 hic
3387 3878 3576 3918 sensus
3590 3873 3691 3925 est,

2107 3953 2250 4033 quod
2280 3962 2618 4034 nequaquam
2639 3968 2736 4036 per
2757 3935 2976 4025 Moysen.
3001 3953 3227 4024 populus
3255 3954 3348 4009 Dei
3373 3956 3440 4028 de
3461 3953 3692 4034 Egypto

2109 4043 2388 4122 liberetur,
2409 4044 2504 4098 sed
2529 4059 2627 4112 per
2641 4041 2829 4098 'Jesum
2860 4040 3134 4098 Christum
3163 4045 3228 4118 dc
3251 4045 3398 4099 omni
3426 4047 3558 4121 orbe
3584 4043 3692 4120 ter-

2109 4149 2314 4196 rarum,
2348 4134 2402 4188 in
2430 4149 2589 4205 quem
2635 4134 2908 4203 dispersus
2957 4135 3148 4213 fuerat.
3181 4135 3336 4213 Quod
3361 4153 3429 4191 ex
3465 4147 3618 4207 parte
3642 4147 3692 4192 et

2111 4242 2255 4281 nunc
2301 4227 2604 4297 completur
2641 4227 2696 4281 in
2734 4209 2966 4293 mundo,
2985 4237 3042 4282 et
3078 4209 3142 4283 ex
3175 4209 3287 4284 toto
3322 4227 3692 4305 complebitur,

2112 4319 2326 4394 quando
2359 4319 2424 4374 de
2459 4319 2668 4374 oriente
2693 4328 2748 4373 et
2774 4320 3076 4384 occidente,
3109 4321 3555 4394 septentrioneet
3581 4336 3689 4374 me-

2113 4409 2249 4464 ridie
2279 4411 2512 4472 venient,
2542 4417 2598 4464 et
2625 4410 2964 4485 discumbent
2995 4426 3116 4464 cum
3145 4410 3443 4477 Abraham,
3465 4412 3613 4466 Isaac
3647 4421 3697 4465 et

419 4489 662 4582 Perdunt
692 4511 820 4551 oves
845 4483 1091 4566 pastores
1121 4497 1214 4566 qui
1244 4498 1440 4552 docent
1471 4499 1739 4564 hzeresim,
1767 4499 2010 4578 lacerant
2037 4535 2088 4594 Ι)
2115 4501 2299 4557 Iacob.
2328 4483 3111 4572 Utpostquam-subintraverit
3137 4501 3412 4572 plenitudo
3437 4504 3694 4576 gentium,

422 4579 478 4640 et
517 4586 779 4656 dissipant
815 4588 908 4656 qui
943 4587 1235 4642 schismata
1279 4587 1510 4659 faciunt,
1530 4587 1753 4657 ejiciunt
1782 4605 1874 4644 eas
1919 4589 2009 4658 qui

411 4667 615 4732 "contra
639 4679 906 4746 justitiam
951 4680 1016 4734 de
1064 4668 1304 4747 Ecclesia
1353 4665 1623 4750 separabt,
1655 4697 1762 4736 non
1790 4678 2016 4736 visitant

428 4768 518 4836 qui
549 4769 938 4837 paenitentibus
979 4771 1308 4824 contrahunt
1335 4785 1575 4824 manum.
1626 4769 1864 4837 Quorum
1893 4785 2013 4826 om—

431 4861 578 4913 nium
619 4860 964 4915 miserebitur
1000 4847 1280 4926 Dominus,
1310 4868 1364 4914 et
1404 4861 1634 4916 reddens
1659 4846 1750 4917 eis
1787 4841 2014 4931 pristina

432 4967 640 5022 pascua
661 4962 715 5006 et
742 4953 913 5009 malos
941 4961 1187 5022 pastores
1216 4952 1487 5012 auferens.

509 5064 524 5093 ι
557 5041 694 5098 Ecce
735 5044 850 5098 dies
889 5043 1132 5107 veniunt,
1157 5043 1287 5096 dicit
1325 5044 1620 5108 Dominus,
1652 5051 1707 5099 et
1745 5043 2019 5098 suscitabo

444 5152 461 5182 ι
508 5135 676 5189 David
723 5143 942 5206 germen
985 5133 1189 5201 justum
1216 5134 1341 5204 (sive
1387 5135 1649 5212 orientem
1691 5132 1939 5212 justu'm),
1969 5141 2024 5188 et

446 5245 464 5277 ι
510 5228 756 5295 regnabit
781 5241 896 5290 rex,
931 5235 988 5280 et
1015 5226 1228 5294 sapiens
1248 5225 1353 5280 erit
1380 5228 1506 5297 (sive
1538 5224 1844 5296 intelliget),
1866 5231 1919 5279 et
1945 5223 2024 5279 fa-

427 5337 461 5368 ι
505 5301 909 5386 (εἰθι’ίιιάἰοίυιῐι
942 5323 999 5370 et
1017 5315 1282 5384 justitiam
1321 5316 1570 5370 interra.
1602 5315 1659 5370 In
1701 5301 1891 5369 diebus
1921 5314 2024 5369 illis

445 5426 464 5458 α
511 5407 804 5461 salvabitur
832 5404 990 5470 Juda,
1013 5414 1069 5461 et
1091 5405 1254 5460 Israel
1284 5405 1545 5460 habitabit
1573 5404 1930 5460 conﬁdenter.
1955 5403 2024 5458 Et

449 5518 464 5549 ε
509 5500 611 5569 hoc
632 5507 934 5553 est-nomen
953 5512 1060 5566 quo
1074 5499 1343 5553 vocabunt
1361 5513 1481 5552 eum
1499 5497 1626 5567 (sive
1646 5496 1859 5552 vocabit
1877 5496 2022 5563 eum)

449 5609 466 5640 ο
514 5589 773 5666 Dominus
791 5588 974 5658 justus
997 5595 1180 5643 nositer
1203 5590 1326 5659 (sive
1345 5587 1555 5663 justitia
1584 5580 1843 5657 n‘ostra)»
1873 5585 2026 5654 Quod

445 5683 708 5763 llvbraice
748 5682 945 5768 dicitur
983 5691 1193 5768 τίφην
1233 5681 1344 5735 Hoc
1385 5681 1529 5751 quod
1571 5680 1625 5734 in
1675 5678 2027 5755 Septuaginta

2117 4599 2246 4648 tunc
2272 4593 2448 4647 omnis
2478 4582 2640 4648 Israel
2673 4593 2851 4647 salvus
2881 4592 2993 4646 fiat.

2193 4705 2211 4737 ‹
2246 4684 2326 4739 Ad
2364 4686 2655 4755 prophetas
2696 4685 2820 4753 (sive
2844 4685 2897 4736 in
2926 4684 3221 4754 prophetis,
3251 4701 3326 4738 re:
3353 4693 3538 4740 contra
3581 4699 3699 4755 pro-

2117 4777 2348 4848 phetas).
2367 4763 2393 4827 ἰ
2428 4775 2526 4845 IIic
2552 4763 2737 4830 titulus
2756 4816 2769 4839 ,
2797 4785 2856 4830 ut
2889 4759 3054 4845 supra
3103 4777 3356 4835 diximus.
3388 4778 3440 4830 in
3469 4761 3698 4832 editione

2120 4865 2470 4936 Septuaginta
2505 4865 2625 4920 ﬁnis
2654 4852 2943 4921 anterioris
2985 4867 3452 4941 capitulipositus
3485 4875 3588 4940 est,
3611 4865 3696 4922 ubi

2122 4959 2382 5027 scriptum
2415 4957 2641 5042 legimus
2667 4973 2680 5009 :
2710 4975 2728 5008 ε
2756 4955 2823 5010 Ει
2866 4957 2967 5011 hoc
3000 4966 3085 5012 est
3132 4962 3327 5013 nomen
3367 4973 3477 5029 quo
3521 4956 3697 5028 appel-

2123 5048 2256 5102 labit
2306 5048 2710 5102 eumDominns
2758 5043 3020 5102 Iosedech
3072 5048 3125 5101 in
3171 5049 3470 5118 prophetis.
3505 5067 3522 5099 ι
3556 5047 3699 5111 Quod

2124 5136 2366 5208 plerique
2395 5138 2704 5208 ignorantes
2744 5137 2891 5190 varia
2929 5128 3320 5221 explanationis
3350 5139 3697 5192 deliramenta

2126 5227 2456 5300 contingunt,
2490 5226 2761 5300 multoque
2782 5226 2971 5300 melius
3000 5226 3178 5281 fuerat
3203 5224 3520 5297 simpliciter
3547 5225 3700 5282 insci-

2128 5318 2258 5394 tiam
2298 5317 2564 5394 conﬁteri,
2596 5321 2757 5388 quam
2801 5316 3082 5385 imperitiae
3127 5333 3237 5372 sua:
3287 5317 3420 5372 alios
3461 5316 3702 5372 heredes

2129 5393 2326 5462 facere.
2360 5408 2453 5462 Est
2481 5417 2659 5462 autem
2688 5423 2866 5463 sermo
2888 5417 3076 5462 contra
3093 5409 3402 5483 prophetas,
3421 5409 3530 5463 imo
3554 5420 3695 5480 pseu-

2130 5497 2490 5567 dopmphetas
2519 5495 2814 5552 Jerusalem
2840 5507 2894 5552 et
2917 5495 3202 5565 Samariae,
3225 5511 3362 5566 quos
3387 5511 3531 5551 nunc
3558 5509 3702 5551 com-

2130 5591 2276 5643 muni
2311 5600 2365 5643 et
2401 5590 2613 5660 vulgato
2650 5580 2868 5645 nomine
2903 5591 3191 5660 prophetas
3222 5597 3395 5668 vocat,
3421 5589 3488 5660 de
3517 5585 3702 5664 quibit!

2131 5679 2388 5748 scriptum
2430 5689 2519 5733 est
2545 5680 2611 5756 in
2648 5679 3138 5748 consequentibus:
3171 5698 3190 5728 ι
3216 5677 3284 5731 Et
3326 5673 3392 5731 in'
3429 5672 3701 5750 prophetitI

450 5751 586 5826 male
635 5753 874 5828 additum
904 5781 1020 5838 est,
1061 5751 1120 5827 in
1157 5771 1452 5842 prophetis,
1488 5753 1716 5849 penitus
1747 5777 2030 5842 amputan-
2134 5768 2394 5826 Samaria:
2415 5769 2522 5827 vidi
2545 5751 2921 5838 iniquitatem:
2955 5786 2973 5820 ι
3005 5764 3328 5829 statimque.
3355 5785 3375 5820 ι
3404 5761 3554 5827 litin
3579 5775 3704 5826 om
