3926 6320
201 363 307 425 981

1118 352 1486 426 ιιχιιοδιτιο
1524 348 1752 410 sum
1790 349 2159 422 JEREMIAM.
2195 381 2268 397 --
2303 352 2436 422 LIB.
2474 351 2568 425 rx.

3376 355 3482 414 98$

200 472 384 550 phetis
429 438 731 542 ierusalem
751 465 887 528 ‘Vidi
937 438 1237 550 horribilia.
1277 483 1296 517 ι
1342 463 1566 531 Quando
1613 467 1796 517 autem
1823 464 1878 522 Α
1899 461 1958 518 In
1991 456 2255 543 propheta
2286 467 2561 536 doctorem
2597 466 2802 539 accipis,
2832 467 2888 534 in
2925 469 3207 546 μρογᾴοιθ
3233 468 3480 541 minis”.

200 547 358 638 ponit
393 560 832 631 coniunctionem
873 568 942 626 et,
983 547 1224 614 ostendit
1263 556 1542 628 superiora
1572 555 1639 610 de
1668 567 1792 626 pro-

202 655 388 730 phetis
414 654 559 724 dicta
587 652 845 719 Domini,
873 651 1048 722 quiet
1075 651 1176 722 ipsi
1205 649 1798 723 pseudOprophetarum

203 748 414 806 similes
437 746 788 802 exstiterunt.

282 861 303 892 ι
337 839 647 896 Contritum
690 845 776 894 est
801 849 896 891 eor
919 830 1099 904 meum
1130 850 1186 889 in
1216 833 1397 889 medio
1426 833 1557 900 mei,
1584 839 1801 900 contre-

210 952 231 986 ι
276 937 534 987 muerunt
565 928 692 1002 (sive
711 934 980 988 commota
1005 923 1152 993 sunt)
1165 926 1348 981 omnia
1373 939 1502 996 ossa
1525 938 1664 979 mea.
1691 921 1800 977 Fa-

210 1041 231 1076 c
273 1029 398 1078 ctus
421 1035 542 1076 sum
574 1018 729 1090 quasi
759 1018 843 1072 vir
863 1017 1068 1080 ebrius,
1096 1023 1152 1071 et
1176 1015 1332 1085 quasi
1366 1014 1529 1071 homo
1555 1013 1802 1069 madidus

211 1133 232 1165 ι
277 1113 411 1186 (sive
456 1118 745 1182 soporatus
790 1108 938 1180 vino)
969 1126 999 1165 a
1036 1107 1452 1172 facie-Domini,
1479 1115 1535 1163 et
1583 1122 1613 1160 ιι
1665 1106 1804 1178 facie

212 1221 233 1254 ι
279 1203 572 1258 verborum
610 1197 919 1256 sanctorum
953 1199 1070 1272 ejus
1097 1200 1225 1272 (sive
1255 1205 1310 1253 et
1335 1213 1364 1252 a
1406 1197 1545 1252 faeie
1588 1197 1804 1253 decoris

212 1313 232 1348 ι
280 1294 468 1365 gloria:
493 1291 653 1365 ejus).
677 1312 695 1344 ι
723 1292 1080 1365 Considerato
1100 1289 1248 1343 vultu
1275 1286 1660 1358 omnipotentis
1686 1287 1800 1350 Dei,

208 1392 317 1442 hoc
342 1394 427 1440 est
453 1384 631 1440 Patris
649 1424 664 1451 ,
699 1392 755 1440 et
782 1383 1124 1439 considerato
1148 1383 1296 1436 vultu
1321 1380 1466 1446 Filii,
1494 1400 1512 1430 ι
1540 1380 1632 1450 qui
1649 1378 1803 1448 juxta

207 1478 525 1550 Apostolum
558 1478 811 1558 splendor
835 1477 1019 1549 gloria:
1041 1475 1183 1530 illius
1212 1473 1530 1545 appellatur,
1553 1480 1612 1534 et
1631 1471 1806 1530 forma

207 1574 531 1650 substantia:
556 1574 651 1628 Dei
678 1571 869 1638 (Hebr.
895 1571 956 1642 ι).
979 1590 998 1622 ι
1015 1570 1297 1641 ‘Pmpheta
1324 1577 1379 1624 et
1399 1570 1582 1624 animo
1605 1576 1662 1624 et
1684 1583 1808 1632 cor-

208 1679 345 1735 pore
383 1664 787 1734 perhorrescit,
815 1671 870 1719 et
899 1663 1151 1732 intelligit
1177 1677 1298 1718 esse
1325 1677 1384 1717 se
1409 1661 1585 1726 nihili,
1609 1676 1805 1717 secun-

1897 555 1964 611 rii
1989 555 2326 628 dignitatem.
2359 555 2462 624 Qui
2482 556 2530 613 si
2550 571 2719 628 prava
2753 565 2932 626 mente
2955 551 3349 634 consenserint,
3375 561 3487 620 erit

1897 647 1985 703 via
2009 662 2198 704 eorum
2231 647 2287 705 in
2315 646 2580 723 lubricum
2621 656 2678 705 et
2706 648 2759 714 in
2787 648 3040 717 tenebris.
3109 671 3116 680 -
3143 665 3184 706 se
3210 650 3485 723 habebunt

1898 738 2187 794 Dominum
2215 737 2561 809 loquentem:
2591 759 2611 807 ς
2647 740 2761 814 Ego
2809 739 2901 810 lu;
2933 741 2989 808 in
3031 742 3290 811 murmura
3331 744 3483 811 veni,

1899 839 1960 888 ut
1983 832 2182 898 omnis,
2209 831 2300 903 qui
2333 833 2506 889 credit
2554 834 2609 888 in
2633 849 2741 909 me,
2781 834 2838 902 in
2867 835 3104 901 tenebris
3127 851 3234 893 non
3265 845 3487 911 maneat

1902 924 2082 997 (Joan.
2124 923 2244 996 xu).
2287 945 2304 977 ι
2345 923 2496 981 Unde
2534 932 2754 995 sanctus
2787 925 3054 1001 loquitur,
3091 940 3281 995 omnes
3330 935 3482 986 tene-

1901 1015 2028 1072 bras
2054 1016 2266 1088 fugiens
2295 1033 2309 1070 :
2346 1035 2365 1067 ι
2405 1015 2689 1091 Signatum
2720 1025 2805 1090 est
2840 1033 3001 1090 super
3031 1034 3128 1082 nos
3157 1018 3336 1095 lumen
3370 1018 3486 1072 vul-

1904 1116 1990 1164 tus
2009 1109 2108 1193 ιιιίε
2139 1109 2385 1188 Domine,
2412 1109 2607 1182 dedisti
2633 1108 2874 1174 laetitiam
2903 1109 2958 1167 in
2978 1111 3138 1183 corde
3164 1125 3284 1183 meo
3311 1108 3487 1183 (Paul.

1906 1200 2002 1270 tv).
2037 1222 2055 1253 υ
2089 1199 2223 1268 Cum
2253 1210 2434 1256 autem
2461 1200 2666 1270 fuerint
2691 1202 2745 1274 it)
2775 1201 3034 1272 tenebris,
3079 1210 3134 1261 et
3174 1202 3230 1258 in
3278 1201 3363 1257 via
3410 1201 3491 1262 lu-

1905 1294 2074 1365 brica,
2116 1310 2302 1351 errore
2342 1294 2591 1350 videlicet
2619 1285 3004 1367 haeretico,ad
3034 1309 3250 1365 omnem
3284 1301 3489 1360 motum

1909 1385 2251 1459 impellentur
2279 1393 2335 1451 et
2359 1394 2653 1455 corruerit;
2684 1395 2738 1451 et
2771 1385 2966 1456 inferet
2996 1400 3159 1462 super
3183 1401 3278 1450 eos
3315 1385 3496 1440 Domi-'-

1909 1491 2011 1531 nus
2036 1477 2174 1542 mala
2208 1496 2220 1530 :
2253 1490 2361 1539 non
2389 1492 2495 1547 quo
2521 1476 2662 1532 mala
2696 1479 2823 1538 sint,
2856 1484 2916 1531 ut
2960 1476 3217 1543 Dominus
3246 1476 3387 1542 mala
3412 1475 3497 1530 in—

1909 1567 2070 1634 ferat,
2111 1569 2203 1624 sed
2264 1569 2404 1624 mala
2448 1570 2533 1625 his
2576 1570 2669 1639 qui
2719 1569 2990 1633 sustinent
3032 1569 3333 1641 supplicia:
3363 1570 3497 1626 alio-

1910 1661 2039 1730 quin
2082 1661 2272 1719 eadem
2311 1668 2366 1730 et
2403 1659 2543 1726 mala
2587 1669 2641 1734 et
2679 1661 2819 1715 bona
2865 1655 3010 1732 sunt.
3045 1657 3182 1714 Mala
3219 1657 3366 1726 iuxta
3402 1673 3498 1716 eos

209 1754 339 1808 dum
366 1754 512 1824 quod
542 1753 596 1808 in
621 1755 727 1809 alio
756 1753 874 1809 loco
900 1754 1134 1808 dicitur:
1166 1772 1184 1804 ‹
1217 1751 1605 1819 Utjumentum
1633 1751 1807 1808 factus
1837 1817 1882 1828 __
1911 1767 2049 1825 quos
2093 1753 2368 1817 cruciant,
2408 1751 2548 1824 bona
2580 1751 2734 1823 iuxta
2773 1767 2890 1818 eos,
2924 1766 3060 1822 quos
3085 1752 3394 1828 emendant.
3435 1751 3504 1806 Et

210 1860 333 1912 sum
355 1844 494 1914 apud
523 1852 578 1900 te
610 1842 784 1915 (Paul.
815 1844 1008 1915 Lxxu),
1035 1863 1052 1895 ι
1081 1844 1194 1899 sive
1217 1845 1497 1922 victimam
1527 1845 1809 1904 conscieu-
1837 1817 1884 1877 Β
1913 1845 2017 1899 hoc
2051 1845 2347 1900 notandum
2376 1844 2519 1914 quod
2561 1857 2737 1897 annus
2760 1842 3085 1911 visitationis
3124 1817 3339 1908 Domini
3379 1857 3504 1898 θοι-πο

211 1936 325 2002 tim,
369 1944 424 1990 et
449 1936 771 2000 humilitatis
818 1951 930 1992 sua:
979 1935 1136 1991 ofl'ert
1166 1935 1279 1992 Deo
1308 1937 1464 2008 juxta
1508 1936 1637 1993 illud
1663 1937 1808 2008 quod

210 2045 264 2084 ni
293 2027 524 2084 Psalmis
553 2028 847 2091 scribitur:
877 2048 895 2078 ‹
929 2026 1270 2083 Sacrificium
1297 2024 1426 2092 Deo,
1446 2029 1666 2105 spiritus
1685 2044 1811 2095 con-

211 2120 652 2188 tribulatus,,cor
678 2119 970 2192 contritum
1015 2127 1072 2178 et
1121 2119 1461 2177 humiliatum
1512 2119 1653 2190 Deus
1703 2135 1810 2175 non

213 2209 426 2282 spernit
449 2208 622 2281 (Psal.
653 2196 768 2283 1.).»
795 2207 930 2264 Osca
961 2220 1162 2272 autem,
1186 2225 1306 2278 quae
1334 2218 1809 2274 contremuerunt,

214 2305 332 2361 sive
361 2311 630 2358 commota
658 2310 806 2367 sunt,
831 2301 914 2355 illa
947 2302 1327 2373 intelligamus,
1356 2303 1424 2356 de
1451 2302 1647 2372 quibus
1671 2301 1813 2357 idem

216 2395 388 2451 David
419 2397 562 2450 canit
590 2413 603 2448 :
633 2415 651 2446 ι
676 2384 873 2466 Omnia
896 2409 1023 2449 ossa
1053 2410 1171 2449 mea
1195 2395 1391 2468 dicent,
1419 2395 1667 2473 Domine,
1690 2394 1815 2474 quis

215 2488 410 2545 similis
437 2488 510 2562 tui
542 2483 716 2557 (Psal.
750 2484 959 2557 xxxiv).
984 2505 1003 2536 ι
1037 2484 1235 2542 Factus
1280 2495 1364 2562 est
1409 2487 1586 2556 quasi'
1609 2487 1813 2552 ebrius,

215 2588 273 2634 et
298 2579 450 2648 quasi
476 2561 638 2633 homo
658 2578 908 2633 madidus
937 2577 1050 2632 sive
1072 2587 1359 2649 soporatus
1387 2595 1418 2632 a
1440 2580 1585 2647 vino,
1613 2579 1814 2652 nullam

217 2673 429 2728 nabens
469 2670 903 2743 intelligentiam,
934 2661 1245 2752 nullamque
1289 2671 1632 2745 sapientiam.
1662 2691 1680 2722 ι
1715 2672 1818 2725 Do-

218 2767 402 2824 minus
432 2767 580 2822 novit
612 2765 973 2844 cogitationes
1022 2764 1338 2844 hominum,
1368 2766 1625 2844 quioniam
1666 2779 1819 2820 vana:

1915 1934 2086 1989 rectio
2123 1935 2462 2004 peccantium
2505 1933 2734 1997 dicatur,
2791 1941 2952 2002 atque
3003 1933 3295 2000 cruciatus,
3345 1931 3502 2002 juxta

1916 2026 2047 2082 illud
2078 2027 2221 2097 quod
2241 2025 2502 2096 scripturn
2532 2033 2617 2080 cst
2648 2043 2662 2079 τ
2700 2044 2720 2078 ι
2757 2024 3000 2085 visitabo
3027 2025 3079 2079 in
3107 2025 3258 2095 virga
3283 2007 3502 2094 iniqui-

1917 2127 2057 2194 tates
2088 2133 2297 2182 eorum,
2326 2127 2381 2173 et
2411 2118 2463 2188 in
2494 2117 2809 2173 verberibus
2842 2126 3064 2197 peccata
3090 2101 3278 2175 eorum
3298 2158 3316 2194 γ
3343 2117 3508 2182 mise-

1916 2213 2208 2279 ricordiam
2235 2220 2414 2268 autem
2440 2227 2620 2268 meam
2644 2225 2753 2266 non
2801 2211 3105 2284 dispergam
3139 2211 3207 2263 ab
3236 2223 3303 2264 eo
3327 2206 3504 2282 (Ρωι.

1920 2301 2207 2374 uxxvut).
2244 2322 2263 2368 υ

1998 2409 2016 2443 ι
2053 2392 2122 2447 Et
2145 2392 2200 2448 in
2230 2390 2792 2462 prophetisSamariaa
2812 2391 2922 2460 vidi
2952 2392 3234 2448 stultitiam
3253 2392 3381 2464 (sive
3405 2391 3512 2447 ini-

1926 2503 1946 2537 ι
1980 2485 2265 2558 quitatem)
2289 2486 2716 2556 :propbetaliant
2737 2487 2791 2540 in
2813 2485 2961 2548 Baal,
2979 2494 3032 2539 et
3047 2485 3386 2557 decipiebant
3408 2498 3510 2554 po-

1927 2594 1946 2628 (
1992 2576 2174 2646 ριιιιιιῐι
2228 2591 2405 2650 meum
2456 2575 2641 2634 Israel.
2681 2563 2714 2629 ι’
2761 2576 2870 2647 Ego
2899 2576 3192 2647 prophetas
3248 2574 3512 2633 Samaria:

1913 2668 2070 2738 juxta
2094 2685 2182 2740 my
2190 2669 2358 2731 sticus
2374 2668 2676 2736 intellectus
2696 2671 2914 2740 proprie
2927 2670 3212 2732 haereticos
3225 2669 3333 2735 dici
3353 2678 3509 2754 puto,

1921 2777 1978 2832 et
2016 2777 2207 2826 omnes
2239 2762 2330 2831 qui
2363 2760 2572 2830 iactant
2605 2761 2722 2828 falsi
2754 2761 2988 2832 nominis
3013 2762 3318 2826 scientiam.
3363 2759 3510 2828 Quo-

218 2865 351 2915 suut
381 2855 556 2930 (Psnt.
588 2857 763 2929 xcm).
789 2877 807 2908 ι
841 2856 900 2911 Si
933 2864 1116 2926 autem
1169 2855 1270 2923 hoc
1315 2856 1389 2928 ita
1436 2865 1537 2920 est,
1570 2856 1660 2922 ubi
1693 2863 1822 2911 sunt
1923 2855 2085 2911 modo
2107 2862 2288 2910 autem
2321 2855 2595 2925 prophetae
2631 2852 2910 2927 Samarize,
2939 2852 3196 2922 quidquid
3223 2851 3515 2921 loqueban-

217 2950 317 3024 qui
343 2933 638 3021 perfectam
669 2951 719 3004 in
752 2942 972 3005 homine
996 2947 1262 3020 justitiam
1311 2947 1638 3018 praedicant?
1664 2947 1816 3025 Quod
1922 2957 2014 3005 tur
2042 2949 2440 3036 prophetabant
2476 2948 2527 3001 in
2555 2945 2684 2999 Baal
2708 2945 2851 3018 idolo
2875 2944 3141 3008 videlicet,
3175 2943 3509 3006 dtemonibus

219 3044 270 3106 si
297 3044 675 3115 responderint
708 3043 774 3099 de
810 3043 1013 3115 sanctis
1043 3057 1102 3098 se
1144 3043 1249 3097 hoc
1277 3042 1476 3105 dicere,
1509 3057 1614 3102 non
1643 3056 1707 3098 ex
1737 3056 1822 3096 se-
1925 3033 2263 3104 eonSecrato.
2286 3039 2376 3095 Sic
2396 3037 2635 3101 haeretici
2657 3036 2912 3108 quidquid
2939 3035 3234 3105 loquuntur
3257 3035 3309 3088 in
3335 3033 3502 3089 Eccle

219 3131 492 3215 luetipsis,
510 3145 660 3193 certe
684 3135 888 3204 nullum
914 3144 1044 3206 puto
1062 3134 1386 3203 sanctiorem
1411 3149 1531 3192 esse
1557 3133 1814 3197 Ieremia,
1854 3195 1891 3219 η
1927 3133 2026 3197 sia,
2056 3132 2172 3194 sive
2204 3138 2358 3214 extra
2407 3128 2727 3202 Ecclesiam,
2776 3136 2834 3180 ut
2860 3125 3207 3202 supplantent
3253 3123 3511 3201 populum

219 3233 317 3304 qui
345 3232 520 3308 virgo,
550 3230 813 3305 propheta
837 3270 850 3293 ,
887 3225 1365 3301 sanctificatusque
1389 3226 1443 3292 in
1490 3233 1666 3289 utero,
1701 3227 1818 3295 ipso
1845 3216 1889 3267 ιλ
1924 3222 2111 3288 Israel,
2142 3221 2235 3291 qui
2263 3221 2414 3291 prius
2443 3219 2700 3294 cernebat
2749 3217 2915 3290 Deum
2966 3217 3259 3292 loquuntur
3300 3216 3353 3283 in
3408 3216 3515 3270 da:-

221 3323 448 3396 nomine
475 3319 786 3393 prreiigurat
833 3319 1119 3377 Dominum
1160 3316 1520 3388 salvatorem.
1559 3315 1824 3372 Jeremias
1925 3313 2208 3376 monibus;
2237 3312 2378 3381 unde
2405 3307 2853 3385 etsigniticanter
2875 3308 2950 3361 ait
2977 3325 2988 3361 :
3016 3327 3034 3358 ι
3073 3307 3140 3362 Ει
3161 3308 3213 3361 in
3236 3307 3515 3392 prophetis

219 3414 372 3469 enim
403 3414 788 3484 interpretatus
812 3406 916 3480 est,
946 3409 1159 3472 Domini
1185 3409 1460 3477 excelsus.

306 3526 325 3558 ι
359 3505 496 3582 Quia
549 3503 829 3582 adulteriis
877 3503 1078 3573 repleta
1124 3510 1210 3558 est
1253 3511 1436 3568 terra,
1467 3515 1591 3570 quia
1619 3515 1650 3554 a
1688 3499 1827 3565 facie

227 3615 252 3652 ι
296 3589 692 3672 ιιιιιιθᾱίειῇοιιίε
716 3594 842 3666 (sive
859 3592 1178 3667 juramenti)
1207 3593 1342 3648 luxit
1372 3602 1538 3656 terra.
1570 3591 1828 3658 Arefacta

227 3707 254 3744 σ
301 3695 430 3743 sunt
451 3701 580 3740 arva
605 3685 732 3756 (sive
758 3699 957 3754 pascua
985 3683 1232 3754 deserti),
1257 3691 1312 3737 et
1339 3682 1512 3736 factus
1533 3689 1617 3735 est
1636 3695 1828 3736 cursus

228 3797 255 3834 α
302 3793 489 3834 eorum
521 3775 718 3850 malus,
753 3783 809 3830 et
832 3771 1091 3848 fortitudo
1119 3787 1307 3842 eorum
1338 3771 1637 3829 dissimilis.
1663 3789 1680 3821 ›
1713 3769 1829 3825 Hoc

225 3872 379 3946 quod
422 3885 522 3940 nos
683 3846 948 3940 liebraico
994 3846 1294 3935 posuimus,
1325 3882 1344 3930 ς
1371 3878 1496 3934 quia
1549 3861 1830 3931 adulteriis

227 3961 443 4032 repleta
477 3966 562 4014 est
599 3966 768 4022 terra,
794 3977 811 4012 ι
843 3958 895 4010 in
924 3955 1280 4034 Septuaginta
1307 3969 1416 4031 non
1458 3954 1704 4027 habetur,
1734 3953 1827 4031 qui

222 4053 591 4127 iuramentitm
625 4050 811 4124 (littere
834 4063 935 4140 pro
958 4046 1342 4123 utgleqictione.
1379 4045 1682 4116 Redditque
1703 4060 1829 4104 cau-

227 4159 332 4202 sas
353 4143 495 4213 quod
523 4151 747 4225 propter
774 4137 1036 4213 adulteria
1059 4146 1116 4225 et
1143 4137 1453 4222 maledicta,
1487 4138 1603 4202 sive
1643 4151 1829 4207 super-

229 4237 403 4302 fluum
441 4222 834 4303 iuramentum,
863 4233 972 4292 imo
1017 4222 1252 4304 periuria
1303 4228 1516 4305 frugum
1568 4227 1830 4284 sterilitas

228 4338 524 4395 consecuta
546 4329 636 4382 sit.
662 4326 933 4396 Quidquid
958 4327 1022 4411 de
1043 4334 1191 4385 terra
1214 4323 1396 4386 Judma
1414 4323 1568 4409 juxta
1593 4324 1829 4380 litteram

231 4421 492 4491 intelligis
525 4418 669 4472 refer
701 4420 768 4471 ad
801 4406 1276 4495 congregationem
1312 4406 1670 4495 credentium,
1696 4431 1832 4486 quo-

230 4515 384 4570 niam
433 4521 656 4583 propter
701 4509 964 4572 adulteria
995 4518 1049 4587 et
1079 4494 1524 4573 mendacia,,sive
1567 4507 1823 4590 perjuria,

229 4607 498 4659 virtutum
521 4613 574 4657 et
595 4601 944 4679 donationuut
972 4593 1066 4676 pri
1089 4601 1349 4664 stet'ilitas
1369 4600 1425 4654 in
1446 4601 1704 4677 Ecclesiis
1731 4601 1788 4676 [it
1813 4619 1826 4654 :

316 4711 334 4743 ι
383 4680 650 4759 Propheta
684 4705 916 4759 namque
962 4700 1017 4764 et
1063 4689 1316 4745 sacerdos
1360 4689 1548 4765 polluti
1597 4700 1744 4767 sunt,
1776 4701 1831 4764 et

237 4806 274 4844 «ν
313 4785 364 4838 in
399 4785 559 4859 domo
589 4799 709 4854 mea
737 4785 913 4839 iuveni
943 4771 1144 4838 malum
1178 4799 1384 4846 eorum,
1425 4766 1500 4840 ait
1541 4766 1828 4845 Dominus;

240 4894 260 4925 ι
315 4874 516 4952 idcirco
555 4873 637 4943 via
660 4881 848 4928 eorum
873 4873 999 4937 erit,
1019 4873 1174 4941 quasi
1197 4872 1461 4950 lubricum
1482 4872 1788 4931 intenebris
1813 4891 1824 4922 :

234 4963 586 5046 intpeiletttur
609 4963 753 5027 enim
802 4971 856 5017 et
906 4956 1164 5034 eorrue’nt
1209 4962 1262 5016 in
1312 4968 1400 5026 ea,
1430 4962 1556 5046 quia
1610 4960 1828 5029 afferam

237 5055 371 5126 (sive
394 5036 645 5122 inferam)
679 5068 839 5123 super
861 5041 956 5109 eos
977 5053 1139 5117 mala,
1168 5068 1368 5127 annum
1395 5036 1720 5127 visitatiouis
1739 5068 1832 5107 eo~

237 5163 384 5211 rum,
431 5147 507 5202 ait
558 5146 833 5214 Dominus.
889 5163 908 5198 ι
953 5145 1178 5220 Quando
1209 5146 1263 5208 in
1319 5144 1558 5210 Ecclesia
1613 5145 1730 5208 Dei,
1777 5152 1832 5198 et

238 5238 482 5294 Iuaxime
506 5238 558 5292 in
593 5237 926 5312 principibus
956 5236 1073 5306 ejus
1102 5221 1448 5311 inveniuntur
1479 5236 1640 5302 mala,
1686 5237 1826 5292 scia-

240 5347 370 5388 mus
397 5345 518 5386 esse
540 5331 863 5402 completum
890 5349 902 5385 :
934 5349 952 5381 ι
989 5330 1258 5401 Propheta
1282 5339 1338 5384 et
1361 5331 1615 5385 sacerdos
1641 5329 1830 5400 polluti

243 5433 395 5490 sunt,
419 5424 474 5482 in
486 5425 645 5480 domo
675 5440 791 5492 mea
810 5425 986 5487 inveni
1006 5406 1144 5482 mala
1168 5441 1378 5497 eorum,
1401 5425 1478 5479 ait
1504 5425 1783 5479 Dominus.
1805 5446 1822 5477 ι

245 5514 454 5598 Domus
481 5525 660 5586 autem
690 5515 890 5570 Christi
919 5515 1160 5570 Ecclesia
1193 5525 1298 5581 est,
1327 5517 1391 5570 de
1423 5531 1526 5586 qua
1555 5523 1610 5570 et
1636 5515 1835 5570 Paulus

245 5605 440 5674 scribit
460 5607 528 5663 ad
553 5605 892 5675 Timotheum
925 5623 938 5659 :
975 5623 993 5657 ι
1031 5605 1106 5668 Ut.
1126 5607 1270 5662 scias
1292 5606 1562 5678 quomodo
1583 5614 1836 5677 oporteat

246 5703 390 5782 tein
444 5701 604 5768 domo
642 5700 736 5756 Dei
793 5701 1120 5766 conversari,
1168 5716 1288 5771 qua:
1317 5709 1400 5757 est
1448 5700 1692 5757 Ecclesia
1739 5700 1835 5756 Dei

249 5792 646 5858 vivi.eolumua
673 5799 730 5847 et
745 5792 1144 5854 ﬁrmamentum
1164 5791 1477 5851 veritatis”
1510 5792 1646 5852 Tim.
1673 5792 1778 5856 ut).
1811 5813 1831 5849 ι

1930 3403 2191 3460 Samaria:
2221 3402 2330 3478 vidi
2366 3400 2681 3470 stultitiam;
2733 3418 2752 3452 ι
2793 3413 2899 3460 non
2929 3399 3070 3471 enim
3111 3396 3310 3454 habent
3339 3388 3471 3467 eum
3496 3437 3514 3463 ,

1928 3494 1995 3548 de
2023 3507 2132 3567 quo
2161 3493 2360 3566 dicitur
2391 3510 2404 3545 :
2437 3509 2456 3543 ι
2487 3490 2736 3546 Christus
2761 3489 2855 3544 Dei
2888 3489 3061 3545 virtus
3087 3496 3144 3544 et
3171 3488 3266 3558 Dei
3293 3489 3514 3560 sapien-

1932 3583 2004 3636 tia
2031 3581 2081 3652 (l
2113 3580 2235 3635 Cor.
2272 3581 2334 3653 ι).
2368 3600 2385 3630 ι

2008 3691 2026 3722 ι
2074 3671 2142 3736 Ει
2191 3672 2244 3724 in
2287 3669 2564 3755 prophetis
2593 3668 2928 3742 Hierusalem
2956 3665 3064 3728 vidi
3108 3665 3517 3740 similitudmem

1937 3781 1956 3812 ι
2001 3761 2128 3842 (sire
2178 3759 2480 3843 horribilia)
2530 3759 2970 3836 adulterandum,
2998 3765 3054 3827 et
3083 3757 3186 3830 iter
3222 3756 3513 3819 mendacii.

1939 3875 1957 3932 ι
2002 3855 2065 3914 Et
2088 3854 2529 3922 conferuverunt
2551 3867 2743 3917 manus
2760 3850 3142 3924 pessimorum,
3171 3856 3231 3932 ut
3258 3865 3366 3918 non
3389 3863 3520 3906 eon-

1939 3927 1957 3997 i
1994 3954 2298 4010 verteretur
2347 3944 2718 4021 unusquisque
2769 3957 2799 4014 θ
2848 3939 3053 4013 inalitia
3084 3927 3336 4012 suatsive
3363 3953 3396 3995 a
3432 3939 3522 4006 via

1939 4057 1956 4088 ι
2005 4038 2122 4115 sua)
2139 4037 2392 4106 pessima.
2409 4035 2560 4106 Facti
2582 4042 2708 4111 sunt
2727 4033 2857 4104 mihi
2875 4047 3067 4103 attines
3077 4033 3234 4104 quasi
3258 4031 3518 4112 Sodoma,

1938 4149 1956 4181 ι
1995 4140 2051 4184 et
2079 4129 2414 4201 habitatores
2441 4127 2557 4196 ejus
2580 4126 2736 4198 quasi
2759 4124 3084 4199 Gptnot'rha.
3125 4144 3144 4176 ι
3177 4123 3290 4180 Non
3320 4123 3518 4192 solum,

1934 4221 2129 4295 inquit,
2192 4221 2246 4275 in
2294 4220 2674 4284 haereticorum
2721 4217 3094 4287 conciliabulis
3140 4219 3254 4274 haec
3301 4227 3518 4288 reperta

1934 4322 2083 4380 sunt,
2122 4314 2220 4383 sed
2256 4313 2308 4370 in
2359 4312 2638 4385 prophetis
2680 4326 2895 4382 quoque
2943 4310 3298 4375 Hierusalem,
3333 4311 3384 4366 id
3413 4320 3518 4377 est,

1933 4407 2250 4465 doctoribus
2289 4404 2581 4473 Ecclesiae,
2639 4402 2747 4467 ridi
2791 4401 3016 4471 similia,
3055 4401 3170 4465 sive
3203 4400 3516 4472 horribilia,

1935 4498 2354 4565 adulterandum
2403 4495 2629 4563 verbum
2676 4493 2810 4559 Dei,
2859 4503 2916 4556 et
2961 4493 3371 4562 ingredientium
3423 4509 3522 4564 per

1856 4561 1910 4622 D
1937 4561 2394 4664 viammendacii,
2429 4596 2489 4642 ut
2525 4561 2902 4653 hmreticorum
2946 4561 3171 4641 fallaciis
3207 4561 3518 4654 acquiesce-

1939 4694 2077 4753 rent,
2107 4693 2163 4738 et
2187 4681 2557 4738 confortarent
2585 4696 2776 4741 manus
2806 4679 3191 4749 pessimorum,
3224 4691 3519 4752 eorumque

1936 4777 2074 4830 mala
2120 4774 2233 4829 suis
2267 4773 2561 4828 sceleribus
2603 4772 2980 4842 adiungerent,
3004 4778 3060 4825 et
3084 4784 3218 4839 quos
3247 4768 3520 4837 corrigere

1935 4870 2253 4936 debuerant,
2287 4868 2544 4929 ducerent
2573 4865 2628 4920 in
2659 4865 2956 4922 interitum.
3005 4861 3105 4928 Qui
3147 4861 3249 4917 hoc
3290 4859 3521 4916 fecerint

1936 4965 2041 5018 neu
2069 4977 2125 5016 se
2159 4960 2427 5023 mstiment
2454 4957 2747 5027 impunitos
2780 4973 2793 5010 :
2827 4962 2986 5009 erunt
3019 4953 3164 5007 enim
3195 4961 3250 5007 et
3287 4952 3425 5022 ipsi,
3464 4958 3521 5007 et

1940 5056 2014 5119 hi,
2044 5055 2239 5124 quibus
2278 5051 2460 5117 favent
2489 5050 2642 5120 quasi
2674 5047 2926 5112 Sodoma,
2964 5031 3258 5119 militesque
3286 5047 3376 5115 qui
3423 5047 3517 5101 ha-

1935 5150 2255 5219 bitautcum
2306 5147 2405 5211 eis,
2459 5160 2560 5207 nec
2589 5145 2846 5216 recedant
2896 5159 2927 5196 a
2957 5141 3176 5207 talibus,
3225 5141 3378 5212 quasi
3405 5139 3514 5197 Co-

1935 5244 2175 5298 morrha.
2216 5224 2463 5302 Exsuliet
2491 5239 2657 5307 igitur
2693 5245 2954 5306 quantum
2983 5235 3100 5290 vult
3125 5234 3367 5289 doctrina
3398 5249 3518 5305 pes-

1937 5333 2072 5390 sima
2101 5344 2155 5387 et
2178 5332 2475 5403 glorientur
2495 5331 2768 5398 propheta:
2797 5325 3149 5391 Hierusalem,
3177 5326 3318 5395 quod
3372 5325 3515 5379 obti-

1937 5435 2174 5486 nuerunt
2228 5440 2325 5493 per
2357 5423 2718 5494 mendacium,
2748 5429 2801 5476 et
2837 5419 3281 5476 coufortaverunt
3324 5434 3516 5473 manus

1934 5515 2310 5586 pessimorum,
2355 5513 2479 5571 linis
2511 5528 2697 5570 eorum
2737 5511 2841 5567 erit
2873 5511 3028 5581 quasi
3057 5509 3288 5565 Sodoma
3325 5520 3379 5565 et
3408 5509 3519 5565 Go-

1937 5608 2178 5662 morrha.

2013 5717 2032 5750 (
2072 5698 2361 5767 Propterea
2413 5697 2530 5751 haec
2580 5694 2710 5750 dicit
2750 5693 3012 5752 Dominus
3059 5691 3395 5765 exercituum
3448 5689 3516 5745 ad

1944 5809 1964 5848 ι
1999 5790 2335 5849 uroohetas:
2374 5787 2516 5847 Ecce
2557 5801 2660 5846 eno
2702 5785 2896 5846 cibabo
2940 5795 3038 5841 eos
3085 5779 3358 5839 absinthio
3391 5776 3518 5836 tota
