3926 6334
497 381 601 442 985

1133 377 1194 432 Β.
1233 375 1485 432 RABANI
1520 375 1742 434 ΚΑΙ)Ἡί
1775 373 2092 431 ARCHIEP.
2133 374 2440 433 MOGUNT.
2481 373 2763 433 OPERUM
2799 371 2979 428 PARS
3014 371 3099 426 ιιι.

3635 366 3740 424 ομ

499 513 516 543 ι
555 489 829 552 doloribus
845 509 866 543 ι
886 490 963 560 (et
974 489 1133 559 juxta
1153 487 1540 560 Symmachum
1566 507 1584 541 ‹
1612 486 1990 553 amaritudine,
2015 487 2063 556 ι)
2090 487 2145 553 Α
2167 489 2309 543 enim
2349 497 2405 544 et
2429 488 2718 567 securitate
2741 493 3117 556 tempestatem
3141 495 3328 539 ventre
3356 481 3701 554 Babyloniam
3719 519 3738 548 ,

498 604 516 636 σ
561 592 617 637 et
644 580 841 654 potabo
865 593 962 634 eos
995 577 1120 634 felle
1148 577 1271 650 (sive
1298 591 1436 647 aqua
1464 577 1691 649 amara),
1720 577 1846 646 quia
1879 590 1910 629 a
1938 589 2067 644 pro-

498 695 516 725 ι
558 673 736 744 phetis
767 670 882 726 Hier
925 669 1105 725 salem
1143 675 1227 723 est
1262 681 1484 738 egressa
1510 667 1733 738 pollutio
1763 666 1818 721 in
1852 680 2068 720 omnem

502 785 519 816 ι
553 774 772 820 terram.
805 781 824 814 ι
877 763 1104 818 Utamur
1154 759 1258 813 hoc
1289 759 1595 813 testimonio
1642 757 1929 812 adversum
1977 771 2071 811 eos

507 861 587 931 ιιιί
634 856 890 928 epistolas
916 854 1104 925 plenas
1149 853 1554 912 mendaciorum
1597 860 1651 908 et
1697 851 2071 906 fraudulentia:

493 959 657 1019 .ttque
679 945 904 1018 perjurii
926 945 979 999 in
1001 944 1188 998 orbem
1209 944 1466 1015 dirigunt,
1489 948 1628 999 ut'et
1652 958 1812 999 aures
1829 942 2073 1014 polluant

499 1037 844 1101 audientium,
884 1043 938 1090 et
979 1033 1435 1090 existimationem
1481 1032 1804 1102 simplicium
1834 1031 2070 1099 laedant,

495 1130 639 1200 quod
667 1128 952 1199 impleatur
979 1126 1036 1181 in
1080 1126 1160 1180 eis
1187 1125 1330 1196 quod
1358 1124 1622 1193 scriptum
1648 1130 1732 1178 est
1757 1136 1772 1176 :
1818 1139 1838 1173 ‹
1873 1123 1918 1176 Α
1949 1137 2074 1193 pro-

493 1220 670 1289 phetis
696 1216 1032 1272 Hierusalem
1051 1229 1269 1283 egressa
1292 1223 1378 1269 est
1396 1213 1620 1285 pollutio
1645 1213 1698 1268 in
1725 1227 1941 1268 omnem
1963 1221 2076 1267 ter-

494 1329 632 1367 ram.
680 1331 698 1364 ι
728 1310 844 1366 Νοη
869 1308 1012 1364 enim
1053 1307 1134 1362 eis
1159 1303 1354 1361 sufﬁcit
1409 1305 1746 1375 iniquitatem
1799 1304 2075 1373 propriam

497 1403 772 1464 devorare,
796 1397 1071 1469 proximos
1092 1395 1324 1451 laedere:
1351 1394 1448 1451 sed
1472 1408 1607 1464 quos
1631 1392 1798 1450 semel
1823 1393 2070 1457 oderunt,

493 1507 592 1561 per
621 1490 934 1544 universum
959 1485 1146 1541 orbem
1175 1483 1437 1539 infamare
1472 1492 1760 1549 conantur,
1799 1490 1855 1540 et
1876 1483 2076 1552 ubique

495 1585 765 1636 seminare
790 1578 1170 1650 blasphemiae.

571 1693 590 1725 ι
627 1673 752 1728 Haec
783 1671 912 1728 dicit
952 1667 1209 1722 Dominus
1259 1666 1595 1721 exercituum
1628 1684 1642 1719 :
1675 1664 1854 1722 Nolite
1888 1665 2074 1720 audire

493 1766 659 1821 verba
684 1767 1092 1835 prophetarum,
1122 1761 1215 1832 qui
1242 1761 1568 1830 prophetant
1613 1761 1785 1826 vobis,
1841 1767 1896 1814 et
1924 1759 2074 1814 deci-

493 1860 649 1928 piunt
673 1872 785 1913 vos.
812 1854 1088 1911 Visionem
1115 1854 1293 1909 cordis
1323 1853 1404 1908 sui
1432 1852 1744 1920 loquuntur,
1775 1859 1831 1906 et
1862 1866 1970 1906 non
2010 1851 2076 1906 de

494 1963 591 2003 ore
626 1946 857 2002 Domini.
902 1945 1093 1999 Dicunt
1116 1942 1234 2006 his,
1283 1943 1375 2010 qui
1417 1941 1794 2012 blasphemant
1825 1956 1913 1996 me
1947 1941 2076 2011 (sive

494 2035 756 2105 abjiciunt
781 2034 1003 2090 verbum
1031 2031 1262 2101 meum),
1297 2031 1505 2087 locutus
1529 2041 1612 2086 est
1638 2031 1895 2087 Dominus
1925 2049 1937 2083 :
1963 2032 2073 2085 Pax

491 2126 600 2180 erit
621 2124 794 2189 vobis,
825 2132 880 2178 et
904 2124 1072 2188 omni,
1103 2123 1196 2193 qui
1227 2121 1462 2176 ambulat
1495 2122 1550 2176 in
1601 2121 1866 2190 pravitate
1894 2121 2075 2176 cordis

494 2217 597 2280 sui,
641 2215 892 2270 dixerunt
929 2232 942 2268 :
987 2213 1112 2268 non'
1152 2213 1369 2268 venient
1405 2228 1566 2282 super
1596 2227 1694 2267 vos
1727 2213 1888 2266 mala.
1932 2231 1950 2263 ι
1996 2211 2075 2269 Ne

495 2313 796 2376 putaretse
823 2304 1052 2373 populus
1079 2303 1315 2358 alienum
1344 2317 1467 2358 esse
1490 2309 1522 2355 a
1549 2301 1730 2371 culpa,
1764 2300 1809 2355 si
1853 2296 2066 2370 perver-

494 2400 572 2470 sis
600 2399 966 2468 acquiesceret
994 2394 1304 2464 doctoribus
1335 2413 1348 2448 :
1383 2413 1401 2446 ι
1429 2392 1626 2458 Nolite,
1665 2393 1859 2462 inquit,
1891 2392 2074 2446 audire

495 2489 658 2542 verba
689 2490 1092 2558 prophetarum,
1131 2486 1327 2555 quibus
1366 2485 1521 2540 vobis
1565 2485 1891 2556 prophetam
1925 2499 2076 2539 men-

494 2577 726 2642 dacium,
749 2585 807 2632 et
835 2576 1109 2646 decipiunt
1149 2590 1264 2631 vos.
1307 2594 1325 2627 ι
1352 2575 1460 2629 Par
1487 2574 1631 2628 enim
1672 2575 1779 2629 erit
1821 2588 1983 2644 poena
2023 2581 2078 2629 et

494 2667 753 2737 magistro
787 2676 843 2722 et
880 2666 1145 2735 discipulo
1189 2684 1201 2719 :
1245 2681 1352 2746 non
1395 2666 1693 2734 loquuntur
1725 2680 1794 2720 ex
1832 2679 1927 2720 ore
1966 2664 2074 2720 Do-

497 2757 652 2821 mini,
683 2757 776 2812 sed
812 2771 896 2822 ea,
927 2771 1046 2826 quae
1090 2756 1145 2809 in
1177 2769 1276 2810 suo
1305 2754 1469 2810 corde
1496 2754 1841 2809 simularunt.
1880 2753 2078 2808 Dicunt

494 2835 599 2911 bis,
638 2848 729 2917 qui
751 2847 1128 2917 blasphemant
1153 2861 1238 2901 me
1271 2865 1284 2898 :
1321 2845 1592 2900 haereticis
1632 2843 1882 2898 videlicet
1914 2852 2076 2912 atque

497 2941 788 3010 perversis,
819 2941 933 2995 sive
961 2940 1055 3011 qui
1085 2939 1344 3008 abjicinnt
1367 2952 1673 2994 sermonem
1697 2950 1912 3002 meum;
1945 2936 2075 3006 quid

496 3034 716 3089 dicunt?
743 3053 760 3084 ‹
789 3032 1025 3088 Locutus
1057 3041 1141 3086 est
1173 3032 1433 3086 Dominus
1473 3071 1486 3083 .
1525 3029 1638 3083 Pax
1663 3031 1770 3084 erit
1812 3029 1966 3084 vobis
1995 3046 2008 3080 :
2051 3045 2070 3079 ι

494 3143 563 3181 nc
586 3126 822 3181 timeatis
843 3126 978 3180 dura
1004 3109 1282 3194 supplicia,
1329 3138 1430 3178 nec
1454 3123 1608 3178 vanis
1645 3120 2077 3178 comminationi-

491 3217 595 3271 bus
631 3214 976 3270 terreamini?
1007 3213 1120 3267 Pax
1158 3215 1264 3269 erit
1299 3213 1454 3268 vobis
1484 3221 1645 3283 atque
1690 3211 2073 3282 tranquillitas,

491 3315 542 3359 et
591 3304 851 3374 quidquid
879 3303 1108 3358 dicimus
1153 3311 1209 3358 et
1249 3302 1632 3357 annuntiamus
1676 3301 1828 3356 vobis
1867 3301 2080 3355 locutus

492 3397 879 3453 est’Dominus.
915 3395 1022 3451 Nec
1056 3396 1236 3450 veniet
1271 3411 1434 3466 super
1456 3411 1554 3452 vos
1583 3395 1803 3458 malum,
1840 3396 1985 3464 quod
2011 3395 2079 3449 ti-

495 3489 654 3542 metis
683 3502 784 3556 pro
811 3486 950 3543 mala
981 3486 1310 3549 conscientia
1337 3501 1353 3542 :
1381 3487 1477 3543 sed
1499 3487 1720 3552 bonum,
1751 3486 1896 3555 quod
1921 3485 2076 3542 vobis

493 3577 702 3632 locutus
735 3587 815 3633 est
855 3576 1131 3632 Dominus.

567 3687 586 3718 ι
616 3667 748 3734 Quis
777 3667 920 3723 enim
949 3666 1120 3722 adfuit
1150 3667 1204 3722 in
1231 3667 1458 3724 consilio
1505 3667 1737 3735 Domini,
1775 3677 1830 3723 et
1855 3669 1992 3724 vidit
2021 3677 2077 3723 et

499 3778 518 3809 ι
556 3758 763 3812 audivit
792 3754 1271 3825 sermonem‘ejus?
1295 3757 1427 3824 Quis
1449 3757 1815 3814 consideravit
1851 3756 2076 3814 verbum

498 3871 515 3900 ι
554 3847 697 3917 illius
711 3856 766 3902 et
781 3847 1017 3902 audivit?
1043 3867 1062 3900 ›
1084 3845 1185 3902 Ubi
1200 3861 1299 3902 nos
1326 3848 1662 3917 interpretati
1688 3863 1874 3902 sumus
1886 3847 1938 3900 in
1954 3864 2076 3902 con-

494 3938 614 3994 silio
671 3938 905 4002 Domini,
935 3946 991 3992 et
1034 3938 1088 3992 in
1143 3936 1410 3992 Hebraico
1461 3937 1724 4006 scriptum
1753 3945 1838 3993 est
1873 3945 2007 4003 TD:
2058 3955 2072 3990 :

488 4029 708 4098 Aquila,
741 4038 1030 4092 secretum;
1059 4027 1439 4098 Symmachus,
1478 4045 1802 4095 sermonem;
1829 4027 1971 4082 LXX
2020 4038 2077 4083 et

490 4111 813 4182 Theodotio,
846 4118 1192 4171 substantiam
1225 4121 1338 4173 sive
1371 4121 1756 4173 subsistentiam
1805 4121 2074 4190 interpre—

491 4210 586 4263 tati
612 4219 756 4262 sunt.
787 4209 852 4262 Et
874 4217 958 4262 est
987 4223 1178 4262 sensus
1203 4222 1220 4262 :
1249 4208 1426 4264 Nolite
1446 4209 1688 4274 credere,
1723 4225 1756 4264 ο
1776 4211 1969 4281 vulgus
1989 4211 2075 4265 in-

490 4301 733 4364 doctum,
779 4298 1058 4369 prophetis
1099 4299 1252 4353 vobis
1285 4297 1420 4352 falsa
1461 4301 1942 4366 annuntiantibus,
1984 4301 2077 4370 qui

491 4391 696 4453 dicunt,
731 4389 856 4444 Haec
896 4389 1108 4443 locutus
1152 4397 1236 4443 est
1277 4390 1580 4444 Dominus:
1612 4389 1724 4444 Pax
1755 4392 1858 4445 erit
1898 4389 2072 4457 vobis,

2168 587 2223 634 et
2252 578 2434 633 venire
2471 593 2580 632 non
2621 590 2780 646 super
2819 573 3105 645 quoslibet,
3136 574 3230 627 sed
3249 587 3414 643 super
3438 572 3614 642 capita
3642 571 3741 627 im-

2170 674 2401 744 piorum,
2425 669 2510 725 vel
2544 667 2778 724 universi
2798 665 3002 737 populi,
3024 664 3109 718 vel
3130 677 3317 718 eorum
3354 663 3448 733 qui
3492 660 3624 716 falsa
3646 673 3741 732 po-

2171 767 2297 836 pqu
2325 763 2658 818 nuntiabant.
2683 760 2793 816 Nec
2825 760 2967 815 sicut
2995 758 3050 812 in
3065 755 3371 834 praeteritis
3407 754 3742 825 temporibus

2174 854 2267 910 Dei
2296 853 2432 907 iram
2459 852 2800 920 furoremque
2826 848 3167 918 placandum,
3196 844 3288 901 sed
3309 846 3453 914 quod
3474 845 3740 914 predixit,

2172 953 2226 1000 et
2249 944 2543 1015 saepissime
2563 941 2932 998 comminatus
2955 951 3058 1004 est,
3081 953 3246 1008 opere
3267 937 3664 1007 complendum,
3693 946 3746 991 et

2173 1036 2551 1107 cogitationem
2581 1032 2722 1088 illius
2752 1041 2915 1103 atque
2936 1031 3260 1085 sententiam
3305 1030 3592 1100 impiorum
3622 1041 3746 1095 sup-

2171 1127 2345 1198 pliciis
2373 1123 2844 1194 comprobandam.
2876 1121 3034 1188 Cum,
3072 1120 3266 1190 inquit,
3315 1130 3624 1176 extremum
3653 1131 3742 1170 ca-

2173 1218 2434 1288 ptivitatis
2463 1225 2673 1285 tempus
2712 1213 3012 1276 advenerit,
3043 1221 3098 1266 et
3125 1211 3421 1266 obtinuerit
3447 1225 3543 1264 vos
3579 1208 3746 1261 victor

2175 1306 2473 1370 exsultans,
2501 1311 2556 1359 et
2581 1318 2775 1358 manus
2803 1303 3032 1357 stridore
3075 1301 3311 1354 vinxerit
3365 1307 3673 1354 catenarum
3725 1310 3739 1349 :

2179 1404 2304 1452 tunc
2323 1395 2632 1467 intelligetis
2659 1393 2943 1450 consilium
2963 1393 3098 1464 ejus,
3113 1391 3255 1462 quod
3267 1405 3364 1446 vos
3388 1389 3591 1445 frustra
3610 1402 3744 1443 nunc

2175 1487 2316 1541 scire
2340 1485 2580 1556 jactatis.

2252 1595 2270 1628 ι
2303 1575 2419 1631 Non
2445 1576 2724 1630 mittebam
2750 1573 3064 1643 prophetas,
3092 1579 3147 1625 et
3173 1571 3276 1641 ipsi
3303 1570 3620 1633 currebant;
3647 1584 3744 1622 non

2183 1688 2202 1719 ‹
2238 1667 2499 1740 loquebar
2523 1667 2589 1720 ad
2610 1680 2720 1727 eos,
2749 1673 2800 1718 et
2825 1664 2926 1734 ipsi
2955 1662 3366 1732 prophetabant.
3397 1659 3457 1714 Si
3478 1660 3748 1715 stetissent

2183 1780 2203 1815 ‹
2245 1762 2299 1816 in
2325 1759 2550 1816 consilio
2577 1772 2718 1821 meo,
2762 1764 2816 1809 et
2862 1763 2995 1814 nota
3020 1753 3273 1807 fecissent
3296 1751 3462 1806 verba
3506 1765 3622 1804 mea
3654 1765 3745 1818 po-

2083 1833 2151 1894 ‘B
2187 1874 2206 1908 ‹
2240 1856 2368 1926 pulo
2395 1867 2535 1918 meo,
2563 1850 2878 1905 avertissem
2906 1848 3090 1916 utique
3110 1860 3204 1901 eos
3225 1860 3254 1899 a
3277 1845 3364 1899 via
3391 1859 3489 1898 sua
3511 1842 3670 1907 mala,
3699 1849 3748 1896 et

2183 1963 2202 1996 ‹
2245 1960 2275 1997 a
2295 1941 2545 2012 pessimis
2572 1938 2988 2010 cogitationibus
3014 1936 3145 1991 suis.
3193 1954 3212 1987 ι
3245 1933 3400 1990 Hunc
3451 1949 3669 1993 sensum
3699 1941 3749 1987 et

2175 2035 2464 2106 Apostolus
2489 2033 2718 2102 explicat
2743 2030 2807 2084 ad
2840 2031 3110 2084 Romanos
3139 2046 3152 2080 :
3184 2046 3202 2078 ‹
3236 2027 3304 2082 Ει
3333 2027 3471 2082 sicut
3499 2041 3605 2083 non
3633 2041 3748 2096 pro-

2177 2126 2441 2181 baverunt
2487 2123 2770 2178 Dominum
2805 2121 3007 2175 habere
3053 2120 3107 2173 in
3136 2118 3359 2181 notitia,
3400 2117 3624 2172 tradidit
3663 2131 3749 2171 eos

2178 2216 2506 2270 Dominusin
2537 2213 2820 2283 reprobum
2861 2226 3102 2276 sensum,
3147 2219 3206 2264 ut
3247 2211 3452 2264 faciant
3479 2224 3600 2277 qua:
3648 2222 3746 2261 non

2176 2306 2522 2367 conveniunt,
2549 2303 2783 2371 repletos
2807 2302 2952 2354 omni
2983 2299 3289 2369 iniquitate,
3333 2297 3559 2362 malitia,
3593 2297 3747 2351 fomi-

2177 2399 2410 2460 catione,
2446 2396 2706 2464 nequitia,
2738 2394 2963 2449 avaritia
2997 2392 3170 2464 (Rom.
3229 2392 3292 2463 ι),
3344 2411 3362 2442 ι
3420 2400 3473 2446 et
3521 2389 3745 2445 caeteris.

2177 2489 2311 2546 Cum
2336 2491 2480 2544 enim
2505 2487 2669 2544 semel
2692 2500 2749 2541 se
2770 2485 3091 2540 tradiderint
3120 2485 3240 2540 falsi
3263 2485 3511 2540 doctores
3535 2482 3752 2536 menda-

2179 2581 2300 2645 ciis,
2352 2588 2514 2649 atque
2557 2576 2828 2650 periuriis,
2859 2586 2912 2630 et
2943 2576 3208 2630 mortibus
3237 2574 3609 2643 deceptorum,
3651 2587 3751 2626 non

2179 2673 2506 2742 pedetentim
2563 2686 2662 2726 nec
2710 2669 3051 2726 considerato
3098 2671 3289 2741 gradu,
3317 2669 3414 2724 sed
3458 2668 3752 2738 praecipites

2180 2769 2404 2816 currunt
2440 2761 2508 2816 ad
2546 2760 2842 2825 interitum,
2881 2769 2936 2814 et
2973 2776 3153 2824 suum,
3182 2766 3237 2815 et
3271 2775 3459 2814 eorum
3493 2773 3630 2829 quos
3666 2759 3751 2813 de-

2178 2854 2437 2924 ceperint.
2470 2851 2580 2907 Nec
2600 2851 2837 2920 loquitur
2862 2853 2939 2906 eis
2965 2851 3222 2906 Dominus
3279 2849 3374 2906 sed
3407 2851 3509 2918 ipsi
3531 2850 3750 2921 loquun-

2178 2954 2269 2999 tur
2287 2943 2440 3014 quasi
2465 2958 2530 2998 ex
2569 2956 2663 2997 ore
2694 2943 2928 3007 Domini,
2957 2943 3024 2996 de
3045 2941 3240 3012 quibus
3269 2950 3321 2996 et
3351 2941 3550 2996 dicitur
3581 2960 3592 2994 :
3637 2961 3654 2992 ‹
3694 2939 3749 2997 Si

2179 3038 2456 3092 stetissent
2489 3035 2542 3088 in
2569 3033 2795 3088 consilio
2822 3049 2964 3099 meo,
2996 3053 3015 3087 ι
3057 3034 3158 3088 hoc
3197 3043 3296 3110 est,
3323 3033 3367 3086 si
3397 3047 3532 3109 mea:
3559 3032 3752 3088 voluis-

2180 3135 2300 3182 sent
2337 3124 2682 3195 acquiescere
2718 3123 3006 3191 voluntati,
3035 3132 3091 3180 et
3137 3133 3262 3180 nota
3308 3123 3566 3179 fecissent
3595 3125 3753 3178 verba

2182 3234 2300 3273 mea
2340 3217 2534 3287 populo
2559 3232 2701 3282 meo,
2735 3232 2839 3270 non
2866 3216 3204 3272 blandientes
3245 3218 3325 3271 eis
3359 3226 3417 3272 et
3452 3218 3752 3272 adulatione

2177 3309 2481 3379 perdentes,
2508 3317 2568 3360 ut
2595 3308 2874 3362 dicerent:
2908 3321 3016 3362 non
3065 3308 3277 3363 habetis
3303 3316 3550 3377 peccata,
3582 3307 3751 3378 perfe-

2176 3411 2320 3456 ctam
2337 3399 2601 3468 justitiam
2624 3400 2931 3470 possidetis,
2955 3399 3215 3454 sanctitas
3239 3407 3295 3453 et
3313 3399 3574 3467 pudicitia
3599 3408 3753 3467 atque

2171 3490 2380 3559 justitia
2407 3491 2458 3544 in
2478 3490 2628 3545 vobis
2659 3490 3029 3544 tantummodo
3053 3487 3412 3559 reperiuntur.
3441 3489 3508 3541 Et
3534 3503 3633 3558 ego
3652 3501 3752 3541 non

2178 3580 2521 3636 tradidissem
2551 3594 2643 3635 eos
2672 3580 2726 3633 in
2756 3579 3152 3634 immunditiam
3196 3586 3250 3631 et
3282 3577 3652 3647 ignominiam,
3701 3585 3754 3628 ut

2176 3671 2442 3735 facerem,
2494 3686 2615 3740 quae
2666 3685 2774 3723 non
2821 3670 3170 3733 conveniunt,
3207 3677 3263 3722 et
3288 3676 3347 3722 ut
3399 3675 3754 3736 sequerentur

2175 3764 2529 3834 cogitationes
2551 3776 2677 3816 suas
2697 3761 2977 3832 pessimas.
2995 3760 3435 3829 Contemplemur
3452 3760 3752 3822 haereticos,

2176 3855 2446 3924 quomodo
2492 3853 2658 3908 semel
2695 3855 3043 3922 desperantes
3084 3853 3334 3919 salutem,
3365 3853 3503 3924 gula:
3550 3868 3609 3906 se
3650 3862 3754 3905 tra-

2176 3944 2326 4010 dant,
2358 3952 2412 3998 et
2435 3943 2660 4007 deliciis,
2684 3953 2975 3999 vescantur
3000 3945 3260 4000 carnibus
3279 3986 3292 4008 ,
3319 3945 3632 4014 frequenter
3670 3944 3758 3997 ad-

2175 4043 2302 4091 eant
2341 4034 2553 4097 balnea,
2590 4049 2775 4088 musco
2806 4032 3068 4103 fragrent,
3113 4035 3403 4103 unguentis
3433 4034 3602 4087 variis
3627 4031 3756 4087 deli-

2177 4125 2290 4179 buti
2313 4131 2560 4195 qumrant
2603 4139 2889 4192 corporum
2908 4123 3382 4194 pulchritudinem.
3416 4123 3592 4178 Semel
3615 4126 3757 4177 enim

2177 4217 2356 4271 futura
2387 4231 2494 4271 non
2524 4225 2766 4286 sperant,
2797 4230 2898 4271 nec
2927 4217 3156 4272 credunt
3186 4217 3239 4271 in
3272 4218 3756 4272 resurrectionem:

2177 4310 2318 4378 quod
2356 4323 2478 4363 cum
2517 4322 2765 4362 sermone
2809 4324 2918 4362 non
2944 4308 3204 4377 pandant,
3245 4311 3535 4364 ostendunt
3576 4311 3760 4379 operi-

2176 4401 2320 4454 bus:
2355 4401 2400 4454 si
2436 4400 2579 4453 enim
2627 4399 2932 4464 crederent,
2979 4400 3082 4454 ista
3136 4415 3240 4454 non
3274 4400 3534 4454 facerent.
3584 4401 3656 4454 Et
3706 4403 3757 4455 in

495 4495 601 4579 uoti
629 4479 808 4533 veniet
856 4492 1016 4546 super
1059 4493 1154 4533 Vos
1204 4479 1424 4535 malum.
1479 4479 1632 4579 Unde
1659 4481 1806 4579 enim
1847 4493 2073 4552 possunt
2100 4519 2153 4579 Β
2185 4509 2202 4543 ι
2233 4491 2336 4544 hoc
2356 4489 2475 4545 loco
2499 4490 2588 4544 ubi
2614 4490 2870 4558 scriptum
2891 4496 2994 4554 est,
3026 4508 3045 4539 ‹
3077 4491 3120 4544 si
3149 4490 3427 4544 stetissent
3451 4491 3504 4544 in
3534 4490 3759 4545 consilio

495 4569 586 4623 Dei
616 4583 776 4623 nosse
810 4577 1040 4645 secreta,
1071 4576 1163 4622 aut
1191 4584 1297 4637 quo
1324 4569 1676 4625 annuntiante
1701 4569 1911 4625 Domini
1941 4573 2078 4627 didi-

490 4677 616 4714 cere
643 4659 966 4714 consilium?
1001 4659 1279 4726 Quomodo
1317 4661 1384 4714 ad
1419 4673 1514 4715 eos
1549 4661 1744 4714 divina:
1771 4661 2080 4730 dispositio-

493 4752 578 4803 nis
619 4765 795 4804 scrmo
820 4749 1110 4816 pervenit?
1135 4749 1372 4815 Quidam.
1389 4759 1699 4806 nostrorum
1725 4752 1779 4805 in
1819 4753 1920 4808 hoc
1958 4755 2078 4810 loco

491 4857 550 4896 se
577 4843 842 4911 reperisse
858 4842 924 4895 de
940 4849 1152 4911 putant,
1170 4843 1260 4897 ubi
1276 4842 1368 4897 Dei
1395 4843 1731 4898 describatur
1755 4845 2074 4903 substantia.

568 4952 584 4983 ι
626 4935 764 4987 Ecce
800 4935 957 4987 turbo
984 4934 1108 5004 (sive
1132 4939 1468 5007 tempestas),
1499 4945 1555 4993 et
1581 4939 1874 4994 commotio
1895 4940 2078 4996 Domi-

493 5048 515 5077 4
555 5027 689 5080 uicae
729 5025 1112 5096 indignationis
1133 5027 1460 5095 egredietur,
1487 5037 1542 5083 et
1567 5039 1861 5099 tempestas
1896 5048 2078 5088 crum-

499 5143 517 5173 σ
556 5137 712 5192 pens,
741 5135 901 5191 super
939 5127 1100 5187 caput
1124 5120 1414 5190 impiorum
1443 5124 1642 5178 veniet.
1669 5125 1734 5179 Et
1754 5141 1863 5180 non
1890 5141 2075 5182 rever-

500 5231 518 5263 c
560 5221 709 5266 tctur
746 5209 895 5265 furor
934 5211 1177 5273 Domini,
1219 5226 1389 5281 usque
1424 5213 1549 5266 dum
1588 5193 1771 5281 faciat,
1811 5226 1867 5270 et
1905 5234 2076 5288 usque

501 5325 520 5356 ι
558 5306 682 5359 dum
705 5304 980 5374 compleat-
1003 5303 1385 5373 cogitationem
1414 5305 1592 5359 cordis
1629 5306 1731 5360 sui.
1764 5305 1818 5360 In
1846 5310 2076 5365 novissi-

500 5414 521 5446 ‹
558 5395 661 5447 mis
689 5394 875 5448 diebus
899 5393 1212 5465 intelligetis
1237 5395 1520 5449 consilium
1547 5396 1684 5465 ejus.
1726 5416 1743 5447 ι
1778 5396 1879 5463 Qui
1911 5414 2075 5469 supra

498 5489 746 5542 dixerant
784 5503 796 5537 :
843 5503 860 5535 ε
906 5485 1141 5541 Locutus
1173 5495 1258 5542 est
1291 5486 1446 5543 nobis
1485 5489 1766 5554 Dominus,
1821 5505 1923 5558 pax
1973 5493 2079 5546 erit

501 5579 674 5642 vobis,
713 5597 730 5629 ι
757 5587 813 5631 et
840 5593 973 5647 quos
1007 5579 1363 5647 corripuerat,
1397 5579 1541 5649 quod
1568 5595 1673 5635 non
1697 5590 1915 5649 possent
1945 5597 2077 5637 ven-

502 5681 620 5725 tura
651 5685 1000 5742 cognoscere,
1031 5685 1135 5723 nec
1164 5669 1258 5724 Dei
1307 5685 1464 5725 nosse
1511 5673 1836 5728 sententiam
1881 5691 1898 5727 :
1934 5689 2078 5730 nunc

502 5762 734 5816 ostendit
762 5777 859 5818 uer
878 5761 1152 5818 contraria
1173 5774 1268 5817 eos
1310 5761 1531 5818 omnino
1554 5764 1788 5821 nescire.
1813 5762 1920 5820 Pro
1946 5779 2079 5821 oace

2180 4595 2321 4648 meo,
2359 4601 2376 4633 ι
2411 4581 2624 4650 Aquila,
2651 4579 3007 4650 Symmachus
3026 4590 3081 4636 et
3100 4580 3419 4646 Theodotio,
3446 4588 3500 4635 et
3529 4578 3760 4652 Septua-

2179 4672 2326 4742 ginta
2352 4680 2413 4725 ut
2447 4686 2607 4740 supra
2639 4671 2888 4725 similiter
2912 4669 3320 4726 transtulerunt.

2257 4779 2276 4812 ‹
2312 4760 2562 4829 Nunquid
2595 4759 2736 4814 Deus
2765 4777 2794 4815 e
2821 4762 2997 4815 vicino
3041 4776 3181 4825 sum,
3209 4760 3341 4815 dicit
3367 4760 3629 4814 Dominus
3662 4779 3674 4813 :
3711 4769 3762 4815 et

2185 4871 2205 4904 ‹
2237 4867 2341 4906 non
2373 4851 2514 4906 Deus
2540 4851 2606 4905 de
2633 4851 2826 4921 longe?
2857 4850 2912 4905 Si
2942 4852 3304 4907 occultabitur
3328 4849 3412 4903 vir
3445 4850 3495 4904 in
3523 4849 3761 4906 abscon-

2185 4962 2205 4994 ‹
2240 4943 2388 5007 ditis,
2410 4951 2466 4996 et
2483 4957 2583 5014 ego
2616 4959 2723 4998 non
2749 4943 2940 4997 videbo
2963 4959 3106 5007 eum,
3135 4943 3266 4997 dicit
3293 4942 3580 5016 Dominus?
3609 4941 3762 4998 Nun-

2190 5052 2208 5085 ‹
2241 5034 2368 5103 quid
2403 5048 2510 5087 non
2549 5033 2746 5088 cmlum
2773 5043 2828 5089 et
2852 5044 3051 5088 terram
3077 5047 3176 5103 ego
3211 5032 3426 5102 impleo,
3464 5033 3537 5086 ait
3571 5031 3762 5088 Domi-

2189 5145 2207 5177 ι
2239 5126 2374 5180 nus?
2431 5121 2643 5178 ..ιΧΧ
2673 5141 2684 5176 :
2718 5141 2737 5174 ‹
2802 5125 2944 5192 Deus
2993 5125 3428 5194 appropinquans
3458 5138 3574 5193 ego,
3631 5124 3764 5180 dicit

2189 5234 2207 5268 ‹
2238 5215 2517 5282 Dominus,
2551 5222 2604 5270 et
2650 5231 2757 5270 non
2798 5217 2938 5272 Deus
2967 5217 3033 5272 de
3071 5216 3244 5287 longe.
3287 5215 3345 5270 Si
3397 5215 3763 5272 abscondetur

2188 5323 2206 5356 ς
2236 5306 2397 5361 homo
2425 5306 2477 5359 in
2523 5306 2882 5372 absconditis,
2933 5315 2989 5361 et
3044 5322 3143 5374 ego
3194 5321 3298 5361 non
3351 5305 3542 5362 videbo
3587 5321 3759 5371 eum,

2186 5415 2204 5450 ‹
2241 5396 2369 5450 dicit
2409 5396 2696 5450 Dominus?
2737 5396 2985 5465 Nunquid
3033 5413 3144 5452 non
3188 5397 3383 5452 caelum
3442 5406 3498 5452 et
3551 5406 3761 5451 terram

2185 5508 2204 5540 ι
2241 5503 2339 5559 ego
2369 5490 2583 5558 impleo,
2613 5489 2744 5543 dicit
2788 5488 3077 5543 Dominus?
3112 5508 3130 5540 ι
3160 5488 3352 5558 Aquila
3395 5496 3453 5541 et
3497 5487 3760 5558 Symma-

2180 5581 2311 5634 chus
2355 5581 2604 5635 similiter
2651 5580 2988 5647 interpretati
3031 5588 3196 5633 sunt:
3255 5597 3273 5631 ι
3330 5577 3582 5648 Nunquid
3614 5578 3760 5634 Deus

2180 5672 2244 5727 de
2270 5674 2587 5742 propinquo,
2617 5673 2728 5726 sive
2767 5672 2944 5727 vicino
2972 5686 3070 5742 ego
3092 5686 3230 5737 sum,
3277 5679 3331 5726 et
3360 5686 3468 5725 non
3504 5671 3657 5726 Deus
3703 5673 3760 5727 de

2179 5766 2368 5828 loose?
2397 5786 2415 5819 ι
2451 5765 2594 5824 LXX
2621 5780 2752 5824 vero
2772 5773 2827 5822 et
2851 5763 3152 5825 Theodotio
3176 5780 3340 5824 sensu
3367 5773 3591 5826 vertere
3629 5781 3760 5825 con-
