  <div class='ocr_page' id='page_1' title='image "/cluster/home/n/w/nwhite01/storage/ocr_20150623/111/uva.x000827067/500.png"; bbox 0 0 3926 6324; ppageno 0'>
   <div class='ocr_carea' id='block_1_1' title="bbox 153 389 263 443">
    <p class='ocr_par' dir='ltr' id='par_1_1' title="bbox 153 389 263 443">
     <span class='ocr_line' id='line_1_1' title="bbox 153 389 263 443; baseline 0 0"><span class='ocrx_word' id='word_1_1' title='bbox 153 389 263 443; x_wconf 79' lang='lat'><strong>985</strong></span> 
     </span>
    </p>
   </div>
   <div class='ocr_carea' id='block_1_2' title="bbox 155 499 809 556">
    <p class='ocr_par' dir='ltr' id='par_1_2' title="bbox 155 499 809 556">
     <span class='ocr_line' id='line_1_2' title="bbox 155 499 809 556; baseline -0.011 0"><span class='ocrx_word' id='word_1_2' title='bbox 155 501 331 556; x_wconf 81' lang='lat' dir='ltr'><strong>trario</strong></span> <span class='ocrx_word' id='word_1_3' title='bbox 384 509 446 555; x_wconf 93' lang='lat' dir='ltr'><strong>ut</strong></span> <span class='ocrx_word' id='word_1_4' title='bbox 498 499 740 554; x_wconf 85' lang='lat' dir='ltr'><strong>dicerent</strong></span> <span class='ocrx_word' id='word_1_5' title='bbox 794 513 809 549; x_wconf 89' lang='lat'>:</span> 
     </span>
    </p>
   </div>
   <div class='ocr_carea' id='block_1_3' title="bbox 151 583 1725 655">
    <p class='ocr_par' dir='ltr' id='par_1_3' title="bbox 151 583 1725 655">
     <span class='ocr_line' id='line_1_3' title="bbox 151 583 1725 655; baseline -0.004 -8"><span class='ocrx_word' id='word_1_6' title='bbox 151 593 290 647; x_wconf 87' lang='lat' dir='ltr'><strong>dicit</strong></span> <span class='ocrx_word' id='word_1_7' title='bbox 336 583 620 654; x_wconf 88' lang='lat' dir='ltr'><strong>Dominus,</strong></span> <span class='ocrx_word' id='word_1_8' title='bbox 645 596 701 643; x_wconf 89' lang='lat' dir='ltr'><strong>et</strong></span> <span class='ocrx_word' id='word_1_9' title='bbox 750 603 856 642; x_wconf 91' lang='lat' dir='ltr'><strong>non</strong></span> <span class='ocrx_word' id='word_1_10' title='bbox 883 586 1024 641; x_wconf 88' lang='lat' dir='ltr'><strong>Deus</strong></span> <span class='ocrx_word' id='word_1_11' title='bbox 1048 586 1115 642; x_wconf 92' lang='lat' dir='ltr'><strong>de</strong></span> <span class='ocrx_word' id='word_1_12' title='bbox 1144 585 1318 655; x_wconf 88' lang='lat' dir='ltr'><strong>longe.</strong></span> <span class='ocrx_word' id='word_1_13' title='bbox 1357 604 1384 637; x_wconf 74' lang='grc' dir='ltr'><strong><em>ο</em></strong></span> <span class='ocrx_word' id='word_1_14' title='bbox 1415 585 1568 651; x_wconf 87' lang='lat' dir='ltr'><strong>Quod</strong></span> <span class='ocrx_word' id='word_1_15' title='bbox 1619 587 1725 650; x_wconf 85' lang='lat' dir='ltr'><strong>sci-</strong></span> 
     </span>
    </p>
   </div>
   <div class='ocr_carea' id='block_1_4' title="bbox 148 677 1725 750">
    <p class='ocr_par' dir='ltr' id='par_1_4' title="bbox 148 677 1725 750">
     <span class='ocr_line' id='line_1_4' title="bbox 148 677 1725 750; baseline -0.001 -17"><span class='ocrx_word' id='word_1_16' title='bbox 148 681 285 737; x_wconf 89' lang='lat' dir='ltr'><strong>licet</strong></span> <span class='ocrx_word' id='word_1_17' title='bbox 336 679 640 750; x_wconf 81' lang='lat' dir='ltr'><strong>superiores</strong></span> <span class='ocrx_word' id='word_1_18' title='bbox 686 686 932 733; x_wconf 88' lang='lat' dir='ltr'><strong>asserant</strong></span> <span class='ocrx_word' id='word_1_19' title='bbox 999 677 1167 732; x_wconf 91' lang='lat' dir='ltr'><strong>Deum</strong></span> <span class='ocrx_word' id='word_1_20' title='bbox 1228 692 1335 732; x_wconf 91' lang='lat' dir='ltr'><strong>non</strong></span> <span class='ocrx_word' id='word_1_21' title='bbox 1386 685 1595 731; x_wconf 88' lang='lat' dir='ltr'><strong>tantum</strong></span> <span class='ocrx_word' id='word_1_22' title='bbox 1640 678 1725 732; x_wconf 85' lang='lat' dir='ltr'><strong>vi-</strong></span> 
     </span>
    </p>
   </div>
   <div class='ocr_carea' id='block_1_5' title="bbox 147 768 1728 838">
    <p class='ocr_par' dir='ltr' id='par_1_5' title="bbox 147 768 1728 838">
     <span class='ocr_line' id='line_1_5' title="bbox 147 768 1728 838; baseline -0.003 -11"><span class='ocrx_word' id='word_1_23' title='bbox 147 773 299 838; x_wconf 88' lang='lat' dir='ltr'><strong>cina,</strong></span> <span class='ocrx_word' id='word_1_24' title='bbox 347 771 440 826; x_wconf 90' lang='lat' dir='ltr'><strong>sed</strong></span> <span class='ocrx_word' id='word_1_25' title='bbox 483 778 537 826; x_wconf 92' lang='lat' dir='ltr'><strong>et</strong></span> <span class='ocrx_word' id='word_1_26' title='bbox 590 784 678 836; x_wconf 88' lang='lat' dir='ltr'><strong>ea,</strong></span> <span class='ocrx_word' id='word_1_27' title='bbox 706 784 826 838; x_wconf 71' lang='lat' dir='ltr'><strong>qua:</strong></span> <span class='ocrx_word' id='word_1_28' title='bbox 861 768 1020 838; x_wconf 87' lang='lat' dir='ltr'><strong>longe</strong></span> <span class='ocrx_word' id='word_1_29' title='bbox 1073 776 1200 824; x_wconf 88' lang='lat' dir='ltr'><strong>sunt</strong></span> <span class='ocrx_word' id='word_1_30' title='bbox 1250 782 1596 838; x_wconf 79' lang='lat' dir='ltr'><strong>cognoscere,</strong></span> <span class='ocrx_word' id='word_1_31' title='bbox 1626 782 1728 823; x_wconf 90' lang='lat' dir='ltr'><strong>nec</strong></span> 
     </span>
    </p>
   </div>
   <div class='ocr_carea' id='block_1_6' title="bbox 143 857 1726 932">
    <p class='ocr_par' dir='ltr' id='par_1_6' title="bbox 143 857 1726 932">
     <span class='ocr_line' id='line_1_6' title="bbox 143 857 1726 932; baseline -0.003 -15"><span class='ocrx_word' id='word_1_32' title='bbox 143 862 462 932; x_wconf 53' lang='lat' dir='ltr'><strong>praesentia,</strong></span> <span class='ocrx_word' id='word_1_33' title='bbox 502 859 595 915; x_wconf 90' lang='lat' dir='ltr'><strong>sed</strong></span> <span class='ocrx_word' id='word_1_34' title='bbox 645 857 824 914; x_wconf 91' lang='lat' dir='ltr'><strong>futura</strong></span> <span class='ocrx_word' id='word_1_35' title='bbox 868 857 1182 928; x_wconf 86' lang='lat' dir='ltr'><strong>conspicere</strong></span> <span class='ocrx_word' id='word_1_36' title='bbox 1229 876 1241 911; x_wconf 92' lang='lat'>:</span> <span class='ocrx_word' id='word_1_37' title='bbox 1294 857 1383 924; x_wconf 90' lang='lat' dir='ltr'><strong>isti</strong></span> <span class='ocrx_word' id='word_1_38' title='bbox 1429 873 1559 913; x_wconf 89' lang='lat' dir='ltr'><strong>vero</strong></span> <span class='ocrx_word' id='word_1_39' title='bbox 1603 858 1726 913; x_wconf 92' lang='lat' dir='ltr'><strong>ubi-</strong></span> 
     </span>
    </p>
   </div>
   <div class='ocr_carea' id='block_1_7' title="bbox 145 947 1728 1023">
    <p class='ocr_par' dir='ltr' id='par_1_7' title="bbox 145 947 1728 1023">
     <span class='ocr_line' id='line_1_7' title="bbox 145 947 1728 1023; baseline -0.002 -17"><span class='ocrx_word' id='word_1_40' title='bbox 145 969 259 1023; x_wconf 90' lang='lat' dir='ltr'><strong>que</strong></span> <span class='ocrx_word' id='word_1_41' title='bbox 293 954 462 1008; x_wconf 89' lang='lat' dir='ltr'><strong>Deum</strong></span> <span class='ocrx_word' id='word_1_42' title='bbox 484 951 755 1008; x_wconf 69' lang='lat' dir='ltr'><strong>aestimant</strong></span> <span class='ocrx_word' id='word_1_43' title='bbox 800 963 920 1005; x_wconf 89' lang='lat' dir='ltr'><strong>esse</strong></span> <span class='ocrx_word' id='word_1_44' title='bbox 970 955 1312 1019; x_wconf 79' lang='lat' dir='ltr'><strong>praesentem,</strong></span> <span class='ocrx_word' id='word_1_45' title='bbox 1339 962 1442 1003; x_wconf 87' lang='lat' dir='ltr'><strong>nec</strong></span> <span class='ocrx_word' id='word_1_46' title='bbox 1493 947 1728 1019; x_wconf 85' lang='lat' dir='ltr'><strong>aliquem</strong></span> 
     </span>
    </p>
   </div>
   <div class='ocr_carea' id='block_1_8' title="bbox 143 1040 1754 1104">
    <p class='ocr_par' dir='ltr' id='par_1_8' title="bbox 143 1040 1754 1104">
     <span class='ocr_line' id='line_1_8' title="bbox 143 1040 1754 1104; baseline -0.007 -1"><span class='ocrx_word' id='word_1_47' title='bbox 143 1062 273 1103; x_wconf 88' lang='lat' dir='ltr'><strong>esse</strong></span> <span class='ocrx_word' id='word_1_48' title='bbox 308 1048 485 1102; x_wconf 90' lang='lat' dir='ltr'><strong>locum</strong></span> <span class='ocrx_word' id='word_1_49' title='bbox 505 1044 597 1100; x_wconf 90' lang='lat' dir='ltr'><strong>ubi</strong></span> <span class='ocrx_word' id='word_1_50' title='bbox 632 1058 742 1099; x_wconf 90' lang='lat' dir='ltr'><strong>non</strong></span> <span class='ocrx_word' id='word_1_51' title='bbox 772 1043 910 1098; x_wconf 92' lang='lat' dir='ltr'><strong>adsit</strong></span> <span class='ocrx_word' id='word_1_52' title='bbox 958 1042 1099 1096; x_wconf 85' lang='lat' dir='ltr'><strong>Deus</strong></span> <span class='ocrx_word' id='word_1_53' title='bbox 1127 1059 1139 1094; x_wconf 94' lang='lat'>:</span> <span class='ocrx_word' id='word_1_54' title='bbox 1164 1040 1429 1095; x_wconf 85' lang='lat' dir='ltr'><strong>omnibus</strong></span> <span class='ocrx_word' id='word_1_55' title='bbox 1463 1040 1637 1104; x_wconf 89' lang='lat' dir='ltr'><strong>enim,</strong></span> <span class='ocrx_word' id='word_1_56' title='bbox 1675 1046 1754 1095; x_wconf 68' lang='lat' dir='ltr'><strong>et,</strong></span> 
     </span>
    </p>
   </div>
   <div class='ocr_carea' id='block_1_9' title="bbox 140 1130 1728 1210">
    <p class='ocr_par' dir='ltr' id='par_1_9' title="bbox 140 1130 1728 1210">
     <span class='ocr_line' id='line_1_9' title="bbox 140 1130 1728 1210; baseline -0.006 -16"><span class='ocrx_word' id='word_1_57' title='bbox 140 1139 422 1210; x_wconf 70' lang='lat' dir='ltr'><strong>praecipue</strong></span> <span class='ocrx_word' id='word_1_58' title='bbox 481 1135 681 1204; x_wconf 77' lang='lat' dir='ltr'><strong>sanctis</strong></span> <span class='ocrx_word' id='word_1_59' title='bbox 734 1133 1128 1204; x_wconf 83' lang='lat' dir='ltr'><strong>appropinquat</strong></span> <span class='ocrx_word' id='word_1_60' title='bbox 1171 1132 1332 1197; x_wconf 90' lang='lat' dir='ltr'><strong>Deus,</strong></span> <span class='ocrx_word' id='word_1_61' title='bbox 1373 1131 1642 1200; x_wconf 88' lang='lat' dir='ltr'><strong>quomodo</strong></span> <span class='ocrx_word' id='word_1_62' title='bbox 1682 1130 1728 1186; x_wconf 88' lang='lat' dir='ltr'><strong>si</strong></span> 
     </span>
    </p>
   </div>
   <div class='ocr_carea' id='block_1_10' title="bbox 141 1223 1730 1296">
    <p class='ocr_par' dir='ltr' id='par_1_10' title="bbox 141 1223 1730 1296">
     <span class='ocr_line' id='line_1_10' title="bbox 141 1223 1730 1296; baseline -0.003 -12"><span class='ocrx_word' id='word_1_63' title='bbox 141 1231 530 1287; x_wconf 70' lang='lat' dir='ltr'><strong>vestimentum</strong></span> <span class='ocrx_word' id='word_1_64' title='bbox 557 1228 828 1283; x_wconf 74' lang='lat' dir='ltr'><strong>adhtereat</strong></span> <span class='ocrx_word' id='word_1_65' title='bbox 848 1225 956 1282; x_wconf 93' lang='lat' dir='ltr'><strong>cuti</strong></span> <span class='ocrx_word' id='word_1_66' title='bbox 993 1244 1006 1279; x_wconf 91' lang='lat'><strong>:</strong></span> <span class='ocrx_word' id='word_1_67' title='bbox 1033 1234 1345 1296; x_wconf 91' lang='lat' dir='ltr'><strong>peccatores</strong></span> <span class='ocrx_word' id='word_1_68' title='bbox 1365 1232 1546 1280; x_wconf 90' lang='lat' dir='ltr'><strong>autem</strong></span> <span class='ocrx_word' id='word_1_69' title='bbox 1573 1223 1730 1295; x_wconf 89' lang='lat' dir='ltr'><strong>longe</strong></span> 
     </span>
    </p>
   </div>
   <div class='ocr_carea' id='block_1_11' title="bbox 143 1299 1730 1388">
    <p class='ocr_par' dir='ltr' id='par_1_11' title="bbox 143 1299 1730 1388">
     <span class='ocr_line' id='line_1_11' title="bbox 143 1299 1730 1388; baseline -0.008 -10"><span class='ocrx_word' id='word_1_70' title='bbox 143 1322 463 1378; x_wconf 77' lang='lat' dir='ltr'><strong>recedentes</strong></span> <span class='ocrx_word' id='word_1_71' title='bbox 492 1320 560 1374; x_wconf 88' lang='lat' dir='ltr'><strong>ab</strong></span> <span class='ocrx_word' id='word_1_72' title='bbox 594 1299 679 1384; x_wconf 65' lang='lat' dir='ltr'><strong>eo,</strong></span> <span class='ocrx_word' id='word_1_73' title='bbox 711 1318 982 1388; x_wconf 88' lang='lat' dir='ltr'><strong>peribunt.</strong></span> <span class='ocrx_word' id='word_1_74' title='bbox 1016 1316 1170 1371; x_wconf 82' lang='lat' dir='ltr'><strong>Hunc</strong></span> <span class='ocrx_word' id='word_1_75' title='bbox 1189 1330 1405 1371; x_wconf 88' lang='lat' dir='ltr'><strong>sensum</strong></span> <span class='ocrx_word' id='word_1_76' title='bbox 1425 1321 1478 1369; x_wconf 92' lang='lat' dir='ltr'><strong>et</strong></span> <span class='ocrx_word' id='word_1_77' title='bbox 1508 1315 1560 1368; x_wconf 93' lang='lat' dir='ltr'><strong>in</strong></span> <span class='ocrx_word' id='word_1_78' title='bbox 1585 1313 1730 1384; x_wconf 89' lang='lat' dir='ltr'><strong>psal-</strong></span> 
     </span>
    </p>
   </div>
   <div class='ocr_carea' id='block_1_12' title="bbox 139 1403 1730 1482">
    <p class='ocr_par' dir='ltr' id='par_1_12' title="bbox 139 1403 1730 1482">
     <span class='ocr_line' id='line_1_12' title="bbox 139 1403 1730 1482; baseline -0.006 -15"><span class='ocrx_word' id='word_1_79' title='bbox 139 1413 253 1467; x_wconf 86' lang='lat' dir='ltr'><strong>mis</strong></span> <span class='ocrx_word' id='word_1_80' title='bbox 288 1411 512 1482; x_wconf 78' lang='lat' dir='ltr'><strong>legimus</strong></span> <span class='ocrx_word' id='word_1_81' title='bbox 544 1428 556 1464; x_wconf 87' lang='lat'><strong>:</strong></span> <span class='ocrx_word' id='word_1_82' title='bbox 597 1427 616 1460; x_wconf 75' lang='grc' dir='ltr'>ί</span> <span class='ocrx_word' id='word_1_83' title='bbox 650 1407 767 1475; x_wconf 90' lang='lat' dir='ltr'><strong>Quo</strong></span> <span class='ocrx_word' id='word_1_84' title='bbox 793 1408 938 1462; x_wconf 69' lang='lat' dir='ltr'><strong>ibO&#39;a</strong></span> <span class='ocrx_word' id='word_1_85' title='bbox 969 1406 1160 1475; x_wconf 85' lang='lat' dir='ltr'><strong>spiritu</strong></span> <span class='ocrx_word' id='word_1_86' title='bbox 1191 1414 1302 1470; x_wconf 92' lang='lat' dir='ltr'><strong>tuo,</strong></span> <span class='ocrx_word' id='word_1_87' title='bbox 1335 1413 1388 1460; x_wconf 92' lang='lat' dir='ltr'><strong>et</strong></span> <span class='ocrx_word' id='word_1_88' title='bbox 1414 1421 1445 1459; x_wconf 71' lang='grc' dir='ltr'><strong>ιι</strong></span> <span class='ocrx_word' id='word_1_89' title='bbox 1471 1403 1608 1458; x_wconf 87' lang='lat' dir='ltr'><strong>facie</strong></span> <span class='ocrx_word' id='word_1_90' title='bbox 1639 1411 1730 1458; x_wconf 90' lang='lat' dir='ltr'><strong>tua</strong></span> 
     </span>
    </p>
   </div>
   <div class='ocr_carea' id='block_1_13' title="bbox 140 1495 1729 1574">
    <p class='ocr_par' dir='ltr' id='par_1_13' title="bbox 140 1495 1729 1574">
     <span class='ocr_line' id='line_1_13' title="bbox 140 1495 1729 1574; baseline -0.006 -16"><span class='ocrx_word' id='word_1_91' title='bbox 140 1519 256 1574; x_wconf 89' lang='lat' dir='ltr'><strong>quo</strong></span> <span class='ocrx_word' id='word_1_92' title='bbox 283 1502 516 1573; x_wconf 79' lang='lat' dir='ltr'><strong>fugiam?</strong></span> <span class='ocrx_word' id='word_1_93' title='bbox 542 1500 599 1556; x_wconf 88' lang='lat' dir='ltr'><strong>Si</strong></span> <span class='ocrx_word' id='word_1_94' title='bbox 650 1499 940 1554; x_wconf 91' lang='lat' dir='ltr'><strong>ascendero</strong></span> <span class='ocrx_word' id='word_1_95' title='bbox 984 1497 1042 1551; x_wconf 90' lang='lat' dir='ltr'><strong>in</strong></span> <span class='ocrx_word' id='word_1_96' title='bbox 1069 1495 1265 1551; x_wconf 74' lang='lat' dir='ltr'><strong>coelum</strong></span> <span class='ocrx_word' id='word_1_97' title='bbox 1297 1504 1354 1549; x_wconf 91' lang='lat' dir='ltr'><strong>tu</strong></span> <span class='ocrx_word' id='word_1_98' title='bbox 1389 1495 1497 1550; x_wconf 87' lang='lat' dir='ltr'><strong>illic</strong></span> <span class='ocrx_word' id='word_1_99' title='bbox 1545 1510 1632 1560; x_wconf 90' lang='lat' dir='ltr'><strong>es;</strong></span> <span class='ocrx_word' id='word_1_100' title='bbox 1683 1495 1729 1550; x_wconf 91' lang='lat' dir='ltr'><strong>si</strong></span> 
     </span>
    </p>
   </div>
   <div class='ocr_carea' id='block_1_14' title="bbox 141 1585 1731 1655">
    <p class='ocr_par' dir='ltr' id='par_1_14' title="bbox 141 1585 1731 1655">
     <span class='ocr_line' id='line_1_14' title="bbox 141 1585 1731 1655; baseline -0.006 -8"><span class='ocrx_word' id='word_1_101' title='bbox 141 1592 480 1647; x_wconf 89' lang='lat' dir='ltr'><strong>descendero</strong></span> <span class='ocrx_word' id='word_1_102' title='bbox 514 1589 581 1644; x_wconf 90' lang='lat' dir='ltr'><strong>ad</strong></span> <span class='ocrx_word' id='word_1_103' title='bbox 603 1587 896 1651; x_wconf 87' lang='lat' dir='ltr'><strong>infernum,</strong></span> <span class='ocrx_word' id='word_1_104' title='bbox 932 1595 989 1640; x_wconf 92' lang='lat' dir='ltr'><strong>tu</strong></span> <span class='ocrx_word' id='word_1_105' title='bbox 1021 1586 1149 1640; x_wconf 85' lang='lat' dir='ltr'><strong>ades</strong></span> <span class='ocrx_word' id='word_1_106' title='bbox 1178 1605 1192 1638; x_wconf 88' lang='lat'><strong><em>:</em></strong></span> <span class='ocrx_word' id='word_1_107' title='bbox 1223 1585 1268 1639; x_wconf 90' lang='lat' dir='ltr'><strong>si</strong></span> <span class='ocrx_word' id='word_1_108' title='bbox 1295 1599 1576 1655; x_wconf 89' lang='lat' dir='ltr'><strong>sumpsero</strong></span> <span class='ocrx_word' id='word_1_109' title='bbox 1599 1598 1731 1654; x_wconf 85' lang='lat' dir='ltr'><strong>pen-</strong></span> 
     </span>
    </p>
   </div>
   <div class='ocr_carea' id='block_1_15' title="bbox 141 1676 1726 1744">
    <p class='ocr_par' dir='ltr' id='par_1_15' title="bbox 141 1676 1726 1744">
     <span class='ocr_line' id='line_1_15' title="bbox 141 1676 1726 1744; baseline -0.005 -8"><span class='ocrx_word' id='word_1_110' title='bbox 141 1698 246 1739; x_wconf 83' lang='lat' dir='ltr'><strong>nas</strong></span> <span class='ocrx_word' id='word_1_111' title='bbox 272 1696 423 1736; x_wconf 90' lang='lat' dir='ltr'><strong>meas</strong></span> <span class='ocrx_word' id='word_1_112' title='bbox 447 1678 702 1744; x_wconf 87' lang='lat' dir='ltr'><strong>diluculo,</strong></span> <span class='ocrx_word' id='word_1_113' title='bbox 731 1686 787 1733; x_wconf 92' lang='lat' dir='ltr'><strong>et</strong></span> <span class='ocrx_word' id='word_1_114' title='bbox 814 1676 1128 1732; x_wconf 88' lang='lat' dir='ltr'><strong>habitavero</strong></span> <span class='ocrx_word' id='word_1_115' title='bbox 1155 1676 1209 1729; x_wconf 91' lang='lat' dir='ltr'><strong>in</strong></span> <span class='ocrx_word' id='word_1_116' title='bbox 1232 1676 1493 1731; x_wconf 82' lang='lat' dir='ltr'><strong>extremis</strong></span> <span class='ocrx_word' id='word_1_117' title='bbox 1518 1676 1685 1730; x_wconf 89' lang='lat' dir='ltr'><strong>maris</strong></span> <span class='ocrx_word' id='word_1_118' title='bbox 1713 1693 1726 1728; x_wconf 90' lang='lat'><strong>:</strong></span> 
     </span>
    </p>
   </div>
   <div class='ocr_carea' id='block_1_16' title="bbox 139 1765 1730 1828">
    <p class='ocr_par' dir='ltr' id='par_1_16' title="bbox 139 1765 1730 1828">
     <span class='ocr_line' id='line_1_16' title="bbox 139 1765 1730 1828; baseline -0.004 -3"><span class='ocrx_word' id='word_1_119' title='bbox 139 1771 346 1825; x_wconf 90' lang='lat' dir='ltr'><strong>etenim</strong></span> <span class='ocrx_word' id='word_1_120' title='bbox 381 1770 507 1824; x_wconf 92' lang='lat' dir='ltr'><strong>illuc</strong></span> <span class='ocrx_word' id='word_1_121' title='bbox 532 1782 724 1822; x_wconf 91' lang='lat' dir='ltr'><strong>manus</strong></span> <span class='ocrx_word' id='word_1_122' title='bbox 752 1775 842 1820; x_wconf 90' lang='lat' dir='ltr'><strong>tua</strong></span> <span class='ocrx_word' id='word_1_123' title='bbox 885 1765 1116 1821; x_wconf 90' lang='lat' dir='ltr'><strong>deducet</strong></span> <span class='ocrx_word' id='word_1_124' title='bbox 1162 1778 1264 1828; x_wconf 91' lang='lat' dir='ltr'><strong>me,</strong></span> <span class='ocrx_word' id='word_1_125' title='bbox 1307 1771 1364 1818; x_wconf 80' lang='lat' dir='ltr'><strong>et.</strong></span> <span class='ocrx_word' id='word_1_126' title='bbox 1398 1765 1604 1819; x_wconf 92' lang='lat' dir='ltr'><strong>tenebit</strong></span> <span class='ocrx_word' id='word_1_127' title='bbox 1642 1779 1730 1819; x_wconf 92' lang='lat' dir='ltr'><strong>me</strong></span> 
     </span>
    </p>
   </div>
   <div class='ocr_carea' id='block_1_17' title="bbox 1060 376 2500 442">
    <p class='ocr_par' dir='ltr' id='par_1_17' title="bbox 1060 376 2500 442">
     <span class='ocr_line' id='line_1_17' title="bbox 1060 376 2500 442; baseline 0.001 -3"><span class='ocrx_word' id='word_1_128' title='bbox 1060 381 1425 441; x_wconf 77' lang='lat' dir='ltr'><strong>EXPOSITIO</strong></span> <span class='ocrx_word' id='word_1_129' title='bbox 1465 380 1692 438; x_wconf 78' lang='lat' dir='ltr'><strong>SUPER</strong></span> <span class='ocrx_word' id='word_1_130' title='bbox 1725 376 2092 440; x_wconf 79' lang='lat' dir='ltr'><strong>JEREMIAM.</strong></span> <span class='ocrx_word' id='word_1_131' title='bbox 2131 412 2200 424; x_wconf 91' lang='lat'><strong>—-</strong></span> <span class='ocrx_word' id='word_1_132' title='bbox 2238 383 2366 442; x_wconf 88' lang='lat' dir='ltr'><strong>LIB.</strong></span> <span class='ocrx_word' id='word_1_133' title='bbox 2409 385 2500 440; x_wconf 84' lang='lat' dir='ltr'><strong>lX.</strong></span> 
     </span>
    </p>
   </div>
   <div class='ocr_carea' id='block_1_18' title="bbox 871 494 3410 581">
    <p class='ocr_par' dir='ltr' id='par_1_18' title="bbox 871 494 3410 581">
     <span class='ocr_line' id='line_1_18' title="bbox 871 494 3410 581; baseline 0.006 -32"><span class='ocrx_word' id='word_1_134' title='bbox 871 515 889 549; x_wconf 74' lang='grc' dir='ltr'><strong>ι</strong></span> <span class='ocrx_word' id='word_1_135' title='bbox 931 495 1073 551; x_wconf 88' lang='lat' dir='ltr'><strong>Deus</strong></span> <span class='ocrx_word' id='word_1_136' title='bbox 1121 494 1558 566; x_wconf 80' lang='lat' dir='ltr'><strong>apprOpinquans</strong></span> <span class='ocrx_word' id='word_1_137' title='bbox 1611 510 1732 567; x_wconf 85' lang='lat' dir='ltr'><strong>ego,</strong></span> <span class='ocrx_word' id='word_1_138' title='bbox 1759 500 1816 560; x_wconf 76' lang='grc' dir='ltr'>Α</span> <span class='ocrx_word' id='word_1_139' title='bbox 1840 497 1963 551; x_wconf 87' lang='lat' dir='ltr'><strong>sui?</strong></span> <span class='ocrx_word' id='word_1_140' title='bbox 1992 516 2011 548; x_wconf 76' lang='grc' dir='ltr'><strong>ι</strong></span> <span class='ocrx_word' id='word_1_141' title='bbox 2033 496 2144 552; x_wconf 84' lang='lat' dir='ltr'><strong>Hoc</strong></span> <span class='ocrx_word' id='word_1_142' title='bbox 2167 505 2348 552; x_wconf 91' lang='lat' dir='ltr'><strong>autem</strong></span> <span class='ocrx_word' id='word_1_143' title='bbox 2364 497 2585 566; x_wconf 83' lang='lat' dir='ltr'><strong>faciunt,</strong></span> <span class='ocrx_word' id='word_1_144' title='bbox 2604 503 2946 569; x_wconf 90' lang='lat' dir='ltr'><strong>utquomodo</strong></span> <span class='ocrx_word' id='word_1_145' title='bbox 2972 505 3222 576; x_wconf 91' lang='lat' dir='ltr'><strong>antiquus</strong></span> <span class='ocrx_word' id='word_1_146' title='bbox 3241 524 3410 581; x_wconf 82' lang='lat' dir='ltr'><strong>popu-</strong></span> 
     </span>
    </p>
   </div>
   <div class='ocr_carea' id='block_1_19' title="bbox 3303 395 3411 452">
    <p class='ocr_par' dir='ltr' id='par_1_19' title="bbox 3303 395 3411 452">
     <span class='ocr_line' id='line_1_19' title="bbox 3303 395 3411 452; baseline -0.009 -1"><span class='ocrx_word' id='word_1_147' title='bbox 3303 395 3411 452; x_wconf 80' lang='lat'><strong>986</strong></span> 
     </span>
    </p>
   </div>
   <div class='ocr_carea' id='block_1_20' title="bbox 1829 588 3410 661">
    <p class='ocr_par' dir='ltr' id='par_1_20' title="bbox 1829 588 3410 661">
     <span class='ocr_line' id='line_1_20' title="bbox 1829 588 3410 661; baseline 0.01 -19"><span class='ocrx_word' id='word_1_148' title='bbox 1829 588 1933 654; x_wconf 86' lang='lat' dir='ltr'><strong>lus,</strong></span> <span class='ocrx_word' id='word_1_149' title='bbox 1965 589 2057 657; x_wconf 87' lang='lat' dir='ltr'><strong>qui</strong></span> <span class='ocrx_word' id='word_1_150' title='bbox 2086 590 2151 644; x_wconf 93' lang='lat' dir='ltr'><strong>de</strong></span> <span class='ocrx_word' id='word_1_151' title='bbox 2180 588 2417 661; x_wconf 67' lang='lat' dir='ltr'><strong>Egypto</strong></span> <span class='ocrx_word' id='word_1_152' title='bbox 2436 606 2684 661; x_wconf 87' lang='lat' dir='ltr'><strong>egressus</strong></span> <span class='ocrx_word' id='word_1_153' title='bbox 2710 601 2810 659; x_wconf 91' lang='lat' dir='ltr'><strong>est,</strong></span> <span class='ocrx_word' id='word_1_154' title='bbox 2840 594 3036 651; x_wconf 89' lang='lat' dir='ltr'><strong>oblitus</strong></span> <span class='ocrx_word' id='word_1_155' title='bbox 3063 606 3146 652; x_wconf 91' lang='lat' dir='ltr'><strong>est</strong></span> <span class='ocrx_word' id='word_1_156' title='bbox 3176 602 3410 658; x_wconf 88' lang='lat' dir='ltr'><strong>nominis</strong></span> 
     </span>
    </p>
   </div>
   <div class='ocr_carea' id='block_1_21' title="bbox 1830 682 3400 760">
    <p class='ocr_par' dir='ltr' id='par_1_21' title="bbox 1830 682 3400 760">
     <span class='ocr_line' id='line_1_21' title="bbox 1830 682 3400 760; baseline 0.007 -25"><span class='ocrx_word' id='word_1_157' title='bbox 1830 682 1956 747; x_wconf 91' lang='lat' dir='ltr'><strong>mei,</strong></span> <span class='ocrx_word' id='word_1_158' title='bbox 1982 683 2061 736; x_wconf 91' lang='lat' dir='ltr'><strong>sic</strong></span> <span class='ocrx_word' id='word_1_159' title='bbox 2099 690 2153 736; x_wconf 91' lang='lat' dir='ltr'><strong>et</strong></span> <span class='ocrx_word' id='word_1_160' title='bbox 2177 683 2380 752; x_wconf 89' lang='lat' dir='ltr'><strong>posteri</strong></span> <span class='ocrx_word' id='word_1_161' title='bbox 2410 697 2595 738; x_wconf 89' lang='lat' dir='ltr'><strong>eorum</strong></span> <span class='ocrx_word' id='word_1_162' title='bbox 2636 684 3023 741; x_wconf 85' lang='lat' dir='ltr'><strong>obliviscantur</strong></span> <span class='ocrx_word' id='word_1_163' title='bbox 3061 688 3186 742; x_wconf 90' lang='lat' dir='ltr'><strong>mei.</strong></span> <span class='ocrx_word' id='word_1_164' title='bbox 3218 689 3400 760; x_wconf 82' lang='lat' dir='ltr'><strong>Hujus-</strong></span> 
     </span>
    </p>
   </div>
   <div class='ocr_carea' id='block_1_22' title="bbox 1833 774 3411 844">
    <p class='ocr_par' dir='ltr' id='par_1_22' title="bbox 1833 774 3411 844">
     <span class='ocr_line' id='line_1_22' title="bbox 1833 774 3411 844; baseline 0.005 -16"><span class='ocrx_word' id='word_1_165' title='bbox 1833 774 2040 829; x_wconf 90' lang='lat' dir='ltr'><strong>cemodi</strong></span> <span class='ocrx_word' id='word_1_166' title='bbox 2078 780 2256 828; x_wconf 90' lang='lat' dir='ltr'><strong>autem</strong></span> <span class='ocrx_word' id='word_1_167' title='bbox 2303 775 2786 844; x_wconf 84' lang='lat' dir='ltr'><strong>prophetationon</strong></span> <span class='ocrx_word' id='word_1_168' title='bbox 2834 785 2920 833; x_wconf 91' lang='lat' dir='ltr'><strong>est</strong></span> <span class='ocrx_word' id='word_1_169' title='bbox 2953 779 3007 833; x_wconf 89' lang='lat' dir='ltr'><strong>in</strong></span> <span class='ocrx_word' id='word_1_170' title='bbox 3062 779 3276 835; x_wconf 89' lang='lat' dir='ltr'><strong>nomine</strong></span> <span class='ocrx_word' id='word_1_171' title='bbox 3308 780 3411 836; x_wconf 93' lang='lat' dir='ltr'><strong>Do-</strong></span> 
     </span>
    </p>
   </div>
   <div class='ocr_carea' id='block_1_23' title="bbox 1832 864 3414 944">
    <p class='ocr_par' dir='ltr' id='par_1_23' title="bbox 1832 864 3414 944">
     <span class='ocr_line' id='line_1_23' title="bbox 1832 864 3414 944; baseline 0.006 -26"><span class='ocrx_word' id='word_1_172' title='bbox 1832 864 1984 929; x_wconf 88' lang='lat' dir='ltr'><strong>mini,</strong></span> <span class='ocrx_word' id='word_1_173' title='bbox 2013 864 2107 919; x_wconf 90' lang='lat' dir='ltr'><strong>sed</strong></span> <span class='ocrx_word' id='word_1_174' title='bbox 2134 864 2188 918; x_wconf 91' lang='lat' dir='ltr'><strong>in</strong></span> <span class='ocrx_word' id='word_1_175' title='bbox 2215 866 2431 920; x_wconf 87' lang='lat' dir='ltr'><strong>nomine</strong></span> <span class='ocrx_word' id='word_1_176' title='bbox 2465 867 2613 931; x_wconf 90' lang='lat' dir='ltr'><strong>Baal,</strong></span> <span class='ocrx_word' id='word_1_177' title='bbox 2640 871 2780 937; x_wconf 93' lang='lat' dir='ltr'><strong>quod</strong></span> <span class='ocrx_word' id='word_1_178' title='bbox 2803 870 3022 939; x_wconf 89' lang='lat' dir='ltr'><strong>proprie</strong></span> <span class='ocrx_word' id='word_1_179' title='bbox 3065 872 3265 926; x_wconf 91' lang='lat' dir='ltr'><strong>idolum</strong></span> <span class='ocrx_word' id='word_1_180' title='bbox 3310 871 3414 944; x_wconf 80' lang='lat' dir='ltr'><strong>Sy—</strong></span> 
     </span>
    </p>
   </div>
   <div class='ocr_carea' id='block_1_24' title="bbox 1833 952 3414 1027">
    <p class='ocr_par' dir='ltr' id='par_1_24' title="bbox 1833 952 3414 1027">
     <span class='ocr_line' id='line_1_24' title="bbox 1833 952 3414 1027; baseline 0.008 -21"><span class='ocrx_word' id='word_1_181' title='bbox 1833 952 2114 1007; x_wconf 89' lang='lat' dir='ltr'><strong>doniorum</strong></span> <span class='ocrx_word' id='word_1_182' title='bbox 2159 962 2273 1018; x_wconf 89' lang='lat' dir='ltr'><strong>est,</strong></span> <span class='ocrx_word' id='word_1_183' title='bbox 2319 953 2434 1008; x_wconf 83' lang='lat' dir='ltr'><strong>sive</strong></span> <span class='ocrx_word' id='word_1_184' title='bbox 2473 954 2846 1027; x_wconf 84' lang='lat' dir='ltr'><strong>Babylonium,</strong></span> <span class='ocrx_word' id='word_1_185' title='bbox 2888 967 2945 1014; x_wconf 88' lang='lat' dir='ltr'><strong>et</strong></span> <span class='ocrx_word' id='word_1_186' title='bbox 2968 959 3147 1016; x_wconf 92' lang='lat' dir='ltr'><strong>vicino</strong></span> <span class='ocrx_word' id='word_1_187' title='bbox 3193 962 3414 1018; x_wconf 89' lang='lat' dir='ltr'><strong>nomine</strong></span> 
     </span>
    </p>
   </div>
   <div class='ocr_carea' id='block_1_25' title="bbox 1833 1042 2283 1113">
    <p class='ocr_par' dir='ltr' id='par_1_25' title="bbox 1833 1042 2283 1113">
     <span class='ocr_line' id='line_1_25' title="bbox 1833 1042 2283 1113; baseline 0.004 -18"><span class='ocrx_word' id='word_1_188' title='bbox 1833 1043 2136 1113; x_wconf 85' lang='lat' dir='ltr'><strong>appellatur</strong></span> <span class='ocrx_word' id='word_1_189' title='bbox 2169 1042 2283 1097; x_wconf 90' lang='lat' dir='ltr'><strong>Bel.</strong></span> 
     </span>
    </p>
   </div>
   <div class='ocr_carea' id='block_1_26' title="bbox 1907 1131 3407 1203">
    <p class='ocr_par' dir='ltr' id='par_1_26' title="bbox 1907 1131 3407 1203">
     <span class='ocr_line' id='line_1_26' title="bbox 1907 1131 3407 1203; baseline 0.011 -20"><span class='ocrx_word' id='word_1_190' title='bbox 1907 1150 1925 1183; x_wconf 86' lang='grc'><strong><em>‹</em></strong></span> <span class='ocrx_word' id='word_1_191' title='bbox 1958 1131 2226 1202; x_wconf 80' lang='lat' dir='ltr'><strong>Propheta</strong></span> <span class='ocrx_word' id='word_1_192' title='bbox 2253 1134 2343 1203; x_wconf 89' lang='lat' dir='ltr'><strong>qui</strong></span> <span class='ocrx_word' id='word_1_193' title='bbox 2369 1133 2532 1190; x_wconf 87' lang='lat' dir='ltr'><strong>habet</strong></span> <span class='ocrx_word' id='word_1_194' title='bbox 2557 1138 2844 1203; x_wconf 91' lang='lat' dir='ltr'><strong>somnium,</strong></span> <span class='ocrx_word' id='word_1_195' title='bbox 2877 1148 3065 1195; x_wconf 90' lang='lat' dir='ltr'><strong>narret</strong></span> <span class='ocrx_word' id='word_1_196' title='bbox 3092 1142 3360 1198; x_wconf 91' lang='lat' dir='ltr'><strong>somnium</strong></span> <span class='ocrx_word' id='word_1_197' title='bbox 3391 1160 3407 1198; x_wconf 87' lang='lat'><strong>:</strong></span> 
     </span>
    </p>
   </div>
   <div class='ocr_carea' id='block_1_27' title="bbox 1835 1224 3410 1298">
    <p class='ocr_par' dir='ltr' id='par_1_27' title="bbox 1835 1224 3410 1298">
     <span class='ocr_line' id='line_1_27' title="bbox 1835 1224 3410 1298; baseline 0.007 -22"><span class='ocrx_word' id='word_1_198' title='bbox 1835 1240 1857 1274; x_wconf 77' lang='grc' dir='ltr'><strong>ι</strong></span> <span class='ocrx_word' id='word_1_199' title='bbox 1895 1231 1952 1278; x_wconf 91' lang='lat' dir='ltr'><strong>et</strong></span> <span class='ocrx_word' id='word_1_200' title='bbox 1977 1224 2069 1293; x_wconf 91' lang='lat' dir='ltr'><strong>qui</strong></span> <span class='ocrx_word' id='word_1_201' title='bbox 2099 1224 2259 1280; x_wconf 86' lang='lat' dir='ltr'><strong>habet</strong></span> <span class='ocrx_word' id='word_1_202' title='bbox 2287 1241 2588 1281; x_wconf 90' lang='lat' dir='ltr'><strong>sermonem</strong></span> <span class='ocrx_word' id='word_1_203' title='bbox 2616 1226 2869 1298; x_wconf 88' lang='lat' dir='ltr'><strong>loquatur</strong></span> <span class='ocrx_word' id='word_1_204' title='bbox 2894 1244 3200 1287; x_wconf 89' lang='lat' dir='ltr'><strong>sermonem</strong></span> <span class='ocrx_word' id='word_1_205' title='bbox 3227 1249 3410 1288; x_wconf 88' lang='lat' dir='ltr'><strong>meum</strong></span> 
     </span>
    </p>
   </div>
   <div class='ocr_carea' id='block_1_28' title="bbox 1835 1316 3411 1392">
    <p class='ocr_par' dir='ltr' id='par_1_28' title="bbox 1835 1316 3411 1392">
     <span class='ocr_line' id='line_1_28' title="bbox 1835 1316 3411 1392; baseline 0.007 -25"><span class='ocrx_word' id='word_1_206' title='bbox 1835 1333 1856 1366; x_wconf 88' lang='grc'><em>‹</em></span> <span class='ocrx_word' id='word_1_207' title='bbox 1886 1330 2030 1370; x_wconf 89' lang='lat' dir='ltr'><strong>vere.</strong></span> <span class='ocrx_word' id='word_1_208' title='bbox 2060 1316 2196 1383; x_wconf 88' lang='lat' dir='ltr'><strong>Quid</strong></span> <span class='ocrx_word' id='word_1_209' title='bbox 2223 1317 2391 1392; x_wconf 82' lang='lat' dir='ltr'><strong>paleis</strong></span> <span class='ocrx_word' id='word_1_210' title='bbox 2414 1319 2480 1372; x_wconf 92' lang='lat' dir='ltr'><strong>ad</strong></span> <span class='ocrx_word' id='word_1_211' title='bbox 2507 1319 2773 1386; x_wconf 85' lang='lat' dir='ltr'><strong>triticum,</strong></span> <span class='ocrx_word' id='word_1_212' title='bbox 2795 1320 2927 1375; x_wconf 89' lang='lat' dir='ltr'><strong>dicit</strong></span> <span class='ocrx_word' id='word_1_213' title='bbox 2956 1320 3411 1378; x_wconf 86' lang='lat' dir='ltr'><strong>Dominus?Nun-</strong></span> 
     </span>
    </p>
   </div>
   <div class='ocr_carea' id='block_1_29' title="bbox 1836 1406 3409 1482">
    <p class='ocr_par' dir='ltr' id='par_1_29' title="bbox 1836 1406 3409 1482">
     <span class='ocr_line' id='line_1_29' title="bbox 1836 1406 3409 1482; baseline 0.006 -24"><span class='ocrx_word' id='word_1_214' title='bbox 1836 1424 1856 1458; x_wconf 85' lang='grc'><strong><em>‹</em></strong></span> <span class='ocrx_word' id='word_1_215' title='bbox 1897 1406 2026 1475; x_wconf 91' lang='lat' dir='ltr'><strong>quid</strong></span> <span class='ocrx_word' id='word_1_216' title='bbox 2055 1423 2162 1462; x_wconf 93' lang='lat' dir='ltr'><strong>non</strong></span> <span class='ocrx_word' id='word_1_217' title='bbox 2192 1410 2353 1464; x_wconf 88' lang='lat' dir='ltr'><strong>verba</strong></span> <span class='ocrx_word' id='word_1_218' title='bbox 2383 1425 2502 1465; x_wconf 92' lang='lat' dir='ltr'><strong>mea</strong></span> <span class='ocrx_word' id='word_1_219' title='bbox 2531 1419 2654 1465; x_wconf 87' lang='lat' dir='ltr'><strong>sunt</strong></span> <span class='ocrx_word' id='word_1_220' title='bbox 2683 1412 2822 1466; x_wconf 83' lang='lat' dir='ltr'><strong>sicut</strong></span> <span class='ocrx_word' id='word_1_221' title='bbox 2843 1412 3001 1482; x_wconf 81' lang='lat' dir='ltr'><strong>ignis,</strong></span> <span class='ocrx_word' id='word_1_222' title='bbox 3026 1414 3101 1467; x_wconf 89' lang='lat' dir='ltr'><strong>ait</strong></span> <span class='ocrx_word' id='word_1_223' title='bbox 3131 1415 3409 1479; x_wconf 89' lang='lat' dir='ltr'><strong>Dominus,</strong></span> 
     </span>
    </p>
   </div>
   <div class='ocr_carea' id='block_1_30' title="bbox 1837 1499 3411 1575">
    <p class='ocr_par' dir='ltr' id='par_1_30' title="bbox 1837 1499 3411 1575">
     <span class='ocr_line' id='line_1_30' title="bbox 1837 1499 3411 1575; baseline 0.003 -23"><span class='ocrx_word' id='word_1_224' title='bbox 1837 1517 1855 1550; x_wconf 88' lang='grc'><em>‹</em></span> <span class='ocrx_word' id='word_1_225' title='bbox 1885 1506 1941 1553; x_wconf 92' lang='lat' dir='ltr'><strong>et</strong></span> <span class='ocrx_word' id='word_1_226' title='bbox 1969 1499 2125 1569; x_wconf 88' lang='lat' dir='ltr'><strong>quasi</strong></span> <span class='ocrx_word' id='word_1_227' title='bbox 2149 1501 2374 1556; x_wconf 89' lang='lat' dir='ltr'><strong>malleus</strong></span> <span class='ocrx_word' id='word_1_228' title='bbox 2404 1502 2527 1571; x_wconf 77' lang='lat' dir='ltr'><strong>(sive</strong></span> <span class='ocrx_word' id='word_1_229' title='bbox 2556 1502 2782 1573; x_wconf 85' lang='lat' dir='ltr'><strong>securis)</strong></span> <span class='ocrx_word' id='word_1_230' title='bbox 2810 1510 3100 1558; x_wconf 91' lang='lat' dir='ltr'><strong>conterens</strong></span> <span class='ocrx_word' id='word_1_231' title='bbox 3129 1515 3337 1575; x_wconf 88' lang='lat' dir='ltr'><strong>petram</strong></span> <span class='ocrx_word' id='word_1_232' title='bbox 3361 1504 3411 1556; x_wconf 75' lang='lat' dir='ltr'><strong>?l</strong></span> 
     </span>
    </p>
   </div>
   <div class='ocr_carea' id='block_1_31' title="bbox 1830 1586 3420 1660">
    <p class='ocr_par' dir='ltr' id='par_1_31' title="bbox 1830 1586 3420 1660">
     <span class='ocr_line' id='line_1_31' title="bbox 1830 1586 3420 1660; baseline 0.003 -20"><span class='ocrx_word' id='word_1_233' title='bbox 1830 1586 2030 1642; x_wconf 90' lang='lat' dir='ltr'><strong>Eorum</strong></span> <span class='ocrx_word' id='word_1_234' title='bbox 2079 1595 2162 1642; x_wconf 87' lang='lat' dir='ltr'><strong>est</strong></span> <span class='ocrx_word' id='word_1_235' title='bbox 2219 1603 2493 1659; x_wconf 79' lang='lat' dir='ltr'><strong>exponere</strong></span> <span class='ocrx_word' id='word_1_236' title='bbox 2533 1590 2822 1655; x_wconf 89' lang='lat' dir='ltr'><strong>somnium,</strong></span> <span class='ocrx_word' id='word_1_237' title='bbox 2856 1591 2947 1660; x_wconf 92' lang='lat' dir='ltr'><strong>qui</strong></span> <span class='ocrx_word' id='word_1_238' title='bbox 3002 1591 3099 1646; x_wconf 91' lang='lat' dir='ltr'><strong>Dei</strong></span> <span class='ocrx_word' id='word_1_239' title='bbox 3145 1600 3420 1646; x_wconf 88' lang='lat' dir='ltr'><strong>merentur</strong></span> 
     </span>
    </p>
   </div>
   <div class='ocr_carea' id='block_1_32' title="bbox 1831 1677 3415 1744">
    <p class='ocr_par' dir='ltr' id='par_1_32' title="bbox 1831 1677 3415 1744">
     <span class='ocr_line' id='line_1_32' title="bbox 1831 1677 3415 1744; baseline 0 -11"><span class='ocrx_word' id='word_1_240' title='bbox 1831 1677 2030 1733; x_wconf 90' lang='lat' dir='ltr'><strong>habere</strong></span> <span class='ocrx_word' id='word_1_241' title='bbox 2050 1693 2376 1744; x_wconf 89' lang='lat' dir='ltr'><strong>sermonem,</strong></span> <span class='ocrx_word' id='word_1_242' title='bbox 2412 1687 2466 1734; x_wconf 93' lang='lat' dir='ltr'><strong>et</strong></span> <span class='ocrx_word' id='word_1_243' title='bbox 2485 1679 2686 1744; x_wconf 87' lang='lat' dir='ltr'><strong>dicere,</strong></span> <span class='ocrx_word' id='word_1_244' title='bbox 2719 1698 2737 1729; x_wconf 87' lang='grc'><em>‹</em></span> <span class='ocrx_word' id='word_1_245' title='bbox 2768 1680 2883 1734; x_wconf 86' lang='lat' dir='ltr'><strong>haec</strong></span> <span class='ocrx_word' id='word_1_246' title='bbox 2905 1680 3035 1734; x_wconf 90' lang='lat' dir='ltr'><strong>dicit</strong></span> <span class='ocrx_word' id='word_1_247' title='bbox 3061 1680 3356 1735; x_wconf 90' lang='lat' dir='ltr'><strong>Dominus:</strong></span> <span class='ocrx_word' id='word_1_248' title='bbox 3395 1699 3415 1733; x_wconf 70' lang='grc' dir='ltr'><strong>ι</strong></span> 
     </span>
    </p>
   </div>
   <div class='ocr_carea' id='block_1_33' title="bbox 1832 1770 3420 1840">
    <p class='ocr_par' dir='ltr' id='par_1_33' title="bbox 1832 1770 3420 1840">
     <span class='ocr_line' id='line_1_33' title="bbox 1832 1770 3420 1840; baseline 0.002 -17"><span class='ocrx_word' id='word_1_249' title='bbox 1832 1770 2024 1840; x_wconf 91' lang='lat' dir='ltr'><strong>quibus</strong></span> <span class='ocrx_word' id='word_1_250' title='bbox 2051 1771 2261 1826; x_wconf 91' lang='lat' dir='ltr'><strong>locutus</strong></span> <span class='ocrx_word' id='word_1_251' title='bbox 2288 1779 2372 1826; x_wconf 91' lang='lat' dir='ltr'><strong>est</strong></span> <span class='ocrx_word' id='word_1_252' title='bbox 2413 1771 2698 1834; x_wconf 91' lang='lat' dir='ltr'><strong>Dominus,</strong></span> <span class='ocrx_word' id='word_1_253' title='bbox 2742 1770 2795 1824; x_wconf 92' lang='lat' dir='ltr'><strong>in</strong></span> <span class='ocrx_word' id='word_1_254' title='bbox 2823 1771 3018 1840; x_wconf 83' lang='lat' dir='ltr'><strong>quibus</strong></span> <span class='ocrx_word' id='word_1_255' title='bbox 3065 1772 3266 1826; x_wconf 89' lang='lat' dir='ltr'><strong>veritas</strong></span> <span class='ocrx_word' id='word_1_256' title='bbox 3314 1780 3420 1838; x_wconf 91' lang='lat' dir='ltr'><strong>est,</strong></span> 
     </span>
    </p>
   </div>
   <div class='ocr_carea' id='block_1_34' title="bbox 142 1843 3422 1929">
    <p class='ocr_par' dir='ltr' id='par_1_34' title="bbox 142 1843 3422 1929">
     <span class='ocr_line' id='line_1_34' title="bbox 142 1843 3422 1929; baseline -0.001 -13"><span class='ocrx_word' id='word_1_257' title='bbox 142 1863 372 1917; x_wconf 82' lang='lat' dir='ltr'><strong>dextera</strong></span> <span class='ocrx_word' id='word_1_258' title='bbox 399 1869 490 1914; x_wconf 89' lang='lat' dir='ltr'><strong>tua</strong></span> <span class='ocrx_word' id='word_1_259' title='bbox 521 1855 694 1929; x_wconf 82' lang='lat' dir='ltr'><strong>(Psal.</strong></span> <span class='ocrx_word' id='word_1_260' title='bbox 727 1856 1010 1928; x_wconf 74' lang='lat' dir='ltr'><strong>cxxxvm).</strong></span> <span class='ocrx_word' id='word_1_261' title='bbox 1045 1876 1063 1909; x_wconf 72' lang='grc' dir='ltr'><strong>ι</strong></span> <span class='ocrx_word' id='word_1_262' title='bbox 1102 1843 1271 1910; x_wconf 84' lang='lat' dir='ltr'><strong>Amos</strong></span> <span class='ocrx_word' id='word_1_263' title='bbox 1299 1869 1512 1924; x_wconf 88' lang='lat' dir='ltr'><strong>quoque</strong></span> <span class='ocrx_word' id='word_1_264' title='bbox 1533 1855 1585 1908; x_wconf 92' lang='lat' dir='ltr'><strong>in</strong></span> <span class='ocrx_word' id='word_1_265' title='bbox 1616 1855 1731 1910; x_wconf 69' lang='lat' dir='ltr'><strong>haec</strong></span> <span class='ocrx_word' id='word_1_266' title='bbox 1759 1863 1806 1924; x_wconf 85' lang='grc' dir='ltr'>Β</span> <span class='ocrx_word' id='word_1_267' title='bbox 1833 1868 1888 1914; x_wconf 91' lang='lat' dir='ltr'><strong>et</strong></span> <span class='ocrx_word' id='word_1_268' title='bbox 1916 1874 2020 1914; x_wconf 92' lang='lat' dir='ltr'><strong>non</strong></span> <span class='ocrx_word' id='word_1_269' title='bbox 2061 1860 2401 1914; x_wconf 88' lang='lat' dir='ltr'><strong>mendacium</strong></span> <span class='ocrx_word' id='word_1_270' title='bbox 2441 1860 2858 1915; x_wconf 84' lang='lat' dir='ltr'><strong>fraudulentum.</strong></span> <span class='ocrx_word' id='word_1_271' title='bbox 2910 1861 3049 1926; x_wconf 83' lang='lat' dir='ltr'><strong>Quid</strong></span> <span class='ocrx_word' id='word_1_272' title='bbox 3086 1861 3188 1915; x_wconf 91' lang='lat' dir='ltr'><strong>sibi</strong></span> <span class='ocrx_word' id='word_1_273' title='bbox 3233 1861 3422 1916; x_wconf 88' lang='lat' dir='ltr'><strong>volunt</strong></span> 
     </span>
    </p>
   </div>
   <div class='ocr_carea' id='block_1_35' title="bbox 145 1945 1730 2016">
    <p class='ocr_par' dir='ltr' id='par_1_35' title="bbox 145 1945 1730 2016">
     <span class='ocr_line' id='line_1_35' title="bbox 145 1945 1730 2016; baseline -0.005 -9"><span class='ocrx_word' id='word_1_274' title='bbox 145 1950 629 2016; x_wconf 82' lang='lat' dir='ltr'><strong>verbaconsentit,</strong></span> <span class='ocrx_word' id='word_1_275' title='bbox 654 1949 840 2004; x_wconf 90' lang='lat' dir='ltr'><strong>dicens</strong></span> <span class='ocrx_word' id='word_1_276' title='bbox 868 1965 881 2002; x_wconf 84' lang='lat'><strong>:</strong></span> <span class='ocrx_word' id='word_1_277' title='bbox 917 1965 934 1998; x_wconf 75' lang='grc' dir='ltr'><strong>ι</strong></span> <span class='ocrx_word' id='word_1_278' title='bbox 975 1946 1033 2002; x_wconf 91' lang='lat' dir='ltr'><strong>Si</strong></span> <span class='ocrx_word' id='word_1_279' title='bbox 1063 1946 1439 2001; x_wconf 87' lang='lat' dir='ltr'><strong>descenderint</strong></span> <span class='ocrx_word' id='word_1_280' title='bbox 1466 1960 1638 2015; x_wconf 90' lang='lat' dir='ltr'><strong>usque</strong></span> <span class='ocrx_word' id='word_1_281' title='bbox 1663 1945 1730 1999; x_wconf 92' lang='lat' dir='ltr'><strong>ad</strong></span> 
     </span>
    </p>
   </div>
   <div class='ocr_carea' id='block_1_36' title="bbox 143 2035 1731 2106">
    <p class='ocr_par' dir='ltr' id='par_1_36' title="bbox 143 2035 1731 2106">
     <span class='ocr_line' id='line_1_36' title="bbox 143 2035 1731 2106; baseline -0.006 -9"><span class='ocrx_word' id='word_1_282' title='bbox 143 2042 445 2106; x_wconf 88' lang='lat' dir='ltr'><strong>infernum,</strong></span> <span class='ocrx_word' id='word_1_283' title='bbox 471 2039 597 2094; x_wconf 91' lang='lat' dir='ltr'><strong>inde</strong></span> <span class='ocrx_word' id='word_1_284' title='bbox 633 2053 826 2092; x_wconf 89' lang='lat' dir='ltr'><strong>manus</strong></span> <span class='ocrx_word' id='word_1_285' title='bbox 861 2044 950 2091; x_wconf 87' lang='lat' dir='ltr'><strong>tua</strong></span> <span class='ocrx_word' id='word_1_286' title='bbox 977 2037 1171 2092; x_wconf 89' lang='lat' dir='ltr'><strong>educet</strong></span> <span class='ocrx_word' id='word_1_287' title='bbox 1196 2049 1318 2102; x_wconf 91' lang='lat' dir='ltr'><strong>eos;</strong></span> <span class='ocrx_word' id='word_1_288' title='bbox 1363 2043 1417 2091; x_wconf 89' lang='lat' dir='ltr'><strong>et</strong></span> <span class='ocrx_word' id='word_1_289' title='bbox 1447 2035 1492 2092; x_wconf 91' lang='lat' dir='ltr'><strong>si</strong></span> <span class='ocrx_word' id='word_1_290' title='bbox 1538 2049 1731 2089; x_wconf 89' lang='lat' dir='ltr'><strong>ascen-</strong></span> 
     </span>
    </p>
   </div>
   <div class='ocr_carea' id='block_1_37' title="bbox 143 2126 1734 2201">
    <p class='ocr_par' dir='ltr' id='par_1_37' title="bbox 143 2126 1734 2201">
     <span class='ocr_line' id='line_1_37' title="bbox 143 2126 1734 2201; baseline -0.005 -14"><span class='ocrx_word' id='word_1_291' title='bbox 143 2133 330 2187; x_wconf 84' lang='lat' dir='ltr'><strong>derint</strong></span> <span class='ocrx_word' id='word_1_292' title='bbox 370 2143 541 2201; x_wconf 89' lang='lat' dir='ltr'><strong>usque</strong></span> <span class='ocrx_word' id='word_1_293' title='bbox 559 2129 615 2184; x_wconf 93' lang='lat' dir='ltr'><strong>in</strong></span> <span class='ocrx_word' id='word_1_294' title='bbox 651 2128 868 2192; x_wconf 71' lang='lat' dir='ltr'><strong>cmlum,</strong></span> <span class='ocrx_word' id='word_1_295' title='bbox 921 2128 1044 2184; x_wconf 91' lang='lat' dir='ltr'><strong>inde</strong></span> <span class='ocrx_word' id='word_1_296' title='bbox 1092 2128 1374 2185; x_wconf 87' lang='lat' dir='ltr'><strong>detraham</strong></span> <span class='ocrx_word' id='word_1_297' title='bbox 1426 2142 1551 2192; x_wconf 92' lang='lat' dir='ltr'><strong>eos;</strong></span> <span class='ocrx_word' id='word_1_298' title='bbox 1592 2135 1646 2181; x_wconf 92' lang='lat' dir='ltr'><strong>et</strong></span> <span class='ocrx_word' id='word_1_299' title='bbox 1686 2126 1734 2180; x_wconf 93' lang='lat' dir='ltr'><strong>si</strong></span> 
     </span>
    </p>
   </div>
   <div class='ocr_carea' id='block_1_38' title="bbox 145 2217 1734 2284">
    <p class='ocr_par' dir='ltr' id='par_1_38' title="bbox 145 2217 1734 2284">
     <span class='ocr_line' id='line_1_38' title="bbox 145 2217 1734 2284; baseline -0.004 -8"><span class='ocrx_word' id='word_1_300' title='bbox 145 2223 451 2278; x_wconf 84' lang='lat' dir='ltr'><strong>absconditi</strong></span> <span class='ocrx_word' id='word_1_301' title='bbox 481 2219 683 2276; x_wconf 86' lang='lat' dir='ltr'><strong>fuerint</strong></span> <span class='ocrx_word' id='word_1_302' title='bbox 714 2219 769 2273; x_wconf 92' lang='lat' dir='ltr'><strong>in</strong></span> <span class='ocrx_word' id='word_1_303' title='bbox 796 2219 998 2273; x_wconf 85' lang='lat' dir='ltr'><strong>vertice</strong></span> <span class='ocrx_word' id='word_1_304' title='bbox 1027 2217 1282 2284; x_wconf 88' lang='lat' dir='ltr'><strong>Carmeli,</strong></span> <span class='ocrx_word' id='word_1_305' title='bbox 1313 2217 1438 2272; x_wconf 92' lang='lat' dir='ltr'><strong>inde</strong></span> <span class='ocrx_word' id='word_1_306' title='bbox 1483 2225 1734 2271; x_wconf 88' lang='lat' dir='ltr'><strong>scrutans</strong></span> 
     </span>
    </p>
   </div>
   <div class='ocr_carea' id='block_1_39' title="bbox 143 2306 1733 2388">
    <p class='ocr_par' dir='ltr' id='par_1_39' title="bbox 143 2306 1733 2388">
     <span class='ocr_line' id='line_1_39' title="bbox 143 2306 1733 2388; baseline -0.004 -22"><span class='ocrx_word' id='word_1_307' title='bbox 143 2313 394 2388; x_wconf 62' lang='lat' dir='ltr'><strong>auferam</strong></span> <span class='ocrx_word' id='word_1_308' title='bbox 422 2327 537 2376; x_wconf 92' lang='lat' dir='ltr'><strong>eos,</strong></span> <span class='ocrx_word' id='word_1_309' title='bbox 562 2318 618 2366; x_wconf 91' lang='lat' dir='ltr'><strong>et</strong></span> <span class='ocrx_word' id='word_1_310' title='bbox 651 2311 695 2365; x_wconf 90' lang='lat' dir='ltr'><strong>si</strong></span> <span class='ocrx_word' id='word_1_311' title='bbox 722 2308 1020 2364; x_wconf 88' lang='lat' dir='ltr'><strong>celaverint</strong></span> <span class='ocrx_word' id='word_1_312' title='bbox 1064 2323 1122 2363; x_wconf 92' lang='lat' dir='ltr'><strong>se</strong></span> <span class='ocrx_word' id='word_1_313' title='bbox 1170 2307 1238 2361; x_wconf 88' lang='lat' dir='ltr'><strong>ab</strong></span> <span class='ocrx_word' id='word_1_314' title='bbox 1281 2307 1454 2362; x_wconf 92' lang='lat' dir='ltr'><strong>oculis</strong></span> <span class='ocrx_word' id='word_1_315' title='bbox 1494 2306 1630 2361; x_wconf 90' lang='lat' dir='ltr'><strong>meis</strong></span> <span class='ocrx_word' id='word_1_316' title='bbox 1675 2306 1733 2360; x_wconf 92' lang='lat' dir='ltr'><strong>in</strong></span> 
     </span>
    </p>
   </div>
   <div class='ocr_carea' id='block_1_40' title="bbox 141 2396 1736 2473">
    <p class='ocr_par' dir='ltr' id='par_1_40' title="bbox 141 2396 1736 2473">
     <span class='ocr_line' id='line_1_40' title="bbox 141 2396 1736 2473; baseline -0.004 -16"><span class='ocrx_word' id='word_1_317' title='bbox 141 2401 416 2473; x_wconf 89' lang='lat' dir='ltr'><strong>profundo</strong></span> <span class='ocrx_word' id='word_1_318' title='bbox 443 2401 630 2466; x_wconf 91' lang='lat' dir='ltr'><strong>maris,</strong></span> <span class='ocrx_word' id='word_1_319' title='bbox 664 2398 738 2454; x_wconf 90' lang='lat' dir='ltr'><strong>ibi</strong></span> <span class='ocrx_word' id='word_1_320' title='bbox 788 2397 1053 2452; x_wconf 87' lang='lat' dir='ltr'><strong>mandabo</strong></span> <span class='ocrx_word' id='word_1_321' title='bbox 1097 2397 1333 2466; x_wconf 88' lang='lat' dir='ltr'><strong>serpenti</strong></span> <span class='ocrx_word' id='word_1_322' title='bbox 1379 2406 1434 2452; x_wconf 90' lang='lat' dir='ltr'><strong>et</strong></span> <span class='ocrx_word' id='word_1_323' title='bbox 1466 2396 1736 2452; x_wconf 87' lang='lat' dir='ltr'><strong>mordebit</strong></span> 
     </span>
    </p>
   </div>
   <div class='ocr_carea' id='block_1_41' title="bbox 142 2489 1730 2563">
    <p class='ocr_par' dir='ltr' id='par_1_41' title="bbox 142 2489 1730 2563">
     <span class='ocr_line' id='line_1_41' title="bbox 142 2489 1730 2563; baseline -0.003 -15"><span class='ocrx_word' id='word_1_324' title='bbox 142 2508 242 2548; x_wconf 91' lang='lat' dir='ltr'><strong>eos</strong></span> <span class='ocrx_word' id='word_1_325' title='bbox 273 2492 472 2563; x_wconf 77' lang='lat' dir='ltr'><strong>(Amos.</strong></span> <span class='ocrx_word' id='word_1_326' title='bbox 500 2491 598 2563; x_wconf 74' lang='grc' dir='ltr'>ιι).</span> <span class='ocrx_word' id='word_1_327' title='bbox 640 2510 658 2543; x_wconf 75' lang='grc' dir='ltr'><strong>ι</strong></span> <span class='ocrx_word' id='word_1_328' title='bbox 697 2490 1040 2558; x_wconf 80' lang='lat' dir='ltr'><strong>Rursumque</strong></span> <span class='ocrx_word' id='word_1_329' title='bbox 1085 2490 1138 2542; x_wconf 92' lang='lat' dir='ltr'><strong>in</strong></span> <span class='ocrx_word' id='word_1_330' title='bbox 1181 2489 1458 2558; x_wconf 89' lang='lat' dir='ltr'><strong>superiore</strong></span> <span class='ocrx_word' id='word_1_331' title='bbox 1482 2489 1730 2559; x_wconf 87' lang='lat' dir='ltr'><strong>psalmo:</strong></span> 
     </span>
    </p>
   </div>
   <div class='ocr_carea' id='block_1_42' title="bbox 148 2579 1733 2650">
    <p class='ocr_par' dir='ltr' id='par_1_42' title="bbox 148 2579 1733 2650">
     <span class='ocr_line' id='line_1_42' title="bbox 148 2579 1733 2650; baseline 0 -16"><span class='ocrx_word' id='word_1_332' title='bbox 148 2602 169 2634; x_wconf 74' lang='grc' dir='ltr'><strong>ι</strong></span> <span class='ocrx_word' id='word_1_333' title='bbox 211 2583 348 2650; x_wconf 88' lang='lat' dir='ltr'><strong>Quia</strong></span> <span class='ocrx_word' id='word_1_334' title='bbox 377 2583 630 2646; x_wconf 67' lang='lat' dir='ltr'><strong>tenebrae,</strong></span> <span class='ocrx_word' id='word_1_335' title='bbox 663 2581 759 2646; x_wconf 89' lang='lat' dir='ltr'><strong>ait,</strong></span> <span class='ocrx_word' id='word_1_336' title='bbox 786 2596 894 2636; x_wconf 89' lang='lat' dir='ltr'><strong>non</strong></span> <span class='ocrx_word' id='word_1_337' title='bbox 928 2579 1364 2635; x_wconf 87' lang='lat' dir='ltr'><strong>obscurabuntur</strong></span> <span class='ocrx_word' id='word_1_338' title='bbox 1385 2595 1414 2633; x_wconf 95' lang='lat' dir='ltr'><strong>a</strong></span> <span class='ocrx_word' id='word_1_339' title='bbox 1444 2588 1516 2650; x_wconf 85' lang='lat' dir='ltr'><strong>te,</strong></span> <span class='ocrx_word' id='word_1_340' title='bbox 1545 2589 1598 2635; x_wconf 91' lang='lat' dir='ltr'><strong>et</strong></span> <span class='ocrx_word' id='word_1_341' title='bbox 1625 2595 1733 2634; x_wconf 84' lang='lat' dir='ltr'><strong>nox</strong></span> 
     </span>
    </p>
   </div>
   <div class='ocr_carea' id='block_1_43' title="bbox 141 2671 1733 2740">
    <p class='ocr_par' dir='ltr' id='par_1_43' title="bbox 141 2671 1733 2740">
     <span class='ocr_line' id='line_1_43' title="bbox 141 2671 1733 2740; baseline -0.004 -8"><span class='ocrx_word' id='word_1_342' title='bbox 141 2677 292 2733; x_wconf 89' lang='lat' dir='ltr'><strong>sicut</strong></span> <span class='ocrx_word' id='word_1_343' title='bbox 311 2675 423 2730; x_wconf 90' lang='lat' dir='ltr'><strong>dies</strong></span> <span class='ocrx_word' id='word_1_344' title='bbox 445 2673 853 2740; x_wconf 84' lang='lat' dir='ltr'><strong>illuminabitur,</strong></span> <span class='ocrx_word' id='word_1_345' title='bbox 887 2673 1028 2728; x_wconf 89' lang='lat' dir='ltr'><strong>sicut</strong></span> <span class='ocrx_word' id='word_1_346' title='bbox 1047 2674 1283 2728; x_wconf 67' lang='lat' dir='ltr'><strong>tenebrae</strong></span> <span class='ocrx_word' id='word_1_347' title='bbox 1307 2671 1444 2740; x_wconf 90' lang='lat' dir='ltr'><strong>ejus,</strong></span> <span class='ocrx_word' id='word_1_348' title='bbox 1475 2674 1552 2727; x_wconf 89' lang='lat' dir='ltr'><strong>ita</strong></span> <span class='ocrx_word' id='word_1_349' title='bbox 1572 2681 1629 2728; x_wconf 91' lang='lat' dir='ltr'><strong>et</strong></span> <span class='ocrx_word' id='word_1_350' title='bbox 1649 2672 1733 2726; x_wconf 91' lang='lat' dir='ltr'><strong>lu-</strong></span> 
     </span>
    </p>
   </div>
   <div class='ocr_carea' id='block_1_44' title="bbox 142 2765 1734 2840">
    <p class='ocr_par' dir='ltr' id='par_1_44' title="bbox 142 2765 1734 2840">
     <span class='ocr_line' id='line_1_44' title="bbox 142 2765 1734 2840; baseline -0.003 -16"><span class='ocrx_word' id='word_1_351' title='bbox 142 2785 270 2824; x_wconf 86' lang='lat' dir='ltr'><strong>men</strong></span> <span class='ocrx_word' id='word_1_352' title='bbox 296 2768 410 2839; x_wconf 88' lang='lat' dir='ltr'><strong>ejus</strong></span> <span class='ocrx_word' id='word_1_353' title='bbox 433 2766 608 2840; x_wconf 80' lang='lat' dir='ltr'><strong>(Psal.</strong></span> <span class='ocrx_word' id='word_1_354' title='bbox 632 2765 915 2836; x_wconf 80' lang='lat' dir='ltr'><strong>cxxxvm).</strong></span> <span class='ocrx_word' id='word_1_355' title='bbox 948 2785 966 2816; x_wconf 75' lang='grc' dir='ltr'><strong>ι</strong></span> <span class='ocrx_word' id='word_1_356' title='bbox 997 2765 1151 2831; x_wconf 86' lang='lat' dir='ltr'><strong>Quod</strong></span> <span class='ocrx_word' id='word_1_357' title='bbox 1173 2772 1354 2821; x_wconf 90' lang='lat' dir='ltr'><strong>autem</strong></span> <span class='ocrx_word' id='word_1_358' title='bbox 1374 2766 1434 2836; x_wconf 90' lang='lat' dir='ltr'><strong>in</strong></span> <span class='ocrx_word' id='word_1_359' title='bbox 1457 2765 1734 2836; x_wconf 88' lang='lat' dir='ltr'><strong>prophetis</strong></span> 
     </span>
    </p>
   </div>
   <div class='ocr_carea' id='block_1_45' title="bbox 142 2857 1732 2928">
    <p class='ocr_par' dir='ltr' id='par_1_45' title="bbox 142 2857 1732 2928">
     <span class='ocr_line' id='line_1_45' title="bbox 142 2857 1732 2928; baseline -0.004 -12"><span class='ocrx_word' id='word_1_360' title='bbox 142 2861 341 2917; x_wconf 89' lang='lat' dir='ltr'><strong>crebro</strong></span> <span class='ocrx_word' id='word_1_361' title='bbox 365 2860 582 2926; x_wconf 90' lang='lat' dir='ltr'><strong>dicitur,</strong></span> <span class='ocrx_word' id='word_1_362' title='bbox 614 2877 633 2911; x_wconf 74' lang='grc' dir='ltr'><strong>ι</strong></span> <span class='ocrx_word' id='word_1_363' title='bbox 653 2859 768 2914; x_wconf 69' lang='lat' dir='ltr'><strong>hazc</strong></span> <span class='ocrx_word' id='word_1_364' title='bbox 788 2859 916 2914; x_wconf 91' lang='lat' dir='ltr'><strong>dicit</strong></span> <span class='ocrx_word' id='word_1_365' title='bbox 942 2857 1218 2922; x_wconf 87' lang='lat' dir='ltr'><strong>Dominus,</strong></span> <span class='ocrx_word' id='word_1_366' title='bbox 1243 2878 1261 2910; x_wconf 85' lang='grc'><strong>›</strong></span> <span class='ocrx_word' id='word_1_367' title='bbox 1279 2866 1565 2928; x_wconf 87' lang='lat' dir='ltr'><strong>propterea</strong></span> <span class='ocrx_word' id='word_1_368' title='bbox 1593 2874 1732 2914; x_wconf 88' lang='lat' dir='ltr'><strong>sem-</strong></span> 
     </span>
    </p>
   </div>
   <div class='ocr_carea' id='block_1_46' title="bbox 143 2947 1729 3022">
    <p class='ocr_par' dir='ltr' id='par_1_46' title="bbox 143 2947 1729 3022">
     <span class='ocr_line' id='line_1_46' title="bbox 143 2947 1729 3022; baseline -0.002 -17"><span class='ocrx_word' id='word_1_369' title='bbox 143 2966 245 3022; x_wconf 87' lang='lat' dir='ltr'><strong>per</strong></span> <span class='ocrx_word' id='word_1_370' title='bbox 277 2950 524 3016; x_wconf 89' lang='lat' dir='ltr'><strong>infertur,</strong></span> <span class='ocrx_word' id='word_1_371' title='bbox 557 2965 626 3005; x_wconf 91' lang='lat' dir='ltr'><strong>ne</strong></span> <span class='ocrx_word' id='word_1_372' title='bbox 653 2956 1068 3005; x_wconf 87' lang='lat' dir='ltr'><strong>contemnantur</strong></span> <span class='ocrx_word' id='word_1_373' title='bbox 1098 2949 1253 3016; x_wconf 90' lang='lat' dir='ltr'><strong>quasi</strong></span> <span class='ocrx_word' id='word_1_374' title='bbox 1287 2947 1450 3002; x_wconf 84' lang='lat' dir='ltr'><strong>verba</strong></span> <span class='ocrx_word' id='word_1_375' title='bbox 1495 2950 1729 3020; x_wconf 89' lang='lat' dir='ltr'><strong>prophe-</strong></span> 
     </span>
    </p>
   </div>
   <div class='ocr_carea' id='block_1_47' title="bbox 148 3038 1731 3112">
    <p class='ocr_par' dir='ltr' id='par_1_47' title="bbox 148 3038 1731 3112">
     <span class='ocr_line' id='line_1_47' title="bbox 148 3038 1731 3112; baseline -0.001 -14"><span class='ocrx_word' id='word_1_376' title='bbox 148 3054 350 3109; x_wconf 90' lang='lat' dir='ltr'><strong>tarum,</strong></span> <span class='ocrx_word' id='word_1_377' title='bbox 381 3042 475 3098; x_wconf 89' lang='lat' dir='ltr'><strong>sed</strong></span> <span class='ocrx_word' id='word_1_378' title='bbox 520 3041 915 3098; x_wconf 89' lang='lat' dir='ltr'><strong>admoneantur</strong></span> <span class='ocrx_word' id='word_1_379' title='bbox 932 3039 1133 3112; x_wconf 87' lang='lat' dir='ltr'><strong>jugiter</strong></span> <span class='ocrx_word' id='word_1_380' title='bbox 1177 3038 1274 3096; x_wconf 90' lang='lat' dir='ltr'><strong>Dei</strong></span> <span class='ocrx_word' id='word_1_381' title='bbox 1308 3053 1587 3096; x_wconf 88' lang='lat' dir='ltr'><strong>sermones</strong></span> <span class='ocrx_word' id='word_1_382' title='bbox 1612 3054 1731 3096; x_wconf 90' lang='lat' dir='ltr'><strong>esse</strong></span> 
     </span>
    </p>
   </div>
   <div class='ocr_carea' id='block_1_48' title="bbox 143 3135 628 3207">
    <p class='ocr_par' dir='ltr' id='par_1_48' title="bbox 143 3135 628 3207">
     <span class='ocr_line' id='line_1_48' title="bbox 143 3135 628 3207; baseline -0.01 -16"><span class='ocrx_word' id='word_1_383' title='bbox 143 3142 288 3207; x_wconf 82' lang='lat' dir='ltr'><strong>quos</strong></span> <span class='ocrx_word' id='word_1_384' title='bbox 317 3135 628 3204; x_wconf 90' lang='lat' dir='ltr'><strong>loquuntur.</strong></span> 
     </span>
    </p>
   </div>
   <div class='ocr_carea' id='block_1_49' title="bbox 1836 1949 3424 2021">
    <p class='ocr_par' dir='ltr' id='par_1_49' title="bbox 1836 1949 3424 2021">
     <span class='ocr_line' id='line_1_49' title="bbox 1836 1949 3424 2021; baseline 0.001 -16"><span class='ocrx_word' id='word_1_385' title='bbox 1836 1950 2214 2005; x_wconf 61' lang='lat' dir='ltr'><strong>hatreticorum</strong></span> <span class='ocrx_word' id='word_1_386' title='bbox 2260 1949 2427 2019; x_wconf 66' lang='lat' dir='ltr'><strong>palea:</strong></span> <span class='ocrx_word' id='word_1_387' title='bbox 2476 1951 2543 2004; x_wconf 89' lang='lat' dir='ltr'><strong>ad</strong></span> <span class='ocrx_word' id='word_1_388' title='bbox 2579 1950 2816 2005; x_wconf 90' lang='lat' dir='ltr'><strong>triticum</strong></span> <span class='ocrx_word' id='word_1_389' title='bbox 2857 1951 3155 2006; x_wconf 66' lang='lat' dir='ltr'><strong>Ecclesiae?</strong></span> <span class='ocrx_word' id='word_1_390' title='bbox 3190 1952 3266 2006; x_wconf 92' lang='lat' dir='ltr'><strong>De</strong></span> <span class='ocrx_word' id='word_1_391' title='bbox 3313 1966 3424 2021; x_wconf 92' lang='lat' dir='ltr'><strong>quo</strong></span> 
     </span>
    </p>
   </div>
   <div class='ocr_carea' id='block_1_50' title="bbox 1833 2036 3422 2113">
    <p class='ocr_par' dir='ltr' id='par_1_50' title="bbox 1833 2036 3422 2113">
     <span class='ocr_line' id='line_1_50' title="bbox 1833 2036 3422 2113; baseline 0.004 -21"><span class='ocrx_word' id='word_1_392' title='bbox 1833 2036 2067 2094; x_wconf 87' lang='lat' dir='ltr'><strong>Joannes</strong></span> <span class='ocrx_word' id='word_1_393' title='bbox 2100 2036 2336 2111; x_wconf 87' lang='lat' dir='ltr'><strong>Baptista</strong></span> <span class='ocrx_word' id='word_1_394' title='bbox 2369 2039 2579 2110; x_wconf 89' lang='lat' dir='ltr'><strong>plenius</strong></span> <span class='ocrx_word' id='word_1_395' title='bbox 2606 2040 2845 2109; x_wconf 90' lang='lat' dir='ltr'><strong>loquitur</strong></span> <span class='ocrx_word' id='word_1_396' title='bbox 2869 2040 3087 2112; x_wconf 78' lang='lat' dir='ltr'><strong>(Matth.</strong></span> <span class='ocrx_word' id='word_1_397' title='bbox 3126 2042 3208 2113; x_wconf 89' lang='grc' dir='ltr'>ιιι)</span> <span class='ocrx_word' id='word_1_398' title='bbox 3235 2084 3248 2107; x_wconf 93' lang='grc'><em>,</em></span> <span class='ocrx_word' id='word_1_399' title='bbox 3279 2045 3422 2111; x_wconf 91' lang='lat' dir='ltr'><strong>quod</strong></span> 
     </span>
    </p>
   </div>
   <div class='ocr_carea' id='block_1_51' title="bbox 1833 2117 3413 2202">
    <p class='ocr_par' dir='ltr' id='par_1_51' title="bbox 1833 2117 3413 2202">
     <span class='ocr_line' id='line_1_51' title="bbox 1833 2117 3413 2202; baseline 0.004 -21"><span class='ocrx_word' id='word_1_400' title='bbox 1833 2117 2025 2199; x_wconf 81' lang='lat' dir='ltr'><strong>purget</strong></span> <span class='ocrx_word' id='word_1_401' title='bbox 2069 2128 2329 2184; x_wconf 91' lang='lat' dir='ltr'><strong>Dominus</strong></span> <span class='ocrx_word' id='word_1_402' title='bbox 2375 2144 2556 2185; x_wconf 89' lang='lat' dir='ltr'><strong>aream</strong></span> <span class='ocrx_word' id='word_1_403' title='bbox 2604 2145 2776 2196; x_wconf 91' lang='lat' dir='ltr'><strong>suam,</strong></span> <span class='ocrx_word' id='word_1_404' title='bbox 2818 2139 2874 2186; x_wconf 90' lang='lat' dir='ltr'><strong>et</strong></span> <span class='ocrx_word' id='word_1_405' title='bbox 2904 2131 3205 2187; x_wconf 87' lang='lat' dir='ltr'><strong>ventilabro</strong></span> <span class='ocrx_word' id='word_1_406' title='bbox 3229 2133 3413 2202; x_wconf 87' lang='lat' dir='ltr'><strong>paleas</strong></span> 
     </span>
    </p>
   </div>
   <div class='ocr_carea' id='block_1_52' title="bbox 1834 2219 3421 2294">
    <p class='ocr_par' dir='ltr' id='par_1_52' title="bbox 1834 2219 3421 2294">
     <span class='ocr_line' id='line_1_52' title="bbox 1834 2219 3421 2294; baseline 0.004 -22"><span class='ocrx_word' id='word_1_407' title='bbox 1834 2227 2120 2274; x_wconf 86' lang='lat' dir='ltr'><strong>ventorum</strong></span> <span class='ocrx_word' id='word_1_408' title='bbox 2141 2219 2358 2275; x_wconf 84' lang='lat' dir='ltr'><strong>ﬂatibus</strong></span> <span class='ocrx_word' id='word_1_409' title='bbox 2388 2221 2794 2293; x_wconf 82' lang='lat' dir='ltr'><strong>dispergendas,</strong></span> <span class='ocrx_word' id='word_1_410' title='bbox 2822 2222 3163 2292; x_wconf 89' lang='lat' dir='ltr'><strong>urendasque</strong></span> <span class='ocrx_word' id='word_1_411' title='bbox 3208 2223 3421 2294; x_wconf 89' lang='lat' dir='ltr'><strong>ignibus</strong></span> 
     </span>
    </p>
   </div>
   <div class='ocr_carea' id='block_1_53' title="bbox 1833 2309 3424 2381">
    <p class='ocr_par' dir='ltr' id='par_1_53' title="bbox 1833 2309 3424 2381">
     <span class='ocr_line' id='line_1_53' title="bbox 1833 2309 3424 2381; baseline 0.004 -17"><span class='ocrx_word' id='word_1_412' title='bbox 1833 2309 2189 2381; x_wconf 90' lang='lat' dir='ltr'><strong>derelinquat,</strong></span> <span class='ocrx_word' id='word_1_413' title='bbox 2225 2312 2462 2368; x_wconf 86' lang='lat' dir='ltr'><strong>triticum</strong></span> <span class='ocrx_word' id='word_1_414' title='bbox 2490 2322 2668 2368; x_wconf 89' lang='lat' dir='ltr'><strong>autem</strong></span> <span class='ocrx_word' id='word_1_415' title='bbox 2694 2314 2892 2372; x_wconf 89' lang='lat' dir='ltr'><strong>condat</strong></span> <span class='ocrx_word' id='word_1_416' title='bbox 2919 2315 2974 2369; x_wconf 91' lang='lat' dir='ltr'><strong>in</strong></span> <span class='ocrx_word' id='word_1_417' title='bbox 3002 2317 3219 2380; x_wconf 89' lang='lat' dir='ltr'><strong>horrea,</strong></span> <span class='ocrx_word' id='word_1_418' title='bbox 3242 2326 3301 2370; x_wconf 91' lang='lat' dir='ltr'><strong>ut</strong></span> <span class='ocrx_word' id='word_1_419' title='bbox 3327 2316 3424 2371; x_wconf 82' lang='lat' dir='ltr'><strong>fiat</strong></span> 
     </span>
    </p>
   </div>
   <div class='ocr_carea' id='block_1_54' title="bbox 1834 2402 3416 2474">
    <p class='ocr_par' dir='ltr' id='par_1_54' title="bbox 1834 2402 3416 2474">
     <span class='ocr_line' id='line_1_54' title="bbox 1834 2402 3416 2474; baseline 0.002 -18"><span class='ocrx_word' id='word_1_420' title='bbox 1834 2402 2072 2458; x_wconf 80' lang='lat' dir='ltr'><strong>ccelestis</strong></span> <span class='ocrx_word' id='word_1_421' title='bbox 2098 2404 2271 2472; x_wconf 87' lang='lat' dir='ltr'><strong>panis.</strong></span> <span class='ocrx_word' id='word_1_422' title='bbox 2292 2403 2626 2473; x_wconf 78' lang='lat' dir='ltr'><strong>Etloquatur</strong></span> <span class='ocrx_word' id='word_1_423' title='bbox 2649 2405 3022 2474; x_wconf 90' lang='lat' dir='ltr'><strong>unusquisque</strong></span> <span class='ocrx_word' id='word_1_424' title='bbox 3047 2405 3416 2461; x_wconf 88' lang='lat' dir='ltr'><strong>credentium:</strong></span> 
     </span>
    </p>
   </div>
   <div class='ocr_carea' id='block_1_55' title="bbox 1841 2491 3423 2566">
    <p class='ocr_par' dir='ltr' id='par_1_55' title="bbox 1841 2491 3423 2566">
     <span class='ocr_line' id='line_1_55' title="bbox 1841 2491 3423 2566; baseline 0.006 -22"><span class='ocrx_word' id='word_1_425' title='bbox 1841 2509 1861 2544; x_wconf 85' lang='grc'><strong>‹</strong></span> <span class='ocrx_word' id='word_1_426' title='bbox 1900 2491 2126 2547; x_wconf 88' lang='lat' dir='ltr'><strong>Gustate</strong></span> <span class='ocrx_word' id='word_1_427' title='bbox 2163 2503 2217 2548; x_wconf 91' lang='lat' dir='ltr'><strong>et</strong></span> <span class='ocrx_word' id='word_1_428' title='bbox 2261 2496 2462 2559; x_wconf 90' lang='lat' dir='ltr'><strong>videte,</strong></span> <span class='ocrx_word' id='word_1_429' title='bbox 2504 2497 2759 2566; x_wconf 89' lang='lat' dir='ltr'><strong>quoniam</strong></span> <span class='ocrx_word' id='word_1_430' title='bbox 2804 2497 2986 2553; x_wconf 89' lang='lat' dir='ltr'><strong>suavis</strong></span> <span class='ocrx_word' id='word_1_431' title='bbox 3041 2507 3124 2552; x_wconf 92' lang='lat' dir='ltr'><strong>est</strong></span> <span class='ocrx_word' id='word_1_432' title='bbox 3166 2498 3423 2554; x_wconf 86' lang='lat' dir='ltr'><strong>Dominus</strong></span> 
     </span>
    </p>
   </div>
   <div class='ocr_carea' id='block_1_56' title="bbox 1836 2579 3425 2660">
    <p class='ocr_par' dir='ltr' id='par_1_56' title="bbox 1836 2579 3425 2660">
     <span class='ocr_line' id='line_1_56' title="bbox 1836 2579 3425 2660; baseline 0.009 -28"><span class='ocrx_word' id='word_1_433' title='bbox 1836 2579 2010 2651; x_wconf 81' lang='lat' dir='ltr'><strong>(Psal.</strong></span> <span class='ocrx_word' id='word_1_434' title='bbox 2045 2583 2262 2654; x_wconf 64' lang='grc' dir='ltr'>χχχιιι).</span> <span class='ocrx_word' id='word_1_435' title='bbox 2305 2604 2324 2636; x_wconf 72' lang='grc' dir='ltr'><strong>ι</strong></span> <span class='ocrx_word' id='word_1_436' title='bbox 2351 2585 2419 2639; x_wconf 88' lang='lat' dir='ltr'><strong>Et</strong></span> <span class='ocrx_word' id='word_1_437' title='bbox 2447 2586 2671 2656; x_wconf 89' lang='lat' dir='ltr'><strong>pulchre</strong></span> <span class='ocrx_word' id='word_1_438' title='bbox 2699 2588 2945 2643; x_wconf 87' lang='lat' dir='ltr'><strong>doctrina</strong></span> <span class='ocrx_word' id='word_1_439' title='bbox 2973 2602 3228 2660; x_wconf 85' lang='lat' dir='ltr'><strong>perversa</strong></span> <span class='ocrx_word' id='word_1_440' title='bbox 3243 2589 3425 2660; x_wconf 81' lang='lat' dir='ltr'><strong>paleis</strong></span> 
     </span>
    </p>
   </div>
   <div class='ocr_carea' id='block_1_57' title="bbox 1835 2677 3424 2752">
    <p class='ocr_par' dir='ltr' id='par_1_57' title="bbox 1835 2677 3424 2752">
     <span class='ocr_line' id='line_1_57' title="bbox 1835 2677 3424 2752; baseline 0.006 -25"><span class='ocrx_word' id='word_1_441' title='bbox 1835 2681 2200 2742; x_wconf 88' lang='lat' dir='ltr'><strong>comparatur,</strong></span> <span class='ocrx_word' id='word_1_442' title='bbox 2245 2690 2365 2744; x_wconf 74' lang='lat' dir='ltr'><strong>quae</strong></span> <span class='ocrx_word' id='word_1_443' title='bbox 2398 2677 2689 2731; x_wconf 90' lang='lat' dir='ltr'><strong>medullam</strong></span> <span class='ocrx_word' id='word_1_444' title='bbox 2731 2694 2840 2734; x_wconf 89' lang='lat' dir='ltr'><strong>non</strong></span> <span class='ocrx_word' id='word_1_445' title='bbox 2884 2679 3109 2745; x_wconf 86' lang='lat' dir='ltr'><strong>habent,</strong></span> <span class='ocrx_word' id='word_1_446' title='bbox 3148 2695 3250 2735; x_wconf 89' lang='lat' dir='ltr'><strong>nec</strong></span> <span class='ocrx_word' id='word_1_447' title='bbox 3296 2694 3424 2752; x_wconf 84' lang='lat' dir='ltr'><strong>pos-</strong></span> 
     </span>
    </p>
   </div>
   <div class='ocr_carea' id='block_1_58' title="bbox 1835 2765 3424 2840">
    <p class='ocr_par' dir='ltr' id='par_1_58' title="bbox 1835 2765 3424 2840">
     <span class='ocr_line' id='line_1_58' title="bbox 1835 2765 3424 2840; baseline 0.01 -25"><span class='ocrx_word' id='word_1_448' title='bbox 1835 2772 1959 2816; x_wconf 89' lang='lat' dir='ltr'><strong>sunt</strong></span> <span class='ocrx_word' id='word_1_449' title='bbox 2001 2765 2211 2820; x_wconf 88' lang='lat' dir='ltr'><strong>nutrire</strong></span> <span class='ocrx_word' id='word_1_450' title='bbox 2252 2767 2587 2824; x_wconf 90' lang='lat' dir='ltr'><strong>credentium</strong></span> <span class='ocrx_word' id='word_1_451' title='bbox 2634 2770 2881 2840; x_wconf 91' lang='lat' dir='ltr'><strong>populos,</strong></span> <span class='ocrx_word' id='word_1_452' title='bbox 2930 2774 3024 2828; x_wconf 91' lang='lat' dir='ltr'><strong>sed</strong></span> <span class='ocrx_word' id='word_1_453' title='bbox 3067 2773 3135 2826; x_wconf 92' lang='lat' dir='ltr'><strong>de</strong></span> <span class='ocrx_word' id='word_1_454' title='bbox 3173 2775 3424 2831; x_wconf 88' lang='lat' dir='ltr'><strong>inanibus</strong></span> 
     </span>
    </p>
   </div>
   <div class='ocr_carea' id='block_1_59' title="bbox 1834 2851 3420 2935">
    <p class='ocr_par' dir='ltr' id='par_1_59' title="bbox 1834 2851 3420 2935">
     <span class='ocr_line' id='line_1_59' title="bbox 1834 2851 3420 2935; baseline 0.009 -29"><span class='ocrx_word' id='word_1_455' title='bbox 1834 2851 2046 2922; x_wconf 88' lang='lat' dir='ltr'><strong>stipulis</strong></span> <span class='ocrx_word' id='word_1_456' title='bbox 2092 2863 2466 2911; x_wconf 88' lang='lat' dir='ltr'><strong>conteruntur.</strong></span> <span class='ocrx_word' id='word_1_457' title='bbox 2519 2858 2587 2912; x_wconf 90' lang='lat' dir='ltr'><strong>Et</strong></span> <span class='ocrx_word' id='word_1_458' title='bbox 2634 2861 2759 2930; x_wconf 89' lang='lat' dir='ltr'><strong>quia</strong></span> <span class='ocrx_word' id='word_1_459' title='bbox 2808 2861 3420 2935; x_wconf 66' lang='lat' dir='ltr'><strong>solent‘haarcticipro-</strong></span> 
     </span>
    </p>
   </div>
   <div class='ocr_carea' id='block_1_60' title="bbox 1833 2943 3423 3026">
    <p class='ocr_par' dir='ltr' id='par_1_60' title="bbox 1833 2943 3423 3026">
     <span class='ocr_line' id='line_1_60' title="bbox 1833 2943 3423 3026; baseline 0.009 -30"><span class='ocrx_word' id='word_1_460' title='bbox 1833 2957 1990 3012; x_wconf 88' lang='lat' dir='ltr'><strong>spera</strong></span> <span class='ocrx_word' id='word_1_461' title='bbox 2019 2943 2286 3012; x_wconf 90' lang='lat' dir='ltr'><strong>polliceri,</strong></span> <span class='ocrx_word' id='word_1_462' title='bbox 2313 2954 2368 3002; x_wconf 92' lang='lat' dir='ltr'><strong>et</strong></span> <span class='ocrx_word' id='word_1_463' title='bbox 2394 2947 2656 3004; x_wconf 81' lang='lat' dir='ltr'><strong>caelorum</strong></span> <span class='ocrx_word' id='word_1_464' title='bbox 2683 2965 2846 3022; x_wconf 88' lang='lat' dir='ltr'><strong>regna</strong></span> <span class='ocrx_word' id='word_1_465' title='bbox 2887 2955 3262 3023; x_wconf 86' lang='lat' dir='ltr'><strong>peccatoribus</strong></span> <span class='ocrx_word' id='word_1_466' title='bbox 3289 2972 3423 3026; x_wconf 85' lang='lat' dir='ltr'><strong>pan-</strong></span> 
     </span>
    </p>
   </div>
   <div class='ocr_carea' id='block_1_61' title="bbox 1833 3032 3422 3116">
    <p class='ocr_par' dir='ltr' id='par_1_61' title="bbox 1833 3032 3422 3116">
     <span class='ocr_line' id='line_1_61' title="bbox 1833 3032 3422 3116; baseline 0.011 -31"><span class='ocrx_word' id='word_1_467' title='bbox 1833 3032 1980 3098; x_wconf 89' lang='lat' dir='ltr'><strong>dere,</strong></span> <span class='ocrx_word' id='word_1_468' title='bbox 1997 3034 2275 3089; x_wconf 90' lang='lat' dir='ltr'><strong>utdicant:</strong></span> <span class='ocrx_word' id='word_1_469' title='bbox 2305 3036 2500 3093; x_wconf 87' lang='lat' dir='ltr'><strong>Parata</strong></span> <span class='ocrx_word' id='word_1_470' title='bbox 2527 3041 2764 3096; x_wconf 85' lang='lat' dir='ltr'><strong>sunttibi</strong></span> <span class='ocrx_word' id='word_1_471' title='bbox 2787 3055 2951 3114; x_wconf 84' lang='lat' dir='ltr'><strong>regna</strong></span> <span class='ocrx_word' id='word_1_472' title='bbox 2971 3043 3422 3116; x_wconf 79' lang='lat' dir='ltr'><strong>ccelorum,potes</strong></span> 
     </span>
    </p>
   </div>
   <div class='ocr_carea' id='block_1_62' title="bbox 1835 3119 3419 3203">
    <p class='ocr_par' dir='ltr' id='par_1_62' title="bbox 1835 3119 3419 3203">
     <span class='ocr_line' id='line_1_62' title="bbox 1835 3119 3419 3203; baseline 0.012 -27"><span class='ocrx_word' id='word_1_473' title='bbox 1835 3119 2036 3177; x_wconf 90' lang='lat' dir='ltr'><strong>imitari</strong></span> <span class='ocrx_word' id='word_1_474' title='bbox 2068 3124 2405 3194; x_wconf 89' lang='lat' dir='ltr'><strong>majestatem</strong></span> <span class='ocrx_word' id='word_1_475' title='bbox 2432 3129 2548 3197; x_wconf 91' lang='lat' dir='ltr'><strong>Dei,</strong></span> <span class='ocrx_word' id='word_1_476' title='bbox 2576 3139 2635 3185; x_wconf 93' lang='lat' dir='ltr'><strong>ut</strong></span> <span class='ocrx_word' id='word_1_477' title='bbox 2661 3133 2865 3202; x_wconf 89' lang='lat' dir='ltr'><strong>absque</strong></span> <span class='ocrx_word' id='word_1_478' title='bbox 2903 3125 3125 3203; x_wconf 83' lang='lat' dir='ltr'><strong>peccato</strong></span> <span class='ocrx_word' id='word_1_479' title='bbox 3158 3138 3233 3192; x_wconf 90' lang='lat' dir='ltr'><strong>sis</strong></span> <span class='ocrx_word' id='word_1_480' title='bbox 3269 3156 3280 3191; x_wconf 91' lang='lat'>:</span> <span class='ocrx_word' id='word_1_481' title='bbox 3326 3154 3419 3194; x_wconf 85' lang='lat' dir='ltr'><strong>ac-</strong></span> 
     </span>
    </p>
   </div>
   <div class='ocr_carea' id='block_1_63' title="bbox 222 3214 3424 3306">
    <p class='ocr_par' dir='ltr' id='par_1_63' title="bbox 222 3214 3424 3306">
     <span class='ocr_line' id='line_1_63' title="bbox 222 3214 3424 3306; baseline 0.002 -29"><span class='ocrx_word' id='word_1_482' title='bbox 222 3246 244 3278; x_wconf 72' lang='grc' dir='ltr'><strong>ε</strong></span> <span class='ocrx_word' id='word_1_483' title='bbox 281 3226 474 3281; x_wconf 80' lang='lat' dir='ltr'><strong>Audivi</strong></span> <span class='ocrx_word' id='word_1_484' title='bbox 501 3240 621 3294; x_wconf 76' lang='lat' dir='ltr'><strong>quae</strong></span> <span class='ocrx_word' id='word_1_485' title='bbox 648 3225 899 3278; x_wconf 82' lang='lat' dir='ltr'><strong>dixerunt</strong></span> <span class='ocrx_word' id='word_1_486' title='bbox 921 3224 1202 3293; x_wconf 82' lang='lat' dir='ltr'><strong>prophetae</strong></span> <span class='ocrx_word' id='word_1_487' title='bbox 1221 3263 1235 3287; x_wconf 92' lang='lat'><strong>,</strong></span> <span class='ocrx_word' id='word_1_488' title='bbox 1264 3221 1649 3306; x_wconf 82' lang='lat' dir='ltr'><strong>prophetantes</strong></span> <span class='ocrx_word' id='word_1_489' title='bbox 1676 3223 1731 3277; x_wconf 81' lang='lat' dir='ltr'><strong>in</strong></span> <span class='ocrx_word' id='word_1_490' title='bbox 1760 3218 1805 3280; x_wconf 88' lang='lat' dir='ltr'><strong>C</strong></span> <span class='ocrx_word' id='word_1_491' title='bbox 1835 3214 2024 3306; x_wconf 77' lang='lat' dir='ltr'><strong>cepisti</strong></span> <span class='ocrx_word' id='word_1_492' title='bbox 2051 3216 2194 3270; x_wconf 91' lang='lat' dir='ltr'><strong>enim</strong></span> <span class='ocrx_word' id='word_1_493' title='bbox 2223 3217 2378 3273; x_wconf 85' lang='lat' dir='ltr'><strong>liberi</strong></span> <span class='ocrx_word' id='word_1_494' title='bbox 2414 3220 2623 3274; x_wconf 88' lang='lat' dir='ltr'><strong>arbitrii</strong></span> <span class='ocrx_word' id='word_1_495' title='bbox 2649 3231 2993 3292; x_wconf 86' lang='lat' dir='ltr'><strong>potestatem,</strong></span> <span class='ocrx_word' id='word_1_496' title='bbox 3025 3234 3079 3279; x_wconf 92' lang='lat' dir='ltr'><strong>et</strong></span> <span class='ocrx_word' id='word_1_497' title='bbox 3096 3225 3226 3297; x_wconf 90' lang='lat' dir='ltr'><strong>legis</strong></span> <span class='ocrx_word' id='word_1_498' title='bbox 3249 3229 3424 3284; x_wconf 89' lang='lat' dir='ltr'><strong>scien-</strong></span> 
     </span>
    </p>
   </div>
   <div class='ocr_carea' id='block_1_64' title="bbox 149 3314 1733 3388">
    <p class='ocr_par' dir='ltr' id='par_1_64' title="bbox 149 3314 1733 3388">
     <span class='ocr_line' id='line_1_64' title="bbox 149 3314 1733 3388; baseline -0.002 -16"><span class='ocrx_word' id='word_1_499' title='bbox 149 3336 174 3372; x_wconf 72' lang='grc' dir='ltr'><strong>ι</strong></span> <span class='ocrx_word' id='word_1_500' title='bbox 209 3319 430 3372; x_wconf 89' lang='lat' dir='ltr'><strong>nomine</strong></span> <span class='ocrx_word' id='word_1_501' title='bbox 469 3331 591 3372; x_wconf 91' lang='lat' dir='ltr'><strong>meo</strong></span> <span class='ocrx_word' id='word_1_502' title='bbox 633 3317 992 3382; x_wconf 90' lang='lat' dir='ltr'><strong>mendacium,</strong></span> <span class='ocrx_word' id='word_1_503' title='bbox 1037 3323 1219 3388; x_wconf 65' lang='lat' dir='ltr'><strong>atque</strong></span> <span class='ocrx_word' id='word_1_504' title='bbox 1243 3314 1482 3370; x_wconf 91' lang='lat' dir='ltr'><strong>dicentes</strong></span> <span class='ocrx_word' id='word_1_505' title='bbox 1523 3334 1534 3368; x_wconf 92' lang='lat'>:</span> <span class='ocrx_word' id='word_1_506' title='bbox 1581 3315 1733 3370; x_wconf 91' lang='lat' dir='ltr'><strong>Som-</strong></span> 
     </span>
    </p>
   </div>
   <div class='ocr_carea' id='block_1_65' title="bbox 150 3398 1734 3481">
    <p class='ocr_par' dir='ltr' id='par_1_65' title="bbox 150 3398 1734 3481">
     <span class='ocr_line' id='line_1_65' title="bbox 150 3398 1734 3481; baseline -0.001 -19"><span class='ocrx_word' id='word_1_507' title='bbox 150 3429 171 3462; x_wconf 74' lang='grc' dir='ltr'><strong>ι</strong></span> <span class='ocrx_word' id='word_1_508' title='bbox 201 3409 349 3465; x_wconf 90' lang='lat' dir='ltr'><strong>niavi</strong></span> <span class='ocrx_word' id='word_1_509' title='bbox 373 3410 498 3481; x_wconf 78' lang='lat' dir='ltr'><strong>(sive</strong></span> <span class='ocrx_word' id='word_1_510' title='bbox 532 3409 640 3463; x_wconf 89' lang='lat' dir='ltr'><strong>vidi</strong></span> <span class='ocrx_word' id='word_1_511' title='bbox 669 3407 980 3478; x_wconf 90' lang='lat' dir='ltr'><strong>somnium).</strong></span> <span class='ocrx_word' id='word_1_512' title='bbox 1009 3406 1302 3476; x_wconf 89' lang='lat' dir='ltr'><strong>Usquequo</strong></span> <span class='ocrx_word' id='word_1_513' title='bbox 1325 3404 1466 3460; x_wconf 88' lang='lat' dir='ltr'><strong>istud</strong></span> <span class='ocrx_word' id='word_1_514' title='bbox 1487 3406 1542 3460; x_wconf 89' lang='lat' dir='ltr'><strong>in</strong></span> <span class='ocrx_word' id='word_1_515' title='bbox 1571 3398 1734 3461; x_wconf 81' lang='lat' dir='ltr'><strong>cerde</strong></span> 
     </span>
    </p>
   </div>
   <div class='ocr_carea' id='block_1_66' title="bbox 120 3499 1736 3573">
    <p class='ocr_par' dir='ltr' id='par_1_66' title="bbox 120 3499 1736 3573">
     <span class='ocr_line' id='line_1_66' title="bbox 120 3499 1736 3573; baseline -0.002 -17"><span class='ocrx_word' id='word_1_516' title='bbox 120 3522 170 3556; x_wconf 50' lang='grc' dir='ltr'><strong>με</strong></span> <span class='ocrx_word' id='word_1_517' title='bbox 203 3515 290 3560; x_wconf 89' lang='lat' dir='ltr'><strong>est</strong></span> <span class='ocrx_word' id='word_1_518' title='bbox 332 3505 718 3573; x_wconf 91' lang='lat' dir='ltr'><strong>prophetarum</strong></span> <span class='ocrx_word' id='word_1_519' title='bbox 775 3501 1186 3556; x_wconf 89' lang='lat' dir='ltr'><strong>vaticinantium</strong></span> <span class='ocrx_word' id='word_1_520' title='bbox 1237 3499 1577 3554; x_wconf 83' lang='lat' dir='ltr'><strong>mendacium</strong></span> <span class='ocrx_word' id='word_1_521' title='bbox 1604 3539 1619 3566; x_wconf 94' lang='lat'><strong>,</strong></span> <span class='ocrx_word' id='word_1_522' title='bbox 1680 3507 1736 3554; x_wconf 90' lang='lat' dir='ltr'><strong>et</strong></span> 
     </span>
    </p>
   </div>
   <div class='ocr_carea' id='block_1_67' title="bbox 151 3591 1736 3666">
    <p class='ocr_par' dir='ltr' id='par_1_67' title="bbox 151 3591 1736 3666">
     <span class='ocr_line' id='line_1_67' title="bbox 151 3591 1736 3666; baseline -0.001 -18"><span class='ocrx_word' id='word_1_523' title='bbox 151 3617 172 3648; x_wconf 71' lang='grc' dir='ltr'><strong>ι</strong></span> <span class='ocrx_word' id='word_1_524' title='bbox 202 3595 641 3666; x_wconf 85' lang='lat' dir='ltr'><strong>prophetantium</strong></span> <span class='ocrx_word' id='word_1_525' title='bbox 666 3593 1007 3649; x_wconf 86' lang='lat' dir='ltr'><strong>seductiones</strong></span> <span class='ocrx_word' id='word_1_526' title='bbox 1047 3591 1173 3664; x_wconf 81' lang='lat' dir='ltr'><strong>(sive</strong></span> <span class='ocrx_word' id='word_1_527' title='bbox 1199 3591 1523 3664; x_wconf 88' lang='lat' dir='ltr'><strong>voluntates)</strong></span> <span class='ocrx_word' id='word_1_528' title='bbox 1555 3592 1736 3646; x_wconf 91' lang='lat' dir='ltr'><strong>cordis</strong></span> 
     </span>
    </p>
   </div>
   <div class='ocr_carea' id='block_1_68' title="bbox 153 3679 1736 3753">
    <p class='ocr_par' dir='ltr' id='par_1_68' title="bbox 153 3679 1736 3753">
     <span class='ocr_line' id='line_1_68' title="bbox 153 3679 1736 3753; baseline -0.002 -15"><span class='ocrx_word' id='word_1_529' title='bbox 153 3706 171 3738; x_wconf 85' lang='grc'><em>‹</em></span> <span class='ocrx_word' id='word_1_530' title='bbox 207 3685 328 3741; x_wconf 89' lang='lat' dir='ltr'><strong>sui?</strong></span> <span class='ocrx_word' id='word_1_531' title='bbox 350 3684 452 3751; x_wconf 86' lang='lat' dir='ltr'><strong>Qui</strong></span> <span class='ocrx_word' id='word_1_532' title='bbox 475 3683 660 3738; x_wconf 84' lang='lat' dir='ltr'><strong>volunt</strong></span> <span class='ocrx_word' id='word_1_533' title='bbox 684 3683 812 3753; x_wconf 82' lang='lat' dir='ltr'><strong>(sive</strong></span> <span class='ocrx_word' id='word_1_534' title='bbox 837 3679 1118 3752; x_wconf 90' lang='lat' dir='ltr'><strong>cogitant),</strong></span> <span class='ocrx_word' id='word_1_535' title='bbox 1143 3679 1344 3746; x_wconf 82' lang='lat' dir='ltr'><strong>facere,</strong></span> <span class='ocrx_word' id='word_1_536' title='bbox 1369 3689 1428 3734; x_wconf 93' lang='lat' dir='ltr'><strong>ut</strong></span> <span class='ocrx_word' id='word_1_537' title='bbox 1449 3680 1736 3735; x_wconf 85' lang='lat' dir='ltr'><strong>oblivisca-</strong></span> 
     </span>
    </p>
   </div>
   <div class='ocr_carea' id='block_1_69' title="bbox 153 3772 1736 3847">
    <p class='ocr_par' dir='ltr' id='par_1_69' title="bbox 153 3772 1736 3847">
     <span class='ocr_line' id='line_1_69' title="bbox 153 3772 1736 3847; baseline -0.001 -18"><span class='ocrx_word' id='word_1_538' title='bbox 153 3796 174 3829; x_wconf 72' lang='grc' dir='ltr'><strong>ι</strong></span> <span class='ocrx_word' id='word_1_539' title='bbox 206 3785 296 3832; x_wconf 90' lang='lat' dir='ltr'><strong>tur</strong></span> <span class='ocrx_word' id='word_1_540' title='bbox 317 3775 546 3847; x_wconf 90' lang='lat' dir='ltr'><strong>populus</strong></span> <span class='ocrx_word' id='word_1_541' title='bbox 566 3790 719 3830; x_wconf 91' lang='lat' dir='ltr'><strong>meus</strong></span> <span class='ocrx_word' id='word_1_542' title='bbox 739 3775 973 3829; x_wconf 89' lang='lat' dir='ltr'><strong>nominis</strong></span> <span class='ocrx_word' id='word_1_543' title='bbox 1009 3772 1136 3838; x_wconf 91' lang='lat' dir='ltr'><strong>mei,</strong></span> <span class='ocrx_word' id='word_1_544' title='bbox 1160 3781 1382 3844; x_wconf 88' lang='lat' dir='ltr'><strong>propter</strong></span> <span class='ocrx_word' id='word_1_545' title='bbox 1408 3773 1615 3828; x_wconf 91' lang='lat' dir='ltr'><strong>somnia</strong></span> <span class='ocrx_word' id='word_1_546' title='bbox 1643 3786 1736 3827; x_wconf 92' lang='lat' dir='ltr'><strong>eo-</strong></span> 
     </span>
    </p>
   </div>
   <div class='ocr_carea' id='block_1_70' title="bbox 154 3864 1735 3937">
    <p class='ocr_par' dir='ltr' id='par_1_70' title="bbox 154 3864 1735 3937">
     <span class='ocr_line' id='line_1_70' title="bbox 154 3864 1735 3937; baseline -0.003 -16"><span class='ocrx_word' id='word_1_547' title='bbox 154 3888 173 3921; x_wconf 78' lang='grc' dir='ltr'><strong>ι</strong></span> <span class='ocrx_word' id='word_1_548' title='bbox 210 3884 378 3934; x_wconf 88' lang='lat' dir='ltr'><strong>rum,</strong></span> <span class='ocrx_word' id='word_1_549' title='bbox 435 3881 553 3937; x_wconf 71' lang='lat' dir='ltr'><strong>quae</strong></span> <span class='ocrx_word' id='word_1_550' title='bbox 603 3872 792 3919; x_wconf 90' lang='lat' dir='ltr'><strong>narrat</strong></span> <span class='ocrx_word' id='word_1_551' title='bbox 858 3864 1229 3934; x_wconf 88' lang='lat' dir='ltr'><strong>unusquisque</strong></span> <span class='ocrx_word' id='word_1_552' title='bbox 1295 3864 1362 3918; x_wconf 91' lang='lat' dir='ltr'><strong>ad</strong></span> <span class='ocrx_word' id='word_1_553' title='bbox 1428 3864 1735 3932; x_wconf 86' lang='lat' dir='ltr'><strong>proximum</strong></span> 
     </span>
    </p>
   </div>
   <div class='ocr_carea' id='block_1_71' title="bbox 154 3952 1733 4023">
    <p class='ocr_par' dir='ltr' id='par_1_71' title="bbox 154 3952 1733 4023">
     <span class='ocr_line' id='line_1_71' title="bbox 154 3952 1733 4023; baseline -0.002 -14"><span class='ocrx_word' id='word_1_554' title='bbox 154 3976 174 4009; x_wconf 71' lang='grc' dir='ltr'><strong>ι</strong></span> <span class='ocrx_word' id='word_1_555' title='bbox 209 3972 392 4021; x_wconf 91' lang='lat' dir='ltr'><strong>suum,</strong></span> <span class='ocrx_word' id='word_1_556' title='bbox 439 3956 575 4010; x_wconf 89' lang='lat' dir='ltr'><strong>sicut</strong></span> <span class='ocrx_word' id='word_1_557' title='bbox 600 3954 748 4008; x_wconf 88' lang='lat' dir='ltr'><strong>obliti</strong></span> <span class='ocrx_word' id='word_1_558' title='bbox 779 3961 903 4010; x_wconf 89' lang='lat' dir='ltr'><strong>sunt</strong></span> <span class='ocrx_word' id='word_1_559' title='bbox 933 3961 1117 4023; x_wconf 89' lang='lat' dir='ltr'><strong>patres</strong></span> <span class='ocrx_word' id='word_1_560' title='bbox 1143 3967 1332 4008; x_wconf 90' lang='lat' dir='ltr'><strong>eorum</strong></span> <span class='ocrx_word' id='word_1_561' title='bbox 1363 3953 1596 4007; x_wconf 91' lang='lat' dir='ltr'><strong>nominis</strong></span> <span class='ocrx_word' id='word_1_562' title='bbox 1627 3952 1733 4007; x_wconf 89' lang='lat' dir='ltr'><strong>mei</strong></span> 
     </span>
    </p>
   </div>
   <div class='ocr_carea' id='block_1_72' title="bbox 154 4040 1737 4115">
    <p class='ocr_par' dir='ltr' id='par_1_72' title="bbox 154 4040 1737 4115">
     <span class='ocr_line' id='line_1_72' title="bbox 154 4040 1737 4115; baseline -0.003 -17"><span class='ocrx_word' id='word_1_563' title='bbox 154 4066 174 4098; x_wconf 75' lang='grc' dir='ltr'><strong>ι</strong></span> <span class='ocrx_word' id='word_1_564' title='bbox 208 4052 432 4115; x_wconf 80' lang='lat' dir='ltr'><strong>prapter</strong></span> <span class='ocrx_word' id='word_1_565' title='bbox 469 4043 597 4097; x_wconf 84' lang='lat' dir='ltr'><strong>Baal</strong></span> <span class='ocrx_word' id='word_1_566' title='bbox 622 4040 748 4114; x_wconf 80' lang='lat' dir='ltr'><strong>(sive</strong></span> <span class='ocrx_word' id='word_1_567' title='bbox 769 4044 824 4096; x_wconf 91' lang='lat' dir='ltr'><strong>in</strong></span> <span class='ocrx_word' id='word_1_568' title='bbox 845 4041 1019 4112; x_wconf 91' lang='lat' dir='ltr'><strong>Baal).</strong></span> <span class='ocrx_word' id='word_1_569' title='bbox 1060 4061 1080 4095; x_wconf 73' lang='grc' dir='ltr'><strong>ι</strong></span> <span class='ocrx_word' id='word_1_570' title='bbox 1110 4042 1246 4109; x_wconf 89' lang='lat' dir='ltr'><strong>Quia</strong></span> <span class='ocrx_word' id='word_1_571' title='bbox 1279 4043 1528 4112; x_wconf 89' lang='lat' dir='ltr'><strong>superior</strong></span> <span class='ocrx_word' id='word_1_572' title='bbox 1549 4041 1737 4109; x_wconf 82' lang='lat' dir='ltr'><strong>titulus</strong></span> 
     </span>
    </p>
   </div>
   <div class='ocr_carea' id='block_1_73' title="bbox 148 4133 1738 4206">
    <p class='ocr_par' dir='ltr' id='par_1_73' title="bbox 148 4133 1738 4206">
     <span class='ocr_line' id='line_1_73' title="bbox 148 4133 1738 4206; baseline -0.003 -16"><span class='ocrx_word' id='word_1_573' title='bbox 148 4144 344 4190; x_wconf 87' lang='lat' dir='ltr'><strong>contra</strong></span> <span class='ocrx_word' id='word_1_574' title='bbox 397 4134 689 4204; x_wconf 87' lang='lat' dir='ltr'><strong>prophetas</strong></span> <span class='ocrx_word' id='word_1_575' title='bbox 732 4142 836 4206; x_wconf 87' lang='lat' dir='ltr'><strong>est,</strong></span> <span class='ocrx_word' id='word_1_576' title='bbox 871 4133 982 4188; x_wconf 90' lang='lat' dir='ltr'><strong>sive</strong></span> <span class='ocrx_word' id='word_1_577' title='bbox 1022 4133 1087 4186; x_wconf 89' lang='lat' dir='ltr'><strong>ad</strong></span> <span class='ocrx_word' id='word_1_578' title='bbox 1113 4133 1406 4202; x_wconf 88' lang='lat' dir='ltr'><strong>pr0phetas</strong></span> <span class='ocrx_word' id='word_1_579' title='bbox 1451 4147 1586 4201; x_wconf 90' lang='lat' dir='ltr'><strong>quos</strong></span> <span class='ocrx_word' id='word_1_580' title='bbox 1612 4147 1738 4201; x_wconf 88' lang='lat' dir='ltr'><strong>per-</strong></span> 
     </span>
    </p>
   </div>
   <div class='ocr_carea' id='block_1_74' title="bbox 148 4220 1734 4294">
    <p class='ocr_par' dir='ltr' id='par_1_74' title="bbox 148 4220 1734 4294">
     <span class='ocr_line' id='line_1_74' title="bbox 148 4220 1734 4294; baseline -0.003 -15"><span class='ocrx_word' id='word_1_581' title='bbox 148 4224 339 4294; x_wconf 88' lang='lat' dir='ltr'><strong>spicue</strong></span> <span class='ocrx_word' id='word_1_582' title='bbox 382 4222 875 4292; x_wconf 89' lang='lat' dir='ltr'><strong>pseudoprophetas</strong></span> <span class='ocrx_word' id='word_1_583' title='bbox 922 4220 1290 4291; x_wconf 76' lang='lat' dir='ltr'><strong>intelligimus.</strong></span> <span class='ocrx_word' id='word_1_584' title='bbox 1352 4221 1488 4275; x_wconf 89' lang='lat' dir='ltr'><strong>Sunt</strong></span> <span class='ocrx_word' id='word_1_585' title='bbox 1553 4230 1734 4276; x_wconf 90' lang='lat' dir='ltr'><strong>autem</strong></span> 
     </span>
    </p>
   </div>
   <div class='ocr_carea' id='block_1_75' title="bbox 149 4314 1737 4386">
    <p class='ocr_par' dir='ltr' id='par_1_75' title="bbox 149 4314 1737 4386">
     <span class='ocr_line' id='line_1_75' title="bbox 149 4314 1737 4386; baseline -0.001 -16"><span class='ocrx_word' id='word_1_586' title='bbox 149 4317 326 4370; x_wconf 88' lang='lat' dir='ltr'><strong>multa</strong></span> <span class='ocrx_word' id='word_1_587' title='bbox 355 4330 549 4386; x_wconf 87' lang='lat' dir='ltr'><strong>genera</strong></span> <span class='ocrx_word' id='word_1_588' title='bbox 594 4314 949 4384; x_wconf 90' lang='lat' dir='ltr'><strong>prophetandi</strong></span> <span class='ocrx_word' id='word_1_589' title='bbox 969 4354 984 4379; x_wconf 89' lang='lat'><strong>,</strong></span> <span class='ocrx_word' id='word_1_590' title='bbox 1013 4329 1244 4384; x_wconf 89' lang='lat' dir='ltr'><strong>quorum</strong></span> <span class='ocrx_word' id='word_1_591' title='bbox 1274 4329 1440 4368; x_wconf 91' lang='lat' dir='ltr'><strong>unum</strong></span> <span class='ocrx_word' id='word_1_592' title='bbox 1475 4321 1560 4368; x_wconf 90' lang='lat' dir='ltr'><strong>est</strong></span> <span class='ocrx_word' id='word_1_593' title='bbox 1594 4328 1737 4369; x_wconf 90' lang='lat' dir='ltr'><strong>som-</strong></span> 
     </span>
    </p>
   </div>
   <div class='ocr_carea' id='block_1_76' title="bbox 151 4387 1736 4474">
    <p class='ocr_par' dir='ltr' id='par_1_76' title="bbox 151 4387 1736 4474">
     <span class='ocr_line' id='line_1_76' title="bbox 151 4387 1736 4474; baseline -0.001 -15"><span class='ocrx_word' id='word_1_594' title='bbox 151 4406 393 4470; x_wconf 91' lang='lat' dir='ltr'><strong>niorum,</strong></span> <span class='ocrx_word' id='word_1_595' title='bbox 415 4403 574 4474; x_wconf 83' lang='lat' dir='ltr'><strong>quale</strong></span> <span class='ocrx_word' id='word_1_596' title='bbox 599 4403 700 4458; x_wconf 89' lang='lat' dir='ltr'><strong>fuit</strong></span> <span class='ocrx_word' id='word_1_597' title='bbox 721 4403 774 4457; x_wconf 93' lang='lat' dir='ltr'><strong>in</strong></span> <span class='ocrx_word' id='word_1_598' title='bbox 804 4403 1045 4468; x_wconf 87' lang='lat' dir='ltr'><strong>Daniele,</strong></span> <span class='ocrx_word' id='word_1_599' title='bbox 1073 4387 1278 4458; x_wconf 87' lang='lat' dir='ltr'><strong>idcirco</strong></span> <span class='ocrx_word' id='word_1_600' title='bbox 1305 4412 1360 4458; x_wconf 94' lang='lat' dir='ltr'><strong>et</strong></span> <span class='ocrx_word' id='word_1_601' title='bbox 1387 4404 1454 4458; x_wconf 91' lang='lat' dir='ltr'><strong>ad</strong></span> <span class='ocrx_word' id='word_1_602' title='bbox 1488 4419 1581 4458; x_wconf 89' lang='lat' dir='ltr'><strong>eos</strong></span> <span class='ocrx_word' id='word_1_603' title='bbox 1612 4419 1736 4473; x_wconf 92' lang='lat' dir='ltr'><strong>pro-</strong></span> 
     </span>
    </p>
   </div>
   <div class='ocr_carea' id='block_1_77' title="bbox 149 4493 1737 4568">
    <p class='ocr_par' dir='ltr' id='par_1_77' title="bbox 149 4493 1737 4568">
     <span class='ocr_line' id='line_1_77' title="bbox 149 4493 1737 4568; baseline -0.002 -16"><span class='ocrx_word' id='word_1_604' title='bbox 149 4497 388 4568; x_wconf 88' lang='lat' dir='ltr'><strong>phetalis</strong></span> <span class='ocrx_word' id='word_1_605' title='bbox 440 4511 619 4552; x_wconf 88' lang='lat' dir='ltr'><strong>sermo</strong></span> <span class='ocrx_word' id='word_1_606' title='bbox 667 4495 920 4566; x_wconf 89' lang='lat' dir='ltr'><strong>dirigitur</strong></span> <span class='ocrx_word' id='word_1_607' title='bbox 965 4495 1058 4565; x_wconf 92' lang='lat' dir='ltr'><strong>qui</strong></span> <span class='ocrx_word' id='word_1_608' title='bbox 1113 4493 1341 4549; x_wconf 91' lang='lat' dir='ltr'><strong>credunt</strong></span> <span class='ocrx_word' id='word_1_609' title='bbox 1388 4496 1633 4560; x_wconf 89' lang='lat' dir='ltr'><strong>somniis,</strong></span> <span class='ocrx_word' id='word_1_610' title='bbox 1682 4503 1737 4550; x_wconf 91' lang='lat' dir='ltr'><strong>et</strong></span> 
     </span>
    </p>
   </div>
   <div class='ocr_carea' id='block_1_78' title="bbox 1834 3303 3422 3383">
    <p class='ocr_par' dir='ltr' id='par_1_78' title="bbox 1834 3303 3422 3383">
     <span class='ocr_line' id='line_1_78' title="bbox 1834 3303 3422 3383; baseline 0.011 -28"><span class='ocrx_word' id='word_1_611' title='bbox 1834 3303 1966 3357; x_wconf 89' lang='lat' dir='ltr'><strong>tiam</strong></span> <span class='ocrx_word' id='word_1_612' title='bbox 2003 3319 2100 3372; x_wconf 91' lang='lat' dir='ltr'><strong>per</strong></span> <span class='ocrx_word' id='word_1_613' title='bbox 2134 3321 2297 3376; x_wconf 89' lang='lat' dir='ltr'><strong>quam</strong></span> <span class='ocrx_word' id='word_1_614' title='bbox 2345 3311 2736 3380; x_wconf 87' lang='lat' dir='ltr'><strong>consequaris,</strong></span> <span class='ocrx_word' id='word_1_615' title='bbox 2781 3314 2924 3383; x_wconf 87' lang='lat' dir='ltr'><strong>quod</strong></span> <span class='ocrx_word' id='word_1_616' title='bbox 2969 3315 3234 3382; x_wconf 86' lang='lat' dir='ltr'><strong>volueris,</strong></span> <span class='ocrx_word' id='word_1_617' title='bbox 3277 3317 3422 3372; x_wconf 87' lang='lat' dir='ltr'><strong>deci-</strong></span> 
     </span>
    </p>
   </div>
   <div class='ocr_carea' id='block_1_79' title="bbox 1832 3392 3421 3463">
    <p class='ocr_par' dir='ltr' id='par_1_79' title="bbox 1832 3392 3421 3463">
     <span class='ocr_line' id='line_1_79' title="bbox 1832 3392 3421 3463; baseline 0.011 -18"><span class='ocrx_word' id='word_1_618' title='bbox 1832 3392 2092 3462; x_wconf 92' lang='lat' dir='ltr'><strong>piuntque</strong></span> <span class='ocrx_word' id='word_1_619' title='bbox 2125 3395 2404 3452; x_wconf 88' lang='lat' dir='ltr'><strong>blanditiis</strong></span> <span class='ocrx_word' id='word_1_620' title='bbox 2431 3399 2677 3463; x_wconf 89' lang='lat' dir='ltr'><strong>miseros,</strong></span> <span class='ocrx_word' id='word_1_621' title='bbox 2711 3410 2766 3455; x_wconf 91' lang='lat' dir='ltr'><strong>et</strong></span> <span class='ocrx_word' id='word_1_622' title='bbox 2807 3403 3041 3458; x_wconf 85' lang='lat' dir='ltr'><strong>maxime</strong></span> <span class='ocrx_word' id='word_1_623' title='bbox 3077 3406 3421 3462; x_wconf 90' lang='lat' dir='ltr'><strong>mulierculas</strong></span> 
     </span>
    </p>
   </div>
   <div class='ocr_carea' id='block_1_80' title="bbox 1833 3490 3422 3560">
    <p class='ocr_par' dir='ltr' id='par_1_80' title="bbox 1833 3490 3422 3560">
     <span class='ocr_line' id='line_1_80' title="bbox 1833 3490 3422 3560; baseline 0.009 -20"><span class='ocrx_word' id='word_1_624' title='bbox 1833 3494 2088 3542; x_wconf 88' lang='lat' dir='ltr'><strong>oneratas</strong></span> <span class='ocrx_word' id='word_1_625' title='bbox 2125 3490 2392 3557; x_wconf 90' lang='lat' dir='ltr'><strong>peccatis,</strong></span> <span class='ocrx_word' id='word_1_626' title='bbox 2433 3505 2554 3560; x_wconf 76' lang='lat' dir='ltr'><strong>qua:</strong></span> <span class='ocrx_word' id='word_1_627' title='bbox 2597 3493 3055 3551; x_wconf 82' lang='lat' dir='ltr'><strong>circumferuntur</strong></span> <span class='ocrx_word' id='word_1_628' title='bbox 3083 3499 3230 3553; x_wconf 92' lang='lat' dir='ltr'><strong>omni</strong></span> <span class='ocrx_word' id='word_1_629' title='bbox 3258 3509 3422 3554; x_wconf 88' lang='lat' dir='ltr'><strong>vento</strong></span> 
     </span>
    </p>
   </div>
   <div class='ocr_carea' id='block_1_81' title="bbox 1833 3579 3420 3658">
    <p class='ocr_par' dir='ltr' id='par_1_81' title="bbox 1833 3579 3420 3658">
     <span class='ocr_line' id='line_1_81' title="bbox 1833 3579 3420 3658; baseline 0.008 -25"><span class='ocrx_word' id='word_1_630' title='bbox 1833 3579 2113 3646; x_wconf 83' lang='lat' dir='ltr'><strong>doctrinae,</strong></span> <span class='ocrx_word' id='word_1_631' title='bbox 2141 3595 2352 3651; x_wconf 90' lang='lat' dir='ltr'><strong>semper</strong></span> <span class='ocrx_word' id='word_1_632' title='bbox 2377 3584 2651 3641; x_wconf 89' lang='lat' dir='ltr'><strong>discentes</strong></span> <span class='ocrx_word' id='word_1_633' title='bbox 2677 3593 2731 3642; x_wconf 93' lang='lat' dir='ltr'><strong>et</strong></span> <span class='ocrx_word' id='word_1_634' title='bbox 2756 3603 3031 3658; x_wconf 91' lang='lat' dir='ltr'><strong>nunquam</strong></span> <span class='ocrx_word' id='word_1_635' title='bbox 3047 3590 3114 3645; x_wconf 92' lang='lat' dir='ltr'><strong>ad</strong></span> <span class='ocrx_word' id='word_1_636' title='bbox 3139 3591 3420 3646; x_wconf 88' lang='lat' dir='ltr'><strong>scientiam</strong></span> 
     </span>
    </p>
   </div>
   <div class='ocr_carea' id='block_1_82' title="bbox 1834 3670 3424 3741">
    <p class='ocr_par' dir='ltr' id='par_1_82' title="bbox 1834 3670 3424 3741">
     <span class='ocr_line' id='line_1_82' title="bbox 1834 3670 3424 3741; baseline 0.01 -19"><span class='ocrx_word' id='word_1_637' title='bbox 1834 3670 2078 3726; x_wconf 86' lang='lat' dir='ltr'><strong>veritatis</strong></span> <span class='ocrx_word' id='word_1_638' title='bbox 2106 3673 2515 3741; x_wconf 88' lang='lat' dir='ltr'><strong>pervenientes;</strong></span> <span class='ocrx_word' id='word_1_639' title='bbox 2548 3685 2602 3731; x_wconf 88' lang='lat' dir='ltr'><strong>et</strong></span> <span class='ocrx_word' id='word_1_640' title='bbox 2625 3683 2814 3733; x_wconf 77' lang='lat' dir='ltr'><strong>omnes</strong></span> <span class='ocrx_word' id='word_1_641' title='bbox 2836 3681 3111 3737; x_wconf 89' lang='lat' dir='ltr'><strong>auditores</strong></span> <span class='ocrx_word' id='word_1_642' title='bbox 3138 3698 3265 3738; x_wconf 91' lang='lat' dir='ltr'><strong>suos</strong></span> <span class='ocrx_word' id='word_1_643' title='bbox 3291 3684 3424 3738; x_wconf 85' lang='lat' dir='ltr'><strong>adu-</strong></span> 
     </span>
    </p>
   </div>
   <div class='ocr_carea' id='block_1_83' title="bbox 1835 3760 3420 3841">
    <p class='ocr_par' dir='ltr' id='par_1_83' title="bbox 1835 3760 3420 3841">
     <span class='ocr_line' id='line_1_83' title="bbox 1835 3760 3420 3841; baseline 0.009 -27"><span class='ocrx_word' id='word_1_644' title='bbox 1835 3760 2034 3816; x_wconf 90' lang='lat' dir='ltr'><strong>latione</strong></span> <span class='ocrx_word' id='word_1_645' title='bbox 2055 3763 2330 3833; x_wconf 89' lang='lat' dir='ltr'><strong>decipiunt</strong></span> <span class='ocrx_word' id='word_1_646' title='bbox 2361 3766 2575 3837; x_wconf 73' lang='lat' dir='ltr'><strong>(Ep/les.</strong></span> <span class='ocrx_word' id='word_1_647' title='bbox 2613 3772 2686 3841; x_wconf 81' lang='grc' dir='ltr'>ιν)</span> <span class='ocrx_word' id='word_1_648' title='bbox 2716 3789 2727 3823; x_wconf 91' lang='lat'><strong>:</strong></span> <span class='ocrx_word' id='word_1_649' title='bbox 2758 3767 2960 3826; x_wconf 88' lang='lat' dir='ltr'><strong>idcirco</strong></span> <span class='ocrx_word' id='word_1_650' title='bbox 2987 3772 3420 3829; x_wconf 86' lang='lat' dir='ltr'><strong>Dominusverba</strong></span> 
     </span>
    </p>
   </div>
   <div class='ocr_carea' id='block_1_84' title="bbox 1836 3856 3421 3938">
    <p class='ocr_par' dir='ltr' id='par_1_84' title="bbox 1836 3856 3421 3938">
     <span class='ocr_line' id='line_1_84' title="bbox 1836 3856 3421 3938; baseline 0.008 -28"><span class='ocrx_word' id='word_1_651' title='bbox 1836 3872 1932 3911; x_wconf 87' lang='lat' dir='ltr'><strong>sua</strong></span> <span class='ocrx_word' id='word_1_652' title='bbox 1952 3856 2331 3914; x_wconf 68' lang='lat' dir='ltr'><strong>htereticorum</strong></span> <span class='ocrx_word' id='word_1_653' title='bbox 2358 3860 2526 3929; x_wconf 91' lang='lat' dir='ltr'><strong>paleis</strong></span> <span class='ocrx_word' id='word_1_654' title='bbox 2555 3877 2878 3932; x_wconf 89' lang='lat' dir='ltr'><strong>comparans</strong></span> <span class='ocrx_word' id='word_1_655' title='bbox 2904 3865 3033 3919; x_wconf 90' lang='lat' dir='ltr'><strong>dicit</strong></span> <span class='ocrx_word' id='word_1_656' title='bbox 3063 3884 3074 3919; x_wconf 95' lang='lat'>:</span> <span class='ocrx_word' id='word_1_657' title='bbox 3113 3884 3132 3917; x_wconf 87' lang='grc'><em>‹</em></span> <span class='ocrx_word' id='word_1_658' title='bbox 3170 3864 3421 3938; x_wconf 87' lang='lat' dir='ltr'><strong>Nunquid</strong></span> 
     </span>
    </p>
   </div>
   <div class='ocr_carea' id='block_1_85' title="bbox 1835 3949 3426 4026">
    <p class='ocr_par' dir='ltr' id='par_1_85' title="bbox 1835 3949 3426 4026">
     <span class='ocr_line' id='line_1_85' title="bbox 1835 3949 3426 4026; baseline 0.009 -25"><span class='ocrx_word' id='word_1_659' title='bbox 1835 3963 1943 4003; x_wconf 93' lang='lat' dir='ltr'><strong>non</strong></span> <span class='ocrx_word' id='word_1_660' title='bbox 1968 3949 2136 4004; x_wconf 73' lang='lat' dir='ltr'><strong>verba</strong></span> <span class='ocrx_word' id='word_1_661' title='bbox 2164 3966 2284 4006; x_wconf 92' lang='lat' dir='ltr'><strong>mea</strong></span> <span class='ocrx_word' id='word_1_662' title='bbox 2313 3963 2437 4007; x_wconf 91' lang='lat' dir='ltr'><strong>sunt</strong></span> <span class='ocrx_word' id='word_1_663' title='bbox 2466 3957 2622 4023; x_wconf 88' lang='lat' dir='ltr'><strong>quasi</strong></span> <span class='ocrx_word' id='word_1_664' title='bbox 2668 3957 2830 4026; x_wconf 88' lang='lat' dir='ltr'><strong>ignis,</strong></span> <span class='ocrx_word' id='word_1_665' title='bbox 2871 3957 3003 4013; x_wconf 89' lang='lat' dir='ltr'><strong>dicit</strong></span> <span class='ocrx_word' id='word_1_666' title='bbox 3041 3959 3320 4025; x_wconf 92' lang='lat' dir='ltr'><strong>Dominus,</strong></span> <span class='ocrx_word' id='word_1_667' title='bbox 3370 3969 3426 4017; x_wconf 87' lang='lat' dir='ltr'><strong>et</strong></span> 
     </span>
    </p>
   </div>
   <div class='ocr_carea' id='block_1_86' title="bbox 1836 4043 3422 4123">
    <p class='ocr_par' dir='ltr' id='par_1_86' title="bbox 1836 4043 3422 4123">
     <span class='ocr_line' id='line_1_86' title="bbox 1836 4043 3422 4123; baseline 0.008 -28"><span class='ocrx_word' id='word_1_668' title='bbox 1836 4043 1990 4112; x_wconf 90' lang='lat' dir='ltr'><strong>quasi</strong></span> <span class='ocrx_word' id='word_1_669' title='bbox 2027 4043 2255 4100; x_wconf 89' lang='lat' dir='ltr'><strong>malleus</strong></span> <span class='ocrx_word' id='word_1_670' title='bbox 2298 4054 2585 4103; x_wconf 89' lang='lat' dir='ltr'><strong>conterens</strong></span> <span class='ocrx_word' id='word_1_671' title='bbox 2624 4051 2878 4119; x_wconf 90' lang='lat' dir='ltr'><strong>petram?</strong></span> <span class='ocrx_word' id='word_1_672' title='bbox 2916 4071 2933 4101; x_wconf 76' lang='grc' dir='ltr'><strong>ι</strong></span> <span class='ocrx_word' id='word_1_673' title='bbox 2989 4050 3158 4118; x_wconf 87' lang='lat' dir='ltr'><strong>Meus,</strong></span> <span class='ocrx_word' id='word_1_674' title='bbox 3207 4054 3422 4123; x_wconf 80' lang='lat' dir='ltr'><strong>inquit,</strong></span> 
     </span>
    </p>
   </div>
   <div class='ocr_carea' id='block_1_87' title="bbox 1838 4135 3426 4210">
    <p class='ocr_par' dir='ltr' id='par_1_87' title="bbox 1838 4135 3426 4210">
     <span class='ocr_line' id='line_1_87' title="bbox 1838 4135 3426 4210; baseline 0.007 -22"><span class='ocrx_word' id='word_1_675' title='bbox 1838 4149 2015 4189; x_wconf 91' lang='lat' dir='ltr'><strong>sermo</strong></span> <span class='ocrx_word' id='word_1_676' title='bbox 2040 4136 2253 4190; x_wconf 91' lang='lat' dir='ltr'><strong>nuntiat</strong></span> <span class='ocrx_word' id='word_1_677' title='bbox 2272 4135 2452 4191; x_wconf 85' lang='lat' dir='ltr'><strong>futura</strong></span> <span class='ocrx_word' id='word_1_678' title='bbox 2473 4139 2755 4210; x_wconf 90' lang='lat' dir='ltr'><strong>supplicia,</strong></span> <span class='ocrx_word' id='word_1_679' title='bbox 2795 4149 2854 4195; x_wconf 89' lang='lat' dir='ltr'><strong>ut</strong></span> <span class='ocrx_word' id='word_1_680' title='bbox 2876 4141 3142 4196; x_wconf 73' lang='lat' dir='ltr'><strong>deterreat</strong></span> <span class='ocrx_word' id='word_1_681' title='bbox 3178 4144 3426 4207; x_wconf 84' lang='lat' dir='ltr'><strong>homines</strong></span> 
     </span>
    </p>
   </div>
   <div class='ocr_carea' id='block_1_88' title="bbox 1837 4225 3424 4298">
    <p class='ocr_par' dir='ltr' id='par_1_88' title="bbox 1837 4225 3424 4298">
     <span class='ocr_line' id='line_1_88' title="bbox 1837 4225 3424 4298; baseline 0.005 -19"><span class='ocrx_word' id='word_1_682' title='bbox 1837 4240 1867 4279; x_wconf 92' lang='lat' dir='ltr'><strong>a</strong></span> <span class='ocrx_word' id='word_1_683' title='bbox 1906 4225 2199 4294; x_wconf 88' lang='lat' dir='ltr'><strong>peccando,</strong></span> <span class='ocrx_word' id='word_1_684' title='bbox 2243 4234 2296 4280; x_wconf 91' lang='lat' dir='ltr'><strong>et</strong></span> <span class='ocrx_word' id='word_1_685' title='bbox 2342 4227 2510 4297; x_wconf 88' lang='lat' dir='ltr'><strong>paleis</strong></span> <span class='ocrx_word' id='word_1_686' title='bbox 2557 4239 2903 4298; x_wconf 87' lang='lat' dir='ltr'><strong>peccatorum</strong></span> <span class='ocrx_word' id='word_1_687' title='bbox 2958 4231 3194 4286; x_wconf 90' lang='lat' dir='ltr'><strong>minatur</strong></span> <span class='ocrx_word' id='word_1_688' title='bbox 3240 4233 3424 4287; x_wconf 86' lang='lat' dir='ltr'><strong>incen-</strong></span> 
     </span>
    </p>
   </div>
   <div class='ocr_carea' id='block_1_89' title="bbox 1828 4314 3424 4386">
    <p class='ocr_par' dir='ltr' id='par_1_89' title="bbox 1828 4314 3424 4386">
     <span class='ocr_line' id='line_1_89' title="bbox 1828 4314 3424 4386; baseline 0.008 -19"><span class='ocrx_word' id='word_1_689' title='bbox 1828 4314 2001 4377; x_wconf 83' lang='lat' dir='ltr'><strong>dium,</strong></span> <span class='ocrx_word' id='word_1_690' title='bbox 2038 4323 2097 4368; x_wconf 92' lang='lat' dir='ltr'><strong>ut</strong></span> <span class='ocrx_word' id='word_1_691' title='bbox 2134 4316 2522 4371; x_wconf 73' lang='lat' dir='ltr'><strong>haereticorum</strong></span> <span class='ocrx_word' id='word_1_692' title='bbox 2561 4319 2724 4373; x_wconf 88' lang='lat' dir='ltr'><strong>corda</strong></span> <span class='ocrx_word' id='word_1_693' title='bbox 2772 4320 2930 4386; x_wconf 87' lang='lat' dir='ltr'><strong>dura,</strong></span> <span class='ocrx_word' id='word_1_694' title='bbox 2956 4328 3012 4373; x_wconf 89' lang='lat' dir='ltr'><strong>et</strong></span> <span class='ocrx_word' id='word_1_695' title='bbox 3049 4320 3221 4375; x_wconf 88' lang='lat' dir='ltr'><strong>instar</strong></span> <span class='ocrx_word' id='word_1_696' title='bbox 3257 4323 3424 4379; x_wconf 88' lang='lat' dir='ltr'><strong>silicis</strong></span> 
     </span>
    </p>
   </div>
   <div class='ocr_carea' id='block_1_90' title="bbox 1838 4403 3423 4478">
    <p class='ocr_par' dir='ltr' id='par_1_90' title="bbox 1838 4403 3423 4478">
     <span class='ocr_line' id='line_1_90' title="bbox 1838 4403 3423 4478; baseline 0.006 -20"><span class='ocrx_word' id='word_1_697' title='bbox 1838 4403 2204 4469; x_wconf 76' lang='lat' dir='ltr'><strong>indomabilis,</strong></span> <span class='ocrx_word' id='word_1_698' title='bbox 2245 4407 2512 4461; x_wconf 91' lang='lat' dir='ltr'><strong>sermonis</strong></span> <span class='ocrx_word' id='word_1_699' title='bbox 2559 4408 2882 4464; x_wconf 54' lang='lat' dir='ltr'><strong>sui&#39;malleo</strong></span> <span class='ocrx_word' id='word_1_700' title='bbox 2927 4415 3297 4478; x_wconf 85' lang='lat' dir='ltr'><strong>conterantur,</strong></span> <span class='ocrx_word' id='word_1_701' title='bbox 3329 4428 3423 4467; x_wconf 90' lang='lat' dir='ltr'><strong>au-</strong></span> 
     </span>
    </p>
   </div>
   <div class='ocr_carea' id='block_1_91' title="bbox 1838 4495 3421 4572">
    <p class='ocr_par' dir='ltr' id='par_1_91' title="bbox 1838 4495 3421 4572">
     <span class='ocr_line' id='line_1_91' title="bbox 1838 4495 3421 4572; baseline 0.006 -23"><span class='ocrx_word' id='word_1_702' title='bbox 1838 4495 2019 4552; x_wconf 84' lang='lat' dir='ltr'><strong>ferens</strong></span> <span class='ocrx_word' id='word_1_703' title='bbox 2049 4512 2144 4552; x_wconf 90' lang='lat' dir='ltr'><strong>cor</strong></span> <span class='ocrx_word' id='word_1_704' title='bbox 2168 4499 2436 4568; x_wconf 86' lang='lat' dir='ltr'><strong>lapideum</strong></span> <span class='ocrx_word' id='word_1_705' title='bbox 2455 4541 2469 4564; x_wconf 94' lang='lat'><strong>,</strong></span> <span class='ocrx_word' id='word_1_706' title='bbox 2503 4507 2562 4556; x_wconf 91' lang='lat' dir='ltr'><strong>ut</strong></span> <span class='ocrx_word' id='word_1_707' title='bbox 2596 4510 2874 4571; x_wconf 89' lang='lat' dir='ltr'><strong>ponatpro</strong></span> <span class='ocrx_word' id='word_1_708' title='bbox 2902 4517 2968 4557; x_wconf 88' lang='lat' dir='ltr'><strong>eo</strong></span> <span class='ocrx_word' id='word_1_709' title='bbox 2997 4519 3092 4558; x_wconf 90' lang='lat' dir='ltr'><strong>cor</strong></span> <span class='ocrx_word' id='word_1_710' title='bbox 3122 4520 3376 4559; x_wconf 88' lang='lat' dir='ltr'><strong>carneum</strong></span> <span class='ocrx_word' id='word_1_711' title='bbox 3405 4546 3421 4572; x_wconf 90' lang='lat'><strong>,</strong></span> 
     </span>
    </p>
   </div>
   <div class='ocr_carea' id='block_1_92' title="bbox 150 4568 3421 4662">
    <p class='ocr_par' dir='ltr' id='par_1_92' title="bbox 150 4568 3421 4662">
     <span class='ocr_line' id='line_1_92' title="bbox 150 4568 3421 4662; baseline 0.002 -19"><span class='ocrx_word' id='word_1_712' title='bbox 150 4588 338 4643; x_wconf 83' lang='lat' dir='ltr'><strong>omnia</strong></span> <span class='ocrx_word' id='word_1_713' title='bbox 365 4602 484 4656; x_wconf 54' lang='lat' dir='ltr'><strong>quae</strong></span> <span class='ocrx_word' id='word_1_714' title='bbox 513 4592 758 4650; x_wconf 85' lang='lat' dir='ltr'><strong>cernunt,</strong></span> <span class='ocrx_word' id='word_1_715' title='bbox 788 4592 982 4654; x_wconf 89' lang='lat' dir='ltr'><strong>putant</strong></span> <span class='ocrx_word' id='word_1_716' title='bbox 1025 4582 1407 4637; x_wconf 88' lang='lat' dir='ltr'><strong>revelationcm</strong></span> <span class='ocrx_word' id='word_1_717' title='bbox 1435 4599 1553 4638; x_wconf 87' lang='lat' dir='ltr'><strong>esse</strong></span> <span class='ocrx_word' id='word_1_718' title='bbox 1597 4585 1735 4638; x_wconf 90' lang='lat' dir='ltr'><strong>divi-</strong></span> <span class='ocrx_word' id='word_1_719' title='bbox 1765 4568 1812 4637; x_wconf 81' lang='grc' dir='ltr'>Β</span> <span class='ocrx_word' id='word_1_720' title='bbox 1841 4587 2003 4641; x_wconf 92' lang='lat' dir='ltr'><strong>molle</strong></span> <span class='ocrx_word' id='word_1_721' title='bbox 2031 4588 2298 4653; x_wconf 87' lang='lat' dir='ltr'><strong>videlicet,</strong></span> <span class='ocrx_word' id='word_1_722' title='bbox 2330 4597 2386 4643; x_wconf 89' lang='lat' dir='ltr'><strong>et</strong></span> <span class='ocrx_word' id='word_1_723' title='bbox 2412 4590 2557 4659; x_wconf 91' lang='lat' dir='ltr'><strong>quod</strong></span> <span class='ocrx_word' id='word_1_724' title='bbox 2585 4568 2758 4660; x_wconf 84' lang='lat' dir='ltr'><strong>possit</strong></span> <span class='ocrx_word' id='word_1_725' title='bbox 2777 4568 2889 4646; x_wconf 74' lang='lat' dir='ltr'><strong>Dei</strong></span> <span class='ocrx_word' id='word_1_726' title='bbox 2919 4593 3194 4662; x_wconf 89' lang='lat' dir='ltr'><strong>suscipere</strong></span> <span class='ocrx_word' id='word_1_727' title='bbox 3216 4602 3269 4648; x_wconf 91' lang='lat' dir='ltr'><strong>et</strong></span> <span class='ocrx_word' id='word_1_728' title='bbox 3296 4568 3421 4648; x_wconf 46' lang='lat' dir='ltr'><strong>seu;</strong></span> 
     </span>
    </p>
   </div>
   <div class='ocr_carea' id='block_1_93' title="bbox 149 4673 1732 4746">
    <p class='ocr_par' dir='ltr' id='par_1_93' title="bbox 149 4673 1732 4746">
     <span class='ocr_line' id='line_1_93' title="bbox 149 4673 1732 4746; baseline -0.002 -15"><span class='ocrx_word' id='word_1_729' title='bbox 149 4693 304 4742; x_wconf 88' lang='lat' dir='ltr'><strong>nam,</strong></span> <span class='ocrx_word' id='word_1_730' title='bbox 345 4692 464 4746; x_wconf 74' lang='lat' dir='ltr'><strong>quae</strong></span> <span class='ocrx_word' id='word_1_731' title='bbox 517 4676 734 4746; x_wconf 91' lang='lat' dir='ltr'><strong>proprie</strong></span> <span class='ocrx_word' id='word_1_732' title='bbox 787 4674 990 4728; x_wconf 90' lang='lat' dir='ltr'><strong>sanctis</strong></span> <span class='ocrx_word' id='word_1_733' title='bbox 1015 4681 1070 4727; x_wconf 88' lang='lat' dir='ltr'><strong>et</strong></span> <span class='ocrx_word' id='word_1_734' title='bbox 1113 4673 1283 4727; x_wconf 85' lang='lat' dir='ltr'><strong>servis</strong></span> <span class='ocrx_word' id='word_1_735' title='bbox 1330 4673 1422 4727; x_wconf 88' lang='lat' dir='ltr'><strong>Dei</strong></span> <span class='ocrx_word' id='word_1_736' title='bbox 1473 4673 1732 4743; x_wconf 89' lang='lat' dir='ltr'><strong>aperitur.</strong></span> 
     </span>
    </p>
   </div>
   <div class='ocr_carea' id='block_1_94' title="bbox 1835 4669 3424 4750">
    <p class='ocr_par' dir='ltr' id='par_1_94' title="bbox 1835 4669 3424 4750">
     <span class='ocr_line' id='line_1_94' title="bbox 1835 4669 3424 4750; baseline 0.004 -17"><span class='ocrx_word' id='word_1_737' title='bbox 1835 4679 1936 4733; x_wconf 90' lang='lat' dir='ltr'><strong>tire</strong></span> <span class='ocrx_word' id='word_1_738' title='bbox 1958 4687 2243 4748; x_wconf 78' lang='lat' dir='ltr'><strong>praecepta.</strong></span> <span class='ocrx_word' id='word_1_739' title='bbox 2273 4680 2402 4734; x_wconf 90' lang='lat' dir='ltr'><strong>Tale</strong></span> <span class='ocrx_word' id='word_1_740' title='bbox 2428 4680 2557 4750; x_wconf 89' lang='lat' dir='ltr'><strong>quid</strong></span> <span class='ocrx_word' id='word_1_741' title='bbox 2577 4669 2675 4750; x_wconf 78' lang='lat' dir='ltr'><strong>per</strong></span> <span class='ocrx_word' id='word_1_742' title='bbox 2695 4681 3033 4738; x_wconf 88' lang='lat' dir='ltr'><strong>Ezechielem</strong></span> <span class='ocrx_word' id='word_1_743' title='bbox 3058 4685 3315 4739; x_wconf 90' lang='lat' dir='ltr'><strong>Dominus</strong></span> <span class='ocrx_word' id='word_1_744' title='bbox 3347 4685 3424 4739; x_wconf 91' lang='lat' dir='ltr'><strong>lo-</strong></span> 
     </span>
    </p>
   </div>
   <div class='ocr_carea' id='block_1_95' title="bbox 151 4760 3423 4845">
    <p class='ocr_par' dir='ltr' id='par_1_95' title="bbox 151 4760 3423 4845">
     <span class='ocr_line' id='line_1_95' title="bbox 151 4760 3423 4845; baseline 0.004 -25"><span class='ocrx_word' id='word_1_745' title='bbox 151 4766 312 4834; x_wconf 82' lang='lat' dir='ltr'><strong>Quod</strong></span> <span class='ocrx_word' id='word_1_746' title='bbox 355 4766 399 4821; x_wconf 91' lang='lat' dir='ltr'><strong>si</strong></span> <span class='ocrx_word' id='word_1_747' title='bbox 432 4765 661 4836; x_wconf 87' lang='lat' dir='ltr'><strong>legimus</strong></span> <span class='ocrx_word' id='word_1_748' title='bbox 697 4763 910 4818; x_wconf 89' lang='lat' dir='ltr'><strong>Pharao</strong></span> <span class='ocrx_word' id='word_1_749' title='bbox 939 4760 1090 4832; x_wconf 85' lang='lat' dir='ltr'><strong>(Gen.</strong></span> <span class='ocrx_word' id='word_1_750' title='bbox 1127 4763 1241 4832; x_wconf 78' lang='lat' dir='ltr'><strong>xu)</strong></span> <span class='ocrx_word' id='word_1_751' title='bbox 1279 4771 1333 4818; x_wconf 93' lang='lat' dir='ltr'><strong>et</strong></span> <span class='ocrx_word' id='word_1_752' title='bbox 1377 4761 1733 4817; x_wconf 85' lang='lat' dir='ltr'><strong>Nabuchodo-</strong></span> <span class='ocrx_word' id='word_1_753' title='bbox 1832 4772 2016 4840; x_wconf 88' lang='lat' dir='ltr'><strong>quitur</strong></span> <span class='ocrx_word' id='word_1_754' title='bbox 2053 4771 2272 4843; x_wconf 82' lang='lat' dir='ltr'><strong>(Ezech.</strong></span> <span class='ocrx_word' id='word_1_755' title='bbox 2305 4773 2451 4844; x_wconf 85' lang='lat' dir='ltr'><strong>xm),</strong></span> <span class='ocrx_word' id='word_1_756' title='bbox 2476 4774 2617 4842; x_wconf 90' lang='lat' dir='ltr'><strong>quod</strong></span> <span class='ocrx_word' id='word_1_757' title='bbox 2641 4776 3121 4845; x_wconf 66' lang='lat' dir='ltr'><strong>pseudoprophetze</strong></span> <span class='ocrx_word' id='word_1_758' title='bbox 3147 4777 3423 4832; x_wconf 80' lang='lat' dir='ltr'><strong>blanditiis</strong></span> 
     </span>
    </p>
   </div>
   <div class='ocr_carea' id='block_1_96' title="bbox 151 4851 3422 4937">
    <p class='ocr_par' dir='ltr' id='par_1_96' title="bbox 151 4851 3422 4937">
     <span class='ocr_line' id='line_1_96' title="bbox 151 4851 3422 4937; baseline 0.003 -27"><span class='ocrx_word' id='word_1_759' title='bbox 151 4871 321 4912; x_wconf 91' lang='lat' dir='ltr'><strong>nosor</strong></span> <span class='ocrx_word' id='word_1_760' title='bbox 350 4854 507 4926; x_wconf 89' lang='lat' dir='ltr'><strong>(Dan.</strong></span> <span class='ocrx_word' id='word_1_761' title='bbox 542 4855 604 4923; x_wconf 90' lang='grc' dir='ltr'><strong>ιι)</strong></span> <span class='ocrx_word' id='word_1_762' title='bbox 650 4853 844 4923; x_wconf 89' lang='lat' dir='ltr'><strong>impios</strong></span> <span class='ocrx_word' id='word_1_763' title='bbox 897 4866 1052 4923; x_wconf 88' lang='lat' dir='ltr'><strong>reges</strong></span> <span class='ocrx_word' id='word_1_764' title='bbox 1101 4852 1300 4908; x_wconf 83' lang='lat' dir='ltr'><strong>vidisse</strong></span> <span class='ocrx_word' id='word_1_765' title='bbox 1330 4852 1566 4916; x_wconf 87' lang='lat' dir='ltr'><strong>somnia,</strong></span> <span class='ocrx_word' id='word_1_766' title='bbox 1616 4868 1736 4923; x_wconf 74' lang='lat' dir='ltr'><strong>quae</strong></span> <span class='ocrx_word' id='word_1_767' title='bbox 1833 4863 1946 4918; x_wconf 81' lang='lat' dir='ltr'><strong>suis</strong></span> <span class='ocrx_word' id='word_1_768' title='bbox 1989 4862 2178 4918; x_wconf 78' lang='lat' dir='ltr'><strong>ﬁniant</strong></span> <span class='ocrx_word' id='word_1_769' title='bbox 2225 4864 2519 4933; x_wconf 86' lang='lat' dir='ltr'><strong>parietem,</strong></span> <span class='ocrx_word' id='word_1_770' title='bbox 2574 4851 2779 4934; x_wconf 84' lang='lat' dir='ltr'><strong>absque</strong></span> <span class='ocrx_word' id='word_1_771' title='bbox 2832 4873 3277 4937; x_wconf 89' lang='lat' dir='ltr'><strong>temperamento,</strong></span> <span class='ocrx_word' id='word_1_772' title='bbox 3329 4866 3422 4936; x_wconf 88' lang='lat' dir='ltr'><strong>qui</strong></span> 
     </span>
    </p>
   </div>
   <div class='ocr_carea' id='block_1_97' title="bbox 150 4942 3424 5027">
    <p class='ocr_par' dir='ltr' id='par_1_97' title="bbox 150 4942 3424 5027">
     <span class='ocr_line' id='line_1_97' title="bbox 150 4942 3424 5027; baseline -0.001 -25"><span class='ocrx_word' id='word_1_773' title='bbox 150 4963 288 5003; x_wconf 80' lang='lat' dir='ltr'><strong>vera</strong></span> <span class='ocrx_word' id='word_1_774' title='bbox 315 4945 531 5012; x_wconf 90' lang='lat' dir='ltr'><strong>fuerint,</strong></span> <span class='ocrx_word' id='word_1_775' title='bbox 563 4960 666 5000; x_wconf 93' lang='lat' dir='ltr'><strong>non</strong></span> <span class='ocrx_word' id='word_1_776' title='bbox 691 4959 880 4999; x_wconf 89' lang='lat' dir='ltr'><strong>eorum</strong></span> <span class='ocrx_word' id='word_1_777' title='bbox 906 4943 1008 4998; x_wconf 91' lang='lat' dir='ltr'><strong>fuit</strong></span> <span class='ocrx_word' id='word_1_778' title='bbox 1039 4942 1243 5008; x_wconf 89' lang='lat' dir='ltr'><strong>meriti,</strong></span> <span class='ocrx_word' id='word_1_779' title='bbox 1293 4943 1387 5012; x_wconf 92' lang='lat' dir='ltr'><strong>qui</strong></span> <span class='ocrx_word' id='word_1_780' title='bbox 1439 4945 1732 5010; x_wconf 89' lang='lat' dir='ltr'><strong>viderunt,</strong></span> <span class='ocrx_word' id='word_1_781' title='bbox 1831 4962 2019 5025; x_wconf 56' lang='lat' dir='ltr'><strong>postea</strong></span> <span class='ocrx_word' id='word_1_782' title='bbox 2057 4954 2228 5009; x_wconf 70' lang='lat' dir='ltr'><strong>imbre</strong></span> <span class='ocrx_word' id='word_1_783' title='bbox 2253 4955 2557 5010; x_wconf 61' lang='lat' dir='ltr'><strong>vehementi</strong></span> <span class='ocrx_word' id='word_1_784' title='bbox 2603 4963 2659 5010; x_wconf 74' lang='grc' dir='ltr'>ει</span> <span class='ocrx_word' id='word_1_785' title='bbox 2684 4957 2916 5011; x_wconf 58' lang='lat' dir='ltr'><strong>veritate</strong></span> <span class='ocrx_word' id='word_1_786' title='bbox 2953 4957 3144 5027; x_wconf 62' lang='lat' dir='ltr'><strong>iudicii</strong></span> <span class='ocrx_word' id='word_1_787' title='bbox 3195 4959 3424 5013; x_wconf 60' lang='lat' dir='ltr'><strong>subula-</strong></span> 
     </span>
    </p>
   </div>
   <div class='ocr_carea' id='block_1_98' title="bbox 155 5032 1734 5105">
    <p class='ocr_par' dir='ltr' id='par_1_98' title="bbox 155 5032 1734 5105">
     <span class='ocr_line' id='line_1_98' title="bbox 155 5032 1734 5105; baseline -0.003 -13"><span class='ocrx_word' id='word_1_788' title='bbox 155 5037 255 5092; x_wconf 92' lang='lat' dir='ltr'><strong>sed</strong></span> <span class='ocrx_word' id='word_1_789' title='bbox 304 5044 365 5089; x_wconf 93' lang='lat' dir='ltr'><strong>ut</strong></span> <span class='ocrx_word' id='word_1_790' title='bbox 417 5049 513 5105; x_wconf 90' lang='lat' dir='ltr'><strong>per</strong></span> <span class='ocrx_word' id='word_1_791' title='bbox 552 5034 888 5090; x_wconf 87' lang='lat' dir='ltr'><strong>occasionem</strong></span> <span class='ocrx_word' id='word_1_792' title='bbox 933 5047 1121 5088; x_wconf 89' lang='lat' dir='ltr'><strong>eorum</strong></span> <span class='ocrx_word' id='word_1_793' title='bbox 1159 5032 1330 5088; x_wconf 88' lang='lat' dir='ltr'><strong>sancti</strong></span> <span class='ocrx_word' id='word_1_794' title='bbox 1388 5033 1491 5088; x_wconf 88' lang='lat' dir='ltr'><strong>viri</strong></span> <span class='ocrx_word' id='word_1_795' title='bbox 1517 5032 1734 5104; x_wconf 73' lang='lat' dir='ltr'><strong>Ioseph,</strong></span> 
     </span>
    </p>
   </div>
   <div class='ocr_carea' id='block_1_99' title="bbox 156 5125 1739 5197">
    <p class='ocr_par' dir='ltr' id='par_1_99' title="bbox 156 5125 1739 5197">
     <span class='ocr_line' id='line_1_99' title="bbox 156 5125 1739 5197; baseline -0.001 -14"><span class='ocrx_word' id='word_1_796' title='bbox 156 5127 455 5197; x_wconf 90' lang='lat' dir='ltr'><strong>Danielque</strong></span> <span class='ocrx_word' id='word_1_797' title='bbox 482 5125 865 5190; x_wconf 85' lang='lat' dir='ltr'><strong>clarescerent,</strong></span> <span class='ocrx_word' id='word_1_798' title='bbox 891 5133 945 5180; x_wconf 88' lang='lat' dir='ltr'><strong>et</strong></span> <span class='ocrx_word' id='word_1_799' title='bbox 968 5126 1101 5179; x_wconf 81' lang='lat' dir='ltr'><strong>dura</strong></span> <span class='ocrx_word' id='word_1_800' title='bbox 1125 5125 1288 5179; x_wconf 88' lang='lat' dir='ltr'><strong>corda</strong></span> <span class='ocrx_word' id='word_1_801' title='bbox 1318 5133 1478 5193; x_wconf 90' lang='lat' dir='ltr'><strong>atque</strong></span> <span class='ocrx_word' id='word_1_802' title='bbox 1502 5126 1739 5180; x_wconf 86' lang='lat' dir='ltr'><strong>indoma—</strong></span> 
     </span>
    </p>
   </div>
   <div class='ocr_carea' id='block_1_100' title="bbox 155 5209 1740 5288">
    <p class='ocr_par' dir='ltr' id='par_1_100' title="bbox 155 5209 1740 5288">
     <span class='ocr_line' id='line_1_100' title="bbox 155 5209 1740 5288; baseline -0.002 -14"><span class='ocrx_word' id='word_1_803' title='bbox 155 5218 288 5275; x_wconf 77' lang='lat' dir='ltr'><strong>bilis</strong></span> <span class='ocrx_word' id='word_1_804' title='bbox 323 5209 688 5288; x_wconf 83' lang='lat' dir='ltr'><strong>tyrannorum</strong></span> <span class='ocrx_word' id='word_1_805' title='bbox 720 5216 939 5286; x_wconf 89' lang='lat' dir='ltr'><strong>propria</strong></span> <span class='ocrx_word' id='word_1_806' title='bbox 990 5215 1318 5270; x_wconf 87' lang='lat' dir='ltr'><strong>conscientia</strong></span> <span class='ocrx_word' id='word_1_807' title='bbox 1345 5216 1608 5270; x_wconf 87' lang='lat' dir='ltr'><strong>sentirent</strong></span> <span class='ocrx_word' id='word_1_808' title='bbox 1635 5216 1740 5271; x_wconf 91' lang='lat' dir='ltr'><strong>Do-</strong></span> 
     </span>
    </p>
   </div>
   <div class='ocr_carea' id='block_1_101' title="bbox 156 5307 1736 5380">
    <p class='ocr_par' dir='ltr' id='par_1_101' title="bbox 156 5307 1736 5380">
     <span class='ocr_line' id='line_1_101' title="bbox 156 5307 1736 5380; baseline -0.001 -15"><span class='ocrx_word' id='word_1_809' title='bbox 156 5311 293 5366; x_wconf 91' lang='lat' dir='ltr'><strong>mini</strong></span> <span class='ocrx_word' id='word_1_810' title='bbox 314 5309 672 5380; x_wconf 86' lang='lat' dir='ltr'><strong>majestatem.</strong></span> <span class='ocrx_word' id='word_1_811' title='bbox 704 5307 841 5363; x_wconf 91' lang='lat' dir='ltr'><strong>Sunt</strong></span> <span class='ocrx_word' id='word_1_812' title='bbox 869 5307 1134 5377; x_wconf 81' lang='lat' dir='ltr'><strong>hodieque</strong></span> <span class='ocrx_word' id='word_1_813' title='bbox 1164 5309 1522 5366; x_wconf 89' lang='lat' dir='ltr'><strong>somniatores</strong></span> <span class='ocrx_word' id='word_1_814' title='bbox 1550 5308 1607 5362; x_wconf 92' lang='lat' dir='ltr'><strong>in</strong></span> <span class='ocrx_word' id='word_1_815' title='bbox 1633 5308 1736 5364; x_wconf 88' lang='lat' dir='ltr'><strong>Ec-</strong></span> 
     </span>
    </p>
   </div>
   <div class='ocr_carea' id='block_1_102' title="bbox 155 5388 1740 5473">
    <p class='ocr_par' dir='ltr' id='par_1_102' title="bbox 155 5388 1740 5473">
     <span class='ocr_line' id='line_1_102' title="bbox 155 5388 1740 5473; baseline -0.003 -11"><span class='ocrx_word' id='word_1_816' title='bbox 155 5405 348 5469; x_wconf 86' lang='lat' dir='ltr'><strong>clesia,</strong></span> <span class='ocrx_word' id='word_1_817' title='bbox 378 5412 433 5459; x_wconf 92' lang='lat' dir='ltr'><strong>et</strong></span> <span class='ocrx_word' id='word_1_818' title='bbox 453 5388 688 5459; x_wconf 78' lang='lat' dir='ltr'><strong>maxime</strong></span> <span class='ocrx_word' id='word_1_819' title='bbox 718 5404 772 5457; x_wconf 92' lang='lat' dir='ltr'><strong>in</strong></span> <span class='ocrx_word' id='word_1_820' title='bbox 810 5410 997 5456; x_wconf 92' lang='lat' dir='ltr'><strong>nostro</strong></span> <span class='ocrx_word' id='word_1_821' title='bbox 1021 5416 1202 5473; x_wconf 88' lang='lat' dir='ltr'><strong>grege,</strong></span> <span class='ocrx_word' id='word_1_822' title='bbox 1238 5403 1330 5472; x_wconf 92' lang='lat' dir='ltr'><strong>qui</strong></span> <span class='ocrx_word' id='word_1_823' title='bbox 1357 5416 1572 5458; x_wconf 82' lang='lat' dir='ltr'><strong>errores</strong></span> <span class='ocrx_word' id='word_1_824' title='bbox 1613 5417 1740 5458; x_wconf 89' lang='lat' dir='ltr'><strong>suos</strong></span> 
     </span>
    </p>
   </div>
   <div class='ocr_carea' id='block_1_103' title="bbox 159 5493 1741 5564">
    <p class='ocr_par' dir='ltr' id='par_1_103' title="bbox 159 5493 1741 5564">
     <span class='ocr_line' id='line_1_103' title="bbox 159 5493 1741 5564; baseline 0 -14"><span class='ocrx_word' id='word_1_825' title='bbox 159 5496 370 5550; x_wconf 90' lang='lat' dir='ltr'><strong>Domini</strong></span> <span class='ocrx_word' id='word_1_826' title='bbox 385 5493 957 5564; x_wconf 83' lang='lat' dir='ltr'><strong>jactantprophetiam,</strong></span> <span class='ocrx_word' id='word_1_827' title='bbox 973 5500 1029 5546; x_wconf 93' lang='lat' dir='ltr'><strong>et</strong></span> <span class='ocrx_word' id='word_1_828' title='bbox 1051 5493 1244 5548; x_wconf 85' lang='lat' dir='ltr'><strong>crebro</strong></span> <span class='ocrx_word' id='word_1_829' title='bbox 1258 5493 1528 5564; x_wconf 87' lang='lat' dir='ltr'><strong>ingerunt,</strong></span> <span class='ocrx_word' id='word_1_830' title='bbox 1556 5511 1577 5546; x_wconf 84' lang='grc'><strong><em>‹</em></strong></span> <span class='ocrx_word' id='word_1_831' title='bbox 1597 5509 1741 5550; x_wconf 84' lang='lat' dir='ltr'><strong>som-</strong></span> 
     </span>
    </p>
   </div>
   <div class='ocr_carea' id='block_1_104' title="bbox 158 5585 1742 5656">
    <p class='ocr_par' dir='ltr' id='par_1_104' title="bbox 158 5585 1742 5656">
     <span class='ocr_line' id='line_1_104' title="bbox 158 5585 1742 5656; baseline 0.001 -14"><span class='ocrx_word' id='word_1_832' title='bbox 158 5588 324 5652; x_wconf 88' lang='lat' dir='ltr'><strong>niavi,</strong></span> <span class='ocrx_word' id='word_1_833' title='bbox 342 5587 625 5652; x_wconf 88' lang='lat' dir='ltr'><strong>somniavi,</strong></span> <span class='ocrx_word' id='word_1_834' title='bbox 650 5605 668 5639; x_wconf 84' lang='grc'><strong>›</strong></span> <span class='ocrx_word' id='word_1_835' title='bbox 687 5600 823 5656; x_wconf 91' lang='lat' dir='ltr'><strong>quos</strong></span> <span class='ocrx_word' id='word_1_836' title='bbox 835 5585 1345 5655; x_wconf 85' lang='lat' dir='ltr'><strong>eorripitDominus,</strong></span> <span class='ocrx_word' id='word_1_837' title='bbox 1363 5587 1577 5643; x_wconf 90' lang='lat' dir='ltr'><strong>dicens:</strong></span> <span class='ocrx_word' id='word_1_838' title='bbox 1599 5607 1618 5639; x_wconf 75' lang='grc' dir='ltr'><strong>ι</strong></span> <span class='ocrx_word' id='word_1_839' title='bbox 1641 5588 1742 5644; x_wconf 87' lang='lat' dir='ltr'><strong>Us-</strong></span> 
     </span>
    </p>
   </div>
   <div class='ocr_carea' id='block_1_105' title="bbox 159 5679 1738 5752">
    <p class='ocr_par' dir='ltr' id='par_1_105' title="bbox 159 5679 1738 5752">
     <span class='ocr_line' id='line_1_105' title="bbox 159 5679 1738 5752; baseline 0.002 -18"><span class='ocrx_word' id='word_1_840' title='bbox 159 5695 372 5752; x_wconf 88' lang='lat' dir='ltr'><strong>quequo</strong></span> <span class='ocrx_word' id='word_1_841' title='bbox 385 5679 527 5735; x_wconf 89' lang='lat' dir='ltr'><strong>istud</strong></span> <span class='ocrx_word' id='word_1_842' title='bbox 551 5680 605 5735; x_wconf 90' lang='lat' dir='ltr'><strong>in</strong></span> <span class='ocrx_word' id='word_1_843' title='bbox 626 5681 786 5736; x_wconf 89' lang='lat' dir='ltr'><strong>corde</strong></span> <span class='ocrx_word' id='word_1_844' title='bbox 806 5688 887 5735; x_wconf 91' lang='lat' dir='ltr'><strong>est</strong></span> <span class='ocrx_word' id='word_1_845' title='bbox 906 5681 1291 5750; x_wconf 87' lang='lat' dir='ltr'><strong>prophetarum</strong></span> <span class='ocrx_word' id='word_1_846' title='bbox 1306 5682 1738 5749; x_wconf 88' lang='lat' dir='ltr'><strong>vaticinantium,</strong></span> 
     </span>
    </p>
   </div>
   <div class='ocr_carea' id='block_1_106' title="bbox 159 5770 1744 5834">
    <p class='ocr_par' dir='ltr' id='par_1_106' title="bbox 159 5770 1744 5834">
     <span class='ocr_line' id='line_1_106' title="bbox 159 5770 1744 5834; baseline 0.003 -6"><span class='ocrx_word' id='word_1_847' title='bbox 159 5771 534 5834; x_wconf 87' lang='lat' dir='ltr'><strong>mendacium.</strong></span> <span class='ocrx_word' id='word_1_848' title='bbox 587 5777 643 5828; x_wconf 86' lang='lat' dir='ltr'><strong>et</strong></span> <span class='ocrx_word' id='word_1_849' title='bbox 685 5771 1122 5834; x_wconf 69' lang='lat' dir='ltr'><strong>nrophetantium</strong></span> <span class='ocrx_word' id='word_1_850' title='bbox 1171 5770 1510 5830; x_wconf 86' lang='lat' dir='ltr'><strong>seductiones</strong></span> <span class='ocrx_word' id='word_1_851' title='bbox 1559 5773 1744 5832; x_wconf 79' lang='lat' dir='ltr'><strong>cordis</strong></span> 
     </span>
    </p>
   </div>
   <div class='ocr_carea' id='block_1_107' title="bbox 1840 5045 3421 5116">
    <p class='ocr_par' dir='ltr' id='par_1_107' title="bbox 1840 5045 3421 5116">
     <span class='ocr_line' id='line_1_107' title="bbox 1840 5045 3421 5116; baseline 0.003 -16"><span class='ocrx_word' id='word_1_852' title='bbox 1840 5053 1929 5100; x_wconf 94' lang='lat' dir='ltr'><strong>tur</strong></span> <span class='ocrx_word' id='word_1_853' title='bbox 1973 5063 1987 5098; x_wconf 88' lang='lat'><strong>:</strong></span> <span class='ocrx_word' id='word_1_854' title='bbox 2029 5054 2085 5099; x_wconf 90' lang='lat' dir='ltr'><strong>et</strong></span> <span class='ocrx_word' id='word_1_855' title='bbox 2136 5045 2618 5116; x_wconf 66' lang='lat' dir='ltr'><strong>pseudOprophetze</strong></span> <span class='ocrx_word' id='word_1_856' title='bbox 2683 5058 2947 5102; x_wconf 91' lang='lat' dir='ltr'><strong>consuant</strong></span> <span class='ocrx_word' id='word_1_857' title='bbox 2993 5049 3275 5104; x_wconf 89' lang='lat' dir='ltr'><strong>cervicalia</strong></span> <span class='ocrx_word' id='word_1_858' title='bbox 3321 5050 3421 5105; x_wconf 91' lang='lat' dir='ltr'><strong>sub</strong></span> 
     </span>
    </p>
   </div>
   <div class='ocr_carea' id='block_1_108' title="bbox 1840 5136 3422 5210">
    <p class='ocr_par' dir='ltr' id='par_1_108' title="bbox 1840 5136 3422 5210">
     <span class='ocr_line' id='line_1_108' title="bbox 1840 5136 3422 5210; baseline 0.001 -16"><span class='ocrx_word' id='word_1_859' title='bbox 1840 5138 1988 5194; x_wconf 91' lang='lat' dir='ltr'><strong>omni</strong></span> <span class='ocrx_word' id='word_1_860' title='bbox 2027 5136 2208 5193; x_wconf 89' lang='lat' dir='ltr'><strong>cubito</strong></span> <span class='ocrx_word' id='word_1_861' title='bbox 2251 5153 2466 5205; x_wconf 91' lang='lat' dir='ltr'><strong>manus,</strong></span> <span class='ocrx_word' id='word_1_862' title='bbox 2511 5147 2571 5192; x_wconf 92' lang='lat' dir='ltr'><strong>ut</strong></span> <span class='ocrx_word' id='word_1_863' title='bbox 2609 5138 2814 5194; x_wconf 83' lang='lat' dir='ltr'><strong>faciant</strong></span> <span class='ocrx_word' id='word_1_864' title='bbox 2848 5145 3186 5210; x_wconf 80' lang='lat' dir='ltr'><strong>peccatores</strong></span> <span class='ocrx_word' id='word_1_865' title='bbox 3213 5141 3422 5209; x_wconf 82' lang='lat' dir='ltr'><strong>requie-</strong></span> 
     </span>
    </p>
   </div>
   <div class='ocr_carea' id='block_1_109' title="bbox 1841 5226 3399 5300">
    <p class='ocr_par' dir='ltr' id='par_1_109' title="bbox 1841 5226 3399 5300">
     <span class='ocr_line' id='line_1_109' title="bbox 1841 5226 3399 5300; baseline 0.002 -18"><span class='ocrx_word' id='word_1_866' title='bbox 1841 5242 2013 5292; x_wconf 90' lang='lat' dir='ltr'><strong>scere,</strong></span> <span class='ocrx_word' id='word_1_867' title='bbox 2056 5236 2111 5282; x_wconf 91' lang='lat' dir='ltr'><strong>et</strong></span> <span class='ocrx_word' id='word_1_868' title='bbox 2148 5242 2489 5297; x_wconf 89' lang='lat' dir='ltr'><strong>nequaquam</strong></span> <span class='ocrx_word' id='word_1_869' title='bbox 2531 5226 2797 5284; x_wconf 75' lang='lat' dir='ltr'><strong>iram&#39;Dei</strong></span> <span class='ocrx_word' id='word_1_870' title='bbox 2845 5228 3098 5299; x_wconf 87' lang='lat' dir='ltr'><strong>lacrymis</strong></span> <span class='ocrx_word' id='word_1_871' title='bbox 3150 5229 3399 5300; x_wconf 84' lang='lat' dir='ltr'><strong>mitigare</strong></span> 
     </span>
    </p>
   </div>
   <div class='ocr_carea' id='block_1_110' title="bbox 1841 5318 3416 5409">
    <p class='ocr_par' dir='ltr' id='par_1_110' title="bbox 1841 5318 3416 5409">
     <span class='ocr_line' id='line_1_110' title="bbox 1841 5318 3416 5409; baseline -0.003 -37"><span class='ocrx_word' id='word_1_872' title='bbox 1841 5318 1947 5373; x_wconf 86' lang='lat' dir='ltr'><strong>Pro</strong></span> <span class='ocrx_word' id='word_1_873' title='bbox 1979 5319 2168 5374; x_wconf 82' lang='lat' dir='ltr'><strong>malleo</strong></span> <span class='ocrx_word' id='word_1_874' title='bbox 2206 5318 2557 5409; x_wconf 74' lang='lat' dir='ltr'><strong>Septuaginta</strong></span> <span class='ocrx_word' id='word_1_875' title='bbox 2602 5322 2826 5376; x_wconf 78' lang='lat' dir='ltr'><strong>securim</strong></span> <span class='ocrx_word' id='word_1_876' title='bbox 2874 5320 3217 5391; x_wconf 86' lang='lat' dir='ltr'><strong>interpretati</strong></span> <span class='ocrx_word' id='word_1_877' title='bbox 3254 5324 3416 5380; x_wconf 90' lang='lat' dir='ltr'><strong>sunt,</strong></span> 
     </span>
    </p>
   </div>
   <div class='ocr_carea' id='block_1_111' title="bbox 1841 5408 3429 5481">
    <p class='ocr_par' dir='ltr' id='par_1_111' title="bbox 1841 5408 3429 5481">
     <span class='ocr_line' id='line_1_111' title="bbox 1841 5408 3429 5481; baseline -0.001 -17"><span class='ocrx_word' id='word_1_878' title='bbox 1841 5408 1985 5464; x_wconf 85' lang='lat' dir='ltr'><strong>illam</strong></span> <span class='ocrx_word' id='word_1_879' title='bbox 2033 5408 2304 5476; x_wconf 86' lang='lat' dir='ltr'><strong>videlicet,</strong></span> <span class='ocrx_word' id='word_1_880' title='bbox 2351 5412 2416 5467; x_wconf 93' lang='lat' dir='ltr'><strong>de</strong></span> <span class='ocrx_word' id='word_1_881' title='bbox 2451 5427 2559 5481; x_wconf 90' lang='lat' dir='ltr'><strong>qua</strong></span> <span class='ocrx_word' id='word_1_882' title='bbox 2616 5411 2858 5480; x_wconf 88' lang='lat' dir='ltr'><strong>Baptista</strong></span> <span class='ocrx_word' id='word_1_883' title='bbox 2909 5409 3144 5468; x_wconf 85' lang='lat' dir='ltr'><strong>Joannes</strong></span> <span class='ocrx_word' id='word_1_884' title='bbox 3187 5411 3429 5479; x_wconf 82' lang='lat' dir='ltr'><strong>loquitur</strong></span> 
     </span>
    </p>
   </div>
   <div class='ocr_carea' id='block_1_112' title="bbox 1844 5498 3426 5570">
    <p class='ocr_par' dir='ltr' id='par_1_112' title="bbox 1844 5498 3426 5570">
     <span class='ocr_line' id='line_1_112' title="bbox 1844 5498 3426 5570; baseline 0.001 -18"><span class='ocrx_word' id='word_1_885' title='bbox 1844 5498 2058 5570; x_wconf 75' lang='lat' dir='ltr'><strong>(Matth.</strong></span> <span class='ocrx_word' id='word_1_886' title='bbox 2084 5499 2168 5568; x_wconf 90' lang='grc' dir='ltr'>ιιι)</span> <span class='ocrx_word' id='word_1_887' title='bbox 2203 5515 2216 5552; x_wconf 91' lang='lat'><strong>:</strong></span> <span class='ocrx_word' id='word_1_888' title='bbox 2250 5498 2407 5555; x_wconf 78' lang='lat' dir='ltr'><strong>«Jam</strong></span> <span class='ocrx_word' id='word_1_889' title='bbox 2445 5501 2650 5558; x_wconf 90' lang='lat' dir='ltr'><strong>securis</strong></span> <span class='ocrx_word' id='word_1_890' title='bbox 2676 5502 2742 5556; x_wconf 91' lang='lat' dir='ltr'><strong>ad</strong></span> <span class='ocrx_word' id='word_1_891' title='bbox 2773 5501 2983 5557; x_wconf 88' lang='lat' dir='ltr'><strong>radices</strong></span> <span class='ocrx_word' id='word_1_892' title='bbox 3033 5504 3286 5556; x_wconf 85' lang='lat' dir='ltr'><strong>arborum</strong></span> <span class='ocrx_word' id='word_1_893' title='bbox 3329 5514 3426 5569; x_wconf 66' lang='grc' dir='ltr'><strong>νου</strong></span> 
     </span>
    </p>
   </div>
   <div class='ocr_carea' id='block_1_113' title="bbox 1842 5590 3426 5673">
    <p class='ocr_par' dir='ltr' id='par_1_113' title="bbox 1842 5590 3426 5673">
     <span class='ocr_line' id='line_1_113' title="bbox 1842 5590 3426 5673; baseline 0.004 -29"><span class='ocrx_word' id='word_1_894' title='bbox 1842 5591 1944 5644; x_wconf 89' lang='lat' dir='ltr'><strong>sita</strong></span> <span class='ocrx_word' id='word_1_895' title='bbox 1979 5597 2111 5644; x_wconf 68' lang='lat' dir='ltr'><strong>est.»</strong></span> <span class='ocrx_word' id='word_1_896' title='bbox 2143 5590 2269 5647; x_wconf 67' lang='lat' dir='ltr'><strong>Haec</strong></span> <span class='ocrx_word' id='word_1_897' title='bbox 2287 5593 2490 5647; x_wconf 91' lang='lat' dir='ltr'><strong>securis</strong></span> <span class='ocrx_word' id='word_1_898' title='bbox 2527 5591 2891 5649; x_wconf 82' lang='lat' dir='ltr'><strong>infructuosas</strong></span> <span class='ocrx_word' id='word_1_899' title='bbox 2926 5594 3155 5648; x_wconf 91' lang='lat' dir='ltr'><strong>succidit</strong></span> <span class='ocrx_word' id='word_1_900' title='bbox 3179 5594 3426 5673; x_wconf 67' lang='lat' dir='ltr'><strong>arbores,</strong></span> 
     </span>
    </p>
   </div>
   <div class='ocr_carea' id='block_1_114' title="bbox 1843 5681 3427 5756">
    <p class='ocr_par' dir='ltr' id='par_1_114' title="bbox 1843 5681 3427 5756">
     <span class='ocr_line' id='line_1_114' title="bbox 1843 5681 3427 5756; baseline 0.004 -20"><span class='ocrx_word' id='word_1_901' title='bbox 1843 5689 1896 5736; x_wconf 91' lang='lat' dir='ltr'><strong>et</strong></span> <span class='ocrx_word' id='word_1_902' title='bbox 1921 5681 2010 5736; x_wconf 90' lang='lat' dir='ltr'><strong>hic</strong></span> <span class='ocrx_word' id='word_1_903' title='bbox 2039 5682 2265 5738; x_wconf 89' lang='lat' dir='ltr'><strong>malleus</strong></span> <span class='ocrx_word' id='word_1_904' title='bbox 2295 5686 2525 5740; x_wconf 88' lang='lat' dir='ltr'><strong>conterit</strong></span> <span class='ocrx_word' id='word_1_905' title='bbox 2554 5686 2873 5742; x_wconf 87' lang='lat' dir='ltr'><strong>durissimos</strong></span> <span class='ocrx_word' id='word_1_906' title='bbox 2915 5686 3137 5756; x_wconf 86' lang='lat' dir='ltr'><strong>lapides.</strong></span> <span class='ocrx_word' id='word_1_907' title='bbox 3189 5686 3340 5742; x_wconf 87' lang='lat' dir='ltr'><strong>Unde</strong></span> <span class='ocrx_word' id='word_1_908' title='bbox 3369 5695 3427 5743; x_wconf 84' lang='lat' dir='ltr'><strong>et</strong></span> 
     </span>
    </p>
   </div>
   <div class='ocr_carea' id='block_1_115' title="bbox 1843 5772 3425 5844">
    <p class='ocr_par' dir='ltr' id='par_1_115' title="bbox 1843 5772 3425 5844">
     <span class='ocr_line' id='line_1_115' title="bbox 1843 5772 3425 5844; baseline 0.001 -14"><span class='ocrx_word' id='word_1_909' title='bbox 1843 5772 2053 5830; x_wconf 84' lang='lat' dir='ltr'><strong>Nahum</strong></span> <span class='ocrx_word' id='word_1_910' title='bbox 2081 5775 2342 5844; x_wconf 85' lang='lat' dir='ltr'><strong>propheta</strong></span> <span class='ocrx_word' id='word_1_911' title='bbox 2371 5776 2612 5840; x_wconf 81' lang='lat' dir='ltr'><strong>loquitur</strong></span> <span class='ocrx_word' id='word_1_912' title='bbox 2642 5797 2656 5833; x_wconf 86' lang='lat'><strong><em>:</em></strong></span> <span class='ocrx_word' id='word_1_913' title='bbox 2694 5798 2713 5830; x_wconf 87' lang='grc'><em>‹</em></span> <span class='ocrx_word' id='word_1_914' title='bbox 2735 5778 2914 5835; x_wconf 83' lang='lat' dir='ltr'><strong>Furor</strong></span> <span class='ocrx_word' id='word_1_915' title='bbox 2935 5778 3072 5840; x_wconf 84' lang='lat' dir='ltr'><strong>eius.</strong></span> <span class='ocrx_word' id='word_1_916' title='bbox 3108 5798 3126 5831; x_wconf 73' lang='grc' dir='ltr'><strong>ι</strong></span> <span class='ocrx_word' id='word_1_917' title='bbox 3157 5777 3298 5834; x_wconf 87' lang='lat' dir='ltr'><strong>haud</strong></span> <span class='ocrx_word' id='word_1_918' title='bbox 3324 5777 3425 5832; x_wconf 87' lang='lat' dir='ltr'><strong>du-</strong></span> 
     </span>
    </p>
   </div>
  </div>
