3926 6340
454 339 558 396 987
1096 336 1160 394 B.
1201 334 1459 404 RABANI
1496 327 1718 393 MAURl
1755 321 2080 391 ARCHIEP.
2119 330 2432 390 MOGUNT.
2473 322 2981 428 evasurus
3015 332 3105 391 nt.
3643 330 3762 397 oss

454 453 602 511 himn
626 449 757 522 quin
779 449 898 516 Dei,
929 467 948 501 ι
969 442 1252 507 consumet
1275 449 1709 521 princip'atus,et
1727 454 1896 519 petrae
1925 461 2055 502 eon—
2081 440 2135 504 Α
2158 443 2436 517 ponderis,
2474 446 2596 531 sive
2639 427 2885 513 visionis,
2930 455 2988 503 et
3030 447 3179 505 verbi
3221 448 3354 517 Dei,
3397 450 3573 521 qualis
3605 454 3758 512 vati-

456 552 705 604 terentur
729 545 797 602 ab
819 557 885 598 eo
909 541 1081 610 (Nah.
1106 543 1202 616 1).»
1224 541 1540 598 HocContra
1568 540 1870 597 haereticos.
1889 538 2054 595 Cane-
2147 538 2359 616 .cinatio
2399 546 2736 613 sequeretur.
2796 537 2935 625 Quia
2972 539 3138 626 igitur
3172 542 3456 613 propheta:
3504 543 3759 602 solebant

455 651 578 694 rum
594 634 1072 691 de‘eeelesiasticis
1086 635 1220 690 viris
1245 633 1511 705 scriptum
1534 641 1636 695 est,
1657 633 1800 703 quod
1828 631 2057 687 malleus
2156 630 2356 702 populo
2393 632 2665 701 peceatori
2699 631 2875 686 tristia
2895 632 3158 686 ‘nunti'are
3183 642 3239 687 et
3276 635 3595 690 comminari
3625 651 3766 710 sup-

453 735 513 785 et
533 728 744 784 securis
772 740 878 780 non
907 725 1018 781 sint
1047 724 1231 780 audita
1261 725 1316 780 in
1347 713 1510 781 domo
1531 723 1628 778 Dei
1655 715 1777 794 (III
1801 721 1931 794 Reg.
1954 723 2052 792 vi).

533 812 884 888 «Propterea
914 831 1040 872 ecce
1062 832 1164 888 ego
1192 817 1259 872 ad
1289 810 1604 888 prophetas;
1653 815 1731 869 ait
1773 814 2051 878 Dominus,

462 927 484 964 ι
519 911 612 982 (ιιιί
651 901 914 965 Ῑιιιιαηιυιί
951 909 1118 965 verba
1163 923 1287 964 mea
1340 899 1712 978 unusquisque
1743 921 1772 960 a
1809 906 2059 977 proximo

461 1020 485 1056 ε
515 1018 634 1059 suo.
666 1002 808 1058 Ecce
832 1015 933 1072 ego
959 1001 1022 1055 ad
1056 1002 1369 1071 prophetas,
1413 999 1489 1054 ait
1519 997 1802 1062 Dominus,
1834 997 1926 1066 qui
1967 1012 2058 1052 as-

462 1117 482 1150 ε
518 1095 971 1166 sumuntlinguas
994 1109 1146 1161 suas,
1167 1103 1228 1174 et
1250 1095 1432 1150 aiunt:
1463 1093 1603 1148 Dicit
1636 1091 1896 1146 Dominus
1934 1090 2061 1163 (sive

463 1209 484 1244 ι
518 1190 815 1247 donnitant
843 1187 1326 1257 dormitationem).
1350 1187 1489 1242 Ecce
1514 1201 1616 1258 ego
1642 1186 1709 1240 ad
1741 1187 2058 1255 prephetas,

461 1301 484 1337 ι
518 1283 856 1340 somniantes
881 1280 1249 1345 mendacium,
1279 1279 1355 1334 ait
1381 1279 1660 1342 Dominus,
1682 1278 1775 1348 qui
1803 1289 2062 1332 narrave-

464 1391 485 1428 t
517 1357 644 1430 runt
663 1389 748 1441 ea,
773 1383 828 1430 et
841 1374 1176 1430 seduxerunt
1197 1373 1451 1444 populum
1480 1387 1659 1427 meum
1689 1371 1740 1426 in
1762 1371 2063 1426 mendaciis

465 1447 485 1517 ἀ
519 1447 652 1540 suis,
682 1446 742 1519 et
768 1465 824 1519 in
848 1446 1126 1520 miraculis
1156 1463 1284 1541 (sive
1321 1463 1656 1539 stuporibus)
1699 1473 1863 1532 atque
1890 1471 2063 1517 terro-

464 1575 483 1610 ι
515 1544 667 1616 ribus
693 1557 826 1623 suis,
855 1573 980 1634 eum
1027 1572 1128 1629 ego
1158 1572 1264 1612 non
1296 1557 1565 1612 misissem
1593 1573 1722 1621 eos,
1763 1571 1864 1612 nec
1903 1573 2060 1612 man-

466 1667 486 1700 ‹
521 1647 739 1722 dassem
779 1647 902 1723 eis:
949 1648 1044 1720 qui
1090 1644 1226 1722 nihil
1279 1635 1603 1720 profuerunt
1654 1638 1876 1720 populo
1915 1649 2060 1726 huic,

467 1758 487 1819 ς
523 1742 652 1797 dicit
680 1727 976 1819 Dominus;
1002 1761 1020 1792 ι
1059 1739 1286 1812 Semper
1313 1741 1561 1808 imitatur
1589 1741 1931 1796 mendacium
1972 1757 2064 1796 ve-

2155 722 2317 794 plieia
2343 762 2358 787 ,
2419 730 2479 777 ut
2521 739 2618 779 eos
2655 724 3004 779 retraherent
3049 723 3118 778 ad
3160 725 3585 795 paenitentiam:
3637 725 3756 782 cle-

2159 825 2314 870 mens
2345 823 2529 892 autem
2567 823 2624 870 et
2663 810 2955 872 miseratur
2982 812 3246 872 Dominus
3292 818 3383 872 diu
3427 820 3762 877 sententiam

2159 904 2462 962 differebat.
2522 906 2756 962 Putabat
2797 908 3056 980 deceptus
3099 909 3360 981 populus,
3422 922 3478 967 et
3525 914 3763 983 pseudo-

2160 999 2548 1070 prophetarum
2598 999 2790 1056 fraude
2835 1000 3124 1066 seductus,
3173 1016 3280 1056 non
3323 1011 3588 1067 ventura,
3636 1017 3766 1074 qua

2162 1091 2423 1148 Dominus
2468 1092 2796 1155 minabatur,
2844 1101 2901 1147 et
2936 1106 3052 1147 rem
3089 1096 3335 1148 severam
3379 1093 3434 1148 in
3473 1093 3661 1148 ludum
3705 1103 3765 1150 et

2156 1185 2342 1255 iocum
2386 1193 2772 1241 converterant
2808 1198 2821 1236 :
2869 1183 3426 1254 prophetantibusque
3480 1186 3761 1255 prophetis

2163 1276 2316 1358 quasi
2360 1275 2648 1334 irridentes
2675 1275 2928 1329 dicebant
2956 1291 2970 1328 :
3002 1275 3234 1330 Rursum
3259 1276 3350 1331 hic
3371 1276 3520 1331 videt
3548 1275 3764 1344 pondus

2163 1373 2219 1422 et
2257 1383 2395 1423 onus
2444 1367 2678 1422 Domini.
2726 1367 2904 1437 Atque
2950 1368 3025 1422 ita
3072 1368 3268 1433 ﬁebat,
3314 1377 3374 1422 ut
3418 1384 3762 1438 nequaquam

2164 1459 2306 1513 ultra
2344 1459 2504 1522 visio,
2550 1459 2646 1514 sed
2684 1473 2781 1528 per
2812 1456 2999 1526 iocum
3041 1467 3202 1528 atque
3248 1460 3487 1514 derisum
3514 1450 3667 1514 onus
3710 1470 3767 1515 et

2163 1549 2376 1617 pondus
2398 1547 2785 1617 appellaretur.
2814 1546 3066 1618 Praecipit
3092 1563 3220 1620 ergo
3247 1550 3530 1612 Dominus,
3563 1559 3622 1604 ut
3649 1551 3765 1604 sive

2165 1640 2417 1713 populus,
2465 1639 2578 1693 sive
2619 1641 2907 1710 propheta,
2949 1640 3064 1696 sive
3101 1643 3359 1697 sacculos
3397 1642 3766 1712 interrogave-

2167 1728 2277 1784 rint
2302 1731 2594 1786 Jeremiam
2628 1731 2757 1801 quid
2783 1732 2866 1787 'slt
2905 1731 3136 1802 pondus,
3179 1733 3265 1788 vel
3304 1748 3425 1802 qua:
3468 1717 3766 1803 assumptio

461 1811 704 1904 ίιίιςηθηι,
755 1843 810 1900 ει
993 1801 1246 1891 habuerit
1287 1806 1526 1917 aliquam
1562 1835 1698 1902 τρριί
1757 1835 2066 1890 similitudi-
2092 1801 2429 1913 B‘DOlltl-nl,
2455 1827 2784 1911 respondeat
2823 1826 2903 1880 eis
2947 1835 3003 1880 et
3045 1826 3231 1880 dicat:
3266 1846 3283 1877 ι
3323 1825 3430 1884 VOS
3452 1828 3766 1894 estisouus

465 1940 610 1991 nem,
641 1928 890 1996 decipere
916 1941 1023 1994 non
1054 1921 1232 1997 potest
1266 1913 1601 2002 innocentes.
1634 1928 1915 1996 Quomodo
1967 1928 2068 1998 igi-

466 2005 556 2087 tur
581 2016 636 2072 in
675 2010 858 2088 priore
886 2017 1083 2091 populo
1134 2019 1544 2095 mentiebantur
1573 2019 1867 2090 prophetae,
1903 2027 2068 2090 atque

466 2107 719 2170 dicebant
750 2127 776 2174 :_
800 2128 818 2160 ι
853 2107 1131 2186 Haec‘dieit
1162 2109 1441 2190 Dominus,
1482 2130 1500 2163 ι
1535 2095 1611 2175 et,
1649 2128 1668 2160 ι
1705 2109 1830 2173 Vidi
1877 2109 2066 2186 Domi-

465 2214 616 2282 num,
657 2218 674 2250 ι
721 2205 794 2279 et,
851 2217 870 2250 α
918 2196 1154 2276 Verbum
1186 2188 1577 2284 Domiui'quod
1601 2203 1801 2266 factum
1825 2213 1909 2279 est
1947 2225 1964 2268 ι
2001 2205 2067 2277 ad

468 2285 650 2363 illum,
683 2288 762 2343 sic
786 2288 1030 2364 haeretici
1073 2300 1360 2365 assumunt
1411 2293 1722 2366 testimonia
1770 2283 2071 2368 scriptura-

466 2394 589 2434 rum
611 2369 678 2455 de
707 2367 884 2452 i’eteri
900 2389 953 2434 et
972 2379 1122 2434 Novo
1143 2380 1529 2439 Instrumenta.
1551 2393 1604 2452 et
1632 2385 1884 2458 furantur
1903 2367 2071 2456 verba

475 2461 798 2541 salvatoris,
831 2470 1205 2541 unusquisque
1237 2487 1265 2524 a
1290 2465 1536 2540 proximo
1559 2491 1677 2551 suo,
1707 2477 1988 2554 prophetis
2018 2465 2092 2533 et.

470 2560 752 2634 apostolis,
800 2571 856 2616 et
893 2561 1260 2633 evangelistis,
1293 2572 1348 2617 et
1377 2575 1661 2620 assumunt
1689 2567 1898 2640 linguas
1924 2583 2069 2638 suas,

470 2661 531 2706 ut
565 2653 748 2708 cordis
776 2668 984 2727 venena
1011 2643 1106 2708 ore
1132 2656 1509 2735 pronuntient,
1533 2666 1588 2710 et
1619 2658 1912 2733 dormitant
1944 2661 2072 2732 dor-

473 2745 836 2820 mitatiouem,
868 2745 934 2800 de
963 2747 1160 2817 quibus
1185 2732 1316 2802 vere
1350 2747 1552 2823 dictum
1583 2758 1669 2824 est
1698 2732 1721 2804 :7
1746 2769 1764 2802 ι
1804 2743 2074 2819 Dermita-

471 2844 668 2905 verunt
714 2853 964 2911 somnum
1013 2846 1317 2903 suttm,'et’
1345 2838 1669 2915 invenerunt
1719 2840 1849 2921 nihil
1897 2838 2071 2910 (Psal.

475 2930 638 2998 Lxxv)
666 2949 680 2998 ;
713 2951 732 2983 ι
761 2931 874 2985 sive
889 2929 1044 2998 juxta
1073 2925 1423 3008 llebraicurn,
1463 2950 1482 2981 ς
1520 2931 1587 2985 Et
1631 2933 1803 2997 aiunt,
1833 2931 1987 2998 dicit,
2016 2940 2078 3007 ut

476 3021 832 3078 subaudiatur
852 3012 1132 3086 Dominus,
1162 3029 1257 3074 aut
1278 3028 1425 3076 certe
1453 3038 1624 3099 sermo
1656 3023 1884 3096 divinus.
1910 3021 2073 3076 Com-

477 3110 720 3182 minatur
751 3114 935 3184 itaque
979 3112 1241 3189 Dominus
1273 3129 1423 3193 pune
1449 3129 1510 3172 se
1560 3115 1737 3195 ipsum
1761 3108 1949 3195 contra
1978 3114 2078 3168 hu-

472 3194 775 3280 juscemodi
791 3207 1082 3277 magistros
1105 3187 1227 3261 esse
1247 3187 1562 3280 venturum,
1578 3187 1670 3277 qui
1693 3187 1959 3272 seducant
1978 3223 2076 3279 po-

477 3296 664 3375 pulum
687 3297 804 3365 ejus
829 3299 885 3352 in
927 3299 1225 3354 mendaciis
1253 3301 1387 3367 suis,
1415 3309 1470 3356 et
1497 3301 1891 3375 id-stuporibus
1915 3312 2076 3374 atque

480 3391 777 3466 miraculis.
811 3391 1003 3475 Magna
1025 3393 1170 3466 enim
1193 3401 1249 3448 et
1271 3394 1606 3474 incredibilia,
1635 3385 1690 3449 et
1717 3396 1954 3471 ingentia
1995 3411 2056 3452 rc-

478 3484 823 3567 promittunt,
857 3493 914 3560 ut
943 3484 1205 3561 seducant
1249 3481 1499 3567 iiiiseros,
1539 3507 1557 3537 α
1580 3488 1671 3558 qui
1695 3489 1826 3557 nihil
1856 3487 2076 3558 profue-

474 3565 609 3658 sunt
638 3576 835 3666 popqu
881 3577 1021 3658 Dei:
1064 3598 1081 3629 ι
1117 3587 1174 3648 et
1223 3565 1353 3635 illud
1405 3581 1630 3651 implent
1682 3582 2033 3653 apostolicum
2059 3623 2075 3650 ,

486 3655 520 3721 ci
553 3655 812 3746 docentes
834 3655 955 3754 qua;
989 3685 1093 3724 non
1127 3679 1340 3760 oportet
1363 3673 1531 3743 turpis
1554 3673 1688 3727 lucri
1713 3674 1902 3743 gratia,
1930 3695 1948 3725 ι
1985 3674 2078 3742 qui

479 3761 654 3838 solent
697 3761 854 3816 malis
883 3776 1163 3833 prospera,
1197 3770 1251 3820 et
1288 3764 1446 3827 bonis
1481 3765 1755 3819 contraria
1807 3765 2074 3819 nuntiare.

561 3868 579 3901 ‹
617 3849 673 3905 Si
723 3850 885 3921 igitur
933 3851 1353 3926 interrogaverit
1405 3863 1456 3908 te
1514 3854 1746 3925 p0pulus
1800 3855 1942 3919 iste,
1994 3849 2082 3909 vel

490 3944 840 4017 (propheta,
893 3953 987 4014 aut
1034 3945 1291 4020 sacerdos
1332 3945 1556 4013 dicens:
1605 3947 1760 4014 Quod
1809 3956 1895 4001 est
1942 3964 2080 4003 onus

492 4056 509 4087 ι
547 4034 756 4090 Domini
808 4037 934 4110 (sire
975 4052 1095 4106 quae
1137 4046 1223 4113 est
1263 4040 1562 4110 assumptio
1608 4038 1884 4109 Domini)?
1931 4039 2081 4094 dices

491 4145 509 4178 ‹
543 4127 610 4180 ad
653 4142 783 4200 eqs:
833 4128 939 4181 Vos
979 4129 1112 4183 estis
1155 4143 1292 4205 onus
1337 4126 1465 4197 (sive
1506 4129 1848 4198 assumptio).
1902 4128 2078 4198 Proji-

492 4237 510 4268 ς
545 4217 682 4287 ciant
723 4208 922 4287 quippe
968 4218 1095 4289 (sire
1139 4217 1378 4292 allidatn)
1429 4234 1564 4286 vos,
1617 4219 1749 4291 dicit
1794 4220 2078 4276 Dominus.

500 4323 516 4366 ς
555 4306 622 4364 Et
663 4309 928 4380 propheta
972 4318 1027 4362 et
1068 4311 1360 4380 sacerdos,
1404 4319 1457 4375 et
1500 4309 1764 4384 populus,
1812 4312 1904 4379 qui
1951 4312 2083 4366 dicit

497 4418 514 4477 ς
549 4412 686 4475 onus
734 4384 858 4471 (sive
902 4401 1220 4476 assumptio)
1268 4394 1514 4469 Domini,
1559 4402 1792 4476 visitabo
1836 4403 1962 4475 (sive
1994 4403 2082 4457 ul-

2169 1931 2225 1977 et
2248 1939 2343 1996 vos
2368 1906 2666 1993 assumptio
2695 1942 2707 1977 :
2743 1944 2762 1975 »
2793 1914 3236 1993 assumam°euim
3260 1939 3376 1996 vos,
3407 1932 3465 1978 et
3486 1922 3764 1994 projiciam

2170 2015 2519 2086 allidamque,
2547 2024 2602 2069 et
2626 2016 2850 2069 interire
2872 2013 3091 2088 faciam.
3143 2013 3201 2070 Si
3242 2014 3366 2084 quis
3405 2025 3590 2070 autem
3620 2015 3770 2070 dein.

2166 2089 2297 2177 cep‘s
2340 2107 2425 2160 vel
2468 2101 2896 2176 prophetarum,‘
2915 2105 3001 2160 vel
3045 2106 3414 2171 sacerdotum,
3459 2106 3543 2160 vel
3587 2106 3769 2177 populi

2169 2214 2336 2274 ausus
2359 2198 2525 2251 fuerit
2564 2214 2702 2261 onus
2729 2207 2784 2254 et
2818 2182 3032 2270 pondus
3056 2199 3269 2254 Domini
3295 2199 3602 2269 nominare,
3634 2219 3652 2250 ι
3684 2198 3768 2253 Vi-

2171 2288 2366 2364 sitabo,
2392 2275 2394 2277 ’
2416 2288 2609 2358 inquit,
2659 2303 2821 2359 super
2857 2289 3037 2351 virum
3078 2288 3249 2354 illum,
3278 2297 3332 2343 et
3358 2303 3521 2358 super
3551 2283 3766 2343 domum

2175 2382 2337 2447 illius,
2376 2401 2393 2433 ι
2423 2369 2628 2434 etcum
2672 2382 2861 2438 delebo
2901 2383 2965 2442 in,
3001 2392 3342 2452 perpetuum.
3387 2382 3546 2437 Dicat
3591 2384 3771 2453 itaque

2173 2471 2547 2541 unusquisque
2587 2473 2836 2540 proximo
2880 2487 2979 2527 suo
3023 2481 3077 2526 et
3117 2473 3334 2527 amico:
3377 2471 3765 2543 Nequaquam,

2174 2549 2440 2632 quodest
2471 2545 2608 2617 onus
2641 2562 2900 2638 Domini?
2936 2563 3030 2619 sed
3063 2563 3191 2632 quid
3230 2565 3530 2633 respondit,
3562 2576 3617 2619 et
3639 2560 3770 2635 quid

2175 2654 2387 2726 locutus
2411 2663 2492 2708 est
2517 2654 2774 2718 Dominus
2797 2655 2820 2708 ?
2845 2655 3056 2710 Veteris
3084 2641 3474 2723 (obliviscimioi
3501 2674 3514 2709 :
3539 2672 3679 2711 onus
3715 2672 3769 2712 et

2154 2746 2407 2815 pondus,
2453 2745 2567 2799 sive
2601 2747 2902 2816 assumptio
2936 2748 2990 2802 in
3027 2761 3122 2802 ore
3156 2756 3340 2803 vestro
3383 2748 3522 2809 ultra
3550 2763 3654 2803 non
3687 2764 3771 2804 re-

2177 2846 2368 2893 sonet:
2419 2838 2546 2906 quia
2588 2838 2815 2908 singulis
2841 2823 3153 2910 hominibus
3193 2853 3374 2894 sermo
3403 2854 3532 2893 suus
3559 2847 3770 2909 etopus

2178 2944 2336 2982 suum
2387 2929 2440 2981 in
2486 2943 2636 2983 onus.
2669 2930 2991 3006 pondusque
3037 2917 3418 2999 reptitabitur:
3468 2930 3767 2988 secundum

2180 3019 2330 3084 illud,
2362 3019 2504 3087 quod
2533 3019 2794 3088 scriptum
2823 3030 2907 3073 est
2933 3034 2948 3073 :
2977 3038 2996 3070 ‹
3023 3007 3110 3074 Ex‘
3124 3034 3220 3075 ore
3249 3028 3340 3074 tuo
3359 3019 3767 3088 iustiﬁcaberis,

2181 3117 2237 3164 et
2261 3095 2325 3164 es
2353 3125 2446 3164 ore
2473 3118 2564 3162 tuo
2591 3095 3042 3165 condemnaberis
3071 3109 3286 3180 (Matth.
3313 3100 3428 3181 xv).
3460 3130 3480 3160 ι

2258 3217 2276 3247 ι
2311 3199 2376 3252 Ει
2410 3199 2722 3268 pervertitis
2745 3199 2910 3253 verba
2957 3197 3054 3253 Dei
3095 3197 3589 3264 viventis,‘Domini
3613 3215 3771 3256 exer-

2188 3306 2205 3339 ι
2239 3289 2445 3342 cituum
2493 3287 2588 3342 Dei
2616 3288 2827 3342 "nostri.
2875 3287 3002 3343 Haec
3057 3289 3378 3361 dices(sive
3417 3277 3651 3364 dicens)
3700 3291 3771 3346 ad

2187 3397 2206 3428 ‹
2238 3380 2556 3453 prophetam
2584 3395 2596 3431 :
2646 3379 2785 3444 Quid
2821 3378 3098 3455 respondit
3127 3379 3221 3434 tibi
3253 3381 3533 3456 Dominus,
3561 3393 3616 3437 et
3640 3383 3772 3452 quid

2187 3489 2204 3521 ‹
2239 3459 2452 3525 locutus
2477 3480 2560 3525 est
2583 3471 2874 3524 Dominus?
2918 3470 2976 3524 Si
3010 3478 3192 3526 autem
3216 3486 3354 3526 onus
3377 3471 3592 3526 Domini
3620 3471 3772 3526 dixe-

2188 3581 2205 3613 ‹
2240 3562 2377 3616 ritis.
2417 3581 2433 3612 ι
2487 3561 2625 3631 (Huc
2666 3576 2839 3629 usque
2879 3559 2930 3614 in
2968 3560 3321 3633 Septuaginta
3361 3577 3470 3636 non
3505 3563 3769 3627 habetur;

2181 3663 2235 3709 et
2273 3654 2579 3724 sequitur):
2635 3673 2652 3704 ‹
2704 3653 2934 3723 Propter
2983 3653 3086 3708 hoc
3135 3653 3248 3709 haec
3292 3654 3423 3708 dicit
3469 3655 3767 3710 Dominus:

2187 3765 2205 3798 ι
2241 3745 2377 3812 Quia
2421 3745 2632 3800 dixistis
2673 3759 2982 3820 sermonem
3027 3746 3189 3800 istum
3229 3760 3369 3800 onus
3406 3746 3535 3818 (sive
3565 3762 3773 3801 assum-

2189 3857 2206 3888 ‹
2238 3839 2372 3909 ptio)
2418 3829 2665 3899 Domini,
2712 3845 2768 3891 et-
2805 3836 2929 3911 tnisi
2969 3837 3038 3891 ad
3078 3850 3175 3891 vos
3214 3836 3439 3891 dicens:
3480 3836 3653 3891 Nolite
3689 3838 3775 3890 di-

2189 3949 2207 3982 ‹
2242 3919 2366 3986 cere
2390 3917 2526 3985 onus
2553 3922 2681 4002 (sive
2709 3921 3154 4005 assumptionem)
3187 3929 3400 4005 Domini
3431 3948 3442 3982 ε
3486 3942 3776 3999 propterea

2190 4042 2208 4072 ε
2243 4039 2387 4089 ecce,
2424 4037 2524 4105 ego
2565 4008 2747 4090 tollam
2791 4009 2914 4090 (sire
2956 4003 3248 4091 assumant)
3291 4036 3389 4075 vos
3433 4030 3679 4090 portans,
3719 4032 3772 4075 et

2190 4135 2207 4166 ε
2242 4097 2520 4184 proficitur]
2566 4099 2683 4179 vos,
2737 4126 2790 4167 et
2821 4102 3106 4168 Icivitatem
3151 4127 3311 4182 quam
3351 4113 3474 4167 dedi
3520 4112 3672 4166 vobis
3720 4122 3773 4166 et

2191 4197 2488 4275 (patribus
2535 4203 2730 4258 vestris
2779 4201 2812 4256 'a
2863 4202 3000 4257 facie
3054 4217 3170 4256 mea
3209 4219 3222 4254 :
3280 4210 3336 4256 et
3382 4201 3522 4255 dabo
3569 4216 3670 4255 vos
3720 4201 3771 4254 in

2190 4317 2209 4349 ‹
2241 4297 2588 4369 opprobrium
2623 4295 3012 4365 sempiternum
3036 4302 3090 4349 et
3115 4292 3464 4364 ignominiam
3490 4301 3769 4354 aeternam,

2190 4409 2209 4441 ι
2241 4405 2360 4460 qua:
2398 4404 2675 4464 nunquam
2708 4389 2978 4443 oblivione
3013 4387 3299 4442 delebitur.
3326 4408 3343 4438 ι
3384 4385 3652 4454 Ρηεοερίι
3676 4385 3772 4441 Do-

493 4507 512 4541 ι
545 4490 744 4561 ciscar)
779 4506 940 4565 ςμροιο
974 4493 1149 4568 virum
1192 4492 1362 4566 ilium,
1401 4502 1457 4548 et
1488 4509 1652 4570 ειιρθι·
1683 4494 1903 4570 ᾴοωιμη
1944 4494 2078 4562 gius.
2109 4521 2164 4583 Β
2189 4482 2397 4546 minus,
2446 4490 2503 4534 ιιι
2545 4497 2887 4549 nequaquam
2929 4480 3113 4543 oneris
3157 4491 3212 4533 et
3252 4479 3538 4549 ponderis,
3581 4487 3640 4532 et
3682 4493 3770 4531 38-

494 4599 510 4632 c
549 4579 672 4636 Haec
714 4583 905 4651 dicetis
940 4585 1312 4671 unusquisque
1349 4585 1418 4647 ad
1456 4586 1690 4664 amicum
1727 4601 1902 4654 suum,
1933 4595 1985 4655 et
2017 4587 2084 4640 ad

495 4692 511 4724 ‹
547 4676 773 4746 fratrem
813 4690 970 4740 suum
998 4694 1011 4728 :
1036 4675 1174 4748 Quid
1217 4676 1495 4744 respondit
1533 4676 1814 4742 Dominus,
1857 4687 1912 4730 et
1956 4679 2083 4748 quid

499 4781 517 4813 ι
555 4764 767 4819 locutus
813 4774 897 4819 est
941 4749 1245 4837 Dominus?
1305 4765 1367 4820 Et
1411 4781 1550 4822 onus
1591 4766 1719 4837 (sive
1764 4753 2082 4841 assumptio)

497 4871 516 4904 ι
549 4855 764 4929 Domini
808 4855 946 4934 ultra
993 4870 1100 4934 non
1147 4856 1560 4933 memorabitur,
1608 4856 1733 4925 quia
1779 4871 1918 4910 onus
1956 4858 2084 4926 (sive

498 4962 518 4995 ι
551 4944 867 5018 assumptio)
913 4930 1342 5026 erit‘unicuique
1381 4930 1562 5001 sermo
1605 4945 1744 5016 ejus.
1777 4966 1794 4997 ι
1842 4947 2078 5021 Vcrbum

493 5034 818 5090 Hebraieum
845 5046 987 5096 mm:
1011 5036 1204 5109 Aquila
1232 5035 1390 5112 ἅρμα,
1421 5037 1475 5092 id
1500 5045 1604 5104 est,
1637 5054 1768 5091 onus
1797 5047 1851 5090 et
1878 5038 2082 5107 pondus

495 5127 922 5204 interpretatur;
973 5127 1380 5198 Symmachus,
1421 5127 1780 5206 Septuaginta
1819 5138 1874 5183 et
1903 5129 2083 5182 Theo-

494 5217 640 5294 dotio
665 5219 1092 5294 assumptionem.
1125 5218 1440 5294 Ubicunque
1467 5235 1596 5306 ergo
1621 5234 1784 5290 grave
1810 5227 1911 5295 est,
1940 5218 2082 5299 quod

494 5306 755 5362 Dominus
798 5309 1179 5386 comminatur,
1224 5320 1286 5387 et:
1322 5311 1537 5384 plenum
1583 5310 1858 5386 penderis,
1902 5325 1966 5364 ac
2013 5309 2088 5363 la—

495 5401 644 5470 }toris
687 5411 742 5454 et
787 5402 1152 5476 importaliile,
1206 5403 1261 5473 in
1305 5403 1461 5479 titulo
1510 5419 1726 5473 quoque
1775 5402 1939 5475 ἅρμα,
1987 5403 2089 5456 hoc

498 5499 604 5554 est,
655 5493 868 5561 pondus
928 5488 1182 5570 dicitur:
1231 5493 1540 5564 ubicunque
1593 5505 1772 5549 autem
1833 5494 2090 5552 Dominus

495 5596 754 5650 prospera
801 5571 1102 5661 pollicetur,
1150 5586 1264 5640 sive
1311 5594 1434 5655 post
1474 5586 1828 5658 utinationem
1867 5583 2090 5640 meliora

497 5672 784 5740 promittit,
828 5675 899 5728 ibi
941 5675 1077 5729 visio
1124 5675 1321 5730 dicitur
1358 5695 1370 5729 :
1410 5676 1495 5730 vel
1540 5685 1688 5731 certe
1721 5679 1944 5746 verbum
1987 5676 2093 5733 Do-

499 5765 653 5830 mini,
701 5772 771 5824 et_
791 5768 1138 5840 perspicuum
1179 5776 1299 5824 erat
1336 5781 1403 5824 ex
1444 5767 1564 5843 ipso
1600 5767 1759 5833 titulo
1792 5767 2092 5846 prophetiae

2191 4575 2510 4644 sumptionis
2549 4588 2730 4627 sermo
2770 4573 3043 4627 diceretur
3082 4572 3137 4626 in
3175 4570 3394 4641 populo,
3429 4571 3520 4624 sed
3547 4585 3773 4639 respon-

2189 4667 2356 4721 sionis
2411 4675 2463 4720 et
2502 4666 2653 4719 verbi
2699 4666 2794 4719 Dei
2839 4683 2851 4716 :
2911 4665 3053 4733 quod
3103 4648 3228 4734 quia
3273 4663 3504 4733 populus
3548 4662 3770 4731 implere

2188 4767 2627 4829 contempserat-
2684 4759 2857 4828 ipsum
2904 4755 3129 4814 verbum
3181 4757 3566 4824 interpretatur
3608 4768 3772 4823 super

2189 4852 2268 4906 eis
2310 4859 2366 4905 et
2406 4851 2538 4904 dicit
2567 4866 2580 4877 ·
2628 4848 2894 4916 Quoniam
2939 4847 3170 4912 dixistis,
3215 4847 3358 4916 quod
3399 4846 3560 4914 nolui,
3589 4846 3771 4898 ethoc

2187 4956 2308 4996 cum
2347 4956 2486 5011 smpe
2512 4940 2815 5009 prophetas
2849 4937 3140 5012 mitterem,
3178 4927 3233 4990 et
3255 4933 3504 5002 juberem
3533 4948 3596 5006 ne
3627 4935 3770 4988 dice-

2183 5030 2358 5098 retis:
2403 5039 2684 5098 propterea
2728 5041 3030 5081 sermonem
3076 5033 3315 5079 vestrum
3360 5024 3760 5094 assumptionis.

2184 5121 2364 5176 oneris
2405 5127 2462 5172 et
2509 5119 2763 5191 ponderis
2807 5118 2882 5192 in,
2905 5118 3060 5172 vobis
3101 5131 3263 5186 opere
3308 5115 3609 5190 complebo.
3662 5117 3764 5170 As-

2187 5229 2396 5270 sumam
2437 5214 2633 5289 quippe
2675 5227 2804 5275 vos,
2860 5219 2916 5266 et
2974 5210 3156 5288 toiiam
3198 5218 3361 5285 atque
3401 5195 3669 5278 portabo,
3718 5215 3767 5263 et

2189 5305 2438 5369 allida‘m,
2481 5319 2544 5369 ac
2582 5304 2649 5358 de
2687 5301 3007 5358 sublimibus
3048 5302 3099 5355 in
3145 5309 3344 5373 terram
3387 5314 3643 5354 corruere
3689 5300 3767 5353 fa-

2186 5397 2360 5466 ciam:
2404 5411 2506 5448 non
2537 5394 2709 5449 solum
2735 5402 2913 5447 autem
2951 5407 3071 5462 vos,
3099 5391 3192 5446 sed
3219 5399 3276 5445 et
3304 5391 3499 5444 urbem
3534 5397 3767 5456 vestram

2187 5502 2349 5557 quam
2371 5486 2491 5540 dedi
2518 5486 2762 5556 patribus
2785 5467 2999 5539 vestris.
3039 5503 3057 5534 ί
3090 5484 3156 5538 Ει
3181 5483 3336 5552 dabo,
3365 5478 3692 5552 inquit,vos
3723 5484 3767 5534 in

2187 5578 2533 5653 opprobrium
2569 5585 2622 5630 et
2657 5575 3006 5650 ignominiam
3048 5575 3456 5652 sempiternam,
3487 5587 3606 5640 qua:
3633 5587 3768 5625 nun—

2189 5688 2348 5746 quam
2381 5671 2652 5726 oblivione
2684 5667 2968 5729 delebitur.
3000 5686 3018 5718 ι
3067 5665 3180 5746 lloc
3211 5674 3390 5719 autem
3432 5671 3488 5718 et
3510 5657 3767 5733 tempore

2191 5764 2499 5836 Babylonia:
2543 5760 2874 5838 captivitatis
2923 5760 3124 5817 factum
3171 5773 3291 5817 esse
3333 5757 3622 5824 novimus,
3679 5754 3771 5814 sed
