3926 6372
520 400 619 456 991

1168 397 1228 454 Β.
1264 394 1515 453 RABANI
1550 395 1768 453 MAURI
1802 393 2118 451 ARCHIEP.
2160 393 2469 455 MOGUNT.
2507 394 2790 455 OPERUM
2825 396 3003 452 PARS
3037 398 3124 453 lli.

3671 401 3777 456 999.

520 513 640 567 dem
665 513 817 568 Ezrae
853 515 1122 569 volumine
1163 513 1466 566 continetur
1507 509 1560 580 (Ι
1588 510 1719 565 Esd.
1748 510 1831 580 ιι).
1886 507 2089 563 Notan-
2113 506 2394 569 ADelirat
2436 509 2492 563 in
2534 507 2638 563 hoc
2682 507 2799 561 loco
2858 507 3175 577 allegoricus
3221 526 3433 580 semper
3477 513 3772 583 interpres,

520 605 646 658 dum
684 603 877 673 quippe
918 603 1060 672 quod
1099 601 1214 657 haec
1253 601 1390 658 visio
1433 598 1710 656 Sedechize
1752 600 2088 670 temporibus

519 692 659 747 facta
693 691 763 746 ait
799 692 866 745 ad
897 691 1238 760 prophetam,
1261 697 1545 760 postquam
1577 689 1868 744 Jechonias
1890 690 2088 745 ductus

518 791 600 837 est
642 798 697 836 in
737 781 1311 851 transmigrationem:
1361 795 1470 834 non
1503 780 1648 835 enim
1688 779 1823 834 dixit
1863 778 2088 848 captivi-

520 881 702 936 tatem,
743 874 870 942 quia
912 887 970 927 se
1010 871 1153 927 ultro
1201 872 1513 927 tradiderat.
1566 872 1996 926 Fabros-autem
2033 878 2090 926 et

519 963 854 1027 inclusores,
903 961 988 1015 vel
1043 961 1176 1032 legis
1225 962 1580 1032 interpretes,
1635 969 1795 1030 atque
1835 960 2087 1017 doctores

519 1052 772 1107 debemus
813 1051 1077 1121 accipere,
1120 1050 1206 1104 vel
1243 1050 1477 1105 artiﬁces
1519 1051 1924 1119 inclusoresque
1969 1050 2087 1106 auri

516 1151 677 1213 atque
712 1157 1063 1213 gemmarum,
1090 1157 1208 1212 quae
1243 1155 1332 1196 ars
1365 1141 1505 1211 apud
1543 1142 1804 1196 barbaras
1841 1141 2089 1196 nationes

515 1235 904 1308 pretiosissima
928 1244 1031 1290 est.
1081 1233 1186 1290 Pro
1212 1233 1572 1289 inclusoribus
1597 1233 1945 1304 Septuaginta
1971 1235 2085 1290 vin-

514 1334 624 1380 ctos
664 1325 1004 1395 interpretati
1046 1332 1202 1390 sunt,
1249 1331 1308 1378 ut
1351 1324 1677 1393 captivitatis
1719 1325 2090 1395 signiﬁcarent

515 1418 752 1484 malum,
799 1427 852 1472 et
896 1418 961 1473 de
1005 1434 1101 1473 suo
1139 1417 1391 1472 addidere
1435 1417 1649 1483 divites,
1694 1419 1838 1488 quod
1883 1421 1938 1474 in
1983 1419 2088 1476 He-

513 1506 698 1562 braico
725 1522 833 1562 non
860 1508 1104 1562 habetur.
1155 1506 1446 1578 Comparat
1470 1517 1648 1563 autem
1676 1510 1968 1574 calathum,
1994 1512 2086 1580 qui

512 1599 684 1653 bonas
727 1599 858 1656 ﬁcus
901 1600 1169 1664 habebat,
1214 1608 1268 1654 et
1311 1601 1480 1655 bonas
1522 1602 1682 1656 nimis
1708 1643 1722 1665 ,
1766 1601 1885 1656 ﬁcis
1924 1603 2085 1673 primi

513 1690 793 1758 temporis,
837 1705 955 1760 quae
1000 1689 1186 1746 Graece
1233 1691 1564 1760 appellantur
1603 1693 1813 1768 πρωῖζυια
1854 1692 2086 1750 Abrahae

509 1779 757 1834 videlicet
790 1788 844 1836 et
873 1781 1043 1847 lsaac,
1076 1780 1256 1847 Jacob,
1285 1789 1338 1836 et
1363 1781 1552 1852 Moysi,
1581 1791 1636 1838 et
1655 1784 1855 1850 Aaron,
1882 1794 1937 1839 et
1961 1785 2080 1852 Job,

2187 603 2242 651 et
2277 597 2382 652 vim
2426 598 2649 667 cupiens
2689 595 2958 652 historica:
3000 596 3180 654 facere
3234 601 3480 666 veritati,
3531 602 3599 656 de
3663 619 3775 660 cae-

2187 687 2308 742 lesti
2347 686 2680 743 Hierusalem
2722 696 2906 758 captos
2945 687 3129 754 refert,
3174 696 3335 759 atque
3377 693 3676 748 translatos
3720 695 3776 750 in

2187 787 2389 834 terram
2430 778 2845 834 Chaldaaorum:
2893 795 3218 851 rursumque
3259 782 3325 836 ad
3368 781 3544 839 locum
3583 785 3777 855 pristi-

2187 883 2315 922 num
2358 881 2696 933 reversuros,
2735 876 2796 921 ut
2837 866 3129 924 Jeremiam
3175 877 3231 924 et
3273 880 3502 926 caeteros
3551 867 3775 928 sanctos

2185 959 2510 1029 prophetas:
2559 957 2692 1013 alios
2736 973 2896 1026 vero,
2944 943 3036 1031 qui
3081 971 3396 1031 peccatores
3439 962 3664 1018 fuerunt
3717 966 3772 1020 in

2188 1056 2330 1102 terra
2371 1049 2493 1114 hac,
2519 1058 2574 1104 et
2614 1050 2669 1103 in
2702 1049 2840 1104 valle
2875 1050 3237 1120 lacrymarum
3285 1067 3406 1107 esse
3449 1055 3768 1110 morituros.

2187 1134 2378 1192 Totam
2419 1139 2639 1193 visionis
2681 1138 2838 1209 hujus
2882 1139 3042 1193 simul
3084 1143 3339 1211 proposui
3376 1152 3661 1220 περικοπὴν
3706 1163 3772 1202 ne

2185 1239 2403 1282 sensum
2444 1227 2500 1282 in
2543 1229 2876 1298 expositione
2915 1228 3232 1287 dividerem.

2765 1340 2993 1398 CAPUT
3027 1342 3193 1398 XXV.

2187 1430 2264 1486 De
2291 1433 2586 1502 captivitate
2614 1436 2938 1504 septuaginta
2973 1451 3234 1490 annorum
3278 1435 3468 1504 Iuda;
3509 1442 3572 1492 de
3610 1443 3773 1496 calice

2255 1517 2358 1572 quo
2385 1504 2721 1580 potionantur
2755 1521 2930 1580 omnes
2973 1516 3146 1575 gentes
3177 1521 3198 1559 .'
3239 1517 3493 1562 vocantur
3534 1522 3773 1580 pastores

2258 1582 2306 1625 et
2332 1573 2604 1641 optimates
2634 1572 2702 1625 ad
2729 1572 3016 1643 planctum.

2263 1698 2281 1731 ι
2329 1681 2563 1737 Verbum
2593 1685 2734 1753 quod
2763 1683 2959 1738 factum
2989 1693 3072 1740 est
3103 1689 3170 1741 ad
3199 1685 3494 1744 Jeremiam
3531 1692 3593 1745 de
3622 1694 3769 1747 omni

2194 1791 2212 1824 ε
2257 1774 2451 1843 pepulo
2476 1772 2610 1830 Juda
2635 1774 2771 1845 (siue
2800 1791 2958 1846 super
2983 1793 3201 1834 omnem
3223 1780 3481 1850 populum
3509 1781 3692 1850 Inda),
3717 1785 3768 1838 in

512 1874 567 1922 et
607 1869 815 1922 caneris
855 1869 1052 1923 sanctis
1095 1869 1226 1925 viris
1251 1910 1266 1935 ,
1311 1871 1378 1925 de
1420 1871 1614 1940 quibus
1650 1888 1793 1927 unus
1836 1874 1902 1929 de
1947 1876 2081 1931 duo-

2193 1884 2210 1914 ‹
2255 1880 2396 1928 anno
2413 1875 2613 1935 quarto
2664 1865 2866 1922 Joacim
2908 1868 3001 1922 ﬁlii
3030 1868 3190 1926 Josite
3215 1872 3358 1940 regis
3379 1871 3535 1928 Juda.
3569 1895 3586 1926 ι
3616 1875 3767 1942 (Hie-

511 1959 681 2014 decim
705 1961 940 2030 loquitur
958 1964 1369 2032 prophetarum:
1397 1983 1416 2014 ‹
1440 1963 1590 2019 Sicut
1613 1982 1770 2020 uvam
1792 1966 1848 2020 in
1869 1969 2084 2025 deserto

509 2049 688 2104 inveni
719 2051 908 2117 Israel,
950 2061 1006 2107 et
1039 2053 1179 2109 sicut
1202 2054 1336 2109 ﬁcus
1359 2055 1412 2109 iu
1439 2054 1664 2110 ﬁculnea
1693 2057 1872 2111 iuveni
1900 2067 2083 2127 patres

509 2155 694 2196 eorum
713 2141 856 2214 (03¢.
873 2142 974 2213 ιι).
997 2161 1015 2193 ›
1061 2141 1211 2198 Unde
1233 2151 1287 2199 et
1312 2159 1410 2200 nos
1436 2145 1768 2216 appellamur
1790 2146 1886 2202 ﬁlii
1909 2147 2084 2206 Abra-

507 2227 652 2283 ham.
679 2229 796 2284 Ete
835 2231 1112 2286 contrario
1152 2232 1353 2287 dicitur
1393 2233 1460 2288 ad
1500 2232 1754 2291 Iudaeos:
1792 2255 1810 2287 ι
1845 2235 1904 2291 Si
1930 2247 2084 2308 pater

507 2327 685 2375 vester
727 2329 871 2376 esset
908 2320 1198 2389 Abraham,
1241 2321 1494 2380 faceretis
1536 2325 1697 2396 opera
1737 2327 1854 2397 ejus
1897 2327 2079 2399 (Joan.

505 2409 645 2478 vui).
677 2427 694 2460 ι
745 2408 812 2463 Hi
854 2419 1032 2466 autem
1078 2412 1298 2479 calathi,
1346 2416 1437 2485 qui
1481 2417 1650 2471 bonas
1695 2417 1981 2485 habebant,
2027 2429 2084 2475 et

503 2499 674 2555 malas
714 2499 885 2569 ﬁcus,
941 2518 1049 2557 non
1091 2514 1245 2559 erant
1290 2503 1421 2561 foris
1464 2514 1520 2563 et
1557 2516 1710 2563 extra
1750 2509 2036 2565 ecclesiam
2065 2553 2081 2577 ,

505 2590 600 2645 sed
643 2598 769 2646 ante
807 2593 1065 2662 templum
1110 2595 1356 2662 Domini,
1402 2611 1469 2652 eo
1513 2598 1656 2666 quod
1700 2607 1894 2653 cuncta
1939 2601 2084 2657 illius

504 2679 746 2735 scientiae
768 2689 1006 2750 pateant.
1057 2681 1167 2739 Nec
1205 2693 1411 2741 tantam
1439 2685 1640 2743 habent
1666 2689 2083 2746 amaritudinem

505 2771 588 2827 ha:
627 2771 760 2827 ﬁcus
807 2789 928 2843 qua
963 2773 1094 2831 foris
1132 2785 1287 2844 sunt,
1339 2787 1599 2849 quantam
1639 2781 1742 2837 illa;
1795 2798 1915 2852 qua:
1961 2793 2085 2853 post

502 2860 896 2918 confessionem
923 2863 1045 2920 ﬁdei
1069 2867 1513 2936 praevaricatione
1544 2878 1764 2926 mutatae
1789 2881 1915 2928 sunt
1939 2891 1952 2928 :
1981 2890 2082 2931 nec

503 2959 712 3006 tantam
751 2954 1071 3010 suavitatem
1140 2958 1294 3013 home
1358 2958 1492 3015 ﬁcus
1537 2975 1657 3030 quae
1701 2977 1808 3017 non
1857 2973 1982 3019 sunt
2027 2966 2083 3020 in

505 3050 794 3114 conspectu
837 3045 1020 3115 templi
1061 3045 1176 3112 Dei,
1214 3047 1401 3117 quales
1434 3048 1650 3104 fuerunt
1688 3051 1873 3107 mundi
1910 3054 2086 3123 philo-

506 3135 699 3202 sophi,
759 3136 851 3205 qui
913 3137 1143 3193 naturali
1183 3138 1325 3195 bono
1369 3149 1423 3195 et
1473 3143 1827 3216 intelligentia
1871 3136 2083 3203 creato-

506 3226 600 3292 ris,
628 3242 745 3282 non-
766 3235 872 3282 tam
898 3228 1048 3298 sequi
1077 3230 1176 3285 visi
1202 3241 1348 3297 sunt,
1377 3248 1539 3302 quam
1580 3234 1800 3290 laudare
1828 3238 2079 3295 virtutes.

503 3313 770 3381 Quantam
808 3317 1010 3372 habent
1041 3321 1360 3374 suavitatem
1386 3320 1542 3386 ﬁcus,
1571 3337 1692 3390 qua:
1712 3331 1840 3377 sunt
1865 3325 1918 3378 in
1950 3333 2083 3381 tem-

503 3405 595 3474 plo
636 3405 752 3470 Dei,
785 3420 1015 3475 quarum
1057 3406 1274 3462 fuerunt
1299 3410 1576 3480 propheta:
1614 3420 1668 3465 et
1711 3412 1960 3481 apostoli.
2007 3415 2084 3469 De

503 3495 708 3564 quibus
732 3511 836 3548 una
871 3495 1004 3550 ﬁcus
1045 3488 1399 3566 loquebatur:
1437 3519 1454 3552 ι
1486 3500 1597 3556 Lac
1622 3502 1774 3558 vobis
1813 3504 1936 3557 dedi
1973 3519 2081 3558 non

502 3585 733 3641 solidum
757 3587 935 3642 cibum
961 3587 1014 3659 (Ι
1041 3587 1160 3644 Cor.
1192 3591 1307 3660 ιιι);
1356 3610 1375 3642 ι
1405 3601 1461 3648 et
1492 3611 1505 3646 :
1541 3611 1560 3644 ι
1594 3593 1764 3649 Filioli
1793 3597 1920 3664 mei,
1946 3612 2082 3666 quos

503 3678 698 3732 iterum
724 3681 989 3748 parturio,
1030 3681 1202 3737 donec
1240 3671 1484 3740 Christus
1528 3684 1792 3740 formetur
1835 3688 1889 3742 in
1929 3689 2081 3745 vobis

506 3766 648 3840 (Gal.
678 3769 776 3840 ιν).
806 3790 825 3822 ι
879 3770 1036 3826 Unde
1077 3773 1290 3841 dicitur,
1318 3777 1461 3844 quod
1484 3777 1540 3830 in
1566 3785 1859 3846 conspectu
1897 3780 2078 3850 templi

503 3859 597 3914 Dei
639 3859 773 3915 ﬁcus
814 3861 969 3916 bonae
994 3861 1215 3931 fuerint,
1245 3865 1399 3921 bona;
1441 3866 1619 3933 valde,
1662 3874 1718 3922 et
1756 3867 1888 3922 ﬁcus
1926 3870 2082 3925 malae

501 3950 721 4017 fuerint,
751 3953 904 4009 malae
928 3954 1100 4010 valde.
1129 3971 1192 4012 ac
1216 3972 1285 4012 ne
1316 3966 1569 4027 putemur
1593 3969 1835 4016 nostrum
1859 3977 2079 4017 sensum

499 4055 722 4112 ponere,
769 4042 887 4111 ipsa
929 4042 1206 4114 Scriptura
1245 4062 1304 4102 se
1344 4049 1568 4118 pandit:
1605 4070 1623 4101 ι
1658 4049 1842 4116 Sicut,
1871 4052 2076 4121 inquit,

502 4133 654 4200 ﬁcus
682 4135 765 4188 ha:
807 4135 997 4200 bonae,
1049 4137 1128 4193 sic
1173 4154 1494 4210 cognoscam
1543 4144 2080 4214 transmigrationem

499 4224 655 4291 Juda,
685 4240 845 4294 quam
885 4227 1040 4283 emisi
1074 4229 1292 4295 deloco
1334 4231 1438 4286 isto
1478 4233 1533 4287 in
1574 4242 1776 4288 terram
1803 4233 2080 4290 Chaldaeo-

501 4332 639 4380 rum,
669 4317 724 4370 in
758 4318 956 4373 bonum
982 4338 994 4374 :
1031 4339 1049 4372 ι
1099 4320 1414 4378 Jechoniam
1445 4334 1500 4380 et
1532 4325 1804 4397 principes
1830 4328 1923 4397 qui
1953 4343 2079 4385 cum

500 4422 564 4462 eo
603 4408 742 4476 capti
782 4419 908 4463 sunt
945 4411 1271 4481 signiﬁcans.
1300 4414 1369 4468 Et
1398 4430 1428 4470 e
1452 4418 1725 4472 contrario
1751 4419 1816 4473 de
1841 4419 2076 4486 calatho,

501 4499 590 4566 qui
636 4499 805 4554 malas
849 4500 1079 4556 habebat
1117 4501 1286 4557 ﬁcus:
1325 4522 1343 4555 ‹
1376 4512 1430 4560 et
1469 4505 1628 4571 sicut,
1657 4506 1751 4573 ait,
1782 4507 1918 4562 ﬁcus
1951 4524 2078 4578 pes-

2189 1954 2327 2023 ron.)
2356 1952 2478 2009 Haec
2519 1955 2699 2024 priora
2742 1966 2866 2012 sunt
2896 1961 3167 2028 praeterita
3206 1961 3414 2017 visione
3449 1981 3461 2016 :
3499 1964 3585 2017 illa
3625 1967 3768 2021 enim

2185 2046 2286 2100 sub
2315 2044 2577 2101 Sedechia
2618 2046 2757 2102 facta
2791 2059 2874 2104 est
2901 2060 3190 2121 postquam
3224 2052 3516 2109 Joc'nonias
3544 2057 3769 2112 transla-

2190 2125 2384 2191 tus'est
2415 2136 2772 2208 Babylonem;
2806 2141 2921 2195 haec
2946 2150 3126 2196 autem
3151 2145 3251 2197 sub
3301 2142 3509 2198 Joacim
3538 2145 3650 2201 ﬁlio
3687 2147 3770 2202 Jo-

2187 2227 2280 2280 size
2303 2237 2356 2280 et
2385 2236 2536 2296 patre
2563 2226 2854 2284 Jechoniae.
2898 2229 3013 2284 Non
3045 2221 3191 2285 enim
3220 2249 3362 2288 curae
3391 2243 3531 2300 erat,
3562 2245 3620 2290 ut
3647 2247 3769 2292 ante

2178 2320 2289 2390 jam
2318 2319 2428 2374 dixi
2446 2361 2460 2386 ,
2491 2322 2783 2391 prophetia:
2808 2332 3050 2394 tempora
3077 2339 3424 2391 conservare,
3455 2344 3576 2396 quae
3601 2331 3767 2385 histo-

2185 2414 2280 2468 τίω
2307 2413 2452 2484 leges
2478 2401 2806 2482 desiderant,
2839 2416 2931 2470 sed
2955 2417 3196 2473 scribere
3237 2427 3512 2489 utcunque
3552 2423 3762 2477 audien-

2186 2503 2330 2559 tibus
2352 2512 2512 2574 atque
2528 2504 2820 2562 lectoribus
2834 2507 2967 2562 utile
2981 2517 3247 2562 noverant
3267 2529 3278 2562 :
3304 2511 3455 2564 unde
3472 2520 3526 2564 et
3549 2512 3601 2564 in
3623 2510 3766 2566 Psal-

2187 2597 2323 2652 terio
2373 2596 2511 2652 male
2547 2597 2763 2666 quidam
2802 2597 2957 2666 juxta
2998 2606 3207 2654 textum
3249 2601 3501 2657 historiae
3526 2603 3763 2671 psalmo-

2186 2703 2304 2742 rum
2337 2688 2616 2757 requirunt
2643 2689 2909 2757 ordinem,
2934 2691 3080 2760 quod
3104 2691 3159 2745 in
3193 2691 3362 2762 lyrico
3390 2694 3633 2748 carmine
3663 2709 3765 2749 non

2184 2777 2522 2835 observatur.

2260 2887 2278 2921 ι
2308 2869 2426 2937 ipse
2472 2877 2555 2924 est
2578 2885 2751 2925 annus
2777 2885 2981 2940 primus
3006 2869 3504 2926 Nabuchodonosor
3524 2872 3770 2943 regisBa-

2191 2976 2212 3010 ι
2243 2958 2631 3031 bylonis(quod
2659 2961 2714 3013 in
2742 2960 3097 3031 Septuaginta!
3114 2977 3218 3014 non
3239 2962 3481 3015 habetur.
3508 2962 3576 3016 Et
3600 2966 3766 3034 sequi-

2191 3068 2209 3100 ‹
2244 3049 2353 3120 tur)
2384 3067 2398 3102 :
2429 3049 2581 3116 Quod
2609 3050 2817 3105 locutus
2845 3059 2927 3105 est
2955 3050 3217 3124 Ieremias
3254 3054 3518 3122 propheta
3549 3056 3617 3110 ad
3652 3071 3766 3111 om-

2192 3159 2210 3191 ‹
2243 3155 2364 3195 nem
2396 3140 2649 3211 populum
2671 3138 2828 3208 Juda,
2853 3150 2908 3197 et
2938 3144 3006 3198 ad
3028 3144 3311 3199 universos
3327 3145 3664 3203 habitatores
3685 3146 3771 3204 Je-

2192 3251 2210 3283 ‹
2249 3233 2522 3297 rlsalem‘,
2552 3233 2757 3288 dicens.
2796 3253 2813 3284 ο
2854 3233 3058 3300 Quarto
3089 3251 3230 3290 anno
3267 3237 3410 3306 regis
3435 3237 3640 3293 Joacim
3677 3239 3769 3294 ﬁlii

2183 3322 2344 3377 Josiaa
2367 3323 2538 3394 patris
2563 3321 2860 3389 Jechoniaa,
2879 3323 3382 3380 Nabuchodonosor
3398 3327 3454 3380 in
3476 3328 3770 3400 Babylone,

2186 3414 2422 3484 suscepit
2463 3414 2792 3484 imperium:
2841 3421 3003 3484 atque
3045 3415 3120 3470 ita
3146 3413 3356 3471 factum
3384 3425 3470 3471 est
3513 3426 3575 3472 ut
3602 3432 3771 3472 annus

2184 3505 2274 3574 qui
2325 3505 2532 3576 primus
2585 3514 2705 3560 erat
2759 3504 3262 3562 Nabuchodonosor
3325 3508 3378 3560 in
3437 3507 3712 3578 Babylone
3753 3551 3765 3574 ,

2184 3604 2407 3666 quartus
2449 3605 2593 3652 esset
2637 3597 2692 3651 in
2721 3597 3020 3652 Jerusalem
3072 3598 3218 3668 regis
3269 3597 3496 3653 Joacim.
3532 3599 3769 3671 Denique

2183 3690 2376 3737 octavo
2404 3696 2545 3736 anno
2560 3681 2711 3752 regni
2739 3681 2842 3742 sui,
2864 3681 3179 3737 Jechoniam
3201 3697 3322 3736 cum
3353 3691 3531 3739 matre
3555 3693 3609 3739 et
3628 3687 3768 3754 prin~

2183 3773 2391 3842 cipibus
2440 3774 2591 3827 duxit
2636 3775 2695 3826 in
2730 3774 3093 3843 captivitatem
3136 3789 3149 3826 :
3199 3774 3293 3844 qui
3338 3775 3518 3829 tribus
3565 3785 3766 3831 tantum

2182 3875 2303 3934 post
2330 3865 2760 3921 interfectionem
2788 3868 2958 3935 patris
3000 3865 3246 3920 Joachim
3295 3868 3547 3937 regnavit
3575 3870 3768 3923 mensi-

2181 3957 2302 4011 bus.
2334 3955 2656 4012 Interfectus
2703 3964 2784 4010 est
2819 3964 2998 4010 autem
3039 3955 3245 4011 Joacim
3295 3958 3586 4012 undecimo
3631 3974 3767 4013 anno

2183 4045 2335 4116 regni
2367 4046 2450 4099 sui
2495 4045 2548 4099 in
2582 4043 2900 4100 Jerusalem.

2263 4153 2279 4184 ι
2312 4134 2356 4187 Α
2384 4134 2546 4189 tertio
2569 4134 2778 4188 decimo
2806 4148 2947 4189 anno
2979 4133 3141 4192 Josia:
3175 4132 3272 4189 ﬁlii
3313 4135 3600 4190 Ammonis
3632 4140 3767 4207 regis

2188 4245 2208 4278 ι
2250 4224 2384 4280 Juda
2433 4241 2601 4294 usque
2657 4226 2722 4278 ad
2762 4227 2904 4280 diem
2951 4227 3134 4282 hanc:
3192 4227 3296 4282 iste
3340 4236 3424 4282 est
3484 4230 3674 4282 tertius
3715 4242 3766 4283 et

2188 4336 2208 4368 ‹
2250 4318 2538 4374 vicesimus
2603 4332 2817 4382 annus,
2871 4317 3073 4372 factum
3143 4327 3228 4373 est
3279 4319 3510 4373 verbum
3560 4320 3764 4374 Domini

2187 4427 2207 4460 ‹
2251 4408 2319 4461 ad
2348 4422 2453 4471 me,
2497 4415 2552 4460 et
2591 4406 2800 4461 locutus
2840 4423 2964 4462 sum
3002 4409 3071 4462 ad
3097 4423 3193 4462 vos
3228 4408 3297 4464 de
3343 4417 3508 4462 nocte
3545 4423 3764 4481 consur~

2189 4515 2208 4548 ‹
2249 4487 2402 4568 gens,
2437 4505 2492 4551 et
2513 4496 2758 4566 loquens,
2792 4504 2846 4552 et
2874 4513 2980 4552 non
3008 4498 3258 4553 audistis.
3295 4517 3315 4548 ι
3343 4497 3534 4554 Tertio
3556 4500 3762 4555 decimo

500 4589 687 4654 simas,
708 4606 828 4659 quae
851 4591 1059 4646 comedi
1085 4608 1190 4648 non
1216 4603 1457 4662 possunt,
1480 4610 1565 4662 eo,
1587 4598 1726 4667 quod
1754 4598 1862 4651 sint
1885 4599 2072 4653 malae:
2102 4563 2158 4623 Ῑ)
2183 4605 2326 4644 anno
2355 4589 2504 4659 regni
2531 4587 2711 4654 Josiae,
2746 4590 2837 4658 qui
2886 4591 3134 4661 regnavit
3161 4592 3216 4645 in
3265 4589 3567 4647 Jerusalem
3616 4596 3764 4649 anuis

498 4677 575 4731 sic
602 4677 739 4732 dabo
767 4669 1085 4737 Sedechiam
1119 4697 1296 4752 regem
1323 4681 1491 4750 Juda,
1535 4693 1589 4740 et
1628 4687 1898 4756 principes
1938 4687 2074 4757 ejus,

499 4777 552 4822 et
596 4783 688 4823 eos
727 4769 820 4838 qui
862 4771 917 4825 in
943 4770 1238 4843 Egyptum
1280 4773 1702 4846 transfugerunt,
1752 4787 1808 4832 et
1851 4779 1942 4846 qui
1986 4794 2074 4835 re-

500 4869 814 4915 manserunt
859 4862 915 4917 in
959 4864 1092 4918 urbe
1118 4865 1258 4929 hac,
1305 4865 1359 4918 in
1403 4867 1779 4932 vexationem,
1826 4867 2074 4945 aﬁlictio-

500 4965 749 5018 nemque,
771 4953 1020 5009 omnibus
1044 4956 1221 5026 regnis
1248 4964 1406 5010 terra:
1419 4955 1594 5028 (Infra
1620 4956 1771 5029 xui).
1800 4977 1818 5010 ι
1852 4958 2076 5026 Quando

501 5043 554 5096 in
583 5042 818 5114 Egypto
863 5060 1076 5115 quoque
1116 5046 1258 5116 capti
1307 5058 1459 5114 sunt,
1506 5059 1559 5104 et
1583 5049 2082 5108 Nabuchodonosor

500 5136 676 5214 posuit
716 5136 770 5190 in
813 5136 1052 5207 Taphnis
1094 5138 1284 5211 solium
1313 5157 1488 5206 suum,
1519 5144 1771 5212 misitque
1800 5160 1962 5214 super
1988 5161 2082 5203 cos

501 5204 758 5280 Do’miuus
797 5204 1054 5296 gladium,
1099 5204 1318 5296 famem,
1365 5239 1419 5286 et
1458 5204 1701 5302 pestem;
1737 5204 1908 5290 donec
1953 5253 2081 5292 cou-

501 5326 838 5372 sumerentur
883 5320 948 5373 de
995 5327 1138 5374 terra
1189 5336 1352 5390 quam
1394 5321 1541 5378 dedit
1583 5324 1827 5392 patribus
1867 5340 2075 5384 eorum.

500 5409 652 5477 Quod
694 5416 874 5463 autem
920 5411 1054 5466 dixit
1096 5412 1160 5467 de
1204 5413 1319 5468 ﬁcis
1363 5413 1556 5469 bonis:
1592 5433 1609 5465 ι
1644 5415 1793 5470 Dabo
1837 5417 1916 5471 eis
1961 5433 2071 5483 cor,

499 5510 558 5554 ut
603 5501 777 5555 sciant
820 5516 928 5568 me,
957 5505 1081 5572 quia
1127 5519 1224 5575 ego
1267 5520 1386 5560 sum
1415 5505 1693 5571 Dominus,
1729 5527 1748 5559 ι
1792 5507 1866 5561 illi
1905 5509 2079 5563 simile

500 5600 583 5647 est
622 5592 913 5662 apostolico
944 5612 955 5647 :
991 5614 1009 5646 ι
1042 5596 1182 5651 Deus
1225 5604 1326 5664 est,
1372 5597 1465 5666 qui
1503 5607 1760 5668 operatur
1801 5600 1855 5653 in
1901 5601 2074 5667 vobis,

497 5693 554 5739 et
587 5686 722 5742 velle
763 5695 818 5742 et
857 5689 1116 5757 perlicere
1143 5687 1362 5759 (Philip.
1391 5691 1474 5762 ιι).
1509 5711 1526 5743 ι
1575 5691 1747 5759 Ουοδ
1763 5707 1868 5747 non
1906 5693 2076 5749 solum

499 5793 683 5849 opera,
724 5782 819 5839 sed
862 5790 918 5836 et
954 5781 1202 5838 voluntas
1245 5789 1431 5840 nostra
1472 5782 1568 5840 Dei
1606 5783 1815 5842 nitatur
1851 5785 2074 5844 auxilio.

2181 4681 2398 4750 triginta
2425 4689 2480 4734 et
2506 4695 2634 4741 uno,
2665 4678 2928 4735 Jeremias
2969 4683 3298 4750 prophetare
3327 4699 3558 4739 exorsus
3601 4695 3681 4740 est
3709 4695 3761 4740 et

2176 4771 2520 4840 prophetavit
2549 4768 2650 4823 sub
2675 4783 2740 4822 eo
2781 4771 2936 4823 annis
2959 4771 3144 4825 decem
3183 4780 3236 4825 et
3260 4788 3474 4826 novem.
3509 4774 3606 4828 Cui
3653 4791 3761 4829 suc-

2177 4863 2342 4916 cessit
2371 4861 2425 4914 in
2466 4873 2691 4934 regnum
2728 4859 2869 4913 ﬁlius
2895 4859 3010 4927 ejus
3039 4859 3298 4926 Joachaz,
3329 4877 3436 4931 quo
3463 4865 3649 4918 statim
3672 4866 3759 4918 du-

2177 4961 2266 5008 cto
2290 4953 2344 5006 in
2374 4951 2736 5020 captivitatem
2778 4968 2808 5005 a
2832 4951 3045 5006 Nechao
3077 4969 3200 5024 rege
3227 4953 3510 5026 Egyptio,
3542 4973 3758 5027 regnum

2184 5045 2416 5100 obtinuit
2443 5043 2686 5098 Joachim
2712 5043 2882 5099 frater
2909 5044 3026 5112 ejus
3052 5045 3158 5114 (IV
3187 5046 3314 5116 Reg.
3347 5049 3532 5116 χχιιι).
3568 5049 3624 5102 In
3669 5067 3756 5102 cu-

2177 5139 2268 5208 jus
2305 5138 2455 5208 regni
2501 5145 2693 5207 quarto
2739 5137 3011 5219 anno‘iste
3055 5139 3121 5192 ad
3158 5137 3449 5193 Jeremiam
3501 5155 3678 5194 sermo
3704 5140 3758 5193 ﬁt

2182 5229 2413 5292 Domini,
2446 5244 2509 5284 ac
2535 5245 2631 5299 per
2658 5231 2761 5282 hoc
2793 5229 3083 5283 vicesimus
3112 5229 3300 5282 tertius
3325 5243 3501 5283 annus
3532 5240 3648 5284 erat
3673 5228 3753 5284 Je-

2181 5321 2363 5376 remiaa
2393 5322 2690 5391 prophetae,
2721 5335 2788 5374 ex
2817 5335 2922 5389 quo
2950 5319 3097 5389 loqui
3124 5320 3286 5389 coepit
3307 5323 3376 5373 ad
3406 5321 3685 5390 pupulum,
3707 5326 3756 5372 et

2183 5426 2456 5482 nunquam
2484 5411 2783 5479 praedicare
2804 5411 3038 5466 cessavit
3069 5429 3080 5463 :
3111 5411 3204 5464 sed
3231 5410 3456 5479 singulis
3481 5408 3754 5466 diebusdi-

2180 5502 2381 5567 luculo,
2418 5509 2472 5556 et
2500 5501 2564 5556 de
2591 5510 2747 5556 nocte
2791 5515 3122 5572 consurgens
3151 5500 3472 5570 loquebatur
3495 5503 3563 5556 ad
3595 5515 3754 5572 popu-

2181 5579 2292 5649 lum
2320 5613 2331 5648 :
2369 5612 2387 5645 ς
2416 5601 2469 5648 et
2499 5609 2606 5648 non
2635 5594 2827 5663 inquit,
2855 5595 3103 5649 audistis.
3133 5614 3152 5646 ι
3189 5591 3285 5648 Sin
3315 5605 3519 5656 autem,
3550 5603 3608 5648 ut
3637 5591 3752 5648 ruri

2182 5703 2246 5742 ex
2272 5686 2541 5742 veteribus
2564 5687 2801 5741 haeretici
2822 5686 3029 5751 volunt,
3054 5687 3137 5739 lex
3161 5686 3328 5742 semel
3355 5686 3408 5739 in
3435 5685 3754 5756 adjutorium

2179 5781 2304 5840 data
2339 5791 2442 5851 est,
2483 5790 2539 5839 et
2573 5781 2865 5840 constituta
2901 5789 3189 5853 praecepta,
3234 5795 3355 5851 qua:
3412 5781 3586 5836 nostri
3622 5776 3756 5834 arbi-
