3926 6346
179 400 290 455 997

1120 400 1485 460 EXPOSITIO
1526 400 2161 479 SUPERJEREMIAM.
2197 435 2270 448 —
2306 406 2439 464 LIB.
2476 407 2545 464 Χ.

3364 417 3471 478 998

178 509 373 565 raliter
398 507 557 580 ponit'
578 522 767 565 omnes
794 524 949 581 reges
973 510 1281 580 Aquilonis,
1316 514 1409 582 qui
1451 529 1623 586 prope
1650 525 1779 571 sunt
1806 522 1856 582 Α
1885 517 2037 585 titur,
2063 520 2131 574 de
2169 519 2274 575 hoc
2296 521 2531 591 capitulo
2556 523 2812 590 diximus,
2855 526 2999 595 quod
3028 523 3205 585 Graeci
3236 529 3475 591 forsnan

178 611 237 655 ct
265 600 443 672 longe.
476 596 583 656 Pro
612 601 896 672 Aquilone,
939 605 1032 674 qui
1075 598 1338 660 Hebraiee
1378 603 1576 662 dicitur
1630 615 1777 695 τίεν,

179 687 538 762 Septuaginta
572 701 782 748 vertere
806 694 1089 768 ἀφηλίωτην
1116 695 1279 766 quem
1314 710 1413 751 nos
1436 687 1777 753 subso‘ldnum

177 796 475 853 possumus
497 782 697 840 dicere.

257 894 278 927 ι
326 874 626 947 Unicuique
654 882 844 931 contra
867 872 1098 932 fratrem
1124 890 1305 944 suum,
1334 885 1390 933 et
1421 870 1670 934 omnibus
1693 894 1777 934 re-

183 984 203 1018 ι
242 966 373 1038 guis
389 975 569 1033 terrae,
593 982 715 1038 quae
741 982 904 1039 super
929 966 1126 1025 faciem
1152 966 1270 1037 ejus
1295 978 1441 1024 sunt.
1468 970 1532 1025 Et
1562 987 1658 1025 rex
1679 970 1779 1026 Se-

180 1075 200 1107 ι
240 1056 377 1111 sacb
421 1056 573 1113 bibet
599 1065 721 1129 post
747 1073 861 1114 eos.
897 1078 916 1111 ι
974 1044 1053 1114 Νὲ
1090 1068 1315 1116 cunctas
1351 1060 1630 1115 orientalis
1653 1075 1778 1129 pro-

173 1145 374 1201 vincire
396 1147 647 1219 regiones
672 1163 990 1205 enumerem
1018 1164 1118 1220 per
1154 1160 1341 1222 partes
1370 1147 1589 1221 longmn
1627 1151 1779 1205 fieret

173 1238 510 1308 generaliter
538 1241 717 1311 posuit
743 1230 1117 1313 omnia'regna
1138 1236 1307 1298 terra:
1334 1256 1455 1311 quae
1497 1249 1778 1296 morantur

173 1331 230 1385 in
263 1343 433 1386 terra;
463 1316 619 1401 Quod
647 1315 830 1389 autem
876 1326 1033 1400 dixit,
1061 1323 1254 1390 conire
1306 1334 1533 1389 fratrem
1583 1350 1774 1402 suum,

170 1425 519 1490 subauditur,
553 1418 675 1481 dedi
710 1418 971 1481 meracam
1010 1417 1297 1498 potionem,
1329 1437 1385 1483 ut
1409 1444 1600 1484 omnes
1632 1413 1775 1485 fure-

172 1526 319 1581 rent,
350 1526 656 1584 vomerent,
698 1517 1024 1585 insanirent,
1055 1528 1111 1575 et
1157 1520 1362 1574 mutuis
1388 1519 1530 1574 inter
1555 1535 1613 1574 se
1637 1534 1775 1591 prae-

171 1606 262 1660 liis
292 1606 639 1663 dimicarent.
673 1607 936 1679 Quodque
965 1608 1172 1675 intulit,
1205 1629 1223 1661 ‹
1272 1623 1368 1664 rex
1391 1608 1593 1664 Sesacb
1628 1608 1774 1664 bibet

168 1706 298 1767 post
336 1714 449 1762 eos,
502 1718 522 1751 ι
575 1707 632 1755 et
674 1699 727 1754 in
770 1694 1126 1772 Septuaginta
1174 1714 1281 1755 non
1324 1688 1576 1765 habetur,
1627 1700 1771 1755 hunc

1880 608 2171 683 Latinique
2200 612 2499 681 fastidiant,
2530 616 2657 686 quia
2693 616 2747 671 in
2775 619 2887 675 suis
2912 622 3189 679 codicibus
3235 638 3341 678 non
3375 625 3474 681 ha-

1879 700 2038 778 betur
2081 705 2217 759 :sed
2254 706 2383 775 quid
2411 708 2683 777 proderit,
2714 725 2837 765 cum
2880 694 2935 766 in
2985 715 3334 785 sequentibus
3377 716 3466 773 hic

1879 795 1993 865 ipse
2021 798 2289 869 propheta
2326 799 2507 854 dicat:
2547 820 2564 851 ‹
2601 801 2880 867 Quomodo
2909 815 3067 877 capta
3108 820 3188 863 est
3235 807 3461 875 Sesach,

1880 897 1935 943 et
1976 892 2369 961 comprehensa
2407 900 2493 948 est
2537 893 2739 965 inclyta
2768 882 3035 953 universa:
3081 900 3275 955 terrai?
3321 898 3467 967 Quo-

1881 985 2038 1041 modo
2080 984 2223 1048 facta
2274 994 2361 1041 est
2399 987 2454 1041 in
2486 994 2763 1057 stuporem
2791 987 3028 1061 Babylon
3072 990 3213 1047 inter
3238 990 3470 1063 gentes?

1878 1072 2165 1145 Allegorici
2196 1076 2524 1146 interpretes
2566 1076 2730 1131 istum
2764 1092 2977 1132 omnem
3019 1078 3194 1134 locum
3224 1082 3292 1136 ad
3316 1096 3467 1148 mun-

1861 1164 1996 1218 'ctas
2043 1164 2284 1235 referunt
2331 1164 2599 1230 nationes,
2647 1183 2784 1236 quas
2826 1169 3181 1225 inebriaverit
3226 1171 3470 1227 diabolus

1879 1255 2047 1311 calice
2075 1266 2425 1328 peccatorum
2476 1260 2870 1327 meracissimo,
2923 1263 3278 1318 novissimum
3325 1264 3469 1318 enim

1878 1347 2040 1425 etiam
2069 1350 2244 1418 ipsum
2273 1348 2568 1404 bibiturum
2592 1352 2850 1421 supplicia
2878 1362 3040 1425 atque
3070 1355 3363 1413 cruciatus.
3394 1356 3472 1411 De

1877 1455 1986 1509 quo
2002 1440 2191 1496 scribit
2215 1442 2545 1512 Apostolus:
2586 1463 2601 1493 ι
2638 1443 2809 1511 Quem
2831 1446 3089 1503 Dominus
3110 1447 3269 1505 Iesus
3305 1449 3472 1505 inter-

1879 1529 2226 1601 ficietspiritu
2250 1533 2364 1588 oris
2377 1532 2459 1588 sui
2475 1531 2561 1602 (ΙΙ
2578 1531 2757 1591 Thess.
2778 1533 2893 1604 11).»
2917 1535 3068 1591 Unde
3086 1538 3207 1592 etin
3225 1530 3331 1593 alio
3352 1538 3470 1595 low

1876 1622 2006 1677 dicit
2037 1640 2050 1677 :
2082 1641 2100 1674 ε
2122 1623 2462 1681 Novissimus
2491 1636 2673 1682 autem
2698 1627 2953 1683 inimicus
2980 1629 3291 1687 destruetur
3324 1647 3492 1703 ιιιοιιε,

1877 1708 1929 1781 (1
1964 1709 2086 1765 Cor.
2115 1711 2229 1782 xv).
2270 1732 2290 1766 ›
2327 1713 2469 1782 Quid
2513 1731 2833 1788 magnarum
2866 1719 3076 1773 ‘virium
3103 1728 3186 1774 est
3210 1730 3370 1791 posse
3392 1721 3472 1776 di-

170 1786 344 1842 lmlict
367 1803 586 1844 sensum
613 1807 625 1842 :
662 1788 882 1853 Omnes.
915 1788 1111 1861 inquit,
1154 1782 1479 1846 in'circuitu
1523 1792 1769 1846 nationes
1874 1816 2157 1857 versarum
2187 1804 2454 1859 vocabula
2487 1782 2766 1863 nationum
2801 1809 3099 1869 transferre
3132 1782 3235 1867 sub
3264 1822 3473 1884 etymo—

168 1874 481 1971 Babylonio,
499 1880 726 1950 imperio
750 1881 1126 1971 subjacebunt,
1158 1890 1214 1938 et
1237 1892 1433 1938 cuncta
1471 1898 1582 1974 suae
1608 1882 1775 1951 subji-
1801 1882 1850 1941 B
1877 1893 2037 1965 logiis
2067 1894 2181 1974 suis
2212 1904 2271 1949 et
2317 1897 2528 1969 singula
2567 1898 2795 1970 singulis
2820 1902 3151 1969 nominibus,
3191 1874 3466 1973 coap'tare.

170 1967 285 2022 ciet
308 1965 566 2038 potestati
599 1987 613 2023 :
646 1970 721 2023 ita
751 1968 812 2024 ut
837 1971 1126 2033 universae,
1154 1986 1295 2040 quas
1325 1973 1637 2042 prieteritus
1658 1988 1773 2027 ser-

169 2076 265 2114 mo
305 2052 550 2115 narravit
602 2070 811 2132 gentes,
850 2061 952 2132 ipsi
982 2061 1250 2129 serviant,
1282 2071 1336 2118 et
1376 2063 1565 2119 bibant
1591 2065 1656 2119 de
1682 2079 1772 2120 ca-

166 2150 282 2206 lice
305 2152 441 2223 ejus.
474 2142 625 2206 Unde
650 2160 705 2207 et
731 2152 787 2207 in
815 2151 1024 2215 visione
1054 2158 1245 2207 contra
1276 2140 1604 2234 Babylonem
1637 2154 1773 2209 scri-

168 2242 364 2298 bitur:
416 2260 436 2295 r
479 2240 634 2299 Calix
687 2258 887 2300 aureus
935 2243 1173 2316 Babylon
1205 2244 1502 2305 inebrians
1554 2260 1772 2301 omnem

170 2344 402 2390 terram.
443 2355 463 2388 ι
517 2334 857 2399 Nov‘issimus
902 2345 1084 2390 autem
1148 2352 1246 2391 rex
1290 2320 1579 2409 Babylonis
1626 2339 1774 2395 bibet

171 2425 323 2481 banc
350 2423 625 2495 potionem
644 2465 660 2492 ,
692 2425 1015 2505 propinante
1042 2424 1146 2481 sibi
1187 2441 1475 2483 ascensore
1500 2426 1657 2499 bigae,
1684 2443 1773 2485 ca-

172 2514 325 2581 meli,
360 2524 417 2572 et
442 2516 605 2582 asini,
633 2514 775 2588 Cyro
804 2531 930 2588 rege
961 2515 1241 2572 Medorum
1266 2525 1430 2588 atque
1454 2518 1768 2574 Persarum.

174 2605 461 2674 Quomodo
483 2615 666 2677 autem
695 2606 957 2678 Babylon,
987 2621 1110 2678 qua:
1134 2606 1419 2687 Hebraice‘
1440 2608 1641 2687 dicitur
1662 2592 1772 2670 ’πίει

174 2696 514 2788 intelligatur
540 2707 686 2788 πω
711 2713 819 2753 non
850 2713 1180 2785 magnopere
1227 2685 1516 2767 laborabit,
1544 2702 1637 2773 qui
1666 2701 1772 2758 He-

172 2786 338 2843 braeae
362 2785 773 2866 linguaz'saltem
795 2798 1020 2861 parvam
1050 2790 1305 2846 habuerit
1325 2792 1629 2848 scientiam.
1651 2793 1769 2851 Sic-

173 2885 239 2931 ut
286 2877 428 2947 apud
473 2893 574 2933 nos
604 2883 842 2951 graecam
868 2875 1215 2949 alphabetum
1242 2896 1414 2953 usque
1437 2884 1509 2939 ad
1541 2884 1772 2941 novissi-

173 2984 323 3024 mam
346 2966 583 3025 litteram
628 2961 999 3050 perordinem
1029 2971 1248 3045 legitur,
1290 2973 1394 3030 hoc
1419 2984 1504 3031 est
1524 2998 1575 3041 α,
1619 2978 1674 3050 β,
1717 2986 1772 3034 et

172 3068 375 3117 cetera
418 3060 589 3132 usque
635 3054 704 3117 ad
732 3047 803 3128 in;
834 3076 1160 3135 rursumque
1192 3074 1415 3135 propter
1446 3047 1771 3122 memoriam

1952 2001 1971 2034 ι
2006 1983 2075 2038 Ει
2104 1984 2254 2041 dices
2276 1986 2345 2041 ad
2369 2002 2495 2046 eos;
2520 1986 2646 2047 Haec
2670 1989 2800 2046 dicit
2821 1990 3083 2048 Dominus
3107 1994 3464 2063 exercituum,

1880 2094 1899 2128 ι
1938 2078 2079 2133 Deus
2106 2077 2495 2136 lsrael:Bibite
2522 2090 2578 2136 et
2613 2081 2982 2151 inebriamini,
3002 2095 3058 2141 et
3077 2087 3274 2142 vomite
3303 2097 3359 2143 et
3378 2102 3469 2144 ca-

1880 2184 1898 2216 ι
1936 2166 2068 2233 dite,
2093 2176 2149 2223 et
2172 2168 2341 2225 nolite
2365 2184 2694 2242 consurgere
2732 2188 2764 2228 a
2792 2172 2933 2230 facie
2976 2176 3140 2247 gladii
3176 2187 3341 2246 quem
3367 2191 3467 2248 ego

1880 2276 1900 2309 ι
1943 2258 2153 2313 mittam
2204 2259 2349 2316 inter
2376 2276 2493 2317 vos.
2547 2283 2567 2316 ι
2604 2262 2937 2335 Postquam,
2983 2266 3163 2337 inquit
3186 2292 3203 2334 ς
3251 2268 3465 2325 cunctis
3502 2317 3507 2323 .

1874 2350 2126 2421 gentibus
2145 2352 2524 2423 propinaveris
2556 2350 2613 2409 et
2644 2356 2954 2426 impleveris
2980 2367 3310 2430 praeceptum
3346 2359 3457 2416 Do-

1875 2442 2009 2496 mini
2051 2461 2066 2496 :
2124 2458 2343 2499 rursum
2396 2444 2513 2500 haec
2545 2447 2728 2503 verbis
2779 2447 2993 2504 Domini
3035 2451 3363 2527 imperabis,
3406 2459 3465 2506 et

1874 2530 2021 2588 dices
2058 2548 2073 2587 :
2118 2550 2139 2585 ‹
2185 2533 2362 2590 Bibite
2382 2544 2440 2591 et
2458 2536 2824 2605 inebriamini,
2851 2548 2908 2595 et
2937 2541 3137 2596 vomite
3164 2538 3221 2595 et
3262 2540 3462 2608 cadite,

1873 2630 1929 2677 et
1955 2616 2121 2697 n'olite
2146 2642 2497 2698 consurgere.
2528 2647 2548 2681 ι
2582 2628 2639 2685 Si
2680 2630 2865 2688 bibere
2898 2632 3189 2698 inebriari;
3218 2644 3458 2702 vomere,

1871 2720 1927 2769 et
1959 2715 2153 2783 cadere
2189 2718 2380 2777 salutis
2413 2720 2673 2776 indicium
2712 2732 2818 2788 est,
2852 2718 3117 2779 ut.instar
3142 2720 3458 2780 cathartica:

1869 2805 2109 2873 potionis
2135 2808 2298 2864 noxia
2321 2824 2547 2879 quaeque
2571 2809 2870 2880 pellantur;
2894 2808 3167 2881 quomodo:
3190 2813 3458 2883 sequitur,

1877 2914 1897 2948 ι
1932 2906 1987 2953 et
2007 2898 2174 2954 nolite
2189 2900 2591 2971 consurgere?»
2610 2901 2743 2969 Qua:
2760 2902 2834 2957 sit
2853 2912 3034 2959 autem
3056 2904 3207 2974 potio
3228 2917 3349 2973 qua:
3370 2906 3478 2959 eos”

1873 2988 2068 3045 cadere
2102 2988 2269 3045 faciat
2298 2990 2353 3044 in
2376 2976 2671 3069 :eternum',
2702 2986 2856 3062 ponit
2882 2991 3240 3059 manifestius,
3272 2992 3325 3048 id
3358 3006 3462 3061 est,

1878 3098 1898 3131 ι
1925 3095 1956 3134 a
1980 3079 2121 3137 facie
2135 3080 2319 3152 gladii,
2345 3098 2507 3153 quem
2522 3098 2621 3154 ego
2642 3083 2855 3139 mittam
2878 3085 3025 3141 inter
3037 3098 3153 3141 vos.
3184 3106 3204 3139 ι
3234 3073 3462 3157 (Mani)

173 3154 529 3226 parvulorum
560 3155 799 3211 solemus
846 3154 1098 3211 lectionis
1136 3156 1386 3213 ordinem
1425 3168 1670 3227 vertere,
1717 3168 1773 3216 et

1877 3169 1973 3226 Hic
1996 3172 2221 3243 quaestio
2258 3173 2504 3229 nascitur
2538 3176 2807 3244 quomodo
2849 3167 2973 3247 post
2992 3186 3198 3249 potum,
3224 3154 3464 3236 ebrietas

176 3244 371 3314 mimis
393 3253 639 3300 extrema
668 3238 931 3312 miscere.
967 3256 1028 3301 ιιι
1056 3246 1301 3303 dicamus
1326 3270 1382 3316 α,
1412 3272 1472 3315 ω.
1498 3250 1562 3333 β..
1582 3244 1623 3323 ψ
1651 3266 1666 3305 ε
1692 3251 1771 3307 sic
1797 3244 1843 3306 C
1877 3238 2408 3336 tem—vomitumque
2437 3266 2492 3321 et
2513 3238 2727 3322 ruinam
2748 3268 2804 3323 in
2829 3238 3063 3325 J-ereniia
3095 3270 3309 3327 tueatur
3334 3270 3460 3328 Hie-

174 3346 231 3392 et
259 3338 401 3407 apud
450 3337 704 3393 Hebraeos
730 3338 967 3407 primum
997 3346 1094 3395 est
1120 3351 1184 3406 tt,
1217 3341 1513 3417 secundum
1550 3353 1612 3410 ει,
1660 3353 1774 3400 ter-

174 3427 313 3480 tium
347 3436 399 3493 ι,
432 3440 603 3496 usque
627 3427 697 3482 ad
717 3427 1040 3483 vicesimam
1062 3429 1354 3484 secundani
1385 3438 1440 3485 et
1472 3441 1774 3488 extremam

176 3518 415 3583 litteram
441 3529 506 3583 Π,
554 3518 641 3573 cui
690 3518 986 3588 penultima
1035 3528 1120 3575 est
1167 3530 1240 3579 tv.
1297 3521 1554 3592 Legimus
1592 3524 1776 3593 itaque

176 3618 227 3667 ε·
249 3619 290 3665 :1
311 3618 353 3665 Π
376 3623 432 3666 si.
483 3608 733 3678 Cumque
776 3610 1084 3669 venerimus
1113 3612 1180 3666 ad
1230 3613 1467 3667 medium
1504 3598 1555 3679 θ,
1581 3614 1775 3670 littera:

175 3696 419 3751 occurrit
440 3708 490 3761 3,
522 3706 577 3752 et
600 3709 660 3752 ut
687 3692 732 3754 si
766 3707 912 3753 recte
945 3698 1157 3770 legatur
1185 3699 1414 3772 legimus
1452 3702 1615 3757 Babel
1639 3744 1656 3769 ,
1697 3704 1776 3758 ita

174 3786 371 3840 ordine
408 3783 740 3842 commutato
783 3786 1012 3858 legimus
1050 3784 1269 3843 Sesaclt.
1320 3780 1549 3847 Vocales
1592 3800 1774 3847 autem

171 3879 375 3933 littera:
422 3878 562 3954 inter
589 3891 614 3919 ει
640 3891 680 3938 n
702 3878 753 3933 ct
801 3877 860 3944 ξι,
881 3878 1036 3946 juxta
1066 3879 1267 3935 idioma
1314 3881 1511 3954 linguae
1536 3882 1773 3939 Hebraea:

177 3989 251 4027 ωε
278 3972 380 4027 ‘ioc
408 3952 624 4026 nomine
648 3979 755 4027 non
781 3981 1076 4041 ponuntur,
1125 3974 1469 4045 arbitrorque
1511 3993 1542 4031 a
1584 3987 1774 4032 sancto

176 4064 442 4135 propheta
465 4064 761 4135 prudenter
792 4064 958 4119 fuisse
985 4064 1239 4129 celatum,
1268 4083 1337 4123 ne
1369 4078 1556 4138 aperte
1583 4084 1773 4125 eorum

175 4166 371 4211 contra
397 4170 455 4209 se
485 4154 749 4208 insaniam
777 4142 1282 4227 coinmoverct,qui
1306 4157 1629 4214 obsidebant
1649 4159 1775 4213 Hie-

176 4245 438 4309 rusalem,
466 4242 521 4299 et
536 4240 871 4315 jamjamque
894 4243 1014 4313 ejus
1037 4245 1263 4316 petituri
1294 4258 1452 4302 erant
1499 4267 1511 4301 :
1549 4249 1692 4319 quod
1718 4258 1776 4305 et

175 4340 494 4411 Apostolum
522 4347 713 4395 contra
740 4338 1030 4410 imperium
1069 4330 1377 4396 Romanum
1421 4340 1616 4398 fecisse
1642 4343 1775 4415 legi-

178 4446 307 4487 mus
363 4428 443 4501 (ll
503 4426 687 4484 Thess.
738 4430 823 4500 ιι),
873 4429 1205 4487 scribentem
1256 4432 1323 4488 de
1369 4434 1708 4491 Antichristo
1754 4453 1770 4492 :

187 4542 205 4573 ι
246 4520 365 4576 Non
390 4520 736 4587 meministis,
766 4522 910 4590 quod
930 4537 1055 4577 cum
1085 4523 1228 4593 apud
1252 4539 1348 4579 vos
1368 4540 1543 4580 essem
1573 4528 1768 4594 adhuc,

1875 3340 2112 3412 rusalem
2139 3367 2247 3412 non
2274 3363 2437 3429 posse
2471 3367 2821 3429 consurgere,
2850 3370 2905 3417 et
2930 3361 3099 3418 [Sales
3128 3364 3369 3433 loquitur
3392 3365 3459 3419 ad

1874 3460 1996 3501 eam
2023 3464 2037 3500 :
2072 3464 2092 3499 ι
2119 3446 2369 3517 Eleva're;
2386 3448 2623 3517 elevare,
2646 3466 2934 3523 consurge,
2954 3445 3316 3519 Hierusalem,
3342 3454 3463 3524 quae

1878 3536 2058 3611 bibisti
2095 3537 2163 3592 de
2201 3536 2366 3594 manu
2392 3538 2608 3596 Domini
2633 3542 2859 3597 calicem
2903 3543 2997 3598 irze
3031 3542 3166 3615 ejds-
3191 3547 3363 3613 usque
3392 3544 3464 3601 ad

1875 3626 2121 3693 fundum,
2139 3629 2366 3685 calicem
2396 3632 2608 3701 soporis
2627 3631 2829 3697 bibisti,
2861 3642 2917 3689 et
2942 3634 3171 3704 cpotasti
3200 3637 3371 3705 usque
3396 3635 3466 3690 ad

1876 3714 2041 3775 feces.
2086 3707 2204 3776 Non
2229 3730 2314 3777 est
2343 3722 2437 3791 qui
2480 3731 2749 3783 sustentet
2774 3740 2894 3781 eam
2932 3738 2996 3779 ex
3033 3715 3293 3781 omnibus
3338 3726 3467 3783 filiis

1876 3827 2013 3881 quos
2053 3814 2272 3883 genuit,
2303 3822 2360 3867 et
2400 3811 2523 3885 non
2559 3824 2661 3882 est,
2692 3818 2786 3885 qui
2832 3808 3202 3888 apprehendat
3244 3812 3464 3874 ibanuiu
3544 3890 3547 3895 ι

1875 3900 1992 3971 ejus
2018 3916 2084 3956 cx
2111 3904 2366 3960 omnibus
2394 3904 2518 3960 filiis
2541 3921 2679 3976 quos
2702 3896 2982 3962 enutrivit;
3017 3908 3135 3964 Duo
3181 3918 3310 3965 sunt
3341 3898 3462 3981 ᾶυω

1874 4002 2234 4049 occurrerunt
2261 3996 2515 4066 tibi,quis
2541 3986 2957 4053 contristabitur
3174 3999 3262 4055 te"!
3294 3998 3467 4056 Vasti-

1876 4092 1960 4139 tas
1985 4092 2040 4139 et
2064 4085 2341 4153 contritio,
2376 4096 2433 4142 et
2450 4085 2623 4143 fames
2650 4094 2704 4142 et
2740 4083 2974 4159 gladius;
3014 4090 3136 4159 quis
3164 4090 3467 4146 Consolabi-

1877 4187 1965 4233 tur
1989 4179 2117 4235 te?)
2138 4180 2273 4253 (lca.
2303 4180 2403 4253 ιι.)
2435 4198 2556 4251 qua:
2579 4169 2652 4236 ita
2681 4176 2926 4261 s’olvitur.
2956 4182 3204 4251 Qtiandlt'i
3226 4184 3351 4254 quis
3376 4184 3464 4239 bi-

1874 4270 1954 4325 bit
1976 4271 2227 4338 calicem,
2253 4281 2309 4326 et
2331 4272 2652 4338 inebriatur,
2687 4273 2911 4341 insanit,
2951 4274 3223 4345 vomitque
3255 4282 3310 4330 et
3344 4290 3466 4330 cor-

1875 4363 2003 4428 ruit,
2030 4377 2137 4416 non
2157 4377 2281 4418 eum
2305 4373 2466 4433 posse
2500 4376 2845 4434 consurgere.
2896 4364 3143 4429 Necdum
3167 4365 3312 4421 enim
3337 4378 3466 4438 epo-

1874 4450 2007 4506 tavit
2032 4451 2259 4507 calicem
2289 4453 2502 4508 Domini
2536 4470 2550 4508 :
2574 4468 2675 4510 nec
2697 4456 2945 4526 pervenit
2973 4458 3041 4513 ad
3063 4458 3225 4521 Mes,
3262 4464 3318 4511 ut
3339 4466 3465 4512 eum

1874 4558 2047 4612 usque
2071 4544 2139 4598 ad
2166 4542 2393 4621 fundum
2420 4540 2632 4601 biberet
2660 4563 2673 4601 :
2706 4554 2851 4602 nunc
2887 4544 3069 4602 autem
3101 4549 3167 4603 all
3199 4533 3462 4603 Hierusaa-

177 4621 300 4671 inec
328 4612 573 4669 dicebam
600 4613 796 4669 vobis?
825 4620 880 4669 ct
911 4629 1058 4669 nunc
1082 4614 1212 4699 quid
1238 4615 1477 4672 detineat
1504 4618 1682 4683 scitis,
1712 4627 1771 4673 ut
1796 4602 1850 4663 Ι)
1875 4602 1981 4687 ιρηζ
2025 4634 2093 4689 (ιε
2124 4615 2401 4706 ριςίειιέι-ίιο
2430 4636 2629 4691 dicunt
2670 4642 2916 4708 tempore
2944 4656 2955 4691 ε
2979 4623 3111 4706 Qud}-
3152 4636 3359 4695 bibisu'
3399 4640 3466 4695 de

176 4708 455 4765 reveletur
495 4707 551 4761 in
590 4722 689 4763 suo
719 4712 960 4779 tempore
987 4708 1332 4780 (subauditur
1355 4711 1769 4786 Antichristus).
1875 4740 2039 4779 manu
2080 4725 2287 4779 Domini
2336 4725 2560 4781 calicem
2602 4707 2804 4783 furoris
2832 4729 2967 4800 ejus,
2996 4729 3050 4784 ct
3079 4727 3187 4785 non
3222 4732 3344 4801 qum
3382 4730 3464 4785 bi-

175 4799 301 4854 Jam
342 4800 488 4854 enim
514 4800 830 4871 mysterium
864 4800 1165 4869 iniquitatis
1185 4812 1461 4870 operatur,
1485 4812 1689 4858 tantum
1712 4810 1774 4858 ut
1873 4817 1976 4873 bis,
2025 4815 2305 4887 Simutque
2336 4819 2812 4885 considerandum,
2838 4818 2985 4889 quod
3012 4825 3120 4874 non
3165 4799 3462 4893 ῂιιξνριιριε,

174 4890 277 4962 qui
303 4899 450 4982 φηβί
478 4896 656 4982 modo,
688 4899 888 4957 ίεηθθιν
911 4891 1083 4947 donec
1110 4891 1178 4947 de
1208 4894 1386 4949 ιιιθάίο
1406 4895 1530 4959 lim;
1556 4904 1610 4949 ει
1643 4907 1770 4951 ιιιυο
1873 4925 1981 4964 non
2008 4910 2284 4981 apostolus
2318 4912 2514 4967 exinde
2543 4912 2708 4967 fuerit
2731 4913 2788 4967 in
2821 4911 3029 4978 Iudaea,
3062 4912 3152 4982 qui
3168 4890 3293 4968 eam
3337 4890 3465 4971 coir-

177 4981 512 5037 revelabitur
552 4980 639 5036 ille
668 4982 905 5051 iniquus,
940 4997 1100 5052 quem
1132 4983 1393 5040 Dominus
1416 4982 1573 5041 Jesus
1604 4986 1771 5042 inter-
1874 4980 2079 5057 εοιεηυς
2109 5002 2203 5067 sit,
2226 5011 2282 5058 ει
2313 5003 2734 5073 apprehende“;
2771 5012 2991 5058 manum
3023 4980 3165 5074 ejus;
3194 4988 3248 5060 bl
3266 5002 3467 5073 λαρρὴδ

177 5072 327 5129 ﬁciet
348 5074 538 5145 spiritu
561 5075 672 5130 oris
690 5075 797 5140 sui,
821 5083 877 5130 et
896 5076 1137 5132 destruet
1158 5076 1548 5132 illuminatione
1569 5080 1768 5133 adven-

1877 5105 1975 5152 tem
1994 5097 2309 5153 elevaverit.
2326 5072 2405 5152 iis
2431 5110 2541 5169 quo
2561 5089 2913 5154 manifestum
2940 5072 3219 5168 estquod
3240 5105 3360 5169 pos't
3385 5099 3463 5155 nl.

176 5170 270 5218 tus
294 5165 375 5217 sui
394 5162 479 5234 (Il
499 5164 677 5221 Thess.
695 5165 788 5235 n);
814 5186 832 5219 ι
858 5181 1005 5231 cum,
1029 5167 1272 5238 inquam,
1291 5169 1380 5250 qui
1406 5178 1552 5225 tenet
1570 5171 1767 5226 Roma-

1877 5190 2057 5246 limam
2090 5162 2465 5263 captivitatem
2492 5192 2595 5247 ista
2619 5173 2910 5248 dicantur:
2944 5162 3183 5262 alioquin
3288 5186 3461 5264 Baby-

176 5268 318 5357 ξιυηξ
354 5254 639 5357 ίωιξεξτίυῖη
675 5258 929 5357 οδιθῩείίι·
1107 5260 1253 5314 θηίηι
1293 5261 1397 5357 ¹¹⁰ξ³
1433 5262 1767 5357 (ξθείνξιθίιξω
1869 5283 2014 5350 lone,
2044 5293 2097 5340 et
2126 5254 2247 5356 post
2278 5282 2633 5357 Babylonem,
2676 5284 2927 5340 Ezechiel
2959 5295 3013 5341 et
3057 5254 3283 5342 caeteros
3325 5254 3479 5357 υθέ-η

174 5342 367 5447 fuerit,
383 5345 761 5417 sublatumque
778 5348 843 5403 de
867 5349 1042 5403 medio
1055 5349 1210 5419 juxta
1226 5352 1558 5420 prophetiam
1573 5352 1770 5407 Danie—
1868 5342 2062 5447 ωηιξη
2084 5342 2339 5433 ιιξώηίεεε
2360 5342 2481 5432 egw
2506 5342 2695 5432 παι-ξεί
2719 5376 2967 5433 historia.
2995 5366 3151 5444 αυδσ
3174 5342 3355 5432 διίηάῇ
3376 5359 3461 5433 ai.

172 5435 270 5505 ﬁs,
297 5437 664 5494 Antichristus
689 5438 815 5493 ante
839 5454 943 5493 non
981 5441 1176 5494 veniet.
1209 5440 1363 5508 Quod
1388 5442 1434 5496 si
1467 5450 1651 5511 aperte
1680 5443 1763 5497 di-

1877 5435 1943 5523 cit
1958 5507 1974 5535 ,
1998 5468 2105 5524 duo
2131 5476 2276 5535 sunt,
2299 5484 2422 5540 quae
2440 5474 2738 5540 decurrunt
2762 5457 2882 5535 tibi,
2915 5435 3041 5530 siit;
3057 5454 3167 5523 duo
3187 5475 3220 5524 e
3239 5456 3453 5525 {Sentia-

177 5543 311 5587 cere
339 5520 623 5593 voluisset,
657 5529 819 5585 stulte
846 5531 1238 5600 persecutionis
1276 5533 1563 5604 adversum
1608 5533 1766 5590 Chri-

1877 5520 2106 5628 rio'tibi,
2132 5520 3156 5633 in;ggiiaaii;i;‘.ns’1.¥..
3195 5554 3293 5633 pte
3324 5546 3458 5618 duo;

176 5620 424 5727 stianos:
443 5627 499 5673 et
520 5628 647 5722 tunc
676 5630 989 5677 nascentem
1016 5620 1317 5677 Ecclesiaiu
1344 5624 1551 5680 rabiem
1577 5626 1765 5682 conci-
1866 5654 1970 5711 bus
1995 5620 2169 5713 ίηίιέτί
2191 5666 2445 5727 quam",
2485 5657 2712 5714 vastius
2749 5620 2833 5713 δι’
2856 5656 3146 5723 oon-"mo,
3186 5620 3359 5712 [ah-iga
3399 5652 3457 5713 δι

179 5716 372 5766 lasset.
400 5708 641 5783 Longius
663 5726 828 5781 quam
858 5713 1376 5771 commentariorum
1402 5716 1641 5773 brevitas
1665 5732 1765 5788 pa-
1867 5708 2127 5821 $355;

256 5833 284 5862 ι
307 5820 399 5880 Sic
423 5822 881 5896 legendumﬂnm
908 5809 943 5887 ‘7
966 5837 1015 5891 et
1042 5837 1144 5890 net
1172 5838 1242 5898 :t;
1265 5830 1403 5888 inter
1421 5839 1665 5917 natura
1688 5843 1762 5896 In.
