  <div class='ocr_page' id='page_1' title='image "/cluster/home/n/w/nwhite01/storage/ocr_20150623/111/uva.x000827067/507.png"; bbox 0 0 3926 6350; ppageno 0'>
   <div class='ocr_carea' id='block_1_1' title="bbox 463 368 570 427">
    <p class='ocr_par' dir='ltr' id='par_1_1' title="bbox 463 368 570 427">
     <span class='ocr_line' id='line_1_1' title="bbox 463 368 570 427; baseline 0 0"><span class='ocrx_word' id='word_1_1' title='bbox 463 368 570 427; x_wconf 81' lang='lat'><strong>999</strong></span> 
     </span>
    </p>
   </div>
   <div class='ocr_carea' id='block_1_2' title="bbox 1070 361 2046 422">
    <p class='ocr_par' dir='ltr' id='par_1_2' title="bbox 1070 362 2035 422">
     <span class='ocr_line' id='line_1_2' title="bbox 1070 362 2035 422; baseline -0.002 0"><span class='ocrx_word' id='word_1_2' title='bbox 1070 368 1131 422; x_wconf 84' lang='grc' dir='ltr'><strong>Β.</strong></span> <span class='ocrx_word' id='word_1_3' title='bbox 1173 363 1424 421; x_wconf 70' lang='grc' dir='ltr'><strong>ΗΑΒΑΝΙ</strong></span> <span class='ocrx_word' id='word_1_4' title='bbox 1463 363 1682 422; x_wconf 78' lang='lat' dir='ltr'><strong>MAUR!</strong></span> <span class='ocrx_word' id='word_1_5' title='bbox 1716 362 2035 421; x_wconf 80' lang='lat' dir='ltr'><strong>ARCHIEP.</strong></span> 
     </span>
    </p>
   </div>
   <div class='ocr_carea' id='block_1_3' title="bbox 2152 361 3040 422">
    <p class='ocr_par' dir='ltr' id='par_1_3' title="bbox 2152 361 3040 421">
     <span class='ocr_line' id='line_1_3' title="bbox 2152 361 3040 421; baseline -0.003 0"><span class='ocrx_word' id='word_1_6' title='bbox 2152 362 2384 421; x_wconf 82' lang='lat' dir='ltr'><strong>)GUNT.</strong></span> <span class='ocrx_word' id='word_1_7' title='bbox 2425 361 2711 421; x_wconf 78' lang='lat' dir='ltr'><strong>OPERUM</strong></span> <span class='ocrx_word' id='word_1_8' title='bbox 2747 361 2927 420; x_wconf 80' lang='lat' dir='ltr'><strong>PARS</strong></span> <span class='ocrx_word' id='word_1_9' title='bbox 2961 362 3040 419; x_wconf 86' lang='lat' dir='ltr'><strong>Ill.</strong></span> 
     </span>
    </p>
   </div>
   <div class='ocr_carea' id='block_1_4' title="bbox 3590 365 3734 422">
    <p class='ocr_par' dir='ltr' id='par_1_4' title="bbox 3590 365 3734 422">
     <span class='ocr_line' id='line_1_4' title="bbox 3590 365 3734 422; baseline -0.028 0"><span class='ocrx_word' id='word_1_10' title='bbox 3590 365 3734 422; x_wconf 77' lang='grc' dir='ltr'><strong>Ιουυ</strong></span> 
     </span>
    </p>
   </div>
   <div class='ocr_carea' id='block_1_5' title="bbox 468 471 3733 555">
    <p class='ocr_par' dir='ltr' id='par_1_5' title="bbox 468 471 3733 555">
     <span class='ocr_line' id='line_1_5' title="bbox 468 471 3733 555; baseline -0.004 -17"><span class='ocrx_word' id='word_1_11' title='bbox 468 501 492 538; x_wconf 74' lang='grc' dir='ltr'><strong>ι</strong></span> <span class='ocrx_word' id='word_1_12' title='bbox 524 479 705 541; x_wconf 78' lang='lat' dir='ltr'><strong>Semel</strong></span> <span class='ocrx_word' id='word_1_13' title='bbox 727 479 938 537; x_wconf 88' lang='lat' dir='ltr'><strong>locutus</strong></span> <span class='ocrx_word' id='word_1_14' title='bbox 970 488 1056 536; x_wconf 90' lang='lat' dir='ltr'><strong>est</strong></span> <span class='ocrx_word' id='word_1_15' title='bbox 1074 481 1234 544; x_wconf 87' lang='lat' dir='ltr'><strong>Deus,</strong></span> <span class='ocrx_word' id='word_1_16' title='bbox 1263 479 1371 536; x_wconf 91' lang='lat' dir='ltr'><strong>duo</strong></span> <span class='ocrx_word' id='word_1_17' title='bbox 1408 480 1525 536; x_wconf 85' lang='lat' dir='ltr'><strong>haec</strong></span> <span class='ocrx_word' id='word_1_18' title='bbox 1560 479 1760 545; x_wconf 84' lang='lat' dir='ltr'><strong>audivi,</strong></span> <span class='ocrx_word' id='word_1_19' title='bbox 1797 479 1923 548; x_wconf 83' lang='lat' dir='ltr'><strong>quia</strong></span> <span class='ocrx_word' id='word_1_20' title='bbox 1949 493 2045 548; x_wconf 85' lang='lat' dir='ltr'><strong>po-</strong></span> <span class='ocrx_word' id='word_1_21' title='bbox 2069 484 2124 544; x_wconf 78' lang='grc' dir='ltr'><strong>Α</strong></span> <span class='ocrx_word' id='word_1_22' title='bbox 2146 484 2324 533; x_wconf 88' lang='lat' dir='ltr'><strong>vocat.</strong></span> <span class='ocrx_word' id='word_1_23' title='bbox 2366 476 2530 546; x_wconf 86' lang='lat' dir='ltr'><strong>Cujus</strong></span> <span class='ocrx_word' id='word_1_24' title='bbox 2576 475 2890 550; x_wconf 79' lang='lat' dir='ltr'><strong>celeumatis</strong></span> <span class='ocrx_word' id='word_1_25' title='bbox 2920 482 2981 555; x_wconf 81' lang='lat' dir='ltr'><strong>et</strong></span> <span class='ocrx_word' id='word_1_26' title='bbox 3017 472 3274 530; x_wconf 82' lang='lat' dir='ltr'><strong>carminis</strong></span> <span class='ocrx_word' id='word_1_27' title='bbox 3304 471 3512 529; x_wconf 86' lang='lat' dir='ltr'><strong>sonitus</strong></span> <span class='ocrx_word' id='word_1_28' title='bbox 3548 484 3733 542; x_wconf 84' lang='lat' dir='ltr'><strong>usque</strong></span> 
     </span>
    </p>
   </div>
   <div class='ocr_carea' id='block_1_6' title="bbox 463 569 2042 646">
    <p class='ocr_par' dir='ltr' id='par_1_6' title="bbox 463 569 2042 646">
     <span class='ocr_line' id='line_1_6' title="bbox 463 569 2042 646; baseline -0.007 -14"><span class='ocrx_word' id='word_1_29' title='bbox 463 584 635 632; x_wconf 88' lang='lat' dir='ltr'><strong>testas</strong></span> <span class='ocrx_word' id='word_1_30' title='bbox 652 574 748 628; x_wconf 89' lang='lat' dir='ltr'><strong>Dei</strong></span> <span class='ocrx_word' id='word_1_31' title='bbox 772 580 879 639; x_wconf 90' lang='lat' dir='ltr'><strong>est,</strong></span> <span class='ocrx_word' id='word_1_32' title='bbox 900 581 956 628; x_wconf 90' lang='lat' dir='ltr'><strong>et</strong></span> <span class='ocrx_word' id='word_1_33' title='bbox 982 572 1100 636; x_wconf 82' lang='lat' dir='ltr'><strong>tibi,</strong></span> <span class='ocrx_word' id='word_1_34' title='bbox 1131 571 1377 636; x_wconf 88' lang='lat' dir='ltr'><strong>Domine,</strong></span> <span class='ocrx_word' id='word_1_35' title='bbox 1400 569 1797 646; x_wconf 81' lang='lat' dir='ltr'><strong>misericordia,</strong></span> <span class='ocrx_word' id='word_1_36' title='bbox 1821 570 1946 638; x_wconf 86' lang='lat' dir='ltr'><strong>quia</strong></span> <span class='ocrx_word' id='word_1_37' title='bbox 1981 576 2042 622; x_wconf 91' lang='lat' dir='ltr'><strong>tu</strong></span> 
     </span>
    </p>
   </div>
   <div class='ocr_carea' id='block_1_7' title="bbox 465 659 2042 734">
    <p class='ocr_par' dir='ltr' id='par_1_7' title="bbox 465 659 2042 734">
     <span class='ocr_line' id='line_1_7' title="bbox 465 659 2042 734; baseline -0.005 -12"><span class='ocrx_word' id='word_1_38' title='bbox 465 666 656 722; x_wconf 87' lang='lat' dir='ltr'><strong>reddes</strong></span> <span class='ocrx_word' id='word_1_39' title='bbox 682 664 972 734; x_wconf 88' lang='lat' dir='ltr'><strong>unicuique</strong></span> <span class='ocrx_word' id='word_1_40' title='bbox 992 661 1151 730; x_wconf 88' lang='lat' dir='ltr'><strong>juxta</strong></span> <span class='ocrx_word' id='word_1_41' title='bbox 1188 675 1351 732; x_wconf 85' lang='lat' dir='ltr'><strong>opera</strong></span> <span class='ocrx_word' id='word_1_42' title='bbox 1398 676 1497 717; x_wconf 85' lang='lat' dir='ltr'><strong>sua</strong></span> <span class='ocrx_word' id='word_1_43' title='bbox 1544 659 1718 732; x_wconf 88' lang='lat' dir='ltr'><strong>(Psal.</strong></span> <span class='ocrx_word' id='word_1_44' title='bbox 1743 659 1875 730; x_wconf 78' lang='lat' dir='ltr'><strong>LXI).</strong></span> <span class='ocrx_word' id='word_1_45' title='bbox 1914 679 1934 712; x_wconf 74' lang='grc' dir='ltr'><strong>ι</strong></span> <span class='ocrx_word' id='word_1_46' title='bbox 1975 659 2042 714; x_wconf 85' lang='grc' dir='ltr'>Ει</span> 
     </span>
    </p>
   </div>
   <div class='ocr_carea' id='block_1_8' title="bbox 465 751 2035 824">
    <p class='ocr_par' dir='ltr' id='par_1_8' title="bbox 465 751 2035 824">
     <span class='ocr_line' id='line_1_8' title="bbox 465 751 2035 824; baseline -0.003 -15"><span class='ocrx_word' id='word_1_47' title='bbox 465 756 538 812; x_wconf 87' lang='lat' dir='ltr'><strong>ibi</strong></span> <span class='ocrx_word' id='word_1_48' title='bbox 562 756 706 810; x_wconf 89' lang='lat' dir='ltr'><strong>enim</strong></span> <span class='ocrx_word' id='word_1_49' title='bbox 730 754 898 811; x_wconf 85' lang='lat' dir='ltr'><strong>semel</strong></span> <span class='ocrx_word' id='word_1_50' title='bbox 924 753 1161 824; x_wconf 75' lang='lat' dir='ltr'><strong>loquitur</strong></span> <span class='ocrx_word' id='word_1_51' title='bbox 1199 753 1375 824; x_wconf 83' lang='lat' dir='ltr'><strong>Deus,</strong></span> <span class='ocrx_word' id='word_1_52' title='bbox 1395 752 1539 823; x_wconf 88' lang='lat' dir='ltr'><strong>quod</strong></span> <span class='ocrx_word' id='word_1_53' title='bbox 1573 753 1912 821; x_wconf 88' lang='lat' dir='ltr'><strong>omnipotens</strong></span> <span class='ocrx_word' id='word_1_54' title='bbox 1933 751 2035 806; x_wconf 90' lang='lat' dir='ltr'><strong>sit:</strong></span> 
     </span>
    </p>
   </div>
   <div class='ocr_carea' id='block_1_9' title="bbox 461 841 2039 916">
    <p class='ocr_par' dir='ltr' id='par_1_9' title="bbox 461 841 2039 916">
     <span class='ocr_line' id='line_1_9' title="bbox 461 841 2039 916; baseline -0.004 -15"><span class='ocrx_word' id='word_1_55' title='bbox 461 855 519 902; x_wconf 90' lang='lat' dir='ltr'><strong>et</strong></span> <span class='ocrx_word' id='word_1_56' title='bbox 538 845 644 901; x_wconf 88' lang='lat' dir='ltr'><strong>duo</strong></span> <span class='ocrx_word' id='word_1_57' title='bbox 671 846 875 901; x_wconf 79' lang='lat' dir='ltr'><strong>audivit</strong></span> <span class='ocrx_word' id='word_1_58' title='bbox 905 845 1188 916; x_wconf 79' lang='lat' dir='ltr'><strong>propheta,</strong></span> <span class='ocrx_word' id='word_1_59' title='bbox 1226 844 1371 913; x_wconf 89' lang='lat' dir='ltr'><strong>quod</strong></span> <span class='ocrx_word' id='word_1_60' title='bbox 1395 843 1786 913; x_wconf 88' lang='lat' dir='ltr'><strong>omnipotentia</strong></span> <span class='ocrx_word' id='word_1_61' title='bbox 1816 841 1960 896; x_wconf 92' lang='lat' dir='ltr'><strong>illius</strong></span> <span class='ocrx_word' id='word_1_62' title='bbox 1985 841 2039 895; x_wconf 93' lang='lat' dir='ltr'><strong>in</strong></span> 
     </span>
    </p>
   </div>
   <div class='ocr_carea' id='block_1_10' title="bbox 462 931 2042 1006">
    <p class='ocr_par' dir='ltr' id='par_1_10' title="bbox 462 931 2042 1006">
     <span class='ocr_line' id='line_1_10' title="bbox 462 931 2042 1006; baseline -0.004 -15"><span class='ocrx_word' id='word_1_63' title='bbox 462 944 692 1006; x_wconf 88' lang='lat' dir='ltr'><strong>utraque</strong></span> <span class='ocrx_word' id='word_1_64' title='bbox 720 946 877 1006; x_wconf 87' lang='lat' dir='ltr'><strong>parte</strong></span> <span class='ocrx_word' id='word_1_65' title='bbox 901 933 1212 1005; x_wconf 68' lang='lat' dir='ltr'><strong>praevaleat,</strong></span> <span class='ocrx_word' id='word_1_66' title='bbox 1243 941 1303 986; x_wconf 92' lang='lat' dir='ltr'><strong>ut</strong></span> <span class='ocrx_word' id='word_1_67' title='bbox 1327 941 1381 987; x_wconf 90' lang='lat' dir='ltr'><strong>et</strong></span> <span class='ocrx_word' id='word_1_68' title='bbox 1408 932 1801 1001; x_wconf 67' lang='lat' dir='ltr'><strong>paenitentibus</strong></span> <span class='ocrx_word' id='word_1_69' title='bbox 1841 931 2042 986; x_wconf 82' lang='lat' dir='ltr'><strong>tribuat</strong></span> 
     </span>
    </p>
   </div>
   <div class='ocr_carea' id='block_1_11' title="bbox 462 1015 2042 1096">
    <p class='ocr_par' dir='ltr' id='par_1_11' title="bbox 462 1015 2042 1096">
     <span class='ocr_line' id='line_1_11' title="bbox 462 1015 2042 1096; baseline -0.001 -15"><span class='ocrx_word' id='word_1_70' title='bbox 462 1020 996 1092; x_wconf 51' lang='lat' dir='ltr'><strong>inisericordiam,‘et</strong></span> <span class='ocrx_word' id='word_1_71' title='bbox 1031 1015 1476 1096; x_wconf 87' lang='lat' dir='ltr'><strong>permanentibus</strong></span> <span class='ocrx_word' id='word_1_72' title='bbox 1501 1025 1557 1080; x_wconf 93' lang='lat' dir='ltr'><strong>in</strong></span> <span class='ocrx_word' id='word_1_73' title='bbox 1596 1033 1820 1096; x_wconf 89' lang='lat' dir='ltr'><strong>peccato</strong></span> <span class='ocrx_word' id='word_1_74' title='bbox 1850 1025 2042 1079; x_wconf 85' lang='lat' dir='ltr'><strong>reddat</strong></span> 
     </span>
    </p>
   </div>
   <div class='ocr_carea' id='block_1_12' title="bbox 461 1113 2049 1195">
    <p class='ocr_par' dir='ltr' id='par_1_12' title="bbox 461 1113 2049 1195">
     <span class='ocr_line' id='line_1_12' title="bbox 461 1113 2049 1195; baseline -0.003 -21"><span class='ocrx_word' id='word_1_75' title='bbox 461 1119 721 1189; x_wconf 84' lang='lat' dir='ltr'><strong>supplicia</strong></span> <span class='ocrx_word' id='word_1_76' title='bbox 748 1133 870 1187; x_wconf 75' lang='lat' dir='ltr'><strong>quae</strong></span> <span class='ocrx_word' id='word_1_77' title='bbox 897 1125 1193 1182; x_wconf 87' lang='lat' dir='ltr'><strong>merentur,</strong></span> <span class='ocrx_word' id='word_1_78' title='bbox 1232 1113 1389 1183; x_wconf 83' lang='lat' dir='ltr'><strong>juxta</strong></span> <span class='ocrx_word' id='word_1_79' title='bbox 1412 1116 1556 1186; x_wconf 92' lang='lat' dir='ltr'><strong>quod</strong></span> <span class='ocrx_word' id='word_1_80' title='bbox 1579 1115 1634 1170; x_wconf 89' lang='lat' dir='ltr'><strong>in</strong></span> <span class='ocrx_word' id='word_1_81' title='bbox 1662 1117 1765 1170; x_wconf 92' lang='lat' dir='ltr'><strong>hoc</strong></span> <span class='ocrx_word' id='word_1_82' title='bbox 1794 1116 1910 1171; x_wconf 93' lang='lat' dir='ltr'><strong>loco</strong></span> <span class='ocrx_word' id='word_1_83' title='bbox 1935 1115 2049 1195; x_wconf 51' lang='lat' dir='ltr'><strong>duo.</strong></span> 
     </span>
    </p>
   </div>
   <div class='ocr_carea' id='block_1_13' title="bbox 459 1205 2040 1278">
    <p class='ocr_par' dir='ltr' id='par_1_13' title="bbox 459 1205 2040 1278">
     <span class='ocr_line' id='line_1_13' title="bbox 459 1205 2040 1278; baseline -0.004 -13"><span class='ocrx_word' id='word_1_84' title='bbox 459 1217 748 1265; x_wconf 89' lang='lat' dir='ltr'><strong>occurrunt</strong></span> <span class='ocrx_word' id='word_1_85' title='bbox 780 1207 1134 1272; x_wconf 81' lang='lat' dir='ltr'><strong>Hierusalem,</strong></span> <span class='ocrx_word' id='word_1_86' title='bbox 1162 1220 1282 1276; x_wconf 61' lang='lat' dir='ltr'><strong>qua;</strong></span> <span class='ocrx_word' id='word_1_87' title='bbox 1307 1205 1515 1278; x_wconf 90' lang='lat' dir='ltr'><strong>singula</strong></span> <span class='ocrx_word' id='word_1_88' title='bbox 1555 1206 1681 1261; x_wconf 90' lang='lat' dir='ltr'><strong>bina</strong></span> <span class='ocrx_word' id='word_1_89' title='bbox 1705 1205 1905 1260; x_wconf 84' lang='lat' dir='ltr'><strong>habent</strong></span> <span class='ocrx_word' id='word_1_90' title='bbox 1931 1205 2040 1259; x_wconf 86' lang='lat' dir='ltr'><strong>rui-</strong></span> 
     </span>
    </p>
   </div>
   <div class='ocr_carea' id='block_1_14' title="bbox 460 1294 2040 1365">
    <p class='ocr_par' dir='ltr' id='par_1_14' title="bbox 460 1294 2040 1365">
     <span class='ocr_line' id='line_1_14' title="bbox 460 1294 2040 1365; baseline -0.003 -11"><span class='ocrx_word' id='word_1_91' title='bbox 460 1316 587 1356; x_wconf 91' lang='lat' dir='ltr'><strong>nam</strong></span> <span class='ocrx_word' id='word_1_92' title='bbox 623 1299 736 1355; x_wconf 85' lang='lat' dir='ltr'><strong>sive</strong></span> <span class='ocrx_word' id='word_1_93' title='bbox 762 1297 1074 1352; x_wconf 85' lang='lat' dir='ltr'><strong>vastitatem</strong></span> <span class='ocrx_word' id='word_1_94' title='bbox 1102 1314 1114 1349; x_wconf 87' lang='lat'>:</span> <span class='ocrx_word' id='word_1_95' title='bbox 1138 1295 1385 1365; x_wconf 85' lang='lat' dir='ltr'><strong>sequitur</strong></span> <span class='ocrx_word' id='word_1_96' title='bbox 1432 1295 1691 1350; x_wconf 87' lang='lat' dir='ltr'><strong>contritio</strong></span> <span class='ocrx_word' id='word_1_97' title='bbox 1734 1294 1956 1362; x_wconf 80' lang='lat' dir='ltr'><strong>famem,</strong></span> <span class='ocrx_word' id='word_1_98' title='bbox 1986 1302 2040 1350; x_wconf 93' lang='lat' dir='ltr'><strong>et</strong></span> 
     </span>
    </p>
   </div>
   <div class='ocr_carea' id='block_1_15' title="bbox 463 1391 1628 1471">
    <p class='ocr_par' dir='ltr' id='par_1_15' title="bbox 463 1391 1628 1471">
     <span class='ocr_line' id='line_1_15' title="bbox 463 1391 1628 1471; baseline -0.005 -26"><span class='ocrx_word' id='word_1_99' title='bbox 463 1393 700 1464; x_wconf 81' lang='lat' dir='ltr'><strong>gladium</strong></span> <span class='ocrx_word' id='word_1_100' title='bbox 731 1391 1002 1446; x_wconf 89' lang='lat' dir='ltr'><strong>interitus.</strong></span> <span class='ocrx_word' id='word_1_101' title='bbox 1614 1462 1628 1471; x_wconf 39' lang='lat'><strong><em>.</em></strong></span> 
     </span>
    </p>
   </div>
   <div class='ocr_carea' id='block_1_16' title="bbox 536 1478 2035 1553">
    <p class='ocr_par' dir='ltr' id='par_1_16' title="bbox 536 1478 2035 1553">
     <span class='ocr_line' id='line_1_16' title="bbox 536 1478 2035 1553; baseline -0.002 -17"><span class='ocrx_word' id='word_1_102' title='bbox 536 1505 552 1536; x_wconf 90' lang='grc'><strong><em>‹</em></strong></span> <span class='ocrx_word' id='word_1_103' title='bbox 585 1483 828 1553; x_wconf 88' lang='lat' dir='ltr'><strong>Cumque</strong></span> <span class='ocrx_word' id='word_1_104' title='bbox 852 1481 1125 1537; x_wconf 89' lang='lat' dir='ltr'><strong>noluerint</strong></span> <span class='ocrx_word' id='word_1_105' title='bbox 1143 1480 1387 1550; x_wconf 88' lang='lat' dir='ltr'><strong>accipere</strong></span> <span class='ocrx_word' id='word_1_106' title='bbox 1408 1479 1631 1535; x_wconf 85' lang='lat' dir='ltr'><strong>calicem</strong></span> <span class='ocrx_word' id='word_1_107' title='bbox 1651 1478 1719 1536; x_wconf 91' lang='lat' dir='ltr'><strong>de</strong></span> <span class='ocrx_word' id='word_1_108' title='bbox 1741 1493 1902 1534; x_wconf 90' lang='lat' dir='ltr'><strong>manu</strong></span> <span class='ocrx_word' id='word_1_109' title='bbox 1926 1487 2035 1546; x_wconf 90' lang='lat' dir='ltr'><strong>tua,</strong></span> 
     </span>
    </p>
   </div>
   <div class='ocr_carea' id='block_1_17' title="bbox 466 1568 2039 1640">
    <p class='ocr_par' dir='ltr' id='par_1_17' title="bbox 466 1568 2039 1640">
     <span class='ocr_line' id='line_1_17' title="bbox 466 1568 2039 1640; baseline -0.001 -15"><span class='ocrx_word' id='word_1_110' title='bbox 466 1592 482 1625; x_wconf 81' lang='grc' dir='ltr'><strong>ι</strong></span> <span class='ocrx_word' id='word_1_111' title='bbox 522 1582 581 1627; x_wconf 97' lang='grc' dir='ltr'><strong>ιιι</strong></span> <span class='ocrx_word' id='word_1_112' title='bbox 600 1574 810 1640; x_wconf 88' lang='lat' dir='ltr'><strong>bibant,</strong></span> <span class='ocrx_word' id='word_1_113' title='bbox 831 1573 982 1628; x_wconf 88' lang='lat' dir='ltr'><strong>dices</strong></span> <span class='ocrx_word' id='word_1_114' title='bbox 1003 1572 1071 1626; x_wconf 93' lang='lat' dir='ltr'><strong>ad</strong></span> <span class='ocrx_word' id='word_1_115' title='bbox 1083 1586 1177 1628; x_wconf 90' lang='lat' dir='ltr'><strong>eos</strong></span> <span class='ocrx_word' id='word_1_116' title='bbox 1205 1589 1217 1625; x_wconf 89' lang='lat'><strong>:</strong></span> <span class='ocrx_word' id='word_1_117' title='bbox 1246 1571 1373 1626; x_wconf 65' lang='lat' dir='ltr'><strong>Haec</strong></span> <span class='ocrx_word' id='word_1_118' title='bbox 1394 1571 1525 1625; x_wconf 91' lang='lat' dir='ltr'><strong>dicit</strong></span> <span class='ocrx_word' id='word_1_119' title='bbox 1547 1570 1805 1625; x_wconf 89' lang='lat' dir='ltr'><strong>Dominus</strong></span> <span class='ocrx_word' id='word_1_120' title='bbox 1831 1568 2039 1624; x_wconf 81' lang='lat' dir='ltr'><strong>exerci—</strong></span> 
     </span>
    </p>
   </div>
   <div class='ocr_carea' id='block_1_18' title="bbox 465 1660 2038 1730">
    <p class='ocr_par' dir='ltr' id='par_1_18' title="bbox 465 1660 2038 1730">
     <span class='ocr_line' id='line_1_18' title="bbox 465 1660 2038 1730; baseline -0.001 -15"><span class='ocrx_word' id='word_1_121' title='bbox 465 1683 483 1715; x_wconf 82' lang='grc'><strong>‹</strong></span> <span class='ocrx_word' id='word_1_122' title='bbox 523 1665 675 1719; x_wconf 82' lang='lat' dir='ltr'><strong>tuum</strong></span> <span class='ocrx_word' id='word_1_123' title='bbox 710 1683 722 1719; x_wconf 95' lang='lat'>:</span> <span class='ocrx_word' id='word_1_124' title='bbox 756 1664 1011 1720; x_wconf 89' lang='lat' dir='ltr'><strong>Bibentes</strong></span> <span class='ocrx_word' id='word_1_125' title='bbox 1040 1662 1274 1718; x_wconf 27' lang='lat' dir='ltr'><strong>bibetisi:</strong></span> <span class='ocrx_word' id='word_1_126' title='bbox 1308 1660 1434 1730; x_wconf 89' lang='lat' dir='ltr'><strong>quia</strong></span> <span class='ocrx_word' id='word_1_127' title='bbox 1468 1675 1595 1716; x_wconf 89' lang='lat' dir='ltr'><strong>ecce</strong></span> <span class='ocrx_word' id='word_1_128' title='bbox 1630 1661 1684 1715; x_wconf 93' lang='lat' dir='ltr'><strong>in</strong></span> <span class='ocrx_word' id='word_1_129' title='bbox 1715 1661 1954 1727; x_wconf 77' lang='lat' dir='ltr'><strong>civitate,</strong></span> <span class='ocrx_word' id='word_1_130' title='bbox 1984 1661 2038 1714; x_wconf 93' lang='lat' dir='ltr'><strong>in</strong></span> 
     </span>
    </p>
   </div>
   <div class='ocr_carea' id='block_1_19' title="bbox 470 1750 2038 1828">
    <p class='ocr_par' dir='ltr' id='par_1_19' title="bbox 470 1750 2038 1828">
     <span class='ocr_line' id='line_1_19' title="bbox 470 1750 2038 1828; baseline -0.003 -20"><span class='ocrx_word' id='word_1_131' title='bbox 470 1775 488 1808; x_wconf 78' lang='grc' dir='ltr'><strong>ι</strong></span> <span class='ocrx_word' id='word_1_132' title='bbox 528 1773 630 1828; x_wconf 91' lang='lat' dir='ltr'><strong>qua</strong></span> <span class='ocrx_word' id='word_1_133' title='bbox 660 1758 966 1812; x_wconf 81' lang='lat' dir='ltr'><strong>invocaltun</strong></span> <span class='ocrx_word' id='word_1_134' title='bbox 993 1764 1077 1811; x_wconf 90' lang='lat' dir='ltr'><strong>est</strong></span> <span class='ocrx_word' id='word_1_135' title='bbox 1101 1769 1297 1810; x_wconf 90' lang='lat' dir='ltr'><strong>nomen</strong></span> <span class='ocrx_word' id='word_1_136' title='bbox 1320 1767 1520 1819; x_wconf 91' lang='lat' dir='ltr'><strong>meum,</strong></span> <span class='ocrx_word' id='word_1_137' title='bbox 1552 1767 1651 1823; x_wconf 89' lang='lat' dir='ltr'><strong>ego</strong></span> <span class='ocrx_word' id='word_1_138' title='bbox 1680 1753 1878 1823; x_wconf 88' lang='lat' dir='ltr'><strong>incipio</strong></span> <span class='ocrx_word' id='word_1_139' title='bbox 1905 1750 2038 1805; x_wconf 80' lang='lat' dir='ltr'><strong>allii-</strong></span> 
     </span>
    </p>
   </div>
   <div class='ocr_carea' id='block_1_20' title="bbox 2146 559 3731 637">
    <p class='ocr_par' dir='ltr' id='par_1_20' title="bbox 2146 559 3731 637">
     <span class='ocr_line' id='line_1_20' title="bbox 2146 559 3731 637; baseline -0.006 -12"><span class='ocrx_word' id='word_1_140' title='bbox 2146 570 2213 625; x_wconf 87' lang='lat' dir='ltr'><strong>ad</strong></span> <span class='ocrx_word' id='word_1_141' title='bbox 2243 579 2403 625; x_wconf 62' lang='lat' dir='ltr'><strong>terra:</strong></span> <span class='ocrx_word' id='word_1_142' title='bbox 2447 577 2691 624; x_wconf 89' lang='lat' dir='ltr'><strong>extrema</strong></span> <span class='ocrx_word' id='word_1_143' title='bbox 2719 567 3014 637; x_wconf 86' lang='lat' dir='ltr'><strong>perveniet,</strong></span> <span class='ocrx_word' id='word_1_144' title='bbox 3052 565 3177 636; x_wconf 94' lang='lat' dir='ltr'><strong>quia</strong></span> <span class='ocrx_word' id='word_1_145' title='bbox 3213 563 3474 634; x_wconf 84' lang='lat' dir='ltr'><strong>judicium</strong></span> <span class='ocrx_word' id='word_1_146' title='bbox 3505 559 3731 617; x_wconf 77' lang='lat' dir='ltr'><strong>Domini</strong></span> 
     </span>
    </p>
   </div>
   <div class='ocr_carea' id='block_1_21' title="bbox 2140 657 3706 731">
    <p class='ocr_par' dir='ltr' id='par_1_21' title="bbox 2140 657 3706 731">
     <span class='ocr_line' id='line_1_21' title="bbox 2140 657 3706 731; baseline -0.004 -15"><span class='ocrx_word' id='word_1_147' title='bbox 2140 677 2265 716; x_wconf 91' lang='lat' dir='ltr'><strong>cum</strong></span> <span class='ocrx_word' id='word_1_148' title='bbox 2299 660 2568 731; x_wconf 74' lang='lat' dir='ltr'><strong>gentibus.</strong></span> <span class='ocrx_word' id='word_1_149' title='bbox 2601 659 2661 715; x_wconf 91' lang='lat' dir='ltr'><strong>Si</strong></span> <span class='ocrx_word' id='word_1_150' title='bbox 2690 667 2870 716; x_wconf 90' lang='lat' dir='ltr'><strong>autem</strong></span> <span class='ocrx_word' id='word_1_151' title='bbox 2902 657 3165 729; x_wconf 84' lang='lat' dir='ltr'><strong>judicium</strong></span> <span class='ocrx_word' id='word_1_152' title='bbox 3195 657 3407 713; x_wconf 89' lang='lat' dir='ltr'><strong>Domini</strong></span> <span class='ocrx_word' id='word_1_153' title='bbox 3440 672 3561 713; x_wconf 89' lang='lat' dir='ltr'><strong>cum</strong></span> <span class='ocrx_word' id='word_1_154' title='bbox 3595 669 3706 728; x_wconf 80' lang='lat' dir='ltr'><strong>gen</strong></span> 
     </span>
    </p>
   </div>
   <div class='ocr_carea' id='block_1_22' title="bbox 2142 746 3728 821">
    <p class='ocr_par' dir='ltr' id='par_1_22' title="bbox 2142 746 3728 821">
     <span class='ocr_line' id='line_1_22' title="bbox 2142 746 3728 821; baseline -0.006 -14"><span class='ocrx_word' id='word_1_155' title='bbox 2142 751 2286 807; x_wconf 87' lang='lat' dir='ltr'><strong>tibus</strong></span> <span class='ocrx_word' id='word_1_156' title='bbox 2311 758 2416 816; x_wconf 89' lang='lat' dir='ltr'><strong>est,</strong></span> <span class='ocrx_word' id='word_1_157' title='bbox 2443 759 2570 806; x_wconf 89' lang='lat' dir='ltr'><strong>sunt</strong></span> <span class='ocrx_word' id='word_1_158' title='bbox 2607 758 2661 806; x_wconf 90' lang='lat' dir='ltr'><strong>et</strong></span> <span class='ocrx_word' id='word_1_159' title='bbox 2689 750 2929 821; x_wconf 84' lang='lat' dir='ltr'><strong>gentium</strong></span> <span class='ocrx_word' id='word_1_160' title='bbox 2960 749 3152 804; x_wconf 88' lang='lat' dir='ltr'><strong>merita</strong></span> <span class='ocrx_word' id='word_1_161' title='bbox 3195 749 3407 804; x_wconf 86' lang='lat' dir='ltr'><strong>diversa</strong></span> <span class='ocrx_word' id='word_1_162' title='bbox 3434 748 3578 820; x_wconf 72' lang='lat' dir='ltr'><strong>(Ore.</strong></span> <span class='ocrx_word' id='word_1_163' title='bbox 3622 746 3728 817; x_wconf 75' lang='grc' dir='ltr'><strong>ιν).</strong></span> 
     </span>
    </p>
   </div>
   <div class='ocr_carea' id='block_1_23' title="bbox 2139 837 3727 912">
    <p class='ocr_par' dir='ltr' id='par_1_23' title="bbox 2139 837 3727 912">
     <span class='ocr_line' id='line_1_23' title="bbox 2139 837 3727 912; baseline -0.003 -17"><span class='ocrx_word' id='word_1_164' title='bbox 2139 842 2218 896; x_wconf 88' lang='lat' dir='ltr'><strong>Ad</strong></span> <span class='ocrx_word' id='word_1_165' title='bbox 2266 842 2640 912; x_wconf 89' lang='lat' dir='ltr'><strong>exponendum</strong></span> <span class='ocrx_word' id='word_1_166' title='bbox 2668 840 2815 895; x_wconf 89' lang='lat' dir='ltr'><strong>illum</strong></span> <span class='ocrx_word' id='word_1_167' title='bbox 2863 839 3062 906; x_wconf 90' lang='lat' dir='ltr'><strong>locum,</strong></span> <span class='ocrx_word' id='word_1_168' title='bbox 3114 849 3175 895; x_wconf 87' lang='lat' dir='ltr'><strong>ut</strong></span> <span class='ocrx_word' id='word_1_169' title='bbox 3220 838 3438 908; x_wconf 88' lang='lat' dir='ltr'><strong>quidam</strong></span> <span class='ocrx_word' id='word_1_170' title='bbox 3488 837 3727 893; x_wconf 80' lang='lat' dir='ltr'><strong>volunt:</strong></span> 
     </span>
    </p>
   </div>
   <div class='ocr_carea' id='block_1_24' title="bbox 2147 928 3734 1004">
    <p class='ocr_par' dir='ltr' id='par_1_24' title="bbox 2147 928 3734 1004">
     <span class='ocr_line' id='line_1_24' title="bbox 2147 928 3734 1004; baseline 0 -20"><span class='ocrx_word' id='word_1_171' title='bbox 2147 951 2165 984; x_wconf 79' lang='grc' dir='ltr'><strong>ι</strong></span> <span class='ocrx_word' id='word_1_172' title='bbox 2201 931 2301 1000; x_wconf 87' lang='lat' dir='ltr'><strong>Qui</strong></span> <span class='ocrx_word' id='word_1_173' title='bbox 2328 949 2434 988; x_wconf 89' lang='lat' dir='ltr'><strong>non</strong></span> <span class='ocrx_word' id='word_1_174' title='bbox 2471 935 2662 998; x_wconf 88' lang='lat' dir='ltr'><strong>credit,</strong></span> <span class='ocrx_word' id='word_1_175' title='bbox 2678 933 2791 1002; x_wconf 87' lang='lat' dir='ltr'><strong>jam</strong></span> <span class='ocrx_word' id='word_1_176' title='bbox 2819 932 3092 1000; x_wconf 89' lang='lat' dir='ltr'><strong>judicatus</strong></span> <span class='ocrx_word' id='word_1_177' title='bbox 3117 942 3201 988; x_wconf 90' lang='lat' dir='ltr'><strong>est</strong></span> <span class='ocrx_word' id='word_1_178' title='bbox 3233 930 3415 1004; x_wconf 79' lang='lat' dir='ltr'><strong>(Joan.</strong></span> <span class='ocrx_word' id='word_1_179' title='bbox 3439 933 3542 1001; x_wconf 78' lang='grc' dir='ltr'>ιιι).</span> <span class='ocrx_word' id='word_1_180' title='bbox 3575 949 3597 982; x_wconf 73' lang='grc' dir='ltr'><strong>ι</strong></span> <span class='ocrx_word' id='word_1_181' title='bbox 3631 928 3734 984; x_wconf 82' lang='lat' dir='ltr'><strong>Ju-</strong></span> 
     </span>
    </p>
   </div>
   <div class='ocr_carea' id='block_1_25' title="bbox 2141 1022 3725 1096">
    <p class='ocr_par' dir='ltr' id='par_1_25' title="bbox 2141 1022 3725 1096">
     <span class='ocr_line' id='line_1_25' title="bbox 2141 1022 3725 1096; baseline -0.003 -16"><span class='ocrx_word' id='word_1_182' title='bbox 2141 1026 2351 1081; x_wconf 90' lang='lat' dir='ltr'><strong>dicatus</strong></span> <span class='ocrx_word' id='word_1_183' title='bbox 2387 1027 2604 1096; x_wconf 90' lang='lat' dir='ltr'><strong>quidem</strong></span> <span class='ocrx_word' id='word_1_184' title='bbox 2630 1031 2714 1080; x_wconf 91' lang='lat' dir='ltr'><strong>est</strong></span> <span class='ocrx_word' id='word_1_185' title='bbox 2733 1024 2787 1079; x_wconf 91' lang='lat' dir='ltr'><strong>in</strong></span> <span class='ocrx_word' id='word_1_186' title='bbox 2820 1039 2884 1080; x_wconf 90' lang='lat' dir='ltr'><strong>eo</strong></span> <span class='ocrx_word' id='word_1_187' title='bbox 2907 1027 3050 1094; x_wconf 87' lang='lat' dir='ltr'><strong>quod</strong></span> <span class='ocrx_word' id='word_1_188' title='bbox 3066 1041 3179 1080; x_wconf 81' lang='lat' dir='ltr'><strong>non</strong></span> <span class='ocrx_word' id='word_1_189' title='bbox 3203 1024 3450 1088; x_wconf 86' lang='lat' dir='ltr'><strong>credidit,</strong></span> <span class='ocrx_word' id='word_1_190' title='bbox 3476 1023 3568 1079; x_wconf 87' lang='lat' dir='ltr'><strong>sed</strong></span> <span class='ocrx_word' id='word_1_191' title='bbox 3595 1022 3725 1092; x_wconf 87' lang='lat' dir='ltr'><strong>ipsi,</strong></span> 
     </span>
    </p>
   </div>
   <div class='ocr_carea' id='block_1_26' title="bbox 2141 1112 3731 1186">
    <p class='ocr_par' dir='ltr' id='par_1_26' title="bbox 2141 1112 3731 1186">
     <span class='ocr_line' id='line_1_26' title="bbox 2141 1112 3731 1186; baseline -0.001 -17"><span class='ocrx_word' id='word_1_192' title='bbox 2141 1115 2232 1186; x_wconf 92' lang='lat' dir='ltr'><strong>qui</strong></span> <span class='ocrx_word' id='word_1_193' title='bbox 2259 1131 2365 1170; x_wconf 88' lang='lat' dir='ltr'><strong>non</strong></span> <span class='ocrx_word' id='word_1_194' title='bbox 2400 1117 2629 1171; x_wconf 89' lang='lat' dir='ltr'><strong>credunt</strong></span> <span class='ocrx_word' id='word_1_195' title='bbox 2656 1115 2798 1170; x_wconf 89' lang='lat' dir='ltr'><strong>inter</strong></span> <span class='ocrx_word' id='word_1_196' title='bbox 2838 1130 2898 1171; x_wconf 83' lang='lat' dir='ltr'><strong>se</strong></span> <span class='ocrx_word' id='word_1_197' title='bbox 2926 1115 3155 1170; x_wconf 87' lang='lat' dir='ltr'><strong>diversis</strong></span> <span class='ocrx_word' id='word_1_198' title='bbox 3175 1115 3478 1170; x_wconf 84' lang='lat' dir='ltr'><strong>aﬂiciuntur</strong></span> <span class='ocrx_word' id='word_1_199' title='bbox 3516 1112 3731 1183; x_wconf 90' lang='lat' dir='ltr'><strong>suppli-</strong></span> 
     </span>
    </p>
   </div>
   <div class='ocr_carea' id='block_1_27' title="bbox 2141 1198 3732 1278">
    <p class='ocr_par' dir='ltr' id='par_1_27' title="bbox 2141 1198 3732 1278">
     <span class='ocr_line' id='line_1_27' title="bbox 2141 1198 3732 1278; baseline -0.005 -15"><span class='ocrx_word' id='word_1_200' title='bbox 2141 1198 2262 1265; x_wconf 86' lang='lat' dir='ltr'><strong>ciis.</strong></span> <span class='ocrx_word' id='word_1_201' title='bbox 2290 1208 2578 1264; x_wconf 84' lang='lat' dir='ltr'><strong>Judicatur</strong></span> <span class='ocrx_word' id='word_1_202' title='bbox 2606 1210 2722 1278; x_wconf 91' lang='lat' dir='ltr'><strong>ipse</strong></span> <span class='ocrx_word' id='word_1_203' title='bbox 2763 1223 2886 1263; x_wconf 85' lang='lat' dir='ltr'><strong>cum</strong></span> <span class='ocrx_word' id='word_1_204' title='bbox 2927 1208 3074 1267; x_wconf 89' lang='lat' dir='ltr'><strong>omni</strong></span> <span class='ocrx_word' id='word_1_205' title='bbox 3110 1222 3270 1262; x_wconf 87' lang='lat' dir='ltr'><strong>carne</strong></span> <span class='ocrx_word' id='word_1_206' title='bbox 3297 1217 3357 1261; x_wconf 92' lang='lat' dir='ltr'><strong>ut</strong></span> <span class='ocrx_word' id='word_1_207' title='bbox 3389 1206 3560 1260; x_wconf 87' lang='lat' dir='ltr'><strong>nullus</strong></span> <span class='ocrx_word' id='word_1_208' title='bbox 3589 1204 3732 1274; x_wconf 86' lang='lat' dir='ltr'><strong>inju-</strong></span> 
     </span>
    </p>
   </div>
   <div class='ocr_carea' id='block_1_28' title="bbox 2141 1297 3731 1368">
    <p class='ocr_par' dir='ltr' id='par_1_28' title="bbox 2141 1297 3731 1368">
     <span class='ocr_line' id='line_1_28' title="bbox 2141 1297 3731 1368; baseline -0.003 -14"><span class='ocrx_word' id='word_1_209' title='bbox 2141 1301 2350 1355; x_wconf 91' lang='lat' dir='ltr'><strong>dicatus</strong></span> <span class='ocrx_word' id='word_1_210' title='bbox 2395 1300 2678 1355; x_wconf 85' lang='lat' dir='ltr'><strong>habeatur.</strong></span> <span class='ocrx_word' id='word_1_211' title='bbox 2723 1297 2921 1368; x_wconf 87' lang='lat' dir='ltr'><strong>lmpios</strong></span> <span class='ocrx_word' id='word_1_212' title='bbox 2965 1307 3169 1365; x_wconf 89' lang='lat' dir='ltr'><strong>autem,</strong></span> <span class='ocrx_word' id='word_1_213' title='bbox 3224 1298 3329 1353; x_wconf 89' lang='lat' dir='ltr'><strong>hoc</strong></span> <span class='ocrx_word' id='word_1_214' title='bbox 3386 1306 3470 1352; x_wconf 90' lang='lat' dir='ltr'><strong>est</strong></span> <span class='ocrx_word' id='word_1_215' title='bbox 3521 1297 3615 1366; x_wconf 90' lang='lat' dir='ltr'><strong>qui</strong></span> <span class='ocrx_word' id='word_1_216' title='bbox 3674 1297 3731 1350; x_wconf 92' lang='lat' dir='ltr'><strong>in</strong></span> 
     </span>
    </p>
   </div>
   <div class='ocr_carea' id='block_1_29' title="bbox 2142 1375 3732 1462">
    <p class='ocr_par' dir='ltr' id='par_1_29' title="bbox 2142 1375 3732 1462">
     <span class='ocr_line' id='line_1_29' title="bbox 2142 1375 3732 1462; baseline -0.001 -18"><span class='ocrx_word' id='word_1_217' title='bbox 2142 1389 2310 1444; x_wconf 89' lang='lat' dir='ltr'><strong>Deum</strong></span> <span class='ocrx_word' id='word_1_218' title='bbox 2333 1404 2440 1446; x_wconf 89' lang='lat' dir='ltr'><strong>non</strong></span> <span class='ocrx_word' id='word_1_219' title='bbox 2469 1375 2720 1456; x_wconf 74' lang='lat' dir='ltr'><strong>credunt,</strong></span> <span class='ocrx_word' id='word_1_220' title='bbox 2755 1391 2922 1446; x_wconf 88' lang='lat' dir='ltr'><strong>tradit</strong></span> <span class='ocrx_word' id='word_1_221' title='bbox 2963 1391 3141 1462; x_wconf 90' lang='lat' dir='ltr'><strong>gladio</strong></span> <span class='ocrx_word' id='word_1_222' title='bbox 3184 1389 3530 1459; x_wconf 87' lang='lat' dir='ltr'><strong>sempiterno.</strong></span> <span class='ocrx_word' id='word_1_223' title='bbox 3577 1387 3732 1442; x_wconf 80' lang='lat' dir='ltr'><strong>Alle-</strong></span> 
     </span>
    </p>
   </div>
   <div class='ocr_carea' id='block_1_30' title="bbox 2141 1474 3732 1551">
    <p class='ocr_par' dir='ltr' id='par_1_30' title="bbox 2141 1474 3732 1551">
     <span class='ocr_line' id='line_1_30' title="bbox 2141 1474 3732 1551; baseline -0.001 -17"><span class='ocrx_word' id='word_1_224' title='bbox 2141 1480 2309 1551; x_wconf 88' lang='lat' dir='ltr'><strong>gorici</strong></span> <span class='ocrx_word' id='word_1_225' title='bbox 2335 1482 2656 1550; x_wconf 87' lang='lat' dir='ltr'><strong>interpretes</strong></span> <span class='ocrx_word' id='word_1_226' title='bbox 2675 1480 2832 1550; x_wconf 87' lang='lat' dir='ltr'><strong>juxta</strong></span> <span class='ocrx_word' id='word_1_227' title='bbox 2869 1479 3227 1551; x_wconf 79' lang='lat' dir='ltr'><strong>Septuaginta</strong></span> <span class='ocrx_word' id='word_1_228' title='bbox 3257 1480 3402 1534; x_wconf 89' lang='lat' dir='ltr'><strong>hunc</strong></span> <span class='ocrx_word' id='word_1_229' title='bbox 3426 1474 3622 1534; x_wconf 55' lang='lat' dir='ltr'><strong>&#39;locum</strong></span> <span class='ocrx_word' id='word_1_230' title='bbox 3651 1479 3732 1533; x_wconf 87' lang='lat' dir='ltr'><strong>sic</strong></span> 
     </span>
    </p>
   </div>
   <div class='ocr_carea' id='block_1_31' title="bbox 2139 1571 3730 1648">
    <p class='ocr_par' dir='ltr' id='par_1_31' title="bbox 2139 1571 3730 1648">
     <span class='ocr_line' id='line_1_31' title="bbox 2139 1571 3730 1648; baseline -0.002 -19"><span class='ocrx_word' id='word_1_231' title='bbox 2139 1574 2538 1648; x_wconf 79' lang='lat' dir='ltr'><strong>edisserunt,ut</strong></span> <span class='ocrx_word' id='word_1_232' title='bbox 2557 1575 2626 1630; x_wconf 88' lang='lat' dir='ltr'><strong>ad</strong></span> <span class='ocrx_word' id='word_1_233' title='bbox 2656 1574 2851 1630; x_wconf 89' lang='lat' dir='ltr'><strong>bonam</strong></span> <span class='ocrx_word' id='word_1_234' title='bbox 2878 1583 3087 1630; x_wconf 80' lang='lat' dir='ltr'><strong>partem</strong></span> <span class='ocrx_word' id='word_1_235' title='bbox 3109 1572 3596 1643; x_wconf 88' lang='lat' dir='ltr'><strong>referantapertam</strong></span> <span class='ocrx_word' id='word_1_236' title='bbox 3623 1571 3730 1626; x_wconf 87' lang='lat' dir='ltr'><strong>Do-</strong></span> 
     </span>
    </p>
   </div>
   <div class='ocr_carea' id='block_1_32' title="bbox 2140 1655 3729 1734">
    <p class='ocr_par' dir='ltr' id='par_1_32' title="bbox 2140 1655 3729 1734">
     <span class='ocr_line' id='line_1_32' title="bbox 2140 1655 3729 1734; baseline -0.001 -16"><span class='ocrx_word' id='word_1_237' title='bbox 2140 1662 2273 1718; x_wconf 91' lang='lat' dir='ltr'><strong>mini</strong></span> <span class='ocrx_word' id='word_1_238' title='bbox 2295 1664 2794 1720; x_wconf 90' lang='lat' dir='ltr'><strong>commiuationem.</strong></span> <span class='ocrx_word' id='word_1_239' title='bbox 2814 1655 3096 1730; x_wconf 84' lang='lat' dir='ltr'><strong>Dominus,</strong></span> <span class='ocrx_word' id='word_1_240' title='bbox 3127 1664 3397 1734; x_wconf 90' lang='lat' dir='ltr'><strong>inquiunt,</strong></span> <span class='ocrx_word' id='word_1_241' title='bbox 3423 1665 3487 1718; x_wconf 92' lang='lat' dir='ltr'><strong>de</strong></span> <span class='ocrx_word' id='word_1_242' title='bbox 3512 1662 3729 1718; x_wconf 81' lang='lat' dir='ltr'><strong>excelso</strong></span> 
     </span>
    </p>
   </div>
   <div class='ocr_carea' id='block_1_33' title="bbox 2142 1751 3730 1824">
    <p class='ocr_par' dir='ltr' id='par_1_33' title="bbox 2142 1751 3730 1824">
     <span class='ocr_line' id='line_1_33' title="bbox 2142 1751 3730 1824; baseline 0 -17"><span class='ocrx_word' id='word_1_243' title='bbox 2142 1767 2463 1824; x_wconf 88' lang='lat' dir='ltr'><strong>responsum</strong></span> <span class='ocrx_word' id='word_1_244' title='bbox 2512 1751 2696 1819; x_wconf 61' lang='lat' dir='ltr'><strong>dabit’,</strong></span> <span class='ocrx_word' id='word_1_245' title='bbox 2747 1755 2831 1810; x_wconf 92' lang='lat' dir='ltr'><strong>his</strong></span> <span class='ocrx_word' id='word_1_246' title='bbox 2903 1755 3154 1811; x_wconf 90' lang='lat' dir='ltr'><strong>videlicet</strong></span> <span class='ocrx_word' id='word_1_247' title='bbox 3214 1770 3351 1823; x_wconf 92' lang='lat' dir='ltr'><strong>quos</strong></span> <span class='ocrx_word' id='word_1_248' title='bbox 3421 1754 3730 1808; x_wconf 87' lang='lat' dir='ltr'><strong>salvaturus</strong></span> 
     </span>
    </p>
   </div>
   <div class='ocr_carea' id='block_1_34' title="bbox 441 1833 3731 1918">
    <p class='ocr_par' dir='ltr' id='par_1_34' title="bbox 441 1833 3731 1918">
     <span class='ocr_line' id='line_1_34' title="bbox 441 1833 3731 1918; baseline 0 -20"><span class='ocrx_word' id='word_1_249' title='bbox 441 1865 485 1898; x_wconf 67' lang='grc' dir='ltr'>ι(</span> <span class='ocrx_word' id='word_1_250' title='bbox 526 1863 673 1918; x_wconf 82' lang='lat' dir='ltr'><strong>gere,</strong></span> <span class='ocrx_word' id='word_1_251' title='bbox 703 1858 755 1903; x_wconf 91' lang='lat' dir='ltr'><strong>et</strong></span> <span class='ocrx_word' id='word_1_252' title='bbox 784 1863 880 1902; x_wconf 91' lang='lat' dir='ltr'><strong>vos</strong></span> <span class='ocrx_word' id='word_1_253' title='bbox 911 1847 1065 1918; x_wconf 90' lang='lat' dir='ltr'><strong>quasi</strong></span> <span class='ocrx_word' id='word_1_254' title='bbox 1086 1846 1406 1901; x_wconf 85' lang='lat' dir='ltr'><strong>innocentes</strong></span> <span class='ocrx_word' id='word_1_255' title='bbox 1444 1846 1711 1900; x_wconf 89' lang='lat' dir='ltr'><strong>immunes</strong></span> <span class='ocrx_word' id='word_1_256' title='bbox 1737 1843 1891 1899; x_wconf 89' lang='lat' dir='ltr'><strong>eritis</strong></span> <span class='ocrx_word' id='word_1_257' title='bbox 1916 1842 2040 1915; x_wconf 82' lang='lat' dir='ltr'><strong>(sive</strong></span> <span class='ocrx_word' id='word_1_258' title='bbox 2065 1834 2118 1896; x_wconf 83' lang='lat' dir='ltr'><strong>B</strong></span> <span class='ocrx_word' id='word_1_259' title='bbox 2147 1852 2252 1909; x_wconf 90' lang='lat' dir='ltr'><strong>est,</strong></span> <span class='ocrx_word' id='word_1_260' title='bbox 2283 1853 2338 1898; x_wconf 91' lang='lat' dir='ltr'><strong>et</strong></span> <span class='ocrx_word' id='word_1_261' title='bbox 2375 1846 2440 1900; x_wconf 91' lang='lat' dir='ltr'><strong>de</strong></span> <span class='ocrx_word' id='word_1_262' title='bbox 2468 1845 2586 1901; x_wconf 90' lang='lat' dir='ltr'><strong>loco</strong></span> <span class='ocrx_word' id='word_1_263' title='bbox 2623 1855 2813 1900; x_wconf 87' lang='lat' dir='ltr'><strong>sancto</strong></span> <span class='ocrx_word' id='word_1_264' title='bbox 2858 1860 2956 1900; x_wconf 89' lang='lat' dir='ltr'><strong>suo</strong></span> <span class='ocrx_word' id='word_1_265' title='bbox 2997 1845 3148 1900; x_wconf 89' lang='lat' dir='ltr'><strong>dabit</strong></span> <span class='ocrx_word' id='word_1_266' title='bbox 3196 1861 3386 1900; x_wconf 84' lang='lat' dir='ltr'><strong>vocem</strong></span> <span class='ocrx_word' id='word_1_267' title='bbox 3426 1833 3610 1909; x_wconf 79' lang='lat' dir='ltr'><strong>suam,</strong></span> <span class='ocrx_word' id='word_1_268' title='bbox 3645 1858 3731 1899; x_wconf 85' lang='lat' dir='ltr'><strong>re-</strong></span> 
     </span>
    </p>
   </div>
   <div class='ocr_carea' id='block_1_35' title="bbox 465 1934 2044 2008">
    <p class='ocr_par' dir='ltr' id='par_1_35' title="bbox 465 1934 2044 2008">
     <span class='ocr_line' id='line_1_35' title="bbox 465 1934 2044 2008; baseline 0.001 -19"><span class='ocrx_word' id='word_1_269' title='bbox 465 1954 486 1989; x_wconf 75' lang='grc'><strong>(</strong></span> <span class='ocrx_word' id='word_1_270' title='bbox 525 1944 580 1992; x_wconf 92' lang='lat' dir='ltr'><strong>et</strong></span> <span class='ocrx_word' id='word_1_271' title='bbox 599 1953 696 1993; x_wconf 91' lang='lat' dir='ltr'><strong>vos</strong></span> <span class='ocrx_word' id='word_1_272' title='bbox 719 1937 983 1992; x_wconf 89' lang='lat' dir='ltr'><strong>munditia</strong></span> <span class='ocrx_word' id='word_1_273' title='bbox 1013 1936 1198 1991; x_wconf 90' lang='lat' dir='ltr'><strong>mundi</strong></span> <span class='ocrx_word' id='word_1_274' title='bbox 1224 1934 1433 2008; x_wconf 89' lang='lat' dir='ltr'><strong>eritis)?</strong></span> <span class='ocrx_word' id='word_1_275' title='bbox 1455 1935 1571 1990; x_wconf 84' lang='lat' dir='ltr'><strong>Non</strong></span> <span class='ocrx_word' id='word_1_276' title='bbox 1605 1934 1756 1990; x_wconf 87' lang='lat' dir='ltr'><strong>eritis</strong></span> <span class='ocrx_word' id='word_1_277' title='bbox 1777 1935 2044 1990; x_wconf 89' lang='lat' dir='ltr'><strong>immunes</strong></span> 
     </span>
    </p>
   </div>
   <div class='ocr_carea' id='block_1_36' title="bbox 469 2025 2045 2098">
    <p class='ocr_par' dir='ltr' id='par_1_36' title="bbox 469 2025 2045 2098">
     <span class='ocr_line' id='line_1_36' title="bbox 469 2025 2045 2098; baseline -0.001 -18"><span class='ocrx_word' id='word_1_278' title='bbox 469 2046 488 2080; x_wconf 82' lang='grc' dir='ltr'><strong>ι</strong></span> <span class='ocrx_word' id='word_1_279' title='bbox 533 2029 657 2098; x_wconf 77' lang='lat' dir='ltr'><strong>(sive</strong></span> <span class='ocrx_word' id='word_1_280' title='bbox 706 2045 814 2084; x_wconf 89' lang='lat' dir='ltr'><strong>non</strong></span> <span class='ocrx_word' id='word_1_281' title='bbox 857 2028 1009 2084; x_wconf 86' lang='lat' dir='ltr'><strong>eritis</strong></span> <span class='ocrx_word' id='word_1_282' title='bbox 1052 2026 1302 2097; x_wconf 83' lang='lat' dir='ltr'><strong>mundi).</strong></span> <span class='ocrx_word' id='word_1_283' title='bbox 1361 2046 1380 2079; x_wconf 75' lang='grc' dir='ltr'><strong>ι</strong></span> <span class='ocrx_word' id='word_1_284' title='bbox 1437 2025 1734 2098; x_wconf 71' lang='lat' dir='ltr'><strong>(Hier-on.)</strong></span> <span class='ocrx_word' id='word_1_285' title='bbox 1789 2025 2045 2080; x_wconf 88' lang='lat' dir='ltr'><strong>Latenter</strong></span> 
     </span>
    </p>
   </div>
   <div class='ocr_carea' id='block_1_37' title="bbox 460 2114 2045 2190">
    <p class='ocr_par' dir='ltr' id='par_1_37' title="bbox 460 2114 2045 2190">
     <span class='ocr_line' id='line_1_37' title="bbox 460 2114 2045 2190; baseline -0.005 -13"><span class='ocrx_word' id='word_1_286' title='bbox 460 2121 719 2189; x_wconf 85' lang='lat' dir='ltr'><strong>ostendit,</strong></span> <span class='ocrx_word' id='word_1_287' title='bbox 762 2128 1092 2190; x_wconf 80' lang='lat' dir='ltr'><strong>praeceptum</strong></span> <span class='ocrx_word' id='word_1_288' title='bbox 1119 2117 1238 2184; x_wconf 91' lang='lat' dir='ltr'><strong>Dei,</strong></span> <span class='ocrx_word' id='word_1_289' title='bbox 1271 2115 1364 2187; x_wconf 93' lang='lat' dir='ltr'><strong>qui</strong></span> <span class='ocrx_word' id='word_1_290' title='bbox 1400 2116 1679 2172; x_wconf 84' lang='lat' dir='ltr'><strong>voluntate</strong></span> <span class='ocrx_word' id='word_1_291' title='bbox 1726 2114 1905 2171; x_wconf 78' lang='lat' dir='ltr'><strong>facere</strong></span> <span class='ocrx_word' id='word_1_292' title='bbox 1949 2129 2045 2169; x_wconf 91' lang='lat' dir='ltr'><strong>no-</strong></span> 
     </span>
    </p>
   </div>
   <div class='ocr_carea' id='block_1_38' title="bbox 459 2203 2045 2280">
    <p class='ocr_par' dir='ltr' id='par_1_38' title="bbox 459 2203 2045 2280">
     <span class='ocr_line' id='line_1_38' title="bbox 459 2203 2045 2280; baseline -0.006 -13"><span class='ocrx_word' id='word_1_293' title='bbox 459 2210 682 2276; x_wconf 89' lang='lat' dir='ltr'><strong>luerint,</strong></span> <span class='ocrx_word' id='word_1_294' title='bbox 732 2218 1078 2280; x_wconf 91' lang='lat' dir='ltr'><strong>suscepturos</strong></span> <span class='ocrx_word' id='word_1_295' title='bbox 1111 2207 1440 2264; x_wconf 88' lang='lat' dir='ltr'><strong>necessitate</strong></span> <span class='ocrx_word' id='word_1_296' title='bbox 1466 2216 1522 2262; x_wconf 94' lang='lat' dir='ltr'><strong>et</strong></span> <span class='ocrx_word' id='word_1_297' title='bbox 1543 2206 1824 2261; x_wconf 80' lang='lat' dir='ltr'><strong>audituros</strong></span> <span class='ocrx_word' id='word_1_298' title='bbox 1856 2203 2045 2259; x_wconf 89' lang='lat' dir='ltr'><strong>biben-</strong></span> 
     </span>
    </p>
   </div>
   <div class='ocr_carea' id='block_1_39' title="bbox 461 2294 2043 2370">
    <p class='ocr_par' dir='ltr' id='par_1_39' title="bbox 461 2294 2043 2370">
     <span class='ocr_line' id='line_1_39' title="bbox 461 2294 2043 2370; baseline -0.005 -13"><span class='ocrx_word' id='word_1_299' title='bbox 461 2294 546 2359; x_wconf 77' lang='lat' dir='ltr'><strong>tes</strong></span> <span class='ocrx_word' id='word_1_300' title='bbox 596 2302 810 2366; x_wconf 88' lang='lat' dir='ltr'><strong>bibetis,</strong></span> <span class='ocrx_word' id='word_1_301' title='bbox 851 2301 1052 2367; x_wconf 91' lang='lat' dir='ltr'><strong>velitis,</strong></span> <span class='ocrx_word' id='word_1_302' title='bbox 1091 2300 1299 2370; x_wconf 91' lang='lat' dir='ltr'><strong>inquit,</strong></span> <span class='ocrx_word' id='word_1_303' title='bbox 1350 2298 1533 2354; x_wconf 89' lang='lat' dir='ltr'><strong>nolitis</strong></span> <span class='ocrx_word' id='word_1_304' title='bbox 1581 2298 1674 2352; x_wconf 92' lang='lat' dir='ltr'><strong>Dei</strong></span> <span class='ocrx_word' id='word_1_305' title='bbox 1727 2295 2043 2366; x_wconf 89' lang='lat' dir='ltr'><strong>complenda</strong></span> 
     </span>
    </p>
   </div>
   <div class='ocr_carea' id='block_1_40' title="bbox 466 2378 2042 2453">
    <p class='ocr_par' dir='ltr' id='par_1_40' title="bbox 466 2378 2042 2453">
     <span class='ocr_line' id='line_1_40' title="bbox 466 2378 2042 2453; baseline -0.006 -7"><span class='ocrx_word' id='word_1_306' title='bbox 466 2391 732 2446; x_wconf 82' lang='lat' dir='ltr'><strong>sententia</strong></span> <span class='ocrx_word' id='word_1_307' title='bbox 779 2399 881 2444; x_wconf 88' lang='lat' dir='ltr'><strong>est.</strong></span> <span class='ocrx_word' id='word_1_308' title='bbox 932 2388 990 2444; x_wconf 90' lang='lat' dir='ltr'><strong>Si</strong></span> <span class='ocrx_word' id='word_1_309' title='bbox 1022 2388 1168 2443; x_wconf 91' lang='lat' dir='ltr'><strong>enim</strong></span> <span class='ocrx_word' id='word_1_310' title='bbox 1217 2378 1412 2443; x_wconf 79' lang='lat' dir='ltr'><strong>civitas</strong></span> <span class='ocrx_word' id='word_1_311' title='bbox 1456 2385 1826 2450; x_wconf 78' lang='lat' dir='ltr'><strong>Hierusalem,</strong></span> <span class='ocrx_word' id='word_1_312' title='bbox 1857 2385 1911 2438; x_wconf 92' lang='lat' dir='ltr'><strong>in</strong></span> <span class='ocrx_word' id='word_1_313' title='bbox 1937 2399 2042 2453; x_wconf 92' lang='lat' dir='ltr'><strong>qua</strong></span> 
     </span>
    </p>
   </div>
   <div class='ocr_carea' id='block_1_41' title="bbox 462 2473 2045 2546">
    <p class='ocr_par' dir='ltr' id='par_1_41' title="bbox 462 2473 2045 2546">
     <span class='ocr_line' id='line_1_41' title="bbox 462 2473 2045 2546; baseline -0.006 -10"><span class='ocrx_word' id='word_1_314' title='bbox 462 2490 652 2536; x_wconf 91' lang='lat' dir='ltr'><strong>notum</strong></span> <span class='ocrx_word' id='word_1_315' title='bbox 675 2479 777 2534; x_wconf 79' lang='lat' dir='ltr'><strong>fuit</strong></span> <span class='ocrx_word' id='word_1_316' title='bbox 802 2494 998 2535; x_wconf 90' lang='lat' dir='ltr'><strong>nomen</strong></span> <span class='ocrx_word' id='word_1_317' title='bbox 1025 2479 1142 2545; x_wconf 92' lang='lat' dir='ltr'><strong>Dei,</strong></span> <span class='ocrx_word' id='word_1_318' title='bbox 1171 2479 1384 2534; x_wconf 88' lang='lat' dir='ltr'><strong>dicente</strong></span> <span class='ocrx_word' id='word_1_319' title='bbox 1406 2477 1674 2546; x_wconf 87' lang='lat' dir='ltr'><strong>Propheta</strong></span> <span class='ocrx_word' id='word_1_320' title='bbox 1700 2494 1713 2530; x_wconf 90' lang='lat'><strong>:</strong></span> <span class='ocrx_word' id='word_1_321' title='bbox 1746 2495 1763 2527; x_wconf 82' lang='grc' dir='ltr'><strong>ι</strong></span> <span class='ocrx_word' id='word_1_322' title='bbox 1797 2475 1969 2530; x_wconf 82' lang='lat' dir='ltr'><strong>Notus</strong></span> <span class='ocrx_word' id='word_1_323' title='bbox 1988 2473 2045 2528; x_wconf 90' lang='lat' dir='ltr'><strong>in</strong></span> 
     </span>
    </p>
   </div>
   <div class='ocr_carea' id='block_1_42' title="bbox 458 2564 2042 2639">
    <p class='ocr_par' dir='ltr' id='par_1_42' title="bbox 458 2564 2042 2639">
     <span class='ocr_line' id='line_1_42' title="bbox 458 2564 2042 2639; baseline -0.006 -13"><span class='ocrx_word' id='word_1_324' title='bbox 458 2570 646 2626; x_wconf 82' lang='lat' dir='ltr'><strong>Judaea</strong></span> <span class='ocrx_word' id='word_1_325' title='bbox 689 2570 850 2636; x_wconf 89' lang='lat' dir='ltr'><strong>Deus,</strong></span> <span class='ocrx_word' id='word_1_326' title='bbox 897 2571 952 2624; x_wconf 86' lang='lat' dir='ltr'><strong>in</strong></span> <span class='ocrx_word' id='word_1_327' title='bbox 978 2569 1144 2624; x_wconf 90' lang='lat' dir='ltr'><strong>Israel</strong></span> <span class='ocrx_word' id='word_1_328' title='bbox 1171 2585 1428 2639; x_wconf 87' lang='lat' dir='ltr'><strong>magnum</strong></span> <span class='ocrx_word' id='word_1_329' title='bbox 1474 2571 1670 2624; x_wconf 80' lang='lat' dir='ltr'><strong>nomen</strong></span> <span class='ocrx_word' id='word_1_330' title='bbox 1713 2568 1831 2637; x_wconf 87' lang='lat' dir='ltr'><strong>ejus</strong></span> <span class='ocrx_word' id='word_1_331' title='bbox 1867 2564 2042 2638; x_wconf 80' lang='lat' dir='ltr'><strong>(Psal.</strong></span> 
     </span>
    </p>
   </div>
   <div class='ocr_carea' id='block_1_43' title="bbox 465 2657 2046 2732">
    <p class='ocr_par' dir='ltr' id='par_1_43' title="bbox 465 2657 2046 2732">
     <span class='ocr_line' id='line_1_43' title="bbox 465 2657 2046 2732; baseline -0.006 -14"><span class='ocrx_word' id='word_1_332' title='bbox 465 2661 652 2732; x_wconf 63' lang='grc' dir='ltr'>ιιι-χιι),</span> <span class='ocrx_word' id='word_1_333' title='bbox 681 2660 818 2716; x_wconf 89' lang='lat' dir='ltr'><strong>bibit</strong></span> <span class='ocrx_word' id='word_1_334' title='bbox 864 2675 1139 2715; x_wconf 88' lang='lat' dir='ltr'><strong>meracum</strong></span> <span class='ocrx_word' id='word_1_335' title='bbox 1193 2659 1420 2714; x_wconf 89' lang='lat' dir='ltr'><strong>calicem</strong></span> <span class='ocrx_word' id='word_1_336' title='bbox 1457 2657 1792 2728; x_wconf 88' lang='lat' dir='ltr'><strong>furorisque,</strong></span> <span class='ocrx_word' id='word_1_337' title='bbox 1841 2663 2046 2726; x_wconf 87' lang='lat' dir='ltr'><strong>quanto</strong></span> 
     </span>
    </p>
   </div>
   <div class='ocr_carea' id='block_1_44' title="bbox 460 2743 2046 2821">
    <p class='ocr_par' dir='ltr' id='par_1_44' title="bbox 460 2743 2046 2821">
     <span class='ocr_line' id='line_1_44' title="bbox 460 2743 2046 2821; baseline -0.006 -14"><span class='ocrx_word' id='word_1_338' title='bbox 460 2753 634 2821; x_wconf 77' lang='lat' dir='ltr'><strong>tuang</strong></span> <span class='ocrx_word' id='word_1_339' title='bbox 679 2766 777 2807; x_wconf 89' lang='lat' dir='ltr'><strong>vos</strong></span> <span class='ocrx_word' id='word_1_340' title='bbox 819 2743 940 2807; x_wconf 68' lang='lat' dir='ltr'><strong>hon</strong></span> <span class='ocrx_word' id='word_1_341' title='bbox 985 2749 1139 2806; x_wconf 91' lang='lat' dir='ltr'><strong>eritis</strong></span> <span class='ocrx_word' id='word_1_342' title='bbox 1171 2748 1378 2814; x_wconf 92' lang='lat' dir='ltr'><strong>mundi,</strong></span> <span class='ocrx_word' id='word_1_343' title='bbox 1413 2749 1504 2818; x_wconf 91' lang='lat' dir='ltr'><strong>qui</strong></span> <span class='ocrx_word' id='word_1_344' title='bbox 1542 2763 1642 2819; x_wconf 88' lang='lat' dir='ltr'><strong>pro</strong></span> <span class='ocrx_word' id='word_1_345' title='bbox 1685 2748 1780 2802; x_wconf 91' lang='lat' dir='ltr'><strong>Dei</strong></span> <span class='ocrx_word' id='word_1_346' title='bbox 1828 2746 2046 2802; x_wconf 90' lang='lat' dir='ltr'><strong>nomine</strong></span> 
     </span>
    </p>
   </div>
   <div class='ocr_carea' id='block_1_45' title="bbox 460 2841 1928 2898">
    <p class='ocr_par' dir='ltr' id='par_1_45' title="bbox 460 2841 1928 2898">
     <span class='ocr_line' id='line_1_45' title="bbox 460 2841 1928 2898; baseline -0.002 -1"><span class='ocrx_word' id='word_1_347' title='bbox 460 2843 605 2898; x_wconf 89' lang='lat' dir='ltr'><strong>idola</strong></span> <span class='ocrx_word' id='word_1_348' title='bbox 650 2841 864 2898; x_wconf 85' lang='lat' dir='ltr'><strong>colitis?</strong></span> <span class='ocrx_word' id='word_1_349' title='bbox 1926 2859 1928 2861; x_wconf 47' lang='grc' dir='ltr'>ν</span> 
     </span>
    </p>
   </div>
   <div class='ocr_carea' id='block_1_46' title="bbox 540 2929 2049 3002">
    <p class='ocr_par' dir='ltr' id='par_1_46' title="bbox 540 2929 2049 3002">
     <span class='ocr_line' id='line_1_46' title="bbox 540 2929 2049 3002; baseline -0.002 -16"><span class='ocrx_word' id='word_1_350' title='bbox 540 2954 556 2986; x_wconf 75' lang='grc' dir='ltr'>α</span> <span class='ocrx_word' id='word_1_351' title='bbox 597 2933 848 2990; x_wconf 89' lang='lat' dir='ltr'><strong>Gladium</strong></span> <span class='ocrx_word' id='word_1_352' title='bbox 890 2931 1037 2987; x_wconf 90' lang='lat' dir='ltr'><strong>enim</strong></span> <span class='ocrx_word' id='word_1_353' title='bbox 1083 2945 1184 3002; x_wconf 90' lang='lat' dir='ltr'><strong>ego</strong></span> <span class='ocrx_word' id='word_1_354' title='bbox 1227 2945 1362 2986; x_wconf 93' lang='lat' dir='ltr'><strong>voco</strong></span> <span class='ocrx_word' id='word_1_355' title='bbox 1389 2946 1551 3002; x_wconf 86' lang='lat' dir='ltr'><strong>super</strong></span> <span class='ocrx_word' id='word_1_356' title='bbox 1594 2945 1784 2987; x_wconf 90' lang='lat' dir='ltr'><strong>omnes</strong></span> <span class='ocrx_word' id='word_1_357' title='bbox 1829 2929 2049 2985; x_wconf 88' lang='lat' dir='ltr'><strong>habita--</strong></span> 
     </span>
    </p>
   </div>
   <div class='ocr_carea' id='block_1_47' title="bbox 466 3007 2053 3101">
    <p class='ocr_par' dir='ltr' id='par_1_47' title="bbox 466 3007 2053 3101">
     <span class='ocr_line' id='line_1_47' title="bbox 466 3007 2053 3101; baseline -0.005 -20"><span class='ocrx_word' id='word_1_358' title='bbox 466 3047 484 3080; x_wconf 81' lang='grc' dir='ltr'><strong>ι</strong></span> <span class='ocrx_word' id='word_1_359' title='bbox 529 3035 675 3081; x_wconf 87' lang='lat' dir='ltr'><strong>tores</strong></span> <span class='ocrx_word' id='word_1_360' title='bbox 707 3033 900 3089; x_wconf 67' lang='lat' dir='ltr'><strong>terras,</strong></span> <span class='ocrx_word' id='word_1_361' title='bbox 931 3023 1063 3078; x_wconf 90' lang='lat' dir='ltr'><strong>dicit</strong></span> <span class='ocrx_word' id='word_1_362' title='bbox 1106 3024 1363 3078; x_wconf 90' lang='lat' dir='ltr'><strong>Dominus</strong></span> <span class='ocrx_word' id='word_1_363' title='bbox 1403 3007 1762 3101; x_wconf 84' lang='lat' dir='ltr'><strong>exercituum.</strong></span> <span class='ocrx_word' id='word_1_364' title='bbox 1794 3023 1812 3073; x_wconf 65' lang='grc' dir='ltr'><strong>ι</strong></span> <span class='ocrx_word' id='word_1_365' title='bbox 1839 3021 1942 3101; x_wconf 87' lang='lat' dir='ltr'><strong>Ista</strong></span> <span class='ocrx_word' id='word_1_366' title='bbox 1963 3027 2053 3101; x_wconf 19' lang='lat' dir='ltr'><strong>est.</strong></span> 
     </span>
    </p>
   </div>
   <div class='ocr_carea' id='block_1_48' title="bbox 460 3109 2044 3190">
    <p class='ocr_par' dir='ltr' id='par_1_48' title="bbox 460 3109 2044 3190">
     <span class='ocr_line' id='line_1_48' title="bbox 460 3109 2044 3190; baseline -0.007 -17"><span class='ocrx_word' id='word_1_367' title='bbox 460 3116 610 3190; x_wconf 76' lang='lat' dir='ltr'><strong>potio</strong></span> <span class='ocrx_word' id='word_1_368' title='bbox 659 3115 1053 3177; x_wconf 88' lang='lat' dir='ltr'><strong>meracissima,</strong></span> <span class='ocrx_word' id='word_1_369' title='bbox 1101 3113 1203 3168; x_wconf 89' lang='lat' dir='ltr'><strong>iste</strong></span> <span class='ocrx_word' id='word_1_370' title='bbox 1251 3113 1393 3168; x_wconf 85' lang='lat' dir='ltr'><strong>calix</strong></span> <span class='ocrx_word' id='word_1_371' title='bbox 1425 3113 1638 3184; x_wconf 65' lang='lat' dir='ltr'><strong>furoris</strong></span> <span class='ocrx_word' id='word_1_372' title='bbox 1683 3110 1915 3190; x_wconf 86' lang='lat' dir='ltr'><strong>Domini,</strong></span> <span class='ocrx_word' id='word_1_373' title='bbox 1952 3109 2044 3179; x_wconf 90' lang='lat' dir='ltr'><strong>qui</strong></span> 
     </span>
    </p>
   </div>
   <div class='ocr_carea' id='block_1_49' title="bbox 2146 1933 3728 2006">
    <p class='ocr_par' dir='ltr' id='par_1_49' title="bbox 2146 1933 3728 2006">
     <span class='ocr_line' id='line_1_49' title="bbox 2146 1933 3728 2006; baseline -0.001 -16"><span class='ocrx_word' id='word_1_374' title='bbox 2146 1935 2534 2006; x_wconf 82' lang='lat' dir='ltr'><strong>spondebitqne</strong></span> <span class='ocrx_word' id='word_1_375' title='bbox 2581 1950 2883 1990; x_wconf 89' lang='lat' dir='ltr'><strong>sermonem</strong></span> <span class='ocrx_word' id='word_1_376' title='bbox 2931 1936 2984 1990; x_wconf 92' lang='lat' dir='ltr'><strong>in</strong></span> <span class='ocrx_word' id='word_1_377' title='bbox 3045 1933 3164 1990; x_wconf 89' lang='lat' dir='ltr'><strong>loco</strong></span> <span class='ocrx_word' id='word_1_378' title='bbox 3215 1951 3350 1999; x_wconf 90' lang='lat' dir='ltr'><strong>suo,</strong></span> <span class='ocrx_word' id='word_1_379' title='bbox 3415 1935 3489 1989; x_wconf 91' lang='lat' dir='ltr'><strong>illi</strong></span> <span class='ocrx_word' id='word_1_380' title='bbox 3544 1943 3728 1991; x_wconf 82' lang='lat' dir='ltr'><strong>autem</strong></span> 
     </span>
    </p>
   </div>
   <div class='ocr_carea' id='block_1_50' title="bbox 2147 2022 3729 2103">
    <p class='ocr_par' dir='ltr' id='par_1_50' title="bbox 2147 2022 3729 2103">
     <span class='ocr_line' id='line_1_50' title="bbox 2147 2022 3729 2103; baseline 0.001 -24"><span class='ocrx_word' id='word_1_381' title='bbox 2147 2027 2300 2094; x_wconf 87' lang='lat' dir='ltr'><strong>quasi</strong></span> <span class='ocrx_word' id='word_1_382' title='bbox 2340 2025 2733 2081; x_wconf 89' lang='lat' dir='ltr'><strong>vindemiantes</strong></span> <span class='ocrx_word' id='word_1_383' title='bbox 2779 2025 2924 2095; x_wconf 89' lang='lat' dir='ltr'><strong>pleni</strong></span> <span class='ocrx_word' id='word_1_384' title='bbox 2981 2022 3244 2080; x_wconf 80' lang='lat' dir='ltr'><strong>fructibus</strong></span> <span class='ocrx_word' id='word_1_385' title='bbox 3275 2024 3418 2080; x_wconf 87' lang='lat' dir='ltr'><strong>illius</strong></span> <span class='ocrx_word' id='word_1_386' title='bbox 3444 2025 3729 2103; x_wconf 72' lang='lat' dir='ltr'><strong>sententia:</strong></span> 
     </span>
    </p>
   </div>
   <div class='ocr_carea' id='block_1_51' title="bbox 2145 2115 3730 2186">
    <p class='ocr_par' dir='ltr' id='par_1_51' title="bbox 2145 2115 3730 2186">
     <span class='ocr_line' id='line_1_51' title="bbox 2145 2115 3730 2186; baseline -0.001 -14"><span class='ocrx_word' id='word_1_387' title='bbox 2145 2117 2550 2186; x_wconf 88' lang='lat' dir='ltr'><strong>respondebunt</strong></span> <span class='ocrx_word' id='word_1_388' title='bbox 2588 2134 2600 2169; x_wconf 88' lang='lat'><strong>:</strong></span> <span class='ocrx_word' id='word_1_389' title='bbox 2633 2115 2808 2185; x_wconf 90' lang='lat' dir='ltr'><strong>Super</strong></span> <span class='ocrx_word' id='word_1_390' title='bbox 2851 2131 3037 2171; x_wconf 88' lang='lat' dir='ltr'><strong>omnes</strong></span> <span class='ocrx_word' id='word_1_391' title='bbox 3073 2116 3410 2172; x_wconf 88' lang='lat' dir='ltr'><strong>habitatores</strong></span> <span class='ocrx_word' id='word_1_392' title='bbox 3434 2125 3594 2171; x_wconf 66' lang='lat' dir='ltr'><strong>terrae</strong></span> <span class='ocrx_word' id='word_1_393' title='bbox 3638 2131 3730 2171; x_wconf 78' lang='lat' dir='ltr'><strong>ve-</strong></span> 
     </span>
    </p>
   </div>
   <div class='ocr_carea' id='block_1_52' title="bbox 2146 2205 3729 2276">
    <p class='ocr_par' dir='ltr' id='par_1_52' title="bbox 2146 2205 3729 2276">
     <span class='ocr_line' id='line_1_52' title="bbox 2146 2205 3729 2276; baseline 0 -14"><span class='ocrx_word' id='word_1_394' title='bbox 2146 2205 2558 2262; x_wconf 84' lang='lat' dir='ltr'><strong>nietinteritus.</strong></span> <span class='ocrx_word' id='word_1_395' title='bbox 2610 2207 2726 2261; x_wconf 72' lang='lat' dir='ltr'><strong>Non</strong></span> <span class='ocrx_word' id='word_1_396' title='bbox 2781 2221 2943 2276; x_wconf 90' lang='lat' dir='ltr'><strong>super</strong></span> <span class='ocrx_word' id='word_1_397' title='bbox 2989 2206 3297 2261; x_wconf 89' lang='lat' dir='ltr'><strong>universam</strong></span> <span class='ocrx_word' id='word_1_398' title='bbox 3350 2216 3587 2271; x_wconf 86' lang='lat' dir='ltr'><strong>terram;</strong></span> <span class='ocrx_word' id='word_1_399' title='bbox 3635 2207 3729 2262; x_wconf 90' lang='lat' dir='ltr'><strong>sed</strong></span> 
     </span>
    </p>
   </div>
   <div class='ocr_carea' id='block_1_53' title="bbox 2147 2296 3728 2367">
    <p class='ocr_par' dir='ltr' id='par_1_53' title="bbox 2147 2296 3728 2367">
     <span class='ocr_line' id='line_1_53' title="bbox 2147 2296 3728 2367; baseline 0.001 -15"><span class='ocrx_word' id='word_1_400' title='bbox 2147 2312 2308 2365; x_wconf 90' lang='lat' dir='ltr'><strong>super</strong></span> <span class='ocrx_word' id='word_1_401' title='bbox 2331 2305 2542 2367; x_wconf 85' lang='lat' dir='ltr'><strong>partem</strong></span> <span class='ocrx_word' id='word_1_402' title='bbox 2570 2303 2750 2362; x_wconf 61' lang='lat' dir='ltr'><strong>terrae,</strong></span> <span class='ocrx_word' id='word_1_403' title='bbox 2777 2311 2965 2352; x_wconf 90' lang='lat' dir='ltr'><strong>eorum</strong></span> <span class='ocrx_word' id='word_1_404' title='bbox 3007 2296 3287 2363; x_wconf 86' lang='lat' dir='ltr'><strong>videlicet,</strong></span> <span class='ocrx_word' id='word_1_405' title='bbox 3331 2299 3423 2367; x_wconf 90' lang='lat' dir='ltr'><strong>qui</strong></span> <span class='ocrx_word' id='word_1_406' title='bbox 3452 2296 3560 2352; x_wconf 85' lang='lat' dir='ltr'><strong>nOn</strong></span> <span class='ocrx_word' id='word_1_407' title='bbox 3582 2342 3584 2344; x_wconf 93' lang='lat'>.</span> <span class='ocrx_word' id='word_1_408' title='bbox 3604 2313 3728 2353; x_wconf 86' lang='lat' dir='ltr'><strong>cre-</strong></span> 
     </span>
    </p>
   </div>
   <div class='ocr_carea' id='block_1_54' title="bbox 2146 2375 3731 2459">
    <p class='ocr_par' dir='ltr' id='par_1_54' title="bbox 2146 2375 3731 2459">
     <span class='ocr_line' id='line_1_54' title="bbox 2146 2375 3731 2459; baseline -0.001 -15"><span class='ocrx_word' id='word_1_409' title='bbox 2146 2382 2599 2458; x_wconf 75' lang='lat' dir='ltr'><strong>dunt;‘judicium</strong></span> <span class='ocrx_word' id='word_1_410' title='bbox 2638 2388 2784 2442; x_wconf 90' lang='lat' dir='ltr'><strong>enim</strong></span> <span class='ocrx_word' id='word_1_411' title='bbox 2833 2387 2937 2442; x_wconf 92' lang='lat' dir='ltr'><strong>erit</strong></span> <span class='ocrx_word' id='word_1_412' title='bbox 2966 2375 3042 2442; x_wconf 71' lang='lat' dir='ltr'><strong>&#39;in</strong></span> <span class='ocrx_word' id='word_1_413' title='bbox 3086 2387 3356 2458; x_wconf 80' lang='lat' dir='ltr'><strong>gentibus,</strong></span> <span class='ocrx_word' id='word_1_414' title='bbox 3385 2397 3440 2443; x_wconf 93' lang='lat' dir='ltr'><strong>et</strong></span> <span class='ocrx_word' id='word_1_415' title='bbox 3484 2390 3598 2459; x_wconf 90' lang='lat' dir='ltr'><strong>ipse</strong></span> <span class='ocrx_word' id='word_1_416' title='bbox 3638 2387 3731 2455; x_wconf 82' lang='lat' dir='ltr'><strong>ju-</strong></span> 
     </span>
    </p>
   </div>
   <div class='ocr_carea' id='block_1_55' title="bbox 2147 2479 3730 2552">
    <p class='ocr_par' dir='ltr' id='par_1_55' title="bbox 2147 2479 3730 2552">
     <span class='ocr_line' id='line_1_55' title="bbox 2147 2479 3730 2552; baseline -0.001 -16"><span class='ocrx_word' id='word_1_417' title='bbox 2147 2479 2414 2536; x_wconf 89' lang='lat' dir='ltr'><strong>dicabitur</strong></span> <span class='ocrx_word' id='word_1_418' title='bbox 2455 2494 2578 2534; x_wconf 93' lang='lat' dir='ltr'><strong>cum</strong></span> <span class='ocrx_word' id='word_1_419' title='bbox 2608 2480 2754 2534; x_wconf 87' lang='lat' dir='ltr'><strong>omni</strong></span> <span class='ocrx_word' id='word_1_420' title='bbox 2783 2493 2948 2536; x_wconf 90' lang='lat' dir='ltr'><strong>carne</strong></span> <span class='ocrx_word' id='word_1_421' title='bbox 2972 2519 2988 2548; x_wconf 90' lang='lat'><strong>,</strong></span> <span class='ocrx_word' id='word_1_422' title='bbox 3035 2480 3185 2552; x_wconf 90' lang='lat' dir='ltr'><strong>impii</strong></span> <span class='ocrx_word' id='word_1_423' title='bbox 3220 2489 3401 2537; x_wconf 85' lang='lat' dir='ltr'><strong>autem</strong></span> <span class='ocrx_word' id='word_1_424' title='bbox 3450 2481 3730 2537; x_wconf 88' lang='lat' dir='ltr'><strong>tradentur</strong></span> 
     </span>
    </p>
   </div>
   <div class='ocr_carea' id='block_1_56' title="bbox 2149 2573 2347 2644">
    <p class='ocr_par' dir='ltr' id='par_1_56' title="bbox 2149 2573 2347 2644">
     <span class='ocr_line' id='line_1_56' title="bbox 2149 2573 2347 2644; baseline 0 -18"><span class='ocrx_word' id='word_1_425' title='bbox 2149 2573 2347 2644; x_wconf 89' lang='lat' dir='ltr'><strong>gladio.</strong></span> 
     </span>
    </p>
   </div>
   <div class='ocr_carea' id='block_1_57' title="bbox 2220 2659 3732 2739">
    <p class='ocr_par' dir='ltr' id='par_1_57' title="bbox 2220 2659 3732 2739">
     <span class='ocr_line' id='line_1_57' title="bbox 2220 2659 3732 2739; baseline 0.003 -23"><span class='ocrx_word' id='word_1_426' title='bbox 2220 2679 2244 2739; x_wconf 60' lang='grc' dir='ltr'><strong>ι</strong></span> <span class='ocrx_word' id='word_1_427' title='bbox 2279 2659 2405 2717; x_wconf 68' lang='lat' dir='ltr'><strong>Haec</strong></span> <span class='ocrx_word' id='word_1_428' title='bbox 2444 2660 2574 2718; x_wconf 92' lang='lat' dir='ltr'><strong>dicit</strong></span> <span class='ocrx_word' id='word_1_429' title='bbox 2618 2660 2879 2718; x_wconf 90' lang='lat' dir='ltr'><strong>Dominus</strong></span> <span class='ocrx_word' id='word_1_430' title='bbox 2928 2662 3261 2718; x_wconf 81' lang='lat' dir='ltr'><strong>exercituum</strong></span> <span class='ocrx_word' id='word_1_431' title='bbox 3295 2681 3309 2718; x_wconf 91' lang='lat'><strong>:</strong></span> <span class='ocrx_word' id='word_1_432' title='bbox 3338 2663 3476 2720; x_wconf 88' lang='lat' dir='ltr'><strong>Ecce</strong></span> <span class='ocrx_word' id='word_1_433' title='bbox 3511 2663 3732 2722; x_wconf 80' lang='lat' dir='ltr'><strong>alllictio</strong></span> 
     </span>
    </p>
   </div>
   <div class='ocr_carea' id='block_1_58' title="bbox 2152 2752 3731 2826">
    <p class='ocr_par' dir='ltr' id='par_1_58' title="bbox 2152 2752 3731 2826">
     <span class='ocr_line' id='line_1_58' title="bbox 2152 2752 3731 2826; baseline 0.002 -20"><span class='ocrx_word' id='word_1_434' title='bbox 2152 2771 2172 2806; x_wconf 77' lang='grc' dir='ltr'><strong>ι</strong></span> <span class='ocrx_word' id='word_1_435' title='bbox 2212 2752 2338 2826; x_wconf 69' lang='lat' dir='ltr'><strong>(sive</strong></span> <span class='ocrx_word' id='word_1_436' title='bbox 2364 2752 2586 2825; x_wconf 90' lang='lat' dir='ltr'><strong>malum)</strong></span> <span class='ocrx_word' id='word_1_437' title='bbox 2633 2753 2941 2823; x_wconf 78' lang='lat' dir='ltr'><strong>egredietur</strong></span> <span class='ocrx_word' id='word_1_438' title='bbox 2970 2753 3035 2808; x_wconf 90' lang='lat' dir='ltr'><strong>de</strong></span> <span class='ocrx_word' id='word_1_439' title='bbox 3077 2762 3236 2824; x_wconf 90' lang='lat' dir='ltr'><strong>gente</strong></span> <span class='ocrx_word' id='word_1_440' title='bbox 3281 2753 3334 2808; x_wconf 91' lang='lat' dir='ltr'><strong>in</strong></span> <span class='ocrx_word' id='word_1_441' title='bbox 3365 2761 3579 2824; x_wconf 89' lang='lat' dir='ltr'><strong>gentem</strong></span> <span class='ocrx_word' id='word_1_442' title='bbox 3624 2772 3637 2807; x_wconf 92' lang='lat'><strong>:</strong></span> <span class='ocrx_word' id='word_1_443' title='bbox 3674 2763 3731 2809; x_wconf 90' lang='lat' dir='ltr'><strong>et</strong></span> 
     </span>
    </p>
   </div>
   <div class='ocr_carea' id='block_1_59' title="bbox 2152 2842 3728 2915">
    <p class='ocr_par' dir='ltr' id='par_1_59' title="bbox 2152 2842 3728 2915">
     <span class='ocr_line' id='line_1_59' title="bbox 2152 2842 3728 2915; baseline 0.003 -20"><span class='ocrx_word' id='word_1_444' title='bbox 2152 2861 2172 2894; x_wconf 88' lang='grc'><strong><em>‹</em></strong></span> <span class='ocrx_word' id='word_1_445' title='bbox 2209 2845 2367 2898; x_wconf 89' lang='lat' dir='ltr'><strong>turbo</strong></span> <span class='ocrx_word' id='word_1_446' title='bbox 2406 2858 2634 2914; x_wconf 87' lang='lat' dir='ltr'><strong>magnus</strong></span> <span class='ocrx_word' id='word_1_447' title='bbox 2673 2843 2800 2915; x_wconf 81' lang='lat' dir='ltr'><strong>(sive</strong></span> <span class='ocrx_word' id='word_1_448' title='bbox 2830 2842 3157 2915; x_wconf 84' lang='lat' dir='ltr'><strong>tempestas)</strong></span> <span class='ocrx_word' id='word_1_449' title='bbox 3189 2844 3495 2915; x_wconf 88' lang='lat' dir='ltr'><strong>egredietur</strong></span> <span class='ocrx_word' id='word_1_450' title='bbox 3520 2860 3554 2898; x_wconf 86' lang='lat' dir='ltr'><strong>a</strong></span> <span class='ocrx_word' id='word_1_451' title='bbox 3579 2860 3728 2900; x_wconf 86' lang='lat' dir='ltr'><strong>sum-</strong></span> 
     </span>
    </p>
   </div>
   <div class='ocr_carea' id='block_1_60' title="bbox 2152 2931 3729 3005">
    <p class='ocr_par' dir='ltr' id='par_1_60' title="bbox 2152 2931 3729 3005">
     <span class='ocr_line' id='line_1_60' title="bbox 2152 2931 3729 3005; baseline 0.002 -19"><span class='ocrx_word' id='word_1_452' title='bbox 2152 2953 2171 2986; x_wconf 82' lang='grc' dir='ltr'><strong>ι</strong></span> <span class='ocrx_word' id='word_1_453' title='bbox 2209 2933 2489 2990; x_wconf 86' lang='lat' dir='ltr'><strong>mitatibus</strong></span> <span class='ocrx_word' id='word_1_454' title='bbox 2535 2932 2660 3005; x_wconf 81' lang='lat' dir='ltr'><strong>(sive</strong></span> <span class='ocrx_word' id='word_1_455' title='bbox 2697 2933 2956 2989; x_wconf 81' lang='lat' dir='ltr'><strong>extremis</strong></span> <span class='ocrx_word' id='word_1_456' title='bbox 3001 2931 3193 3004; x_wconf 62' lang='lat' dir='ltr'><strong>terras)</strong></span> <span class='ocrx_word' id='word_1_457' title='bbox 3229 2948 3243 2986; x_wconf 88' lang='lat'><strong>:</strong></span> <span class='ocrx_word' id='word_1_458' title='bbox 3274 2943 3329 2989; x_wconf 92' lang='lat' dir='ltr'><strong>et</strong></span> <span class='ocrx_word' id='word_1_459' title='bbox 3354 2943 3514 2989; x_wconf 92' lang='lat' dir='ltr'><strong>erunt</strong></span> <span class='ocrx_word' id='word_1_460' title='bbox 3558 2935 3729 2990; x_wconf 87' lang='lat' dir='ltr'><strong>inter-</strong></span> 
     </span>
    </p>
   </div>
   <div class='ocr_carea' id='block_1_61' title="bbox 2151 3015 3730 3096">
    <p class='ocr_par' dir='ltr' id='par_1_61' title="bbox 2151 3015 3730 3096">
     <span class='ocr_line' id='line_1_61' title="bbox 2151 3015 3730 3096; baseline 0.002 -17"><span class='ocrx_word' id='word_1_461' title='bbox 2151 3045 2170 3079; x_wconf 86' lang='grc'>‹</span> <span class='ocrx_word' id='word_1_462' title='bbox 2208 3025 2334 3081; x_wconf 79' lang='lat' dir='ltr'><strong>feeti</strong></span> <span class='ocrx_word' id='word_1_463' title='bbox 2360 3025 2573 3080; x_wconf 91' lang='lat' dir='ltr'><strong>Domini</strong></span> <span class='ocrx_word' id='word_1_464' title='bbox 2601 3024 2725 3096; x_wconf 83' lang='lat' dir='ltr'><strong>(sive</strong></span> <span class='ocrx_word' id='word_1_465' title='bbox 2745 3025 3060 3081; x_wconf 89' lang='lat' dir='ltr'><strong>vulneratia</strong></span> <span class='ocrx_word' id='word_1_466' title='bbox 3081 3025 3426 3096; x_wconf 88' lang='lat' dir='ltr'><strong>Domino),in</strong></span> <span class='ocrx_word' id='word_1_467' title='bbox 3457 3015 3552 3082; x_wconf 89' lang='lat' dir='ltr'><strong>die</strong></span> <span class='ocrx_word' id='word_1_468' title='bbox 3577 3026 3665 3081; x_wconf 90' lang='lat' dir='ltr'><strong>illa</strong></span> <span class='ocrx_word' id='word_1_469' title='bbox 3699 3043 3730 3082; x_wconf 88' lang='lat' dir='ltr'><strong>a</strong></span> 
     </span>
    </p>
   </div>
   <div class='ocr_carea' id='block_1_62' title="bbox 2152 3118 3729 3199">
    <p class='ocr_par' dir='ltr' id='par_1_62' title="bbox 2152 3118 3729 3199">
     <span class='ocr_line' id='line_1_62' title="bbox 2152 3118 3729 3199; baseline 0.001 -27"><span class='ocrx_word' id='word_1_470' title='bbox 2152 3139 2171 3172; x_wconf 83' lang='grc' dir='ltr'><strong>ι</strong></span> <span class='ocrx_word' id='word_1_471' title='bbox 2211 3135 2421 3176; x_wconf 90' lang='lat' dir='ltr'><strong>summo</strong></span> <span class='ocrx_word' id='word_1_472' title='bbox 2450 3129 2608 3175; x_wconf 77' lang='lat' dir='ltr'><strong>terra:</strong></span> <span class='ocrx_word' id='word_1_473' title='bbox 2629 3134 2808 3188; x_wconf 83' lang='lat' dir='ltr'><strong>usque</strong></span> <span class='ocrx_word' id='word_1_474' title='bbox 2838 3133 3110 3174; x_wconf 87' lang='lat' dir='ltr'><strong>summum</strong></span> <span class='ocrx_word' id='word_1_475' title='bbox 3144 3118 3277 3199; x_wconf 86' lang='lat' dir='ltr'><strong>ejus.</strong></span> <span class='ocrx_word' id='word_1_476' title='bbox 3319 3118 3436 3174; x_wconf 83' lang='lat' dir='ltr'><strong>Non</strong></span> <span class='ocrx_word' id='word_1_477' title='bbox 3466 3119 3729 3190; x_wconf 86' lang='lat' dir='ltr'><strong>plangen-</strong></span> 
     </span>
    </p>
   </div>
   <div class='ocr_carea' id='block_1_63' title="bbox 462 3191 3730 3280">
    <p class='ocr_par' dir='ltr' id='par_1_63' title="bbox 462 3191 3730 3280">
     <span class='ocr_line' id='line_1_63' title="bbox 462 3191 3730 3280; baseline 0.001 -17"><span class='ocrx_word' id='word_1_478' title='bbox 462 3225 570 3264; x_wconf 91' lang='lat' dir='ltr'><strong>non</strong></span> <span class='ocrx_word' id='word_1_479' title='bbox 601 3222 764 3278; x_wconf 87' lang='lat' dir='ltr'><strong>super</strong></span> <span class='ocrx_word' id='word_1_480' title='bbox 786 3207 958 3262; x_wconf 92' lang='lat' dir='ltr'><strong>solam</strong></span> <span class='ocrx_word' id='word_1_481' title='bbox 997 3204 1354 3270; x_wconf 82' lang='lat' dir='ltr'><strong>Hierusalem,</strong></span> <span class='ocrx_word' id='word_1_482' title='bbox 1385 3204 1481 3260; x_wconf 91' lang='lat' dir='ltr'><strong>sed</strong></span> <span class='ocrx_word' id='word_1_483' title='bbox 1506 3219 1669 3274; x_wconf 88' lang='lat' dir='ltr'><strong>super</strong></span> <span class='ocrx_word' id='word_1_484' title='bbox 1695 3191 1924 3270; x_wconf 74' lang='lat' dir='ltr'><strong>emnem</strong></span> <span class='ocrx_word' id='word_1_485' title='bbox 1952 3217 2045 3257; x_wconf 86' lang='lat' dir='ltr'><strong>vo-</strong></span> <span class='ocrx_word' id='word_1_486' title='bbox 2071 3191 2117 3254; x_wconf 86' lang='lat' dir='ltr'><strong>C</strong></span> <span class='ocrx_word' id='word_1_487' title='bbox 2154 3231 2173 3262; x_wconf 87' lang='grc'><strong><em>‹</em></strong></span> <span class='ocrx_word' id='word_1_488' title='bbox 2218 3219 2326 3275; x_wconf 88' lang='lat' dir='ltr'><strong>tur,</strong></span> <span class='ocrx_word' id='word_1_489' title='bbox 2371 3220 2424 3264; x_wconf 89' lang='lat' dir='ltr'><strong>et</strong></span> <span class='ocrx_word' id='word_1_490' title='bbox 2472 3224 2598 3264; x_wconf 91' lang='lat' dir='ltr'><strong>non.</strong></span> <span class='ocrx_word' id='word_1_491' title='bbox 2628 3209 2975 3280; x_wconf 90' lang='lat' dir='ltr'><strong>colligentur,</strong></span> <span class='ocrx_word' id='word_1_492' title='bbox 3035 3195 3232 3278; x_wconf 18' lang='lat' dir='ltr'><strong>neque.</strong></span> <span class='ocrx_word' id='word_1_493' title='bbox 3257 3210 3588 3279; x_wconf 87' lang='lat' dir='ltr'><strong>sepelientur</strong></span> <span class='ocrx_word' id='word_1_494' title='bbox 3619 3225 3633 3262; x_wconf 93' lang='lat'><strong>:</strong></span> <span class='ocrx_word' id='word_1_495' title='bbox 3677 3211 3730 3263; x_wconf 90' lang='lat' dir='ltr'><strong>in</strong></span> 
     </span>
    </p>
   </div>
   <div class='ocr_carea' id='block_1_64' title="bbox 463 3293 2046 3363">
    <p class='ocr_par' dir='ltr' id='par_1_64' title="bbox 463 3293 2046 3363">
     <span class='ocr_line' id='line_1_64' title="bbox 463 3293 2046 3363; baseline -0.004 -10"><span class='ocrx_word' id='word_1_496' title='bbox 463 3307 616 3354; x_wconf 89' lang='lat' dir='ltr'><strong>catur</strong></span> <span class='ocrx_word' id='word_1_497' title='bbox 641 3308 872 3363; x_wconf 88' lang='lat' dir='ltr'><strong>terram,</strong></span> <span class='ocrx_word' id='word_1_498' title='bbox 920 3303 974 3350; x_wconf 90' lang='lat' dir='ltr'><strong>et</strong></span> <span class='ocrx_word' id='word_1_499' title='bbox 1022 3305 1247 3350; x_wconf 88' lang='lat' dir='ltr'><strong>cunctas</strong></span> <span class='ocrx_word' id='word_1_500' title='bbox 1295 3296 1353 3350; x_wconf 92' lang='lat' dir='ltr'><strong>in</strong></span> <span class='ocrx_word' id='word_1_501' title='bbox 1404 3296 1632 3350; x_wconf 89' lang='lat' dir='ltr'><strong>circuitu</strong></span> <span class='ocrx_word' id='word_1_502' title='bbox 1667 3294 1949 3358; x_wconf 88' lang='lat' dir='ltr'><strong>nationes,</strong></span> <span class='ocrx_word' id='word_1_503' title='bbox 1980 3293 2046 3347; x_wconf 90' lang='lat' dir='ltr'><strong>de</strong></span> 
     </span>
    </p>
   </div>
   <div class='ocr_carea' id='block_1_65' title="bbox 463 3382 2044 3459">
    <p class='ocr_par' dir='ltr' id='par_1_65' title="bbox 463 3382 2044 3459">
     <span class='ocr_line' id='line_1_65' title="bbox 463 3382 2044 3459; baseline -0.005 -15"><span class='ocrx_word' id='word_1_504' title='bbox 463 3404 570 3459; x_wconf 93' lang='lat' dir='ltr'><strong>quo</strong></span> <span class='ocrx_word' id='word_1_505' title='bbox 608 3393 787 3457; x_wconf 85' lang='lat' dir='ltr'><strong>supra</strong></span> <span class='ocrx_word' id='word_1_506' title='bbox 823 3387 1035 3441; x_wconf 87' lang='lat' dir='ltr'><strong>dixerat</strong></span> <span class='ocrx_word' id='word_1_507' title='bbox 1084 3403 1096 3438; x_wconf 89' lang='lat'><strong>:</strong></span> <span class='ocrx_word' id='word_1_508' title='bbox 1131 3385 1199 3439; x_wconf 91' lang='lat' dir='ltr'><strong>Et</strong></span> <span class='ocrx_word' id='word_1_509' title='bbox 1239 3384 1452 3439; x_wconf 90' lang='lat' dir='ltr'><strong>mittam</strong></span> <span class='ocrx_word' id='word_1_510' title='bbox 1492 3385 1562 3440; x_wconf 90' lang='lat' dir='ltr'><strong>ad</strong></span> <span class='ocrx_word' id='word_1_511' title='bbox 1612 3382 2044 3438; x_wconf 79' lang='lat' dir='ltr'><strong>Nabuchodono-</strong></span> 
     </span>
    </p>
   </div>
   <div class='ocr_carea' id='block_1_66' title="bbox 461 3473 2047 3550">
    <p class='ocr_par' dir='ltr' id='par_1_66' title="bbox 461 3473 2047 3550">
     <span class='ocr_line' id='line_1_66' title="bbox 461 3473 2047 3550; baseline -0.008 -13"><span class='ocrx_word' id='word_1_512' title='bbox 461 3495 555 3537; x_wconf 90' lang='lat' dir='ltr'><strong>sor</strong></span> <span class='ocrx_word' id='word_1_513' title='bbox 597 3494 776 3550; x_wconf 84' lang='lat' dir='ltr'><strong>regem</strong></span> <span class='ocrx_word' id='word_1_514' title='bbox 821 3476 1115 3548; x_wconf 82' lang='lat' dir='ltr'><strong>Babylonis</strong></span> <span class='ocrx_word' id='word_1_515' title='bbox 1159 3489 1377 3532; x_wconf 86' lang='lat' dir='ltr'><strong>servum</strong></span> <span class='ocrx_word' id='word_1_516' title='bbox 1425 3488 1629 3540; x_wconf 89' lang='lat' dir='ltr'><strong>meum,</strong></span> <span class='ocrx_word' id='word_1_517' title='bbox 1675 3481 1729 3528; x_wconf 92' lang='lat' dir='ltr'><strong>et</strong></span> <span class='ocrx_word' id='word_1_518' title='bbox 1784 3473 2047 3527; x_wconf 90' lang='lat' dir='ltr'><strong>adducam</strong></span> 
     </span>
    </p>
   </div>
   <div class='ocr_carea' id='block_1_67' title="bbox 461 3560 2045 3638">
    <p class='ocr_par' dir='ltr' id='par_1_67' title="bbox 461 3560 2045 3638">
     <span class='ocr_line' id='line_1_67' title="bbox 461 3560 2045 3638; baseline -0.008 -11"><span class='ocrx_word' id='word_1_519' title='bbox 461 3585 587 3629; x_wconf 88' lang='lat' dir='ltr'><strong>eum</strong></span> <span class='ocrx_word' id='word_1_520' title='bbox 615 3583 776 3638; x_wconf 86' lang='lat' dir='ltr'><strong>super</strong></span> <span class='ocrx_word' id='word_1_521' title='bbox 799 3574 1004 3622; x_wconf 89' lang='lat' dir='ltr'><strong>terram</strong></span> <span class='ocrx_word' id='word_1_522' title='bbox 1046 3565 1204 3631; x_wconf 84' lang='lat' dir='ltr'><strong>istam</strong></span> <span class='ocrx_word' id='word_1_523' title='bbox 1221 3605 1237 3631; x_wconf 92' lang='lat'><strong>,</strong></span> <span class='ocrx_word' id='word_1_524' title='bbox 1273 3572 1329 3620; x_wconf 90' lang='lat' dir='ltr'><strong>et</strong></span> <span class='ocrx_word' id='word_1_525' title='bbox 1371 3578 1530 3634; x_wconf 89' lang='lat' dir='ltr'><strong>super</strong></span> <span class='ocrx_word' id='word_1_526' title='bbox 1556 3562 1889 3617; x_wconf 89' lang='lat' dir='ltr'><strong>habitatores</strong></span> <span class='ocrx_word' id='word_1_527' title='bbox 1910 3560 2045 3629; x_wconf 91' lang='lat' dir='ltr'><strong>ejus,</strong></span> 
     </span>
    </p>
   </div>
   <div class='ocr_carea' id='block_1_68' title="bbox 462 3652 2049 3730">
    <p class='ocr_par' dir='ltr' id='par_1_68' title="bbox 462 3652 2049 3730">
     <span class='ocr_line' id='line_1_68' title="bbox 462 3652 2049 3730; baseline -0.005 -15"><span class='ocrx_word' id='word_1_528' title='bbox 462 3670 517 3716; x_wconf 92' lang='lat' dir='ltr'><strong>et</strong></span> <span class='ocrx_word' id='word_1_529' title='bbox 565 3655 726 3730; x_wconf 81' lang='lat' dir='ltr'><strong>super</strong></span> <span class='ocrx_word' id='word_1_530' title='bbox 775 3673 965 3713; x_wconf 88' lang='lat' dir='ltr'><strong>omnes</strong></span> <span class='ocrx_word' id='word_1_531' title='bbox 1015 3657 1304 3726; x_wconf 82' lang='lat' dir='ltr'><strong>nationes,</strong></span> <span class='ocrx_word' id='word_1_532' title='bbox 1352 3669 1473 3726; x_wconf 64' lang='lat' dir='ltr'><strong>quae</strong></span> <span class='ocrx_word' id='word_1_533' title='bbox 1523 3654 1579 3710; x_wconf 91' lang='lat' dir='ltr'><strong>in</strong></span> <span class='ocrx_word' id='word_1_534' title='bbox 1624 3653 1856 3710; x_wconf 89' lang='lat' dir='ltr'><strong>circuitu</strong></span> <span class='ocrx_word' id='word_1_535' title='bbox 1905 3652 2049 3708; x_wconf 90' lang='lat' dir='ltr'><strong>illius</strong></span> 
     </span>
    </p>
   </div>
   <div class='ocr_carea' id='block_1_69' title="bbox 465 3761 611 3807">
    <p class='ocr_par' dir='ltr' id='par_1_69' title="bbox 465 3761 611 3807">
     <span class='ocr_line' id='line_1_69' title="bbox 465 3761 611 3807; baseline -0.014 0"><span class='ocrx_word' id='word_1_536' title='bbox 465 3761 611 3807; x_wconf 89' lang='lat' dir='ltr'><strong>sunt.</strong></span> 
     </span>
    </p>
   </div>
   <div class='ocr_carea' id='block_1_70' title="bbox 542 3837 2050 3914">
    <p class='ocr_par' dir='ltr' id='par_1_70' title="bbox 542 3837 2050 3914">
     <span class='ocr_line' id='line_1_70' title="bbox 542 3837 2050 3914; baseline -0.003 -18"><span class='ocrx_word' id='word_1_537' title='bbox 542 3864 559 3896; x_wconf 80' lang='grc' dir='ltr'><strong>ι</strong></span> <span class='ocrx_word' id='word_1_538' title='bbox 593 3843 660 3897; x_wconf 87' lang='grc' dir='ltr'>Ει</span> <span class='ocrx_word' id='word_1_539' title='bbox 677 3849 733 3898; x_wconf 84' lang='grc' dir='ltr'><strong>ιιι</strong></span> <span class='ocrx_word' id='word_1_540' title='bbox 757 3841 1108 3914; x_wconf 86' lang='lat' dir='ltr'><strong>prophetabis</strong></span> <span class='ocrx_word' id='word_1_541' title='bbox 1134 3840 1202 3896; x_wconf 90' lang='lat' dir='ltr'><strong>ad</strong></span> <span class='ocrx_word' id='word_1_542' title='bbox 1224 3854 1320 3894; x_wconf 90' lang='lat' dir='ltr'><strong>eos</strong></span> <span class='ocrx_word' id='word_1_543' title='bbox 1344 3840 1527 3894; x_wconf 92' lang='lat' dir='ltr'><strong>omnia</strong></span> <span class='ocrx_word' id='word_1_544' title='bbox 1546 3837 1712 3892; x_wconf 88' lang='lat' dir='ltr'><strong>verba</strong></span> <span class='ocrx_word' id='word_1_545' title='bbox 1736 3837 2050 3904; x_wconf 71' lang='lat' dir='ltr'><strong>btec,et.di-</strong></span> 
     </span>
    </p>
   </div>
   <div class='ocr_carea' id='block_1_71' title="bbox 470 3929 2051 4002">
    <p class='ocr_par' dir='ltr' id='par_1_71' title="bbox 470 3929 2051 4002">
     <span class='ocr_line' id='line_1_71' title="bbox 470 3929 2051 4002; baseline 0 -17"><span class='ocrx_word' id='word_1_546' title='bbox 470 3953 490 3985; x_wconf 88' lang='grc'><em>‹</em></span> <span class='ocrx_word' id='word_1_547' title='bbox 527 3943 617 3989; x_wconf 65' lang='lat' dir='ltr'><strong>etas</strong></span> <span class='ocrx_word' id='word_1_548' title='bbox 640 3933 707 3988; x_wconf 90' lang='lat' dir='ltr'><strong>ad</strong></span> <span class='ocrx_word' id='word_1_549' title='bbox 736 3933 856 3988; x_wconf 91' lang='lat' dir='ltr'><strong>illos</strong></span> <span class='ocrx_word' id='word_1_550' title='bbox 890 3950 902 3986; x_wconf 88' lang='lat'>:</span> <span class='ocrx_word' id='word_1_551' title='bbox 937 3933 1198 3988; x_wconf 89' lang='lat' dir='ltr'><strong>Dominus</strong></span> <span class='ocrx_word' id='word_1_552' title='bbox 1239 3931 1305 3984; x_wconf 92' lang='lat' dir='ltr'><strong>de</strong></span> <span class='ocrx_word' id='word_1_553' title='bbox 1353 3929 1568 3984; x_wconf 85' lang='lat' dir='ltr'><strong>excelso</strong></span> <span class='ocrx_word' id='word_1_554' title='bbox 1597 3930 1771 4001; x_wconf 86' lang='lat' dir='ltr'><strong>rugiet</strong></span> <span class='ocrx_word' id='word_1_555' title='bbox 1809 3930 1935 4002; x_wconf 84' lang='lat' dir='ltr'><strong>(sive</strong></span> <span class='ocrx_word' id='word_1_556' title='bbox 1964 3944 2051 3985; x_wconf 85' lang='lat' dir='ltr'><strong>re-</strong></span> 
     </span>
    </p>
   </div>
   <div class='ocr_carea' id='block_1_72' title="bbox 473 4018 2050 4094">
    <p class='ocr_par' dir='ltr' id='par_1_72' title="bbox 473 4018 2050 4094">
     <span class='ocr_line' id='line_1_72' title="bbox 473 4018 2050 4094; baseline -0.002 -18"><span class='ocrx_word' id='word_1_557' title='bbox 473 4042 491 4075; x_wconf 77' lang='grc' dir='ltr'><strong>ι</strong></span> <span class='ocrx_word' id='word_1_558' title='bbox 529 4021 1009 4094; x_wconf 84' lang='lat' dir='ltr'><strong>sponsumdabit),</strong></span> <span class='ocrx_word' id='word_1_559' title='bbox 1043 4029 1100 4076; x_wconf 88' lang='lat' dir='ltr'><strong>et</strong></span> <span class='ocrx_word' id='word_1_560' title='bbox 1136 4021 1202 4075; x_wconf 92' lang='lat' dir='ltr'><strong>de</strong></span> <span class='ocrx_word' id='word_1_561' title='bbox 1229 4018 1536 4074; x_wconf 79' lang='lat' dir='ltr'><strong>habitacula</strong></span> <span class='ocrx_word' id='word_1_562' title='bbox 1564 4027 1752 4074; x_wconf 90' lang='lat' dir='ltr'><strong>sancto</strong></span> <span class='ocrx_word' id='word_1_563' title='bbox 1778 4034 1875 4075; x_wconf 88' lang='lat' dir='ltr'><strong>suo</strong></span> <span class='ocrx_word' id='word_1_564' title='bbox 1900 4019 2050 4075; x_wconf 89' lang='lat' dir='ltr'><strong>dabit</strong></span> 
     </span>
    </p>
   </div>
   <div class='ocr_carea' id='block_1_73' title="bbox 475 4111 2050 4184">
    <p class='ocr_par' dir='ltr' id='par_1_73' title="bbox 475 4111 2050 4184">
     <span class='ocr_line' id='line_1_73' title="bbox 475 4111 2050 4184; baseline -0.001 -16"><span class='ocrx_word' id='word_1_565' title='bbox 475 4136 493 4168; x_wconf 75' lang='grc' dir='ltr'><strong>ι</strong></span> <span class='ocrx_word' id='word_1_566' title='bbox 530 4130 718 4171; x_wconf 89' lang='lat' dir='ltr'><strong>vocem</strong></span> <span class='ocrx_word' id='word_1_567' title='bbox 743 4130 916 4171; x_wconf 88' lang='lat' dir='ltr'><strong>suam.</strong></span> <span class='ocrx_word' id='word_1_568' title='bbox 947 4113 1188 4183; x_wconf 80' lang='lat' dir='ltr'><strong>Rugiens</strong></span> <span class='ocrx_word' id='word_1_569' title='bbox 1215 4113 1392 4184; x_wconf 86' lang='lat' dir='ltr'><strong>rugiet</strong></span> <span class='ocrx_word' id='word_1_570' title='bbox 1430 4126 1590 4182; x_wconf 89' lang='lat' dir='ltr'><strong>super</strong></span> <span class='ocrx_word' id='word_1_571' title='bbox 1612 4111 1864 4166; x_wconf 89' lang='lat' dir='ltr'><strong>decorem</strong></span> <span class='ocrx_word' id='word_1_572' title='bbox 1893 4126 2050 4166; x_wconf 91' lang='lat' dir='ltr'><strong>suum</strong></span> 
     </span>
    </p>
   </div>
   <div class='ocr_carea' id='block_1_74' title="bbox 477 4202 2049 4281">
    <p class='ocr_par' dir='ltr' id='par_1_74' title="bbox 477 4202 2049 4281">
     <span class='ocr_line' id='line_1_74' title="bbox 477 4202 2049 4281; baseline -0.001 -23"><span class='ocrx_word' id='word_1_573' title='bbox 477 4225 495 4258; x_wconf 83' lang='grc' dir='ltr'><strong>ι</strong></span> <span class='ocrx_word' id='word_1_574' title='bbox 535 4207 673 4278; x_wconf 86' lang='lat' dir='ltr'><strong>(sive</strong></span> <span class='ocrx_word' id='word_1_575' title='bbox 720 4205 1070 4276; x_wconf 91' lang='lat' dir='ltr'><strong>respondebit</strong></span> <span class='ocrx_word' id='word_1_576' title='bbox 1115 4219 1277 4272; x_wconf 89' lang='lat' dir='ltr'><strong>super</strong></span> <span class='ocrx_word' id='word_1_577' title='bbox 1325 4202 1503 4281; x_wconf 90' lang='lat' dir='ltr'><strong>locum</strong></span> <span class='ocrx_word' id='word_1_578' title='bbox 1542 4217 1700 4258; x_wconf 89' lang='lat' dir='ltr'><strong>suum</strong></span> <span class='ocrx_word' id='word_1_579' title='bbox 1744 4220 1759 4256; x_wconf 88' lang='lat'><strong>:</strong></span> <span class='ocrx_word' id='word_1_580' title='bbox 1806 4203 2049 4258; x_wconf 89' lang='lat' dir='ltr'><strong>celeuma</strong></span> 
     </span>
    </p>
   </div>
   <div class='ocr_carea' id='block_1_75' title="bbox 474 4295 2053 4368">
    <p class='ocr_par' dir='ltr' id='par_1_75' title="bbox 474 4295 2053 4368">
     <span class='ocr_line' id='line_1_75' title="bbox 474 4295 2053 4368; baseline -0.002 -17"><span class='ocrx_word' id='word_1_581' title='bbox 474 4321 491 4351; x_wconf 75' lang='grc' dir='ltr'><strong>ι</strong></span> <span class='ocrx_word' id='word_1_582' title='bbox 529 4300 683 4368; x_wconf 85' lang='lat' dir='ltr'><strong>quasi</strong></span> <span class='ocrx_word' id='word_1_583' title='bbox 711 4299 1038 4354; x_wconf 91' lang='lat' dir='ltr'><strong>calcantium</strong></span> <span class='ocrx_word' id='word_1_584' title='bbox 1067 4296 1404 4361; x_wconf 86' lang='lat' dir='ltr'><strong>concinetur,</strong></span> <span class='ocrx_word' id='word_1_585' title='bbox 1429 4296 1715 4352; x_wconf 91' lang='lat' dir='ltr'><strong>adversum</strong></span> <span class='ocrx_word' id='word_1_586' title='bbox 1748 4310 1935 4350; x_wconf 89' lang='lat' dir='ltr'><strong>omnes</strong></span> <span class='ocrx_word' id='word_1_587' title='bbox 1959 4295 2053 4349; x_wconf 89' lang='lat' dir='ltr'><strong>ha-</strong></span> 
     </span>
    </p>
   </div>
   <div class='ocr_carea' id='block_1_76' title="bbox 481 4385 2050 4471">
    <p class='ocr_par' dir='ltr' id='par_1_76' title="bbox 481 4385 2050 4471">
     <span class='ocr_line' id='line_1_76' title="bbox 481 4385 2050 4471; baseline -0.002 -29"><span class='ocrx_word' id='word_1_588' title='bbox 481 4409 499 4442; x_wconf 79' lang='grc' dir='ltr'><strong>ι</strong></span> <span class='ocrx_word' id='word_1_589' title='bbox 537 4391 802 4446; x_wconf 89' lang='lat' dir='ltr'><strong>bitatores</strong></span> <span class='ocrx_word' id='word_1_590' title='bbox 844 4398 1023 4471; x_wconf 63' lang='lat' dir='ltr'><strong>terra}.</strong></span> <span class='ocrx_word' id='word_1_591' title='bbox 1068 4386 1324 4443; x_wconf 89' lang='lat' dir='ltr'><strong>Pervenit</strong></span> <span class='ocrx_word' id='word_1_592' title='bbox 1365 4387 1575 4441; x_wconf 89' lang='lat' dir='ltr'><strong>sonitus</strong></span> <span class='ocrx_word' id='word_1_593' title='bbox 1611 4385 1736 4457; x_wconf 78' lang='lat' dir='ltr'><strong>(sive</strong></span> <span class='ocrx_word' id='word_1_594' title='bbox 1778 4385 2050 4458; x_wconf 88' lang='lat' dir='ltr'><strong>interitus)</strong></span> 
     </span>
    </p>
   </div>
   <div class='ocr_carea' id='block_1_77' title="bbox 483 4478 2053 4550">
    <p class='ocr_par' dir='ltr' id='par_1_77' title="bbox 483 4478 2053 4550">
     <span class='ocr_line' id='line_1_77' title="bbox 483 4478 2053 4550; baseline 0.001 -19"><span class='ocrx_word' id='word_1_595' title='bbox 483 4502 500 4531; x_wconf 76' lang='grc' dir='ltr'><strong>ι</strong></span> <span class='ocrx_word' id='word_1_596' title='bbox 541 4495 714 4549; x_wconf 87' lang='lat' dir='ltr'><strong>usque</strong></span> <span class='ocrx_word' id='word_1_597' title='bbox 738 4479 807 4532; x_wconf 90' lang='lat' dir='ltr'><strong>ad</strong></span> <span class='ocrx_word' id='word_1_598' title='bbox 829 4483 1077 4533; x_wconf 82' lang='lat' dir='ltr'><strong>extrem’a</strong></span> <span class='ocrx_word' id='word_1_599' title='bbox 1101 4478 1229 4550; x_wconf 81' lang='lat' dir='ltr'><strong>(sive</strong></span> <span class='ocrx_word' id='word_1_600' title='bbox 1253 4491 1418 4548; x_wconf 88' lang='lat' dir='ltr'><strong>super</strong></span> <span class='ocrx_word' id='word_1_601' title='bbox 1437 4478 1670 4549; x_wconf 91' lang='lat' dir='ltr'><strong>partem)</strong></span> <span class='ocrx_word' id='word_1_602' title='bbox 1700 4486 1857 4532; x_wconf 64' lang='lat' dir='ltr'><strong>terrae</strong></span> <span class='ocrx_word' id='word_1_603' title='bbox 1883 4496 1895 4530; x_wconf 90' lang='lat'><strong>:</strong></span> <span class='ocrx_word' id='word_1_604' title='bbox 1927 4478 2053 4548; x_wconf 87' lang='lat' dir='ltr'><strong>quia</strong></span> 
     </span>
    </p>
   </div>
   <div class='ocr_carea' id='block_1_78' title="bbox 454 4570 2057 4642">
    <p class='ocr_par' dir='ltr' id='par_1_78' title="bbox 454 4570 2057 4642">
     <span class='ocr_line' id='line_1_78' title="bbox 454 4570 2057 4642; baseline 0.002 -20"><span class='ocrx_word' id='word_1_605' title='bbox 454 4589 494 4641; x_wconf 37' lang='grc' dir='ltr'><strong>,ι</strong></span> <span class='ocrx_word' id='word_1_606' title='bbox 527 4570 793 4640; x_wconf 90' lang='lat' dir='ltr'><strong>judicium</strong></span> <span class='ocrx_word' id='word_1_607' title='bbox 838 4571 1067 4628; x_wconf 84' lang='lat' dir='ltr'><strong>Domino</strong></span> <span class='ocrx_word' id='word_1_608' title='bbox 1111 4587 1232 4626; x_wconf 91' lang='lat' dir='ltr'><strong>cum</strong></span> <span class='ocrx_word' id='word_1_609' title='bbox 1279 4572 1530 4642; x_wconf 88' lang='lat' dir='ltr'><strong>gentibus</strong></span> <span class='ocrx_word' id='word_1_610' title='bbox 1573 4589 1587 4625; x_wconf 84' lang='lat'><strong>:</strong></span> <span class='ocrx_word' id='word_1_611' title='bbox 1626 4571 1899 4642; x_wconf 88' lang='lat' dir='ltr'><strong>judicatur</strong></span> <span class='ocrx_word' id='word_1_612' title='bbox 1942 4572 2057 4642; x_wconf 86' lang='lat' dir='ltr'><strong>ipse</strong></span> 
     </span>
    </p>
   </div>
   <div class='ocr_carea' id='block_1_79' title="bbox 476 4663 2058 4735">
    <p class='ocr_par' dir='ltr' id='par_1_79' title="bbox 476 4663 2058 4735">
     <span class='ocr_line' id='line_1_79' title="bbox 476 4663 2058 4735; baseline 0.003 -21"><span class='ocrx_word' id='word_1_613' title='bbox 476 4683 493 4714; x_wconf 74' lang='grc' dir='ltr'><strong>ι</strong></span> <span class='ocrx_word' id='word_1_614' title='bbox 534 4678 658 4717; x_wconf 90' lang='lat' dir='ltr'><strong>cum</strong></span> <span class='ocrx_word' id='word_1_615' title='bbox 700 4663 845 4717; x_wconf 90' lang='lat' dir='ltr'><strong>omni</strong></span> <span class='ocrx_word' id='word_1_616' title='bbox 871 4678 1053 4729; x_wconf 90' lang='lat' dir='ltr'><strong>carne,</strong></span> <span class='ocrx_word' id='word_1_617' title='bbox 1085 4663 1279 4734; x_wconf 88' lang='lat' dir='ltr'><strong>impios</strong></span> <span class='ocrx_word' id='word_1_618' title='bbox 1313 4663 1510 4718; x_wconf 89' lang='lat' dir='ltr'><strong>tradidi</strong></span> <span class='ocrx_word' id='word_1_619' title='bbox 1553 4663 1749 4735; x_wconf 90' lang='lat' dir='ltr'><strong>gladio,</strong></span> <span class='ocrx_word' id='word_1_620' title='bbox 1780 4664 1910 4719; x_wconf 90' lang='lat' dir='ltr'><strong>dicit</strong></span> <span class='ocrx_word' id='word_1_621' title='bbox 1952 4663 2058 4718; x_wconf 93' lang='lat' dir='ltr'><strong>Do-</strong></span> 
     </span>
    </p>
   </div>
   <div class='ocr_carea' id='block_1_80' title="bbox 477 4752 2053 4824">
    <p class='ocr_par' dir='ltr' id='par_1_80' title="bbox 477 4752 2053 4824">
     <span class='ocr_line' id='line_1_80' title="bbox 477 4752 2053 4824; baseline 0.003 -20"><span class='ocrx_word' id='word_1_622' title='bbox 477 4771 496 4804; x_wconf 76' lang='grc' dir='ltr'>σ</span> <span class='ocrx_word' id='word_1_623' title='bbox 534 4753 734 4807; x_wconf 89' lang='lat' dir='ltr'><strong>minus.</strong></span> <span class='ocrx_word' id='word_1_624' title='bbox 784 4771 801 4802; x_wconf 70' lang='grc' dir='ltr'><strong>ι</strong></span> <span class='ocrx_word' id='word_1_625' title='bbox 837 4752 1075 4806; x_wconf 91' lang='lat' dir='ltr'><strong>Primum</strong></span> <span class='ocrx_word' id='word_1_626' title='bbox 1107 4752 1352 4808; x_wconf 90' lang='lat' dir='ltr'><strong>dicamus</strong></span> <span class='ocrx_word' id='word_1_627' title='bbox 1381 4762 1440 4807; x_wconf 92' lang='lat' dir='ltr'><strong>ut</strong></span> <span class='ocrx_word' id='word_1_628' title='bbox 1487 4768 1547 4809; x_wconf 90' lang='lat' dir='ltr'><strong>se</strong></span> <span class='ocrx_word' id='word_1_629' title='bbox 1594 4753 2053 4824; x_wconf 88' lang='lat' dir='ltr'><strong>interpretationis</strong></span> 
     </span>
    </p>
   </div>
   <div class='ocr_carea' id='block_1_81' title="bbox 470 4841 2054 4913">
    <p class='ocr_par' dir='ltr' id='par_1_81' title="bbox 470 4841 2054 4913">
     <span class='ocr_line' id='line_1_81' title="bbox 470 4841 2054 4913; baseline 0.003 -19"><span class='ocrx_word' id='word_1_630' title='bbox 470 4841 675 4907; x_wconf 84' lang='lat' dir='ltr'><strong>veritas</strong></span> <span class='ocrx_word' id='word_1_631' title='bbox 697 4841 877 4896; x_wconf 91' lang='lat' dir='ltr'><strong>habet.</strong></span> <span class='ocrx_word' id='word_1_632' title='bbox 904 4841 1147 4907; x_wconf 89' lang='lat' dir='ltr'><strong>Cunctis,</strong></span> <span class='ocrx_word' id='word_1_633' title='bbox 1190 4842 1384 4912; x_wconf 87' lang='lat' dir='ltr'><strong>inquit,</strong></span> <span class='ocrx_word' id='word_1_634' title='bbox 1408 4843 1663 4912; x_wconf 84' lang='lat' dir='ltr'><strong>gentibus</strong></span> <span class='ocrx_word' id='word_1_635' title='bbox 1704 4843 2054 4913; x_wconf 89' lang='lat' dir='ltr'><strong>prophetabis</strong></span> 
     </span>
    </p>
   </div>
   <div class='ocr_carea' id='block_1_82' title="bbox 473 4925 2053 5003">
    <p class='ocr_par' dir='ltr' id='par_1_82' title="bbox 473 4925 2053 5003">
     <span class='ocr_line' id='line_1_82' title="bbox 473 4925 2053 5003; baseline 0.001 -18"><span class='ocrx_word' id='word_1_636' title='bbox 473 4940 529 4986; x_wconf 90' lang='lat' dir='ltr'><strong>et</strong></span> <span class='ocrx_word' id='word_1_637' title='bbox 557 4931 726 4997; x_wconf 90' lang='lat' dir='ltr'><strong>dices,</strong></span> <span class='ocrx_word' id='word_1_638' title='bbox 760 4932 905 5000; x_wconf 91' lang='lat' dir='ltr'><strong>quod</strong></span> <span class='ocrx_word' id='word_1_639' title='bbox 931 4932 1190 4987; x_wconf 89' lang='lat' dir='ltr'><strong>Dominus</strong></span> <span class='ocrx_word' id='word_1_640' title='bbox 1229 4930 1297 4988; x_wconf 92' lang='lat' dir='ltr'><strong>de</strong></span> <span class='ocrx_word' id='word_1_641' title='bbox 1328 4932 1543 4989; x_wconf 91' lang='lat' dir='ltr'><strong>excelso</strong></span> <span class='ocrx_word' id='word_1_642' title='bbox 1587 4925 1788 5003; x_wconf 89' lang='lat' dir='ltr'><strong>rugiat,</strong></span> <span class='ocrx_word' id='word_1_643' title='bbox 1816 4933 1919 4988; x_wconf 90' lang='lat' dir='ltr'><strong>hoc</strong></span> <span class='ocrx_word' id='word_1_644' title='bbox 1945 4940 2053 5000; x_wconf 85' lang='lat' dir='ltr'><strong>est,</strong></span> 
     </span>
    </p>
   </div>
   <div class='ocr_carea' id='block_1_83' title="bbox 463 5018 2054 5094">
    <p class='ocr_par' dir='ltr' id='par_1_83' title="bbox 463 5018 2054 5094">
     <span class='ocr_line' id='line_1_83' title="bbox 463 5018 2054 5094; baseline 0.001 -17"><span class='ocrx_word' id='word_1_645' title='bbox 463 5018 569 5077; x_wconf 49' lang='lat' dir='ltr'><strong>&#39;det</strong></span> <span class='ocrx_word' id='word_1_646' title='bbox 594 5023 678 5076; x_wconf 91' lang='lat' dir='ltr'><strong>sui</strong></span> <span class='ocrx_word' id='word_1_647' title='bbox 716 5020 917 5077; x_wconf 82' lang='lat' dir='ltr'><strong>furoris</strong></span> <span class='ocrx_word' id='word_1_648' title='bbox 948 5021 1228 5088; x_wconf 88' lang='lat' dir='ltr'><strong>indicium,</strong></span> <span class='ocrx_word' id='word_1_649' title='bbox 1248 5022 1403 5090; x_wconf 80' lang='lat' dir='ltr'><strong>juxta</strong></span> <span class='ocrx_word' id='word_1_650' title='bbox 1432 5024 1584 5089; x_wconf 91' lang='lat' dir='ltr'><strong>illud,</strong></span> <span class='ocrx_word' id='word_1_651' title='bbox 1621 5025 1764 5094; x_wconf 89' lang='lat' dir='ltr'><strong>quod</strong></span> <span class='ocrx_word' id='word_1_652' title='bbox 1793 5025 2054 5094; x_wconf 88' lang='lat' dir='ltr'><strong>scriptum</strong></span> 
     </span>
    </p>
   </div>
   <div class='ocr_carea' id='block_1_84' title="bbox 475 5112 2057 5185">
    <p class='ocr_par' dir='ltr' id='par_1_84' title="bbox 475 5112 2057 5185">
     <span class='ocr_line' id='line_1_84' title="bbox 475 5112 2057 5185; baseline 0.003 -17"><span class='ocrx_word' id='word_1_653' title='bbox 475 5119 560 5168; x_wconf 88' lang='lat' dir='ltr'><strong>est</strong></span> <span class='ocrx_word' id='word_1_654' title='bbox 597 5129 609 5165; x_wconf 92' lang='lat'><strong>:</strong></span> <span class='ocrx_word' id='word_1_655' title='bbox 662 5130 682 5163; x_wconf 75' lang='grc' dir='ltr'><strong>ι</strong></span> <span class='ocrx_word' id='word_1_656' title='bbox 724 5112 836 5168; x_wconf 86' lang='lat' dir='ltr'><strong>Leo</strong></span> <span class='ocrx_word' id='word_1_657' title='bbox 876 5114 1067 5184; x_wconf 88' lang='lat' dir='ltr'><strong>rugiet,</strong></span> <span class='ocrx_word' id='word_1_658' title='bbox 1106 5122 1164 5170; x_wconf 89' lang='lat' dir='ltr'><strong>et</strong></span> <span class='ocrx_word' id='word_1_659' title='bbox 1191 5114 1315 5185; x_wconf 88' lang='lat' dir='ltr'><strong>quis</strong></span> <span class='ocrx_word' id='word_1_660' title='bbox 1355 5130 1462 5171; x_wconf 90' lang='lat' dir='ltr'><strong>non</strong></span> <span class='ocrx_word' id='word_1_661' title='bbox 1506 5116 1717 5170; x_wconf 86' lang='lat' dir='ltr'><strong>timebit</strong></span> <span class='ocrx_word' id='word_1_662' title='bbox 1750 5134 1764 5170; x_wconf 92' lang='lat'><strong>:</strong></span> <span class='ocrx_word' id='word_1_663' title='bbox 1796 5117 2057 5173; x_wconf 91' lang='lat' dir='ltr'><strong>Dominus</strong></span> 
     </span>
    </p>
   </div>
   <div class='ocr_carea' id='block_1_85' title="bbox 2080 4539 2135 4599">
    <p class='ocr_par' dir='ltr' id='par_1_85' title="bbox 2080 4539 2135 4599">
     <span class='ocr_line' id='line_1_85' title="bbox 2080 4539 2135 4599; baseline 0 0"><span class='ocrx_word' id='word_1_664' title='bbox 2080 4539 2135 4599; x_wconf 90' lang='lat' dir='ltr'><strong>D</strong></span> 
     </span>
    </p>
   </div>
   <div class='ocr_carea' id='block_1_86' title="bbox 2155 3298 3732 3370">
    <p class='ocr_par' dir='ltr' id='par_1_86' title="bbox 2155 3298 3732 3370">
     <span class='ocr_line' id='line_1_86' title="bbox 2155 3298 3732 3370; baseline 0.003 -18"><span class='ocrx_word' id='word_1_665' title='bbox 2155 3321 2174 3352; x_wconf 86' lang='grc'><strong><em>‹</em></strong></span> <span class='ocrx_word' id='word_1_666' title='bbox 2212 3298 2607 3369; x_wconf 76' lang='lat' dir='ltr'><strong>sterquilinlum</strong></span> <span class='ocrx_word' id='word_1_667' title='bbox 2628 3314 2792 3370; x_wconf 89' lang='lat' dir='ltr'><strong>super</strong></span> <span class='ocrx_word' id='word_1_668' title='bbox 2816 3299 3010 3357; x_wconf 79' lang='lat' dir='ltr'><strong>faciem</strong></span> <span class='ocrx_word' id='word_1_669' title='bbox 3038 3299 3196 3355; x_wconf 73' lang='lat' dir='ltr'><strong>terris</strong></span> <span class='ocrx_word' id='word_1_670' title='bbox 3233 3299 3507 3370; x_wconf 87' lang='lat' dir='ltr'><strong>iacebunt.</strong></span> <span class='ocrx_word' id='word_1_671' title='bbox 3548 3323 3567 3354; x_wconf 72' lang='grc' dir='ltr'><strong>ι</strong></span> <span class='ocrx_word' id='word_1_672' title='bbox 3601 3302 3732 3356; x_wconf 86' lang='lat' dir='ltr'><strong>Eru-</strong></span> 
     </span>
    </p>
   </div>
   <div class='ocr_carea' id='block_1_87' title="bbox 2149 3375 3731 3472">
    <p class='ocr_par' dir='ltr' id='par_1_87' title="bbox 2149 3375 3731 3472">
     <span class='ocr_line' id='line_1_87' title="bbox 2149 3375 3731 3472; baseline 0.002 -27"><span class='ocrx_word' id='word_1_673' title='bbox 2149 3391 2371 3446; x_wconf 82' lang='lat' dir='ltr'><strong>bescant</strong></span> <span class='ocrx_word' id='word_1_674' title='bbox 2417 3389 2508 3460; x_wconf 87' lang='lat' dir='ltr'><strong>qui</strong></span> <span class='ocrx_word' id='word_1_675' title='bbox 2529 3389 2640 3460; x_wconf 84' lang='lat' dir='ltr'><strong>vim</strong></span> <span class='ocrx_word' id='word_1_676' title='bbox 2672 3388 2964 3459; x_wconf 73' lang='lat' dir='ltr'><strong>Scripturze</strong></span> <span class='ocrx_word' id='word_1_677' title='bbox 2989 3375 3188 3472; x_wconf 62' lang='lat' dir='ltr'><strong>sanctae</strong></span> <span class='ocrx_word' id='word_1_678' title='bbox 3235 3391 3415 3447; x_wconf 81' lang='lat' dir='ltr'><strong>facere</strong></span> <span class='ocrx_word' id='word_1_679' title='bbox 3441 3404 3731 3460; x_wconf 90' lang='lat' dir='ltr'><strong>conantur,</strong></span> 
     </span>
    </p>
   </div>
   <div class='ocr_carea' id='block_1_88' title="bbox 2149 3483 3732 3556">
    <p class='ocr_par' dir='ltr' id='par_1_88' title="bbox 2149 3483 3732 3556">
     <span class='ocr_line' id='line_1_88' title="bbox 2149 3483 3732 3556; baseline 0.002 -18"><span class='ocrx_word' id='word_1_680' title='bbox 2149 3483 2206 3538; x_wconf 91' lang='lat' dir='ltr'><strong>in</strong></span> <span class='ocrx_word' id='word_1_681' title='bbox 2259 3483 2456 3537; x_wconf 86' lang='lat' dir='ltr'><strong>bonam</strong></span> <span class='ocrx_word' id='word_1_682' title='bbox 2509 3491 2720 3552; x_wconf 89' lang='lat' dir='ltr'><strong>partem</strong></span> <span class='ocrx_word' id='word_1_683' title='bbox 2792 3496 2855 3537; x_wconf 90' lang='lat' dir='ltr'><strong>ea</strong></span> <span class='ocrx_word' id='word_1_684' title='bbox 2910 3499 3029 3553; x_wconf 62' lang='lat' dir='ltr'><strong>quas</strong></span> <span class='ocrx_word' id='word_1_685' title='bbox 3084 3485 3519 3540; x_wconf 86' lang='lat' dir='ltr'><strong>comminationis</strong></span> <span class='ocrx_word' id='word_1_686' title='bbox 3576 3486 3732 3556; x_wconf 85' lang='lat' dir='ltr'><strong>plena</strong></span> 
     </span>
    </p>
   </div>
   <div class='ocr_carea' id='block_1_89' title="bbox 2148 3573 3733 3646">
    <p class='ocr_par' dir='ltr' id='par_1_89' title="bbox 2148 3573 3733 3646">
     <span class='ocr_line' id='line_1_89' title="bbox 2148 3573 3733 3646; baseline 0.001 -18"><span class='ocrx_word' id='word_1_687' title='bbox 2148 3581 2275 3628; x_wconf 89' lang='lat' dir='ltr'><strong>sunt</strong></span> <span class='ocrx_word' id='word_1_688' title='bbox 2326 3574 2672 3630; x_wconf 87' lang='lat' dir='ltr'><strong>disserentes.</strong></span> <span class='ocrx_word' id='word_1_689' title='bbox 2702 3573 2904 3629; x_wconf 58' lang='lat' dir='ltr'><strong>De&#39;hoc</strong></span> <span class='ocrx_word' id='word_1_690' title='bbox 2935 3583 3114 3630; x_wconf 91' lang='lat' dir='ltr'><strong>autem</strong></span> <span class='ocrx_word' id='word_1_691' title='bbox 3147 3585 3278 3646; x_wconf 91' lang='lat' dir='ltr'><strong>puto</strong></span> <span class='ocrx_word' id='word_1_692' title='bbox 3303 3576 3425 3631; x_wconf 87' lang='lat' dir='ltr'><strong>loco</strong></span> <span class='ocrx_word' id='word_1_693' title='bbox 3450 3575 3653 3632; x_wconf 80' lang='lat' dir='ltr'><strong>dixisse</strong></span> <span class='ocrx_word' id='word_1_694' title='bbox 3678 3585 3733 3630; x_wconf 89' lang='lat' dir='ltr'><strong>et</strong></span> 
     </span>
    </p>
   </div>
   <div class='ocr_carea' id='block_1_90' title="bbox 2149 3665 3733 3737">
    <p class='ocr_par' dir='ltr' id='par_1_90' title="bbox 2149 3665 3733 3737">
     <span class='ocr_line' id='line_1_90' title="bbox 2149 3665 3733 3737; baseline -0.001 -16"><span class='ocrx_word' id='word_1_695' title='bbox 2149 3666 2474 3721; x_wconf 88' lang='lat' dir='ltr'><strong>Dominum:</strong></span> <span class='ocrx_word' id='word_1_696' title='bbox 2512 3683 2530 3716; x_wconf 73' lang='grc' dir='ltr'><strong>ε</strong></span> <span class='ocrx_word' id='word_1_697' title='bbox 2563 3665 2865 3736; x_wconf 88' lang='lat' dir='ltr'><strong>Consurget</strong></span> <span class='ocrx_word' id='word_1_698' title='bbox 2901 3681 3032 3736; x_wconf 87' lang='lat' dir='ltr'><strong>gens</strong></span> <span class='ocrx_word' id='word_1_699' title='bbox 3053 3667 3340 3722; x_wconf 88' lang='lat' dir='ltr'><strong>adversum</strong></span> <span class='ocrx_word' id='word_1_700' title='bbox 3377 3676 3595 3737; x_wconf 86' lang='lat' dir='ltr'><strong>gentem</strong></span> <span class='ocrx_word' id='word_1_701' title='bbox 3619 3707 3635 3733; x_wconf 95' lang='lat'><strong>,</strong></span> <span class='ocrx_word' id='word_1_702' title='bbox 3677 3675 3733 3722; x_wconf 87' lang='lat' dir='ltr'><strong>et</strong></span> 
     </span>
    </p>
   </div>
   <div class='ocr_carea' id='block_1_91' title="bbox 2150 3756 3732 3830">
    <p class='ocr_par' dir='ltr' id='par_1_91' title="bbox 2150 3756 3732 3830">
     <span class='ocr_line' id='line_1_91' title="bbox 2150 3756 3732 3830; baseline -0.001 -16"><span class='ocrx_word' id='word_1_703' title='bbox 2150 3775 2379 3830; x_wconf 84' lang='lat' dir='ltr'><strong>regnum</strong></span> <span class='ocrx_word' id='word_1_704' title='bbox 2403 3766 2593 3814; x_wconf 86' lang='lat' dir='ltr'><strong>contra</strong></span> <span class='ocrx_word' id='word_1_705' title='bbox 2614 3767 2839 3830; x_wconf 88' lang='lat' dir='ltr'><strong>regnum</strong></span> <span class='ocrx_word' id='word_1_706' title='bbox 2863 3756 3014 3829; x_wconf 88' lang='lat' dir='ltr'><strong>(Luc.</strong></span> <span class='ocrx_word' id='word_1_707' title='bbox 3050 3758 3165 3830; x_wconf 78' lang='lat' dir='ltr'><strong>xxr)</strong></span> <span class='ocrx_word' id='word_1_708' title='bbox 3185 3799 3200 3825; x_wconf 95' lang='lat'><strong>,</strong></span> <span class='ocrx_word' id='word_1_709' title='bbox 3236 3779 3272 3811; x_wconf 64' lang='grc' dir='ltr'>»ι</span> <span class='ocrx_word' id='word_1_710' title='bbox 3298 3767 3354 3814; x_wconf 90' lang='lat' dir='ltr'><strong>et</strong></span> <span class='ocrx_word' id='word_1_711' title='bbox 3389 3768 3583 3814; x_wconf 73' lang='lat' dir='ltr'><strong>caetera</strong></span> <span class='ocrx_word' id='word_1_712' title='bbox 3616 3773 3732 3828; x_wconf 71' lang='lat' dir='ltr'><strong>quae</strong></span> 
     </span>
    </p>
   </div>
   <div class='ocr_carea' id='block_1_92' title="bbox 2152 3848 3731 3921">
    <p class='ocr_par' dir='ltr' id='par_1_92' title="bbox 2152 3848 3731 3921">
     <span class='ocr_line' id='line_1_92' title="bbox 2152 3848 3731 3921; baseline -0.002 -15"><span class='ocrx_word' id='word_1_713' title='bbox 2152 3853 2202 3906; x_wconf 93' lang='lat' dir='ltr'><strong>in</strong></span> <span class='ocrx_word' id='word_1_714' title='bbox 2234 3852 2349 3921; x_wconf 90' lang='lat' dir='ltr'><strong>ipsa</strong></span> <span class='ocrx_word' id='word_1_715' title='bbox 2375 3848 2649 3918; x_wconf 86' lang='lat' dir='ltr'><strong>Evangelii</strong></span> <span class='ocrx_word' id='word_1_716' title='bbox 2677 3849 2945 3904; x_wconf 88' lang='lat' dir='ltr'><strong>sententia</strong></span> <span class='ocrx_word' id='word_1_717' title='bbox 2972 3850 3335 3904; x_wconf 88' lang='lat' dir='ltr'><strong>continentur.</strong></span> <span class='ocrx_word' id='word_1_718' title='bbox 3368 3848 3731 3920; x_wconf 80' lang='lat' dir='ltr'><strong>Intelligainus</strong></span> 
     </span>
    </p>
   </div>
   <div class='ocr_carea' id='block_1_93' title="bbox 2150 3938 3730 4010">
    <p class='ocr_par' dir='ltr' id='par_1_93' title="bbox 2150 3938 3730 4010">
     <span class='ocr_line' id='line_1_93' title="bbox 2150 3938 3730 4010; baseline -0.001 -14"><span class='ocrx_word' id='word_1_719' title='bbox 2150 3950 2329 3997; x_wconf 91' lang='lat' dir='ltr'><strong>autem</strong></span> <span class='ocrx_word' id='word_1_720' title='bbox 2363 3941 2477 3996; x_wconf 63' lang='lat' dir='ltr'><strong>haec</strong></span> <span class='ocrx_word' id='word_1_721' title='bbox 2503 3938 2644 3995; x_wconf 88' lang='lat' dir='ltr'><strong>facta</strong></span> <span class='ocrx_word' id='word_1_722' title='bbox 2659 3940 2815 4010; x_wconf 82' lang='lat' dir='ltr'><strong>juxta</strong></span> <span class='ocrx_word' id='word_1_723' title='bbox 2841 3939 3140 4003; x_wconf 85' lang='lat' dir='ltr'><strong>historiam,</strong></span> <span class='ocrx_word' id='word_1_724' title='bbox 3171 3939 3388 4009; x_wconf 88' lang='lat' dir='ltr'><strong>quando</strong></span> <span class='ocrx_word' id='word_1_725' title='bbox 3411 3954 3442 3993; x_wconf 87' lang='lat' dir='ltr'><strong>a</strong></span> <span class='ocrx_word' id='word_1_726' title='bbox 3475 3955 3602 4010; x_wconf 88' lang='lat' dir='ltr'><strong>rege</strong></span> <span class='ocrx_word' id='word_1_727' title='bbox 3631 3939 3730 3994; x_wconf 84' lang='lat' dir='ltr'><strong>Ba-</strong></span> 
     </span>
    </p>
   </div>
   <div class='ocr_carea' id='block_1_94' title="bbox 2149 4027 3728 4106">
    <p class='ocr_par' dir='ltr' id='par_1_94' title="bbox 2149 4027 3728 4106">
     <span class='ocr_line' id='line_1_94' title="bbox 2149 4027 3728 4106; baseline -0.003 -19"><span class='ocrx_word' id='word_1_728' title='bbox 2149 4031 2367 4103; x_wconf 87' lang='lat' dir='ltr'><strong>bylonio</strong></span> <span class='ocrx_word' id='word_1_729' title='bbox 2389 4039 2599 4085; x_wconf 82' lang='lat' dir='ltr'><strong>cunctae</strong></span> <span class='ocrx_word' id='word_1_730' title='bbox 2629 4030 2880 4084; x_wconf 88' lang='lat' dir='ltr'><strong>nationes</strong></span> <span class='ocrx_word' id='word_1_731' title='bbox 2910 4029 2965 4082; x_wconf 92' lang='lat' dir='ltr'><strong>in</strong></span> <span class='ocrx_word' id='word_1_732' title='bbox 2994 4027 3222 4084; x_wconf 89' lang='lat' dir='ltr'><strong>circuitu</strong></span> <span class='ocrx_word' id='word_1_733' title='bbox 3261 4029 3728 4106; x_wconf 65' lang='lat' dir='ltr'><strong>subjugatzesunt,</strong></span> 
     </span>
    </p>
   </div>
   <div class='ocr_carea' id='block_1_95' title="bbox 2151 4119 3730 4193">
    <p class='ocr_par' dir='ltr' id='par_1_95' title="bbox 2151 4119 3730 4193">
     <span class='ocr_line' id='line_1_95' title="bbox 2151 4119 3730 4193; baseline 0 -16"><span class='ocrx_word' id='word_1_734' title='bbox 2151 4132 2207 4177; x_wconf 92' lang='lat' dir='ltr'><strong>et</strong></span> <span class='ocrx_word' id='word_1_735' title='bbox 2233 4123 2518 4193; x_wconf 87' lang='lat' dir='ltr'><strong>imperium</strong></span> <span class='ocrx_word' id='word_1_736' title='bbox 2544 4121 2658 4190; x_wconf 91' lang='lat' dir='ltr'><strong>ejus</strong></span> <span class='ocrx_word' id='word_1_737' title='bbox 2685 4136 2906 4176; x_wconf 90' lang='lat' dir='ltr'><strong>sensere</strong></span> <span class='ocrx_word' id='word_1_738' title='bbox 2929 4119 3164 4176; x_wconf 84' lang='lat' dir='ltr'><strong>crudele.</strong></span> <span class='ocrx_word' id='word_1_739' title='bbox 3196 4119 3292 4177; x_wconf 76' lang='lat' dir='ltr'><strong>Vel</strong></span> <span class='ocrx_word' id='word_1_740' title='bbox 3321 4121 3480 4192; x_wconf 87' lang='lat' dir='ltr'><strong>juxta</strong></span> <span class='ocrx_word' id='word_1_741' title='bbox 3506 4123 3730 4192; x_wconf 53' lang='lat' dir='ltr'><strong>prophe-</strong></span> 
     </span>
    </p>
   </div>
   <div class='ocr_carea' id='block_1_96' title="bbox 2154 4213 3730 4285">
    <p class='ocr_par' dir='ltr' id='par_1_96' title="bbox 2154 4213 3730 4285">
     <span class='ocr_line' id='line_1_96' title="bbox 2154 4213 3730 4285; baseline 0.002 -17"><span class='ocrx_word' id='word_1_742' title='bbox 2154 4213 2284 4268; x_wconf 89' lang='lat' dir='ltr'><strong>tiam</strong></span> <span class='ocrx_word' id='word_1_743' title='bbox 2327 4213 2487 4285; x_wconf 91' lang='lat' dir='ltr'><strong>longo</strong></span> <span class='ocrx_word' id='word_1_744' title='bbox 2516 4220 2638 4284; x_wconf 91' lang='lat' dir='ltr'><strong>post</strong></span> <span class='ocrx_word' id='word_1_745' title='bbox 2688 4221 2928 4283; x_wconf 89' lang='lat' dir='ltr'><strong>tempore</strong></span> <span class='ocrx_word' id='word_1_746' title='bbox 2967 4215 3021 4267; x_wconf 94' lang='lat' dir='ltr'><strong>in</strong></span> <span class='ocrx_word' id='word_1_747' title='bbox 3054 4214 3521 4270; x_wconf 90' lang='lat' dir='ltr'><strong>consummatione</strong></span> <span class='ocrx_word' id='word_1_748' title='bbox 3551 4217 3730 4271; x_wconf 88' lang='lat' dir='ltr'><strong>mundi</strong></span> 
     </span>
    </p>
   </div>
   <div class='ocr_carea' id='block_1_97' title="bbox 2151 4305 3732 4379">
    <p class='ocr_par' dir='ltr' id='par_1_97' title="bbox 2151 4305 3732 4379">
     <span class='ocr_line' id='line_1_97' title="bbox 2151 4305 3732 4379; baseline 0.003 -20"><span class='ocrx_word' id='word_1_749' title='bbox 2151 4305 2350 4361; x_wconf 80' lang='lat' dir='ltr'><strong>futura.</strong></span> <span class='ocrx_word' id='word_1_750' title='bbox 2395 4305 2764 4376; x_wconf 89' lang='lat' dir='ltr'><strong>Dieunturque</strong></span> <span class='ocrx_word' id='word_1_751' title='bbox 2806 4305 3070 4361; x_wconf 86' lang='lat' dir='ltr'><strong>interfecti</strong></span> <span class='ocrx_word' id='word_1_752' title='bbox 3115 4322 3142 4360; x_wconf 89' lang='lat' dir='ltr'><strong>a</strong></span> <span class='ocrx_word' id='word_1_753' title='bbox 3182 4307 3434 4373; x_wconf 89' lang='lat' dir='ltr'><strong>Domino,</strong></span> <span class='ocrx_word' id='word_1_754' title='bbox 3462 4325 3569 4364; x_wconf 93' lang='lat' dir='ltr'><strong>non</strong></span> <span class='ocrx_word' id='word_1_755' title='bbox 3594 4310 3732 4379; x_wconf 87' lang='lat' dir='ltr'><strong>quod</strong></span> 
     </span>
    </p>
   </div>
   <div class='ocr_carea' id='block_1_98' title="bbox 2155 4397 3731 4472">
    <p class='ocr_par' dir='ltr' id='par_1_98' title="bbox 2155 4397 3731 4472">
     <span class='ocr_line' id='line_1_98' title="bbox 2155 4397 3731 4472; baseline 0.004 -22"><span class='ocrx_word' id='word_1_756' title='bbox 2155 4397 2414 4451; x_wconf 90' lang='lat' dir='ltr'><strong>Dominus</strong></span> <span class='ocrx_word' id='word_1_757' title='bbox 2443 4397 2557 4465; x_wconf 89' lang='lat' dir='ltr'><strong>ipse</strong></span> <span class='ocrx_word' id='word_1_758' title='bbox 2607 4397 2893 4466; x_wconf 89' lang='lat' dir='ltr'><strong>percutiat,</strong></span> <span class='ocrx_word' id='word_1_759' title='bbox 2947 4399 3040 4453; x_wconf 93' lang='lat' dir='ltr'><strong>sed</strong></span> <span class='ocrx_word' id='word_1_760' title='bbox 3085 4399 3306 4469; x_wconf 88' lang='lat' dir='ltr'><strong>quodin</strong></span> <span class='ocrx_word' id='word_1_761' title='bbox 3357 4401 3581 4455; x_wconf 89' lang='lat' dir='ltr'><strong>interitu</strong></span> <span class='ocrx_word' id='word_1_762' title='bbox 3611 4418 3731 4472; x_wconf 80' lang='lat' dir='ltr'><strong>pes-</strong></span> 
     </span>
    </p>
   </div>
   <div class='ocr_carea' id='block_1_99' title="bbox 2159 4487 3728 4562">
    <p class='ocr_par' dir='ltr' id='par_1_99' title="bbox 2159 4487 3728 4562">
     <span class='ocr_line' id='line_1_99' title="bbox 2159 4487 3728 4562; baseline 0.003 -20"><span class='ocrx_word' id='word_1_763' title='bbox 2159 4488 2418 4543; x_wconf 91' lang='lat' dir='ltr'><strong>simorum</strong></span> <span class='ocrx_word' id='word_1_764' title='bbox 2445 4487 2693 4543; x_wconf 89' lang='lat' dir='ltr'><strong>voluntas</strong></span> <span class='ocrx_word' id='word_1_765' title='bbox 2737 4498 2793 4543; x_wconf 89' lang='lat' dir='ltr'><strong>et</strong></span> <span class='ocrx_word' id='word_1_766' title='bbox 2825 4489 3109 4559; x_wconf 90' lang='lat' dir='ltr'><strong>imperium</strong></span> <span class='ocrx_word' id='word_1_767' title='bbox 3138 4489 3350 4546; x_wconf 89' lang='lat' dir='ltr'><strong>Domini</strong></span> <span class='ocrx_word' id='word_1_768' title='bbox 3381 4493 3728 4562; x_wconf 90' lang='lat' dir='ltr'><strong>compleatur.</strong></span> 
     </span>
    </p>
   </div>
   <div class='ocr_carea' id='block_1_100' title="bbox 2236 4569 3728 4649">
    <p class='ocr_par' dir='ltr' id='par_1_100' title="bbox 2236 4569 3728 4649">
     <span class='ocr_line' id='line_1_100' title="bbox 2236 4569 3728 4649; baseline 0.009 -23"><span class='ocrx_word' id='word_1_769' title='bbox 2236 4594 2254 4626; x_wconf 81' lang='grc' dir='ltr'><strong>ι</strong></span> <span class='ocrx_word' id='word_1_770' title='bbox 2297 4573 2505 4630; x_wconf 90' lang='lat' dir='ltr'><strong>Ululate</strong></span> <span class='ocrx_word' id='word_1_771' title='bbox 2546 4575 2688 4647; x_wconf 85' lang='lat' dir='ltr'><strong>(sive</strong></span> <span class='ocrx_word' id='word_1_772' title='bbox 2712 4569 3014 4649; x_wconf 72' lang='lat' dir='ltr'><strong>&#39;jubilate),</strong></span> <span class='ocrx_word' id='word_1_773' title='bbox 3054 4591 3333 4648; x_wconf 88' lang='lat' dir='ltr'><strong>pastores,</strong></span> <span class='ocrx_word' id='word_1_774' title='bbox 3380 4592 3437 4637; x_wconf 90' lang='lat' dir='ltr'><strong>et</strong></span> <span class='ocrx_word' id='word_1_775' title='bbox 3476 4583 3728 4647; x_wconf 88' lang='lat' dir='ltr'><strong>clamate;</strong></span> 
     </span>
    </p>
   </div>
   <div class='ocr_carea' id='block_1_101' title="bbox 2164 4666 3728 4743">
    <p class='ocr_par' dir='ltr' id='par_1_101' title="bbox 2164 4666 3728 4743">
     <span class='ocr_line' id='line_1_101' title="bbox 2164 4666 3728 4743; baseline 0.006 -24"><span class='ocrx_word' id='word_1_776' title='bbox 2164 4683 2182 4718; x_wconf 79' lang='grc' dir='ltr'><strong>ι</strong></span> <span class='ocrx_word' id='word_1_777' title='bbox 2219 4666 2486 4735; x_wconf 88' lang='lat' dir='ltr'><strong>aspergite</strong></span> <span class='ocrx_word' id='word_1_778' title='bbox 2513 4680 2610 4721; x_wconf 91' lang='lat' dir='ltr'><strong>vos</strong></span> <span class='ocrx_word' id='word_1_779' title='bbox 2652 4667 2851 4733; x_wconf 90' lang='lat' dir='ltr'><strong>cinere,</strong></span> <span class='ocrx_word' id='word_1_780' title='bbox 2883 4669 3170 4738; x_wconf 91' lang='lat' dir='ltr'><strong>optimates</strong></span> <span class='ocrx_word' id='word_1_781' title='bbox 3200 4673 3378 4742; x_wconf 88' lang='lat' dir='ltr'><strong>gregis</strong></span> <span class='ocrx_word' id='word_1_782' title='bbox 3424 4671 3551 4742; x_wconf 79' lang='lat' dir='ltr'><strong>(sive</strong></span> <span class='ocrx_word' id='word_1_783' title='bbox 3581 4674 3728 4743; x_wconf 84' lang='lat' dir='ltr'><strong>plan-</strong></span> 
     </span>
    </p>
   </div>
   <div class='ocr_carea' id='block_1_102' title="bbox 2146 4755 3727 4830">
    <p class='ocr_par' dir='ltr' id='par_1_102' title="bbox 2146 4755 3727 4830">
     <span class='ocr_line' id='line_1_102' title="bbox 2146 4755 3727 4830; baseline 0.006 -22"><span class='ocrx_word' id='word_1_784' title='bbox 2146 4755 2330 4828; x_wconf 63' lang='lat' dir='ltr'><strong>‘ilgite</strong></span> <span class='ocrx_word' id='word_1_785' title='bbox 2359 4757 2557 4812; x_wconf 90' lang='lat' dir='ltr'><strong>arietes</strong></span> <span class='ocrx_word' id='word_1_786' title='bbox 2588 4757 2827 4830; x_wconf 90' lang='lat' dir='ltr'><strong>ovium),</strong></span> <span class='ocrx_word' id='word_1_787' title='bbox 2859 4762 2983 4829; x_wconf 89' lang='lat' dir='ltr'><strong>quia</strong></span> <span class='ocrx_word' id='word_1_788' title='bbox 3012 4761 3212 4829; x_wconf 89' lang='lat' dir='ltr'><strong>impleti</strong></span> <span class='ocrx_word' id='word_1_789' title='bbox 3248 4771 3376 4816; x_wconf 89' lang='lat' dir='ltr'><strong>sunt</strong></span> <span class='ocrx_word' id='word_1_790' title='bbox 3405 4763 3522 4819; x_wconf 92' lang='lat' dir='ltr'><strong>dies</strong></span> <span class='ocrx_word' id='word_1_791' title='bbox 3550 4767 3727 4828; x_wconf 85' lang='lat' dir='ltr'><strong>vestri,</strong></span> 
     </span>
    </p>
   </div>
   <div class='ocr_carea' id='block_1_103' title="bbox 2165 4849 3731 4922">
    <p class='ocr_par' dir='ltr' id='par_1_103' title="bbox 2165 4849 3731 4922">
     <span class='ocr_line' id='line_1_103' title="bbox 2165 4849 3731 4922; baseline 0.007 -20"><span class='ocrx_word' id='word_1_792' title='bbox 2165 4867 2184 4900; x_wconf 70' lang='grc' dir='ltr'><strong>ί</strong></span> <span class='ocrx_word' id='word_1_793' title='bbox 2221 4857 2280 4903; x_wconf 85' lang='grc' dir='ltr'><strong>ιιι</strong></span> <span class='ocrx_word' id='word_1_794' title='bbox 2306 4849 2737 4916; x_wconf 76' lang='lat' dir='ltr'><strong>interﬁciamini,</strong></span> <span class='ocrx_word' id='word_1_795' title='bbox 2764 4860 2818 4906; x_wconf 93' lang='lat' dir='ltr'><strong>et</strong></span> <span class='ocrx_word' id='word_1_796' title='bbox 2846 4852 3227 4922; x_wconf 87' lang='lat' dir='ltr'><strong>dissipationes</strong></span> <span class='ocrx_word' id='word_1_797' title='bbox 3252 4865 3468 4922; x_wconf 65' lang='lat' dir='ltr'><strong>vestrae,</strong></span> <span class='ocrx_word' id='word_1_798' title='bbox 3495 4864 3552 4912; x_wconf 91' lang='lat' dir='ltr'><strong>et</strong></span> <span class='ocrx_word' id='word_1_799' title='bbox 3579 4859 3731 4913; x_wconf 85' lang='lat' dir='ltr'><strong>cade-</strong></span> 
     </span>
    </p>
   </div>
   <div class='ocr_carea' id='block_1_104' title="bbox 2165 4941 3726 5019">
    <p class='ocr_par' dir='ltr' id='par_1_104' title="bbox 2165 4941 3726 5019">
     <span class='ocr_line' id='line_1_104' title="bbox 2165 4941 3726 5019; baseline 0.005 -27"><span class='ocrx_word' id='word_1_800' title='bbox 2165 4960 2182 4992; x_wconf 78' lang='grc' dir='ltr'><strong>ι</strong></span> <span class='ocrx_word' id='word_1_801' title='bbox 2217 4941 2289 4995; x_wconf 88' lang='lat' dir='ltr'><strong>tis</strong></span> <span class='ocrx_word' id='word_1_802' title='bbox 2318 4941 2473 5010; x_wconf 89' lang='lat' dir='ltr'><strong>quasi</strong></span> <span class='ocrx_word' id='word_1_803' title='bbox 2502 4955 2626 4996; x_wconf 89' lang='lat' dir='ltr'><strong>vasa</strong></span> <span class='ocrx_word' id='word_1_804' title='bbox 2675 4943 2911 5011; x_wconf 85' lang='lat' dir='ltr'><strong>pretiosa</strong></span> <span class='ocrx_word' id='word_1_805' title='bbox 2942 4945 3067 5014; x_wconf 82' lang='lat' dir='ltr'><strong>(sire</strong></span> <span class='ocrx_word' id='word_1_806' title='bbox 3093 4946 3245 5015; x_wconf 88' lang='lat' dir='ltr'><strong>quasi</strong></span> <span class='ocrx_word' id='word_1_807' title='bbox 3288 4947 3493 5002; x_wconf 90' lang='lat' dir='ltr'><strong>arietes</strong></span> <span class='ocrx_word' id='word_1_808' title='bbox 3532 4949 3726 5019; x_wconf 80' lang='lat' dir='ltr'><strong>electi).</strong></span> 
     </span>
    </p>
   </div>
   <div class='ocr_carea' id='block_1_105' title="bbox 2164 5031 3731 5108">
    <p class='ocr_par' dir='ltr' id='par_1_105' title="bbox 2164 5031 3731 5108">
     <span class='ocr_line' id='line_1_105' title="bbox 2164 5031 3731 5108; baseline 0.006 -26"><span class='ocrx_word' id='word_1_809' title='bbox 2164 5049 2184 5082; x_wconf 75' lang='grc' dir='ltr'><strong>ι</strong></span> <span class='ocrx_word' id='word_1_810' title='bbox 2221 5031 2288 5085; x_wconf 85' lang='grc' dir='ltr'>Ει</span> <span class='ocrx_word' id='word_1_811' title='bbox 2317 5033 2514 5100; x_wconf 91' lang='lat' dir='ltr'><strong>peribit</strong></span> <span class='ocrx_word' id='word_1_812' title='bbox 2544 5032 2671 5102; x_wconf 84' lang='lat' dir='ltr'><strong>fuga</strong></span> <span class='ocrx_word' id='word_1_813' title='bbox 2713 5048 2744 5087; x_wconf 87' lang='lat' dir='ltr'><strong>a</strong></span> <span class='ocrx_word' id='word_1_814' title='bbox 2787 5035 3116 5104; x_wconf 89' lang='lat' dir='ltr'><strong>pastoribus,</strong></span> <span class='ocrx_word' id='word_1_815' title='bbox 3146 5047 3202 5091; x_wconf 90' lang='lat' dir='ltr'><strong>et</strong></span> <span class='ocrx_word' id='word_1_816' title='bbox 3245 5037 3471 5092; x_wconf 88' lang='lat' dir='ltr'><strong>salvatio</strong></span> <span class='ocrx_word' id='word_1_817' title='bbox 3505 5039 3573 5093; x_wconf 91' lang='lat' dir='ltr'><strong>ab</strong></span> <span class='ocrx_word' id='word_1_818' title='bbox 3601 5040 3731 5108; x_wconf 83' lang='lat' dir='ltr'><strong>opti-</strong></span> 
     </span>
    </p>
   </div>
   <div class='ocr_carea' id='block_1_106' title="bbox 2165 5121 3730 5200">
    <p class='ocr_par' dir='ltr' id='par_1_106' title="bbox 2165 5121 3730 5200">
     <span class='ocr_line' id='line_1_106' title="bbox 2165 5121 3730 5200; baseline 0.008 -26"><span class='ocrx_word' id='word_1_819' title='bbox 2165 5139 2186 5174; x_wconf 81' lang='grc' dir='ltr'><strong>ι</strong></span> <span class='ocrx_word' id='word_1_820' title='bbox 2221 5123 2456 5176; x_wconf 89' lang='lat' dir='ltr'><strong>matibus</strong></span> <span class='ocrx_word' id='word_1_821' title='bbox 2493 5121 2624 5194; x_wconf 88' lang='lat' dir='ltr'><strong>(sive</strong></span> <span class='ocrx_word' id='word_1_822' title='bbox 2674 5124 2931 5179; x_wconf 89' lang='lat' dir='ltr'><strong>arietibus</strong></span> <span class='ocrx_word' id='word_1_823' title='bbox 2960 5126 3177 5198; x_wconf 85' lang='lat' dir='ltr'><strong>gregis).</strong></span> <span class='ocrx_word' id='word_1_824' title='bbox 3214 5147 3233 5180; x_wconf 86' lang='grc'><strong>›</strong></span> <span class='ocrx_word' id='word_1_825' title='bbox 3266 5127 3570 5183; x_wconf 85' lang='lat' dir='ltr'><strong>Notandum</strong></span> <span class='ocrx_word' id='word_1_826' title='bbox 3598 5128 3730 5200; x_wconf 79' lang='lat' dir='ltr'><strong>quod</strong></span> 
     </span>
    </p>
   </div>
   <div class='ocr_carea' id='block_1_107' title="bbox 478 5204 3732 5286">
    <p class='ocr_par' dir='ltr' id='par_1_107' title="bbox 478 5204 3732 5286">
     <span class='ocr_line' id='line_1_107' title="bbox 478 5204 3732 5286; baseline 0.004 -29"><span class='ocrx_word' id='word_1_827' title='bbox 478 5204 690 5258; x_wconf 91' lang='lat' dir='ltr'><strong>locutus</strong></span> <span class='ocrx_word' id='word_1_828' title='bbox 711 5212 816 5269; x_wconf 89' lang='lat' dir='ltr'><strong>est,</strong></span> <span class='ocrx_word' id='word_1_829' title='bbox 857 5204 976 5274; x_wconf 91' lang='lat' dir='ltr'><strong>quis</strong></span> <span class='ocrx_word' id='word_1_830' title='bbox 1006 5220 1112 5259; x_wconf 88' lang='lat' dir='ltr'><strong>non</strong></span> <span class='ocrx_word' id='word_1_831' title='bbox 1137 5206 1721 5278; x_wconf 42' lang='lat' dir='ltr'><strong>prophetabit?.(Amos</strong></span> <span class='ocrx_word' id='word_1_832' title='bbox 1754 5206 1867 5280; x_wconf 83' lang='grc' dir='ltr'>ιιι)›</span> <span class='ocrx_word' id='word_1_833' title='bbox 1894 5215 1949 5263; x_wconf 92' lang='lat' dir='ltr'><strong>et</strong></span> <span class='ocrx_word' id='word_1_834' title='bbox 1994 5209 2060 5263; x_wconf 90' lang='lat' dir='ltr'><strong>de</strong></span> <span class='ocrx_word' id='word_1_835' title='bbox 2160 5212 2214 5267; x_wconf 89' lang='lat' dir='ltr'><strong>in</strong></span> <span class='ocrx_word' id='word_1_836' title='bbox 2275 5212 2378 5266; x_wconf 90' lang='lat' dir='ltr'><strong>hoc</strong></span> <span class='ocrx_word' id='word_1_837' title='bbox 2423 5219 2631 5266; x_wconf 89' lang='lat' dir='ltr'><strong>tantum</strong></span> <span class='ocrx_word' id='word_1_838' title='bbox 2681 5212 2798 5267; x_wconf 86' lang='lat' dir='ltr'><strong>loco</strong></span> <span class='ocrx_word' id='word_1_839' title='bbox 2849 5212 3202 5286; x_wconf 90' lang='lat' dir='ltr'><strong>Septuaginta</strong></span> <span class='ocrx_word' id='word_1_840' title='bbox 3236 5216 3468 5286; x_wconf 78' lang='lat' dir='ltr'><strong>jubilum</strong></span> <span class='ocrx_word' id='word_1_841' title='bbox 3517 5218 3572 5271; x_wconf 93' lang='lat' dir='ltr'><strong>in</strong></span> <span class='ocrx_word' id='word_1_842' title='bbox 3626 5235 3732 5273; x_wconf 80' lang='lat' dir='ltr'><strong>rna-</strong></span> 
     </span>
    </p>
   </div>
   <div class='ocr_carea' id='block_1_108' title="bbox 480 5293 3732 5378">
    <p class='ocr_par' dir='ltr' id='par_1_108' title="bbox 480 5293 3732 5378">
     <span class='ocr_line' id='line_1_108' title="bbox 480 5293 3732 5378; baseline 0.005 -29"><span class='ocrx_word' id='word_1_843' title='bbox 480 5293 790 5349; x_wconf 88' lang='lat' dir='ltr'><strong>habitaculo</strong></span> <span class='ocrx_word' id='word_1_844' title='bbox 807 5303 998 5349; x_wconf 90' lang='lat' dir='ltr'><strong>sancto</strong></span> <span class='ocrx_word' id='word_1_845' title='bbox 1021 5310 1119 5350; x_wconf 88' lang='lat' dir='ltr'><strong>suo</strong></span> <span class='ocrx_word' id='word_1_846' title='bbox 1155 5295 1304 5350; x_wconf 89' lang='lat' dir='ltr'><strong>dabit</strong></span> <span class='ocrx_word' id='word_1_847' title='bbox 1328 5308 1516 5351; x_wconf 90' lang='lat' dir='ltr'><strong>vocem</strong></span> <span class='ocrx_word' id='word_1_848' title='bbox 1549 5313 1727 5364; x_wconf 90' lang='lat' dir='ltr'><strong>suam,</strong></span> <span class='ocrx_word' id='word_1_849' title='bbox 1753 5305 1812 5352; x_wconf 90' lang='lat' dir='ltr'><strong>ut</strong></span> <span class='ocrx_word' id='word_1_850' title='bbox 1837 5306 2060 5354; x_wconf 89' lang='lat' dir='ltr'><strong>cunctos</strong></span> <span class='ocrx_word' id='word_1_851' title='bbox 2160 5300 2268 5355; x_wconf 90' lang='lat' dir='ltr'><strong>lam</strong></span> <span class='ocrx_word' id='word_1_852' title='bbox 2314 5310 2524 5370; x_wconf 91' lang='lat' dir='ltr'><strong>partem</strong></span> <span class='ocrx_word' id='word_1_853' title='bbox 2569 5303 2852 5370; x_wconf 87' lang='lat' dir='ltr'><strong>posuerint</strong></span> <span class='ocrx_word' id='word_1_854' title='bbox 2894 5321 2906 5356; x_wconf 89' lang='lat'><strong>:</strong></span> <span class='ocrx_word' id='word_1_855' title='bbox 2967 5320 3066 5374; x_wconf 90' lang='lat' dir='ltr'><strong>pro</strong></span> <span class='ocrx_word' id='word_1_856' title='bbox 3117 5320 3224 5375; x_wconf 93' lang='lat' dir='ltr'><strong>quo</strong></span> <span class='ocrx_word' id='word_1_857' title='bbox 3277 5305 3368 5361; x_wconf 88' lang='lat' dir='ltr'><strong>alii</strong></span> <span class='ocrx_word' id='word_1_858' title='bbox 3418 5308 3732 5378; x_wconf 82' lang='lat' dir='ltr'><strong>interpretes</strong></span> 
     </span>
    </p>
   </div>
   <div class='ocr_carea' id='block_1_109' title="bbox 454 5385 3731 5467">
    <p class='ocr_par' dir='ltr' id='par_1_109' title="bbox 454 5385 3731 5467">
     <span class='ocr_line' id='line_1_109' title="bbox 454 5385 3731 5467; baseline 0.005 -29"><span class='ocrx_word' id='word_1_859' title='bbox 454 5390 684 5438; x_wconf 77' lang='lat' dir='ltr'><strong>terreat</strong></span> <span class='ocrx_word' id='word_1_860' title='bbox 702 5385 1205 5457; x_wconf 89' lang='lat' dir='ltr'><strong>audientes:rugiet</strong></span> <span class='ocrx_word' id='word_1_861' title='bbox 1230 5395 1412 5444; x_wconf 91' lang='lat' dir='ltr'><strong>autem</strong></span> <span class='ocrx_word' id='word_1_862' title='bbox 1428 5390 1853 5458; x_wconf 88' lang='lat' dir='ltr'><strong>superdecorem</strong></span> <span class='ocrx_word' id='word_1_863' title='bbox 1877 5406 2058 5455; x_wconf 90' lang='lat' dir='ltr'><strong>suum,</strong></span> <span class='ocrx_word' id='word_1_864' title='bbox 2164 5391 2460 5458; x_wconf 81' lang='lat' dir='ltr'><strong>ululatum,</strong></span> <span class='ocrx_word' id='word_1_865' title='bbox 2518 5400 2576 5446; x_wconf 91' lang='lat' dir='ltr'><strong>ut</strong></span> <span class='ocrx_word' id='word_1_866' title='bbox 2635 5396 2690 5446; x_wconf 93' lang='lat' dir='ltr'><strong>in</strong></span> <span class='ocrx_word' id='word_1_867' title='bbox 2739 5392 2967 5450; x_wconf 70' lang='lat' dir='ltr'><strong>Hebrzeo</strong></span> <span class='ocrx_word' id='word_1_868' title='bbox 3011 5397 3270 5467; x_wconf 88' lang='lat' dir='ltr'><strong>scriptum</strong></span> <span class='ocrx_word' id='word_1_869' title='bbox 3321 5407 3445 5463; x_wconf 89' lang='lat' dir='ltr'><strong>est,</strong></span> <span class='ocrx_word' id='word_1_870' title='bbox 3506 5408 3731 5454; x_wconf 83' lang='lat' dir='ltr'><strong>transtu—</strong></span> 
     </span>
    </p>
   </div>
   <div class='ocr_carea' id='block_1_110' title="bbox 481 5474 3733 5566">
    <p class='ocr_par' dir='ltr' id='par_1_110' title="bbox 481 5474 3733 5566">
     <span class='ocr_line' id='line_1_110' title="bbox 481 5474 3733 5566; baseline 0.007 -38"><span class='ocrx_word' id='word_1_871' title='bbox 481 5474 588 5566; x_wconf 83' lang='lat' dir='ltr'><strong>boc</strong></span> <span class='ocrx_word' id='word_1_872' title='bbox 612 5481 729 5540; x_wconf 87' lang='lat' dir='ltr'><strong>est,</strong></span> <span class='ocrx_word' id='word_1_873' title='bbox 756 5490 918 5545; x_wconf 91' lang='lat' dir='ltr'><strong>super</strong></span> <span class='ocrx_word' id='word_1_874' title='bbox 944 5477 1222 5546; x_wconf 88' lang='lat' dir='ltr'><strong>templum.</strong></span> <span class='ocrx_word' id='word_1_875' title='bbox 1248 5479 1492 5548; x_wconf 87' lang='lat' dir='ltr'><strong>Cumque</strong></span> <span class='ocrx_word' id='word_1_876' title='bbox 1515 5479 1604 5534; x_wconf 89' lang='lat' dir='ltr'><strong>ille</strong></span> <span class='ocrx_word' id='word_1_877' title='bbox 1643 5482 1870 5552; x_wconf 86' lang='lat' dir='ltr'><strong>rugierit</strong></span> <span class='ocrx_word' id='word_1_878' title='bbox 1889 5483 2062 5536; x_wconf 90' lang='lat' dir='ltr'><strong>instar</strong></span> <span class='ocrx_word' id='word_1_879' title='bbox 2164 5487 2296 5542; x_wconf 91' lang='lat' dir='ltr'><strong>lere.</strong></span> <span class='ocrx_word' id='word_1_880' title='bbox 2326 5486 2473 5542; x_wconf 85' lang='lat' dir='ltr'><strong>Inter</strong></span> <span class='ocrx_word' id='word_1_881' title='bbox 2518 5497 2766 5557; x_wconf 87' lang='lat' dir='ltr'><strong>pastores</strong></span> <span class='ocrx_word' id='word_1_882' title='bbox 2801 5499 2858 5545; x_wconf 90' lang='lat' dir='ltr'><strong>et</strong></span> <span class='ocrx_word' id='word_1_883' title='bbox 2904 5491 3122 5559; x_wconf 88' lang='lat' dir='ltr'><strong>arietes,</strong></span> <span class='ocrx_word' id='word_1_884' title='bbox 3155 5493 3266 5548; x_wconf 85' lang='lat' dir='ltr'><strong>sive</strong></span> <span class='ocrx_word' id='word_1_885' title='bbox 3311 5495 3600 5564; x_wconf 89' lang='lat' dir='ltr'><strong>optimates</strong></span> <span class='ocrx_word' id='word_1_886' title='bbox 3622 5510 3733 5566; x_wconf 82' lang='lat' dir='ltr'><strong>gre-</strong></span> 
     </span>
    </p>
   </div>
   <div class='ocr_carea' id='block_1_111' title="bbox 477 5564 3733 5654">
    <p class='ocr_par' dir='ltr' id='par_1_111' title="bbox 477 5564 3733 5654">
     <span class='ocr_line' id='line_1_111' title="bbox 477 5564 3733 5654; baseline 0.007 -34"><span class='ocrx_word' id='word_1_887' title='bbox 477 5564 809 5644; x_wconf 12' lang='lat' dir='ltr'><strong>‘calcantium</strong></span> <span class='ocrx_word' id='word_1_888' title='bbox 859 5567 916 5621; x_wconf 92' lang='lat' dir='ltr'><strong>in</strong></span> <span class='ocrx_word' id='word_1_889' title='bbox 954 5568 1313 5625; x_wconf 90' lang='lat' dir='ltr'><strong>torcularibus</strong></span> <span class='ocrx_word' id='word_1_890' title='bbox 1344 5570 1587 5625; x_wconf 91' lang='lat' dir='ltr'><strong>celeuma</strong></span> <span class='ocrx_word' id='word_1_891' title='bbox 1633 5572 1963 5639; x_wconf 87' lang='lat' dir='ltr'><strong>cantabitur,</strong></span> <span class='ocrx_word' id='word_1_892' title='bbox 2009 5573 2065 5627; x_wconf 85' lang='lat' dir='ltr'><strong>et</strong></span> <span class='ocrx_word' id='word_1_893' title='bbox 2167 5579 2248 5649; x_wconf 89' lang='lat' dir='ltr'><strong>gis</strong></span> <span class='ocrx_word' id='word_1_894' title='bbox 2275 5578 2398 5638; x_wconf 82' lang='lat' dir='ltr'><strong>ista</strong></span> <span class='ocrx_word' id='word_1_895' title='bbox 2449 5577 2703 5633; x_wconf 85' lang='lat' dir='ltr'><strong>distantia</strong></span> <span class='ocrx_word' id='word_1_896' title='bbox 2752 5590 2834 5636; x_wconf 91' lang='lat' dir='ltr'><strong>est</strong></span> <span class='ocrx_word' id='word_1_897' title='bbox 2875 5584 3061 5650; x_wconf 88' lang='lat' dir='ltr'><strong>:quod</strong></span> <span class='ocrx_word' id='word_1_898' title='bbox 3098 5593 3346 5654; x_wconf 89' lang='lat' dir='ltr'><strong>pastores</strong></span> <span class='ocrx_word' id='word_1_899' title='bbox 3398 5564 3733 5642; x_wconf 79' lang='lat' dir='ltr'><strong>rationalium</strong></span> 
     </span>
    </p>
   </div>
   <div class='ocr_carea' id='block_1_112' title="bbox 485 5656 3732 5745">
    <p class='ocr_par' dir='ltr' id='par_1_112' title="bbox 485 5656 3732 5745">
     <span class='ocr_line' id='line_1_112' title="bbox 485 5656 3732 5745; baseline 0.006 -33"><span class='ocrx_word' id='word_1_900' title='bbox 485 5658 542 5712; x_wconf 89' lang='lat' dir='ltr'><strong>in</strong></span> <span class='ocrx_word' id='word_1_901' title='bbox 567 5656 824 5716; x_wconf 68' lang='lat' dir='ltr'><strong>eil‘usrone</strong></span> <span class='ocrx_word' id='word_1_902' title='bbox 866 5661 1144 5731; x_wconf 89' lang='lat' dir='ltr'><strong>sanguinis</strong></span> <span class='ocrx_word' id='word_1_903' title='bbox 1181 5661 1599 5718; x_wconf 88' lang='lat' dir='ltr'><strong>mutui&#39;carmen</strong></span> <span class='ocrx_word' id='word_1_904' title='bbox 1631 5663 1858 5734; x_wconf 90' lang='lat' dir='ltr'><strong>lugubre</strong></span> <span class='ocrx_word' id='word_1_905' title='bbox 1884 5664 2065 5720; x_wconf 88' lang='lat' dir='ltr'><strong>conci-</strong></span> <span class='ocrx_word' id='word_1_906' title='bbox 2169 5678 2312 5736; x_wconf 89' lang='lat' dir='ltr'><strong>sunt,</strong></span> <span class='ocrx_word' id='word_1_907' title='bbox 2342 5671 2539 5727; x_wconf 88' lang='lat' dir='ltr'><strong>arietes</strong></span> <span class='ocrx_word' id='word_1_908' title='bbox 2568 5681 2747 5727; x_wconf 89' lang='lat' dir='ltr'><strong>autem</strong></span> <span class='ocrx_word' id='word_1_909' title='bbox 2769 5683 2825 5729; x_wconf 92' lang='lat' dir='ltr'><strong>et</strong></span> <span class='ocrx_word' id='word_1_910' title='bbox 2843 5677 3132 5745; x_wconf 84' lang='lat' dir='ltr'><strong>optimates</strong></span> <span class='ocrx_word' id='word_1_911' title='bbox 3171 5677 3479 5734; x_wconf 82' lang='lat' dir='ltr'><strong>referuntur</strong></span> <span class='ocrx_word' id='word_1_912' title='bbox 3514 5680 3582 5734; x_wconf 89' lang='lat' dir='ltr'><strong>ad</strong></span> <span class='ocrx_word' id='word_1_913' title='bbox 3606 5679 3732 5734; x_wconf 82' lang='lat' dir='ltr'><strong>divi-</strong></span> 
     </span>
    </p>
   </div>
   <div class='ocr_carea' id='block_1_113' title="bbox 442 5751 3730 5833">
    <p class='ocr_par' dir='ltr' id='par_1_113' title="bbox 442 5751 3730 5833">
     <span class='ocr_line' id='line_1_113' title="bbox 442 5751 3730 5833; baseline 0.006 -31"><span class='ocrx_word' id='word_1_914' title='bbox 442 5825 446 5830; x_wconf 27' lang='lat'><strong><em>.</em></strong></span> <span class='ocrx_word' id='word_1_915' title='bbox 492 5759 670 5817; x_wconf 83' lang='lat' dir='ltr'><strong>uetur,</strong></span> <span class='ocrx_word' id='word_1_916' title='bbox 697 5751 840 5821; x_wconf 86' lang='lat' dir='ltr'><strong>quod</strong></span> <span class='ocrx_word' id='word_1_917' title='bbox 878 5751 1239 5824; x_wconf 85' lang='lat' dir='ltr'><strong>Symmachus</strong></span> <span class='ocrx_word' id='word_1_918' title='bbox 1267 5755 1595 5830; x_wconf 69' lang='grc' dir='ltr'><strong>κατὰληγμα,</strong></span> <span class='ocrx_word' id='word_1_919' title='bbox 1635 5754 1828 5827; x_wconf 83' lang='lat' dir='ltr'><strong>Aquila</strong></span> <span class='ocrx_word' id='word_1_920' title='bbox 1879 5760 2065 5831; x_wconf 80' lang='grc' dir='ltr'><strong>ὶασμὸν</strong></span> <span class='ocrx_word' id='word_1_921' title='bbox 2171 5760 2369 5830; x_wconf 89' lang='lat' dir='ltr'><strong>tes,qui</strong></span> <span class='ocrx_word' id='word_1_922' title='bbox 2383 5771 2438 5816; x_wconf 92' lang='lat' dir='ltr'><strong>et</strong></span> <span class='ocrx_word' id='word_1_923' title='bbox 2453 5761 2553 5831; x_wconf 87' lang='lat' dir='ltr'><strong>ipsi</strong></span> <span class='ocrx_word' id='word_1_924' title='bbox 2571 5776 2697 5830; x_wconf 89' lang='lat' dir='ltr'><strong>pars</strong></span> <span class='ocrx_word' id='word_1_925' title='bbox 2710 5765 3255 5833; x_wconf 82' lang='lat' dir='ltr'><strong>gregisapoellantur.</strong></span> <span class='ocrx_word' id='word_1_926' title='bbox 3272 5769 3730 5827; x_wconf 71' lang='lat' dir='ltr'><strong>Ouodaueinfert:</strong></span> 
     </span>
    </p>
   </div>
  </div>
