3926 6338
130 403 279 465 ,1001

1064 399 1433 460 EXPOSITIO
1471 401 1698 460 SUPER
1744 399 2116 458 JEREMIAM.
2153 428 2189 441 -
2259 397 2388 456 LIB.
2431 398 2499 456 Χ.

3277 401 3417 460 1002

142 539 161 573 ι
195 517 460 590 Completi
487 524 614 573 sunt
640 516 752 573 dies
771 516 958 582 vestri,
981 527 1042 573 ut
1064 517 1487 574 interficiamini.
1524 537 1544 572 ι
1576 517 1806 582 TuncA
1830 517 2238 574 subversionem
2277 490 2567 588 Babylonis
2596 530 2627 571 a
2673 511 2918 599 Domino
2951 511 3108 569 electi
3159 523 3306 581 sunt,
3334 515 3415 574 sic

135 612 554 684 complebuntur
579 613 695 670 dies
745 631 967 681 eorum,
1001 615 1216 685 quando
1263 613 1463 670 fuerint
1501 623 1729 684 peccata

136 704 443 776 completa;
461 715 518 760 et
538 704 914 778 dispergentur
930 716 988 762 et
1010 707 1207 761 cadent
1228 705 1368 761 sicut
1382 721 1511 762 vasa
1529 705 1729 777 pretio-

136 810 196 853 sa
211 835 228 862 ,
244 803 305 850 ut
318 794 594 854 confracta
614 813 721 854 non
734 798 953 853 valeant
976 797 1293 863 instaurari,
1307 804 1363 852 et
1386 803 1590 867 quanto
1604 803 1730 863 ante

137 887 293 944 fuere
321 888 667 958 pretiosiora,
699 896 849 944 tanto
877 889 1052 960 majus
1074 903 1263 944 eorum
1293 889 1349 943 in
1374 887 1638 944 fractione
1661 886 1733 942 sit

139 984 423 1049 damnum,
454 982 569 1038 sive
593 981 751 1051 quasi
782 981 983 1037 arietes
1009 981 1188 1048 electi,
1223 989 1284 1035 ut
1307 979 1523 1051 pinguis
1550 978 1730 1035 hostia

139 1073 212 1131 sit
240 1073 506 1136 devorare
549 1072 902 1144 cupientium.
941 1090 970 1124 ο
998 1071 1241 1137 Peribit,
1294 1070 1505 1140 inquit,
1534 1067 1657 1140 fuga
1699 1083 1732 1122 a

136 1166 484 1235 pastoribus,
517 1183 535 1216 ›
570 1165 786 1236 quando
817 1179 924 1218 non
956 1163 1168 1235 egerint
1204 1159 1603 1233 pmnitentiam.
1630 1157 1734 1213 De-

137 1256 306 1327 nique
336 1255 537 1311 dicitur
554 1255 621 1311 ad
647 1247 951 1311 Pharisaaos
983 1272 996 1308 :
1043 1272 1062 1306 ‹
1092 1251 1377 1309 Genimina
1401 1249 1729 1320 viperarum,

140 1347 265 1418 quis
279 1346 517 1402 ostendit
536 1347 691 1402 vobis
711 1344 898 1416 fugere
925 1345 992 1400 ab
1009 1344 1089 1398 ira
1109 1339 1374 1398 ventura?
1406 1360 1424 1393 ι
1447 1338 1599 1412 (Luc.
1626 1339 1732 1412 ill.)

139 1435 214 1493 Et
238 1437 547 1513 in'Psalmis
591 1436 820 1507 legimus
855 1452 868 1489 :
916 1453 934 1485 ι
986 1433 1157 1490 Periit
1200 1432 1326 1504 fuga
1369 1447 1400 1486 a
1438 1445 1528 1486 me
1558 1428 1730 1503 (Psal.

138 1527 309 1600 cm).
352 1548 370 1581 ι
407 1548 426 1580 ε
461 1528 527 1582 Et
552 1527 800 1604 salvatio,
829 1525 1023 1596 inquit,
1065 1525 1133 1581 ab
1161 1523 1512 1594 optimatibus
1554 1522 1736 1595 gregis

140 1616 274 1689 (sive
299 1615 609 1688 arietibus).
645 1635 664 1668 ι
695 1615 821 1673 ’Δπὸ
842 1621 1007 1672 κοινοῦ
1043 1614 1380 1681 subauditur,
1417 1612 1626 1683 peribit.

220 1726 243 1760 α
274 1709 388 1764 Vox
421 1708 674 1763 clamoris
705 1715 984 1777 pastorum
1037 1714 1094 1761 et
1133 1705 1368 1760 ululatus
1415 1703 1735 1773 optimatum

145 1820 167 1854 ε
204 1802 389 1874 gregis
412 1802 538 1872 (sive
555 1801 785 1872 iubilum
810 1799 1090 1871 arietum),
1127 1798 1254 1869 quia
1280 1795 1513 1853 vastavit
1550 1796 1738 1850 Domi-

1828 618 1884 666 et
1909 625 2056 666 nunc
2106 607 2625 674 Nabuchodonosor,
2656 608 2749 677 qui
2779 604 2990 662 Domini
3038 605 3267 676 imperio
3296 619 3411 662 ser-

1828 701 2320 758 viebatdestrucns
2357 700 2855 772 pmvaﬁcationem
2890 697 3262 766 Hierusalem,
3301 712 3418 756 ser-

1828 809 1926 849 vus
1947 793 2164 849 Domini
2195 801 2252 849 et
2292 791 2544 848 columba
2581 800 2823 848 vocatur.
2876 787 3147 863 (Ηὶενοη.)
3187 787 3296 846 Pro
3333 803 3422 846 co-

1830 883 2006 940 lumba
2032 883 2389 957 Septuaginta
2441 883 2831 939 transtulerunt
2858 881 3093 953 gladium
3124 895 3374 952 magnum
3396 894 3421 935 :

1830 976 1958 1032 licet
1983 971 2292 1034 columbam
2315 984 2372 1033 et
2413 976 2467 1032 in
2506 990 2737 1047 persona
2780 972 3112 1029 Hierusalem
3150 969 3423 1043 possimus

1831 1074 2093 1144 accipere,
2126 1075 2270 1146 quod
2311 1075 2582 1132 irascatur
2609 1082 2665 1129 et
2700 1073 2873 1129 tristis
2914 1075 2984 1129 sit
3026 1088 3084 1129 se
3121 1072 3293 1128 leonis
3335 1070 3420 1127 sui

1829 1164 2132 1234 perdidisse
2153 1166 2473 1233 custodiam,
2488 1173 2544 1220 et
2564 1173 2766 1221 terram
2783 1179 2936 1219 suam
2956 1163 3170 1218 venisse
3196 1163 3248 1216 in
3269 1162 3424 1218 deso-

1833 1253 2110 1310 lationem.
2161 1275 2181 1308 ‹
2217 1258 2444 1313 Deserta
2473 1256 2617 1314 facta
2649 1265 2734 1313 est
2771 1266 2917 1311 terra
2954 1270 2986 1310 a
3028 1253 3169 1310 facie
3211 1255 3304 1309 ira:
3329 1267 3422 1308 co-

1835 1344 2054 1413 lumba:,
2077 1363 2106 1402 a
2129 1346 2266 1404 facie
2285 1349 2484 1406 furoris
2513 1350 2745 1408 Domini.
2769 1368 2787 1400 ι
2816 1335 3080 1419 (Gregor.)
3103 1347 3256 1415 Quod
3279 1345 3423 1401 enim

1836 1437 1918 1491 ira
1955 1437 2219 1493 columba:
2239 1440 2584 1510 praedixerat,
2625 1431 2730 1497 hoc
2768 1438 3007 1494 furorem
3047 1437 3257 1493 Domini
3296 1437 3425 1492 sub-

1829 1526 2012 1598 iunxit
2056 1529 2384 1584 columbam.
2417 1529 2675 1587 Columba
2705 1545 2942 1599 namque
2991 1528 3150 1584 valde
3196 1527 3426 1598 simplex

1835 1627 1920 1675 est
1942 1619 2166 1687 animal,
2199 1629 2255 1675 et
2277 1620 2406 1690 quia
2437 1620 2491 1674 in
2518 1619 2630 1675 Deo
2657 1621 2802 1675 nulla
2843 1620 3043 1676 furoris
3085 1619 3428 1690 inaequalitas

1838 1711 2040 1782 serpit,
2079 1710 2317 1766 furorem
2363 1710 2577 1768 Domini
2608 1711 2746 1766 iram
2789 1711 3051 1767 columba:
3104 1711 3427 1767 nominavit.

1843 1800 1914 1856 Ut
1960 1801 2106 1856 enim
2148 1801 2344 1858 divinae
2391 1801 2746 1858 districtionis
2790 1803 2900 1857 vim
2932 1803 3432 1874 imperturbabilem

146 1913 166 1946 ι
204 1911 308 1950 nus
333 1910 533 1966 pascua
559 1903 767 1950 eorum.
792 1895 860 1949 Et
891 1893 1274 1948 conticuerunt
1311 1906 1442 1946 arva
1466 1889 1590 1961 (sive
1615 1903 1737 1959 spe-
1764 1885 1813 1946 B
1840 1887 2278 1956 demonstrafet,‘
2298 1901 2355 1948 et
2392 1893 2530 1948 iram
2573 1893 2710 1949 dixit
2737 1893 3020 1951 columbae.
3065 1894 3144 1949 Ac
3174 1893 3220 1949 si
3250 1903 3436 1963 aperte

149 2002 170 2036 ι
206 1986 380 2055 ciosa)
406 1986 556 2055 pacis
584 2001 614 2040 a
639 1984 776 2041 facie
801 1987 898 2040 ira:
919 1985 1118 2040 furoris
1143 1985 1380 2040 Domini.
1406 2004 1424 2036 ›
1453 1983 1521 2038 Et
1541 1983 1629 2037 hic
1649 1997 1740 2038 no-
1842 1980 2050 2037 diceret
2075 1999 2088 2036 :
2115 1980 2432 2037 Districtum
2449 1984 2710 2055 iudicium
2734 1985 3089 2042 inconcussus
3112 1985 3314 2050 exerit,
3339 1984 3435 2054 qui

141 2076 394 2140 tandum,
422 2076 566 2146 quod
592 2076 734 2147 apud
769 2074 1118 2148 Septuaginta
1143 2076 1375 2146 jubilum
1403 2091 1502 2146 pro
1530 2073 1738 2128 ululatu
1837 2085 2165 2140 permanens
2182 2083 2498 2130 mansuetus
2517 2075 2689 2147 punit.
2711 2076 2864 2133 Unde
2879 2087 2933 2133 et
2955 2079 3009 2133 in
3030 2085 3274 2133 extremo
3290 2076 3434 2148 iudi-

139 2165 386 2237 positum
412 2166 503 2221 sit.
529 2167 676 2223 Inter
703 2177 951 2238 pastores
991 2177 1172 2224 autem
1203 2176 1258 2223 et
1282 2168 1479 2223 arietes
1521 2167 1624 2223 ista
1654 2166 1739 2222 di-

140 2251 384 2311 versitas
434 2265 534 2320 est,
585 2258 730 2327 quod
780 2268 1032 2328 pastores
1056 2266 1318 2329 putentur
1369 2259 1424 2314 in
1473 2257 1737 2324 Ecclesia,

141 2345 242 2414 qui
276 2357 517 2415 praesunt
546 2348 695 2418 gregi
728 2363 852 2403 cum
878 2349 1140 2419 sapientia
1167 2358 1223 2403 et
1242 2349 1552 2404 eruditione
1576 2356 1740 2418 atque

145 2438 418 2493 doctrina.
443 2437 655 2493 Arietes
690 2452 843 2506 vero,
874 2439 967 2509 qui
993 2439 1266 2509 principes
1306 2438 1524 2508 quidem
1554 2439 1741 2493 viden-

146 2539 243 2585 tur
279 2531 334 2585 in
360 2530 577 2601 populo,
603 2533 695 2590 sed
726 2531 862 2587 nihil
889 2531 1090 2586 habent
1122 2532 1174 2586 in
1199 2547 1258 2586 se
1279 2530 1540 2586 doctrinte
1577 2538 1742 2601 atque

145 2623 451 2692 sapientiae,
488 2631 544 2680 et
581 2638 679 2694 per
726 2625 948 2680 nimiam
1004 2625 1410 2696 simplicitatem
1457 2641 1743 2696 propemo-

145 2713 281 2768 dum
338 2713 580 2771 stultitiaa
609 2716 772 2772 vicini
815 2723 961 2772 sunt.
1005 2716 1231 2784 Quando
1263 2726 1444 2774 autem
1487 2718 1743 2773 habueri-

147 2820 277 2860 inus
301 2821 488 2875 pacem
516 2815 570 2862 et
592 2822 701 2862 non
735 2807 1184 2876 intellexerimus,
1221 2809 1310 2864 vel
1334 2812 1477 2864 bona
1504 2809 1588 2864 vel
1621 2825 1743 2880 spe-

146 2897 300 2954 ciosa
329 2901 500 2970 pacis,
541 2900 636 2956 sed
661 2900 888 2956 luxnria:
917 2917 1038 2968 nos,
1062 2910 1117 2958 et
1145 2903 1274 2968 otio,
1303 2910 1358 2957 et
1380 2902 1744 2972 voluptatibus

147 2992 668 3058 dederimus,v~tunc
705 2996 1125 3064 conquiescent,
1178 2996 1292 3052 sive
1341 2995 1742 3062 conticescent,

145 3084 294 3141 bona
320 3085 494 3153 pacis,
522 3086 581 3140 et'
619 3085 934 3142 auferentur
983 3103 1013 3146 a
1055 3087 1210 3144 nobis
1235 3097 1457 3158 propter
1498 3089 1635 3144 iram
1663 3089 1748 3144 fu-

147 3175 296 3229 roris
346 3175 587 3242 Domini,
644 3184 698 3229 et
753 3176 1066 3246 implebitur
1122 3176 1251 3232 illud
1294 3178 1436 3248 quod
1485 3179 1744 3248 scriptum

1840 2163 1926 2217 cio
1968 2164 2026 2219 in
2058 2173 2230 2220 semet
2256 2165 2374 2236 ipso
2403 2165 2862 2223 incommutabilis
2892 2183 3150 2234 manens,
3181 2167 3328 2222 nulla
3349 2168 3432 2222 vi-

1841 2251 2159 2313 cissitudine
2186 2255 2263 2314 ac
2282 2258 2644 2315 mutabilitate
2688 2259 2950 2314 variatur.
2977 2257 3084 2314 Sed
3114 2267 3295 2313 tamen
3329 2257 3438 2312 ele-

1841 2351 1946 2404 ctis
1973 2359 2029 2405 et
2071 2352 2315 2422 reprobis
2361 2365 2703 2422 nequaquam
2731 2353 2832 2409 sub
2860 2352 3040 2424 specie
3068 2351 3305 2424 ejusdem
3347 2351 3434 2404 in-

1843 2440 2345 2499 commutabilitatis
2404 2444 2748 2512 ostenditur,
2815 2443 2939 2515 quia
2999 2451 3056 2498 et
3111 2441 3439 2512 tranquillus

1837 2530 2022 2602 iustis,
2047 2542 2102 2588 et
2139 2534 2309 2592 iratus
2345 2537 2629 2606 apparebit
2656 2535 2891 2606 iniustis.
2942 2535 3103 2591 Teste
3131 2535 3277 2589 enim
3303 2550 3438 2590 con-

1846 2624 2074 2700 scientia
2122 2625 2266 2680 intra
2339 2626 2659 2697 semetipsos
2717 2624 2999 2691 deferunt,
3059 2626 3200 2680 unde
3231 2639 3439 2680 eorum

1847 2723 2234 2789 mentesaeque
2278 2731 2448 2772 unum
2491 2718 2785 2787 respiciant
2822 2717 2955 2773 :sed
2999 2733 3104 2790 non
3154 2716 3440 2786 aaqualitcr

1846 2806 2245 2873 modiﬁcentur,
2271 2805 2398 2879 quia
2436 2819 2492 2864 et
2521 2793 2639 2865 istis
2665 2824 2790 2865 eum
2831 2809 3122 2881 benignum
3151 2815 3278 2863 ante
3320 2815 3443 2863 acta

1839 2900 2074 2970 iustitia,
2103 2913 2159 2959 et
2207 2903 2310 2960 illis
2346 2903 2642 2960 terribilem
2671 2903 2828 2973 culpa
2865 2902 3015 2958 facit.
3061 2903 3300 2969 Quorum
3340 2915 3442 2971 pa-

1847 3010 2037 3050 vorem
2059 2996 2181 3064 quis
2202 2995 2457 3064 explicet,
2497 3009 2619 3049 cum
2647 2994 2912 3063 contingit
2951 2993 3186 3059 miseris,
3214 3001 3269 3048 et
3295 2993 3440 3048 intra

1850 3100 1909 3140 se
1934 3085 2120 3155 culpas
2142 3099 2388 3152 cernere,
2416 3093 2470 3140 et
2492 3086 2621 3139 ante
2649 3098 2709 3139 se
2729 3083 2967 3154 iudicem
2990 3082 3195 3152 justum
3221 3083 3441 3139 videre?

1860 3176 1974 3233 Hoc
2003 3177 2260 3231 nimirum
2286 3177 2615 3246 quotidiein
2641 3193 2742 3232 usu
2770 3177 2895 3231 vitae
2935 3177 3216 3246 praesentis
3241 3177 3440 3248 agitur,

145 3271 237 3320 cst
279 3284 292 3319 :
332 3283 350 3314 α
385 3265 519 3320 Cum
575 3243 963 3338 dixerim—pax
994 3277 1050 3322 et
1078 3243 1361 3336 securitas,
1403 3277 1530 3325 tunc
1556 3243 1748 3340 repen-
1775 3243 1820 3305 C
1851 3275 1912 3320 ut
1948 3266 2014 3321 de
2043 3243 2546 3336 qualitate—venturi
2579 3264 2792 3336 iudicii,
2821 3243 3130 3322 mortalium
3154 3243 3319 3322 corda
3349 3267 3444 3321 do-

145 3356 304 3412 tinus
331 3358 410 3412 eis
432 3359 771 3428 superveniet
793 3359 1044 3415 interitus
1061 3359 1113 3432 (I
1141 3359 1319 3416 Thess.
1352 3361 1426 3432 v).
1464 3381 1482 3414 ι
1515 3361 1633 3429 Quo
1658 3378 1751 3418 ve-

147 3448 370 3514 niente,
405 3449 587 3504 omnia
626 3449 1019 3506 conticescent.

229 3558 249 3593 ι
286 3541 581 3610 Dereliquit
629 3543 782 3612 quasi
812 3541 897 3598 leo
946 3543 1320 3602 umbraculum
1372 3545 1503 3618 (sive
1547 3547 1748 3617 cubile)

153 3623 178 3685 ά
215 3647 376 3688 suum
397 3631 464 3704 (et
498 3643 551 3686 ut
578 3635 746 3688 verius
774 3645 848 3689 est
877 3636 1305 3702 tabernaculum,
1350 3638 1446 3692 hoc
1483 3640 1618 3692 enim
1654 3649 1748 3698 DD

153 3739 177 3774 ι
213 3721 536 3777 Hebraicum
558 3722 756 3793 sonat),
773 3725 897 3794 quia
933 3726 1072 3782 facta
1093 3737 1176 3782 est
1200 3736 1342 3783 terra
1371 3743 1558 3784 eorum
1583 3730 1636 3783 in
1661 3731 1753 3785 de-

158 3832 178 3864 ι
214 3808 536 3868 solationem
581 3812 681 3886 (vel
726 3815 894 3884 invia)
921 3832 951 3869 a
1009 3816 1143 3872 facie
1177 3818 1270 3872 ira:
1318 3820 1580 3876 columna:
1611 3822 1751 3891 (sive

155 3921 177 3954 σ
217 3919 250 3958 a
280 3903 417 3958 facie
447 3902 610 3974 gladii
635 3905 860 3976 magni),
899 3913 952 3960 et
986 3921 1015 3960 a
1045 3905 1185 3963 facie
1221 3911 1314 3963 irae
1342 3908 1542 3966 furoris
1569 3912 1750 3966 Domi-

157 4015 178 4046 σ
221 3994 300 4049 ni.
339 4014 355 4045 ι
395 3995 676 4061 Dominus,
704 3997 769 4051 de
795 3998 1085 4069 quojsupra
1117 3999 1350 4066 dixerat,
1373 4004 1406 4070 ξι
1442 4003 1508 4056 de
1537 4003 1750 4059 excelso

154 4085 358 4156 rugiet,
398 4094 454 4140 et
496 4085 564 4142 de
622 4086 932 4144 habitaculo
982 4100 1172 4146 sancto
1222 4107 1320 4147 suo
1366 4093 1516 4147 dabit
1563 4109 1749 4149 vocem

150 4192 343 4232 suam:
372 4177 588 4246 rugiens
616 4179 810 4249 rugiet,
842 4194 1005 4249 super
1027 4180 1278 4236 decorem
1302 4198 1456 4236 suum
1485 4202 1496 4236 :
1522 4185 1636 4253 ipse
1659 4185 1750 4240 de-

149 4269 428 4339 relinquet
450 4269 1063 4343 tabernaculumsuum,
1092 4293 1109 4323 ι
1131 4274 1198 4329 de
1219 4289 1325 4344 quo
1346 4276 1604 4344 scriptum
1631 4285 1746 4332 est:

157 4381 178 4413 ς
219 4361 421 4419 Factus
454 4369 539 4416 est
576 4361 628 4415 in
658 4376 811 4430 pace,
845 4362 957 4418 sive
997 4364 1050 4418 in
1093 4362 1305 4430 Salem,
1346 4365 1494 4422 locus
1529 4367 1666 4435 ejus,
1695 4377 1750 4423 et

149 4452 422 4508 habitatio
461 4452 578 4523 eius
608 4453 662 4507 in
711 4452 842 4508 Sion
882 4452 1055 4525 (Psal.
1095 4455 1289 4527 LXxv);
1330 4477 1349 4509 ι
1381 4458 1495 4528 ipse
1535 4459 1751 4514 deseret

151 4544 346 4599 sedem
391 4558 565 4608 suam,
605 4552 662 4597 et
701 4544 993 4613 complebit
1031 4548 1174 4614 quod
1200 4562 1298 4616 per
1332 4548 1475 4604 hunc
1503 4551 1750 4606 eumdem

151 4634 482 4704 prophetam
512 4632 723 4696 locutus
751 4643 873 4689 est:
906 4653 924 4685 ‹
959 4633 1149 4697 Dimisi
1179 4637 1397 4692 domum
1428 4655 1627 4706 meam,
1661 4642 1753 4698 de.

150 4726 354 4796 reliqui
371 4721 742 4782 [nereditatem
766 4743 942 4783 meam
967 4727 1183 4797 (larem.
1202 4730 1322 4801 xn).
1355 4750 1372 4783 ι
1402 4731 1754 4801 Reliquitau-

151 4825 271 4872 tem
299 4817 453 4886 quasi
477 4817 559 4872 leo
581 4818 758 4873 cubile
787 4833 966 4885 suum,
984 4829 1042 4874 ut
1071 4837 1261 4876 omnes
1290 4823 1476 4877 bestia:
1500 4825 1751 4880 vastandi

150 4919 366 4963 terram
414 4909 530 4976 ejus
571 4909 806 4964 habeant
857 4920 1203 4981 potestatem.
1243 4913 1424 4969 Leone
1461 4915 1606 4970 enim
1657 4933 1752 4972 cu-

153 4997 318 5054 stode
344 5005 400 5052 et
425 4999 655 5067 praeside
703 5001 883 5057 nullus
915 5003 982 5057 ad
1020 5003 1273 5067 eamdem
1321 5005 1484 5061 audet
1531 5008 1753 5064 accede-

155 5103 244 5144 re.
284 5106 303 5139 ι
332 5087 498 5143 Facta
519 5096 626 5155 est,
663 5109 681 5141 ι
711 5089 907 5159 inquit,
945 5112 965 5144 ‹
995 5100 1137 5147 terra
1178 5109 1386 5160 eorum,
1426 5115 1444 5148 ι
1479 5094 1620 5150 haud
1647 5099 1748 5153 du-

154 5189 336 5253 bium,
371 5189 501 5258 quin
536 5187 620 5243 vel
661 5187 843 5259 populi
877 5187 1210 5257 Judazorum,
1235 5191 1320 5246 vel
1356 5201 1503 5248 certe
1535 5194 1748 5250 univer-

157 5294 348 5340 larum
369 5283 608 5352 gentium
630 5302 648 5333 ‹
669 5283 724 5336 in
745 5282 1154 5350 desolationem,
1179 5293 1234 5340 et
1263 5285 1316 5338 in
1338 5279 1541 5340 invium
1562 5301 1593 5340 a
1613 5286 1752 5344 facie

157 5373 260 5430 irae
287 5372 569 5428 columbaa.
606 5393 624 5425 ι
653 5371 769 5429 Νοη
793 5373 1082 5430 mirabitur
1103 5375 1404 5431 columbam
1429 5377 1642 5431 Domini
1673 5377 1753 5431 in-

157 5461 335 5534 telligi
366 5459 893 5530 Nabuchodonosor,
924 5466 1017 5536 qui
1064 5481 1227 5537 supra
1262 5483 1384 5524 eum
1423 5469 1606 5523 vocari
1636 5485 1749 5524 ser-

156 5567 293 5607 vum
334 5551 550 5607 Domini
572 5553 789 5626 legerit.
844 5555 1135 5628 (MAURUS.)
1167 5557 1390 5628 Legitur
1423 5566 1477 5614 et
1516 5558 1570 5613 in
1611 5557 1749 5614 lsaia

159 5641 456 5700 Dominum
486 5643 688 5701 dixisse
715 5664 727 5700 :
763 5666 782 5698 ι
816 5646 928 5718 Ego
955 5647 1202 5703 mandavi
1224 5649 1574 5707 sanctificatis
1594 5651 1749 5716 meis,

161 5741 224 5788 et
247 5733 437 5788 vocavi
462 5729 633 5788 fortes
659 5749 807 5790 meos
840 5736 892 5790 in
916 5737 997 5791 ira
1027 5751 1166 5801 mea,
1199 5739 1532 5796 exsultantes
1557 5739 1610 5794 in
1641 5738 1754 5811 glo-

163 5823 254 5882 ria
285 5827 428 5883 mea.
458 5841 477 5877 ›
517 5824 619 5881 Ubi
659 5822 838 5882 MedOs
881 5827 1181 5902 Persasque
1223 5831 1504 5900 significat,
1555 5831 1648 5902 qui
1685 5831 1753 5887 ad

529 5917 803 5980 PATROL.
851 5916 1014 5982 CXI.

1781 4595 1830 4656 Ι)

1854 3367 2099 3414 ceantur.
2130 3357 2264 3412 Nam
2302 3373 2425 3412 cum
2467 3358 2572 3412 duo
2614 3359 2684 3414 ‘ad
2721 3357 2984 3427 iudicium
3022 3366 3274 3430 pergunt,
3305 3358 3442 3414 alius

1855 3449 2175 3506 innocentiae
2196 3448 2298 3503 s‘ibi
2319 3448 2590 3515 conscius,
2621 3458 2677 3504 et
2698 3449 2839 3504 alius
2877 3437 3069 3519 culpat,
3092 3455 3218 3503 ante
3243 3450 3442 3518 proba-

1855 3551 1965 3597 tam
1986 3540 2313 3596 sententiam
2344 3540 2522 3595 adhuc
2550 3549 2763 3613 tacente
2777 3540 2963 3610 iudice
2983 3539 3197 3611 utrique
3228 3541 3444 3610 conspi-

1854 3634 2023 3701 ciunt,
2074 3642 2129 3688 et
2179 3641 2362 3687 tamen
2402 3633 2572 3702 culpae
2622 3632 2833 3689 debitor
2877 3648 3094 3704 gravem
3148 3640 3336 3688 contra
3388 3649 3446 3688 se

1856 3724 2016 3789 iram,
2043 3723 2147 3778 hoc
2187 3723 2362 3793 ipsum
2386 3721 2583 3790 iudicis
2627 3723 2898 3778 silentium
2929 3723 3254 3792 suspicatur,
3283 3739 3445 3794 quam

1857 3814 1992 3869 iram
2017 3814 2119 3868 sibi
2147 3828 2253 3868 non
2292 3813 2574 3869 denuntiat
2600 3815 2937 3885 perturbatio
2967 3814 3188 3883 iudicis,
3238 3816 3333 3870 sed
3363 3830 3446 3871 re-

1855 3904 2097 3959 conlatio
2118 3905 2425 3975 pravitatis,
2450 3905 2574 3974 quia
2609 3905 2713 3960 etsi
2728 3893 2917 3960 'adhuc
2945 3903 3091 3960 foras
3133 3917 3285 3960 reum
3323 3921 3443 3961 sen-

1857 3994 2026 4051 tentia
2060 4009 2166 4049 non
2195 3994 2413 4061 clamat,
2449 3996 2592 4050 intus
2612 3994 2726 4064 iam
2751 3997 2996 4068 graviter
3009 3995 3339 4054 conscientia
3363 4013 3428 4053 ac

1855 4091 2029 4136 cusat.
2078 4083 2148 4136 At
2187 4092 2376 4139 contra
2435 4085 2641 4140 amicus
2680 4085 2906 4156 iustitia:
2957 4085 3302 4142 decernentis
3331 4089 3430 4142 vui

1856 4180 1971 4228 tum
1995 4173 2276 4244 conspicit,
2299 4175 2392 4230 sed
2423 4175 2568 4231 intus
2589 4177 2655 4232 de
2680 4162 2989 4233 testimonio
3015 4178 3170 4233 bonas
3195 4180 3438 4235 recorda-

1857 4264 2021 4320 tionis
2050 4265 2345 4333 hilarescit,
2379 4275 2434 4322 et
2463 4267 2605 4336 quod
2634 4268 2775 4337 apud
2801 4283 2880 4333 se,
2918 4269 3064 4339 quod
3090 4278 3301 4326 metuat
3337 4287 3443 4326 non

1857 4355 2052 4422 habet,
2094 4371 2256 4413 omne
2303 4357 2458 4428 quod
2488 4373 2616 4429 erga
2658 4359 3008 4431 semetipsum
3060 4368 3143 4417 est
3188 4360 3446 4418 blandum

1854 4446 2021 4502 videt.

2427 4539 2658 4598 CAPUT
2695 4540 2887 4598 XXVI.

1881 4653 1961 4709 De
2008 4670 2164 4727 regno
2207 4654 2452 4727 lpachiin
2493 4671 2512 4710 :
2537 4655 2765 4727 qualiter
2804 4657 3100 4714 sacerdota
3143 4658 3420 4716 voluerunt

1951 4725 2185 4781 occidere
2222 4725 2510 4781 Jeremiam
2534 4725 2558 4793 ,ἡ
2594 4727 2685 4798 qui
2729 4743 2822 4798 per
2860 4728 3116 4799 principes
3168 4728 3420 4786 liberatus

1951 4806 2048 4852 881.

1892 4974 1897 4980 ι
1933 4928 1952 4960 ι
1987 4909 2047 4964 in
2076 4908 2340 4978 principio
2366 4908 2509 4978 regis
2530 4905 2776 4963 Joachim
2806 4908 2902 4963 lilii
2926 4907 3087 4964 Josiaa
3108 4912 3253 4982 regis
3280 4911 3438 4976 Juda,

1863 5019 1882 5052 ι
1919 4995 2117 5056 factum
2133 5009 2216 5056 est
2230 5001 2454 5057 verbum
2474 5001 2616 5057 istud
2631 5017 2661 5055 a
2677 5002 2906 5057 Domino
2930 5003 3114 5060 dicens
3131 5022 3143 5057 :
3161 5003 3288 5059 Haec
3311 5005 3443 5062 dicit

1860 5112 1878 5146 ι
1920 5093 2176 5148 Dominus
2196 5107 2209 5146 :
2227 5093 2322 5147 Sta
2337 5094 2390 5148 in
2415 5094 2558 5150 atrio
2587 5095 2777 5149 domus
2801 5094 3031 5160 Domini,
3047 5103 3102 5150 et
3120 5095 3357 5165 loqueris
3373 5098 3442 5152 ad

1860 5205 1879 5238 ι
1915 5199 2103 5240 omnes
2127 5185 2374 5242 civitates
2393 5185 2552 5250 Juda,
2584 5185 2651 5240 de
2670 5185 2864 5255 quibus
2892 5186 3114 5241 veniunt
3134 5195 3193 5241 ut
3215 5189 3442 5243 adorent

1861 5295 1880 5329 ι
1917 5277 1971 5331 in
2012 5276 2172 5332 domo
2223 5277 2452 5339 Domini,
2493 5276 2776 5333 universos
2822 5292 3101 5333 sermones
3146 5293 3282 5347 quos
3341 5295 3442 5350 ego

1861 5387 1879 5421 ι
1917 5370 2166 5424 mandavi
2210 5370 2305 5426 tibi
2336 5378 2392 5424 ut
2425 5369 2667 5442 loquaris
2702 5372 2770 5427 ad
2817 5386 2929 5427 eos.
2968 5370 3086 5426 Noli
3119 5373 3442 5428 subtrahere

1862 5478 1880 5509 α
1917 5461 2166 5528 verbum,
2195 5461 2240 5516 si
2288 5449 2426 5516 forte
2471 5462 2710 5527 audiant,
2748 5469 2804 5516 et
2850 5468 3234 5517 convertantur
3275 5476 3444 5522 unus-

1849 5571 1880 5633 ~i
1917 5551 2146 5621 quisque
2171 5566 2204 5605 a
2224 5549 2310 5604 via
2346 5566 2441 5604 sua
2471 5547 2631 5633 mala,
2661 5557 2717 5605 et
2738 5550 3001 5620 paeniteat
3028 5564 3114 5604 me
3153 5549 3279 5604 mali
3315 5551 3444 5619 (sive

1864 5662 1881 5693 ι
1921 5643 2195 5712 quiescam
2229 5658 2257 5696 a
2286 5641 2452 5713 malo)
2482 5629 2622 5712 quod
2651 5643 2828 5714 cogito
2875 5641 3056 5698 facere
3078 5642 3180 5708 eis,
3222 5651 3446 5714 propter

1865 5754 1882 5787 ι
1917 5735 2153 5789 malitias
2194 5731 2495 5790 studiorum
2539 5748 2746 5790 eorum.
2797 5756 2816 5788 ι
2855 5734 3126 5807 (Ηὶενοη.)
3156 5733 3284 5790 Hice
3318 5750 3447 5805 pro-

1860 5825 2044 5899 phetia
2069 5826 2348 5898 superiore
2375 5836 2460 5884 est
2492 5826 2664 5898 prior,
2697 5828 2823 5886 licet
2845 5830 2945 5885 sub
2986 5826 3178 5887 eodem
3208 5840 3337 5900 rege
3373 5828 3448 5884 sit
