3926 6318
482 407 624 465 {005
1160 401 1221 459 Β.
1262 399 1517 458 RABANI
1553 400 1771 458 MAURI
1803 400 2032 457 AliCllll

2204 396 2471 455 lOGUNT.
2510 396 2797 453 OPERUM
2832 398 3013 465 PARS
3048 392 3136 455 1H.
3611 400 3754 456 1004

479 522 643 581 facta.
678 519 773 577 illa
817 520 963 576 enim
1002 517 1143 575 facta
1186 526 1271 572 est
1317 519 1372 573 in
1419 531 1562 571 anno
1603 523 1796 586 quarto
1848 512 2057 569 Joacim
2086 516 2139 576 Α
2163 525 2440 568 serm0nes
2486 526 2762 568 servorum
2809 526 3051 567 meorum
3110 515 3521 584 prophetarum.
3552 532 3573 565 ι
3651 512 3754 583 Qui

478 612 577 669 lilii
612 612 773 668 Josia
802 611 957 680 regis
988 608 1147 674 'Juda,
1170 608 1285 663 hac
1319 619 1500 665 autem
1529 608 1584 662 in
1623 606 1886 678 principio
1922 602 2067 671 eins-
2168 602 2352 671 utique
2375 609 2500 671 post
2521 601 2693 673 legem
2715 601 2868 656 missi
2894 610 3044 666 sunt,
3071 611 3126 656 et
3153 618 3259 657 non
3291 603 3483 666 semel,
3515 602 3617 657 sed
3647 600 3756 655 fte-

481 706 604 762 dem
644 703 785 773 regis
835 700 1113 772 Scriptura
1167 700 1400 766 dicente,
1437 690 1469 751 t
1492 699 1548 754 in
1601 697 1865 768 principio
1922 696 2067 767 regis
2167 700 2417 765 quenter,
2456 706 2556 747 nec
2592 691 2767 747 otiose
2794 700 2849 745 et
2894 707 2927 747 a
2962 706 3179 757 securo,
3227 694 3322 747 sed
3369 708 3589 763 semper
3626 700 3685 747 et
3724 707 3757 745 a

477 794 725 851 Joachim
773 793 869 848 lilii
908 791 1069 849 Josia
1106 792 1251 864 regis
1293 790 1450 857 Juda,
1489 788 1693 851 factum
1731 799 1814 844 est
1839 788 2068 842 verbum
2166 783 2414 839 sollicito.
2450 801 2470 835 ι
2500 782 2648 849 Misi,
2678 784 2876 853 inquit,
2924 784 2993 839 ad
3030 798 3129 839 vos
3177 797 3366 839 servos
3394 800 3548 841 meos
3575 783 3757 854 quoti-

482 885 627 942 istud
672 900 702 938 a
751 884 981 939 Domino
1011 882 1216 939 dicens.
1266 903 1288 935 ι
1319 881 1436 937 Non
1483 882 1669 953 igitur,
1704 889 1765 935 ut
1788 894 1928 949 sape
1951 876 2073 948 jam.
2167 874 2277 941 die,
2310 882 2366 930 ct
2404 874 2472 930 de
2516 882 2674 931 nocte
2704 891 3037 948 consurgens
3066 876 3283 948 (larem.
3313 874 3504 947 nm);
3541 898 3559 930 ι
3618 891 3757 948 quos

484 976 736 1040 diximus,
766 974 821 1029 in
868 973 1149 1045 prophetis
1186 972 1427 1027 historia
1475 972 1608 1027 ordo
1656 969 1919 1025 texendus
1957 977 2064 1036 est,
2166 968 2211 1023 si
2254 966 2443 1022 audire
2489 968 2790 1034 nolueritis,
2839 968 2979 1023 dabo
3010 969 3230 1024 domum
3276 968 3457 1034 istam,
3501 970 3608 1025 hoc
3650 978 3755 1035 est,

481 1083 606 1124 cum
627 1068 683 1123 in
711 1066 1131 1137 prasentiarum
1148 1065 1249 1119 sub
1274 1064 1466 1119 eodem
1495 1076 1620 1133 rege
1640 1062 1822 1131 priora
1852 1069 2064 1130 postea,
2167 1057 2426 1128 templum
2449 1057 2546 1114 Dei
2570 1059 2709 1114 sicut
2735 1058 2869 1124 Silo,
2894 1058 2984 1113 ubi
3005 1058 3110 1113 fuit
3132 1059 3562 1115 tabernaculum.
3591 1060 3758 1116 Cum-

480 1168 535 1214 et
554 1158 858 1230 posteriora
878 1163 1006 1211 ante
1027 1155 1300 1210 dicantur.
1319 1151 1419 1221 Qui
1446 1151 1629 1207 antem
1651 1150 1875 1205 verbum
1900 1150 2070 1206 dictu-
2166 1164 2273 1220 que
2302 1148 2559 1220 templum
2589 1150 2926 1231 destructum
2954 1149 3141 1216 fuerit,
3171 1158 3574 1220 consequenter
3598 1160 3658 1206 et
3681 1152 3758 1206 ci-

481 1267 575 1307 rus
600 1260 683 1306 est
713 1248 948 1313 Domini,
980 1247 1141 1303 debet
1165 1252 1313 1301 stare
1339 1260 1461 1300 cum
1485 1242 1666 1313 Moyse
1691 1242 1869 1313 (Deut.
1904 1241 1957 1315 v)
1977 1282 1992 1307 ,
2014 1247 2069 1295 et
2114 1298 2117 1299 ,
2166 1243 2307 1297 vitas
2331 1242 2438 1298 erit
2468 1242 2521 1296 in
2562 1240 2997 1298 maledictionem
3044 1242 3257 1299 cunctis
3286 1244 3536 1315 gentibus
3566 1252 3753 1297 terra.

479 1343 666 1398 audire
694 1356 815 1396 cum
842 1338 1168 1395 Psalmista:
1205 1356 1223 1388 ι
1260 1336 1361 1404 Qui
1401 1335 1559 1397 statis
1592 1336 1649 1389 in
1673 1334 1834 1390 domo
1857 1332 2069 1389 Domini
2169 1332 2321 1389 Sicut
2349 1342 2531 1389 autem
2568 1342 2850 1389 exstructo
2891 1334 3091 1405 templo
3121 1334 3178 1390 in
3221 1349 3351 1390 area
3392 1335 3574 1400 Orna,
3616 1344 3672 1389 et
3703 1334 3758 1388 in

480 1434 717 1489 in'atriis
750 1410 942 1488 domus
980 1429 1081 1484 Dei
1107 1428 1277 1484 nostri
1312 1426 1485 1500 (Paul.
1510 1426 1752 1498 cxxxrv).
1789 1446 1808 1479 ι
1846 1426 1909 1479 Et
1928 1439 2066 1495 pra-
2168 1435 2351 1483 monte
2395 1425 2586 1493 Moria,
2640 1427 2744 1482 hoc
2764 1435 2885 1495 _est,
2912 1426 3177 1492 visionis,
3226 1427 3279 1481 in
3321 1442 3431 1497 quo
3475 1427 3757 1482 Abraham

480 1524 679 1594 cipitur
705 1522 779 1577 illi
815 1531 877 1577 ut
905 1520 1156 1591 loquatur
1175 1519 1242 1573 ad
1266 1534 1457 1575 omnes
1486 1519 1733 1574 civitates
1758 1516 1916 1581 Juda,
1940 1516 2070 1571 licet
2168 1516 2319 1572 Isaac
2351 1508 2523 1571 tilium
2550 1504 2812 1573 obtulisse
2839 1526 3116 1583 narratur,
3167 1517 3402 1580 cessavit
3428 1516 3623 1587 religio
3673 1514 3758 1571 Si-

480 1615 712 1669 civitates
755 1612 1109 1684 Septuaginta
1149 1625 1257 1665 non
1307 1609 1707 1673 transtulerint,
1751 1623 1819 1663 ne
1847 1608 2071 1662 indeco-
2169 1608 2255 1671 ιο,
2285 1622 2387 1663 nec
2417 1616 2604 1678 postea
2650 1605 2723 1661 ibi
2759 1613 2886 1662 sunt
2912 1606 3182 1662 celebrata
3213 1606 3479 1663 sacriﬁcia
3507 1624 3521 1660 :
3551 1608 3636 1662 sic
3664 1622 3757 1662 ex-

481 1720 601 1758 rum
628 1704 767 1759 forte
795 1704 1069 1758 videretur
1098 1702 1154 1757 in
1177 1701 1318 1756 atrio
1339 1702 1525 1756 domus
1553 1698 1767 1754 Domini
1809 1698 1957 1768 loqui
2000 1699 2071 1754 ad
2170 1706 2374 1755 structa
2396 1697 2637 1754 Ecclesia
2663 1706 2719 1752 et
2747 1695 3083 1767 spiritalibus
3107 1698 3167 1751 in
3191 1713 3254 1753 ea
3296 1698 3531 1760 victimis
3557 1698 3755 1752 immo-

481 1796 642 1851 urbes
665 1811 785 1866 qua
809 1810 993 1851 coram
1022 1810 1129 1850 non
1152 1803 1328 1859 erant,
1353 1793 1446 1848 sed
1477 1792 1695 1862 quando
1723 1792 1788 1846 ad
1812 1790 2069 1861 populum
2116 1836 2137 1853 ,
2170 1788 2312 1854 latis,
2344 1795 2696 1843 cessaverunt
2734 1787 2868 1858 legis
2894 1788 3232 1848 caremonia
3261 1786 3344 1859 (Il
3390 1785 3520 1841 Par.
3548 1788 3677 1857 tu);
3703 1796 3755 1843 et

481 1896 537 1942 et
556 1888 623 1942 ad
657 1888 805 1942 cives
832 1886 1092 1955 loquitur,
1138 1883 1270 1954 ipsis
1308 1884 1620 1939 civitatibus
1650 1882 1905 1960 loquitur.
1951 1880 2071 1936 Pul-
2101 1867 2144 1927 Β
2172 1882 2297 1936 data
2336 1888 2429 1957 est
2447 1880 2577 1935 urbs
2613 1877 2921 1935 Judaorum
2969 1880 3024 1935 in
3060 1879 3493 1935 maledictionem
3540 1880 3754 1936 cunctis

482 1978 614 2033 chre
640 1986 818 2031 autem
847 1983 955 2031 stat
993 1975 1047 2029 in
1078 1974 1219 2029 atrio
1255 1982 1418 2045 atque
1436 1972 1705 2029 vestibulo
1736 1971 1920 2041 templi
1963 1971 2069 2025 Do-
2168 1967 2417 2045 gentibus
2452 1980 2631 2037 terra,
2673 1973 2740 2028 de
2774 1988 2882 2043 qua
2931 1988 3031 2029 nos
3078 1972 3341 2027 Dominus
3366 1972 3640 2035 liberavit,
3675 1972 3750 2025 di-

481 2068 635 2133 mitti,
662 2074 721 2121 ut
738 2081 837 2137 per
854 2065 1192 2141 occasionem
1213 2066 1479 2120 orationis
1494 2063 1730 2129 Domini,
1758 2070 1812 2118 et
1831 2062 2062 2117 adoran-
2168 2076 2324 2123 cente
2352 2065 2612 2137 Apostolo
2638 2082 2651 2119 :
2684 2083 2703 2115 ι
2731 2062 2981 2119 Christus
3015 2063 3248 2119 redemit
3289 2079 3389 2119 nos
3414 2063 3477 2118 de
3521 2062 3752 2118 maledi-

482 2161 535 2216 di
558 2175 703 2225 cum,
732 2172 1009 2215 sermones
1036 2157 1313 2228 prophetae
1342 2156 1529 2211 audire
1553 2162 1829 2225 cogantur.
1866 2172 1883 2203 ι
1921 2150 2032 2205 Noli

2196 2157 2345 2212 tione
2370 2156 2523 2227 legis,
2559 2156 2734 2211 factus
2759 2171 2857 2225 pro
2888 2152 3044 2210 nobis
3072 2154 3380 2210 maledictio
3414 2152 3558 2225 (Gal.
3588 2152 3697 2224 ut).
3729 2172 3746 2202 ι

485 2252 681 2321 inquit,
738 2250 1060 2313 subtrahere
1106 2240 1353 2313 verbum,
1409 2266 1427 2299 ι
1458 2246 1585 2302 licet
1622 2245 1776 2299 triste
1818 2243 1910 2308 sit,
1941 2243 2068 2297 licet
2246 2270 2263 2301 ι
2297 2249 2363 2303 Et
2397 2248 2685 2323 audierunt
2708 2247 3015 2303 sacerdotes
3035 2254 3092 2301 et
3118 2247 3395 2317 propheta
3437 2247 3562 2316 (sive
3592 2259 3755 2314 pseu-

484 2340 773 2411 adversum
826 2348 877 2395 te
926 2338 1257 2394 audientium
1301 2338 1484 2392 rabies
1529 2335 1854 2398 concitetur,
1885 2341 2066 2389 tamen
2176 2357 2193 2390 ι
2231 2339 2622 2412 dopropheta),
2650 2348 2705 2394 et
2738 2340 2915 2394 omnis
2950 2338 3182 2408 populus
3214 2335 3506 2393 Jeremiam
3530 2336 3754 2405 loquen-

483 2428 670 2489 dicito,
702 2428 845 2497 quod
879 2426 975 2482 tibi
1004 2428 1325 2496 imperatum
1354 2433 1457 2491 est,
1484 2440 1591 2479 non
1623 2423 1922 2478 formidans
1946 2437 2069 2492 per-
2176 2449 2194 2481 ι
2229 2437 2337 2483 tem
2357 2430 2523 2484 verba
2552 2432 2666 2484 hac
2697 2430 2749 2483 in
2777 2429 2938 2483 domo
2966 2429 3197 2483 Domini.
3225 2424 3467 2497 Cu‘mque
3488 2426 3753 2497 corripies-

482 2520 789 2577 sccutiones
811 2533 1023 2583 eorum,
1046 2517 1141 2589 qui
1176 2506 1463 2573 adversum
1504 2526 1556 2572 te
1587 2515 1895 2573 concitandi
1919 2523 2068 2582 sunt,
2180 2538 2198 2572 ι
2236 2531 2318 2577 set
2367 2519 2631 2575 Jeremias
2675 2519 2899 2590 loquens
2939 2518 3120 2575 omnia
3166 2534 3285 2588 qua
3331 2527 3664 2587 praceperat
3704 2517 3752 2571 ei

484 2613 580 2667 sed
606 2611 819 2667 Domini
838 2611 1078 2681 iubentis
1100 2612 1423 2680 imperium:
1465 2629 1483 2661 ‹
1510 2610 1567 2665 Si
1596 2610 1846 2675 forsitan,
1875 2609 2069 2678 inquit,
2178 2634 2196 2666 ‹
2233 2614 2491 2668 Dominus
2536 2622 2595 2667 ut
2637 2612 2949 2681 loqueretur
3000 2611 3069 2665 ad
3120 2610 3433 2684 universum
3473 2606 3749 2677 pupulum,

484 2701 709 2756 audiant
735 2709 792 2757 et
817 2708 1225 2757 convertantur.
1257 2720 1275 2752 ι
1305 2702 1535 2756 Verbum
1567 2700 1875 2771 ambiguum
1925 2699 2075 2770 forsi-
2179 2723 2198 2756 ς
2235 2705 2703 2775 apprehenderunt
2742 2718 2868 2758 eum
2892 2702 3207 2758 sacerdotes
3234 2712 3288 2757 et
3319 2699 3752 2772 propheta(sire

483 2802 597 2859 tan,
628 2791 899 2861 maiestati
929 2793 1143 2846 Domini
1184 2809 1290 2847 non
1318 2802 1497 2863 potest
1518 2794 1831 2857 convenire,
1858 2792 1949 2847 sed
1975 2806 2073 2846 no-
2179 2815 2197 2848 ι
2232 2796 2755 2869 pseudoprOpheta),
2783 2806 2840 2851 et
2862 2796 3040 2851 omnis
3070 2795 3301 2867 populus
3326 2794 3510 2849 dicens
3535 2810 3550 2847 :
3584 2791 3752 2849 Morte

484 2890 600 2937 stro
621 2882 859 2953 loquitur
883 2881 1103 2946 aﬂectu,
1130 2890 1190 2936 ut
1227 2881 1457 2937 liberum
1481 2883 1686 2937 homini
1709 2892 1956 2937 servetur
1981 2898 2073 2936 ar-
2178 2909 2197 2942 ι
2234 2890 2527 2955 moriatur,
2551 2890 2674 2959 quia
2702 2874 3044 2959 prophetarit
3075 2888 3130 2943 in
3171 2888 3390 2944 nomine
3432 2888 3641 2943 Domini
3674 2888 3753 2942 di-

483 2974 727 3039 bitrium,
778 2989 849 3029 ne
882 2990 949 3031 ex
977 2975 1322 3045 prascientia
1354 2974 1505 3045 ejus;
1535 2975 1690 3044 quasi
1747 2973 2075 3030 necessitate
2180 2999 2200 3033 ι
2232 2994 2360 3041 cens
2388 2999 2401 3035 :
2426 2978 2578 3035 Sicut
2618 2980 2728 3035 Silo
2749 2981 2851 3034 erit
2883 2968 3073 3035 domus
3117 2980 3253 3049 hac,
3283 2986 3341 3035 et
3366 2979 3497 3034 urbs
3527 2980 3632 3033 ista
3662 2980 3753 3035 de-

485 3062 572 3117 vel
595 3062 775 3119 facere
801 3063 953 3135 quid,
978 3064 1062 3119 vel
1091 3079 1197 3119 non
1226 3064 1405 3119 facere
1424 3074 1666 3135 cogatur.
1693 3064 1808 3120 Non
1837 3065 1980 3121 enim
2005 3080 2073 3120 ex
2181 3092 2200 3125 ι
2234 3073 2510 3139 solabitur,
2539 3088 2605 3129 eo
2634 3073 2777 3144 quod
2807 3088 2915 3128 non
2943 3066 3014 3129 sit
3042 3073 3336 3128 habitator.
3377 3091 3396 3125 ι
3432 3070 3753 3127 Sacerdotes

484 3169 570 3221 eo,
598 3156 742 3225 quod
771 3156 914 3212 Deus
941 3158 1042 3211 scit
1072 3154 1311 3211 futurum
1338 3155 1559 3227 aliquid,
1592 3155 1799 3212 idcirco
1827 3155 2068 3213 futurum
2105 3219 2144 3234 Α
2176 3170 2231 3218 et
2256 3162 2550 3233 propheta,
2574 3178 2708 3232 quos
2741 3163 3240 3234 pseudoprophetas
3262 3162 3610 3233 Septuaginta
3638 3177 3755 3217 ma-

486 3256 585 3311 εει)
612 3248 704 3303 sed
733 3248 860 3318 quia
886 3246 1125 3302 futurum
1149 3256 1252 3311 est,
1279 3248 1421 3303 Deus
1444 3247 1784 3317 novit,quasi
1808 3248 2071 3316 prascius
2100 3219 2145 3284 Ο
2176 3219 2426 3309 nifestius
2472 3219 2882 3320 transtulerunt,
2939 3219 3253 3309 irascuntur
3293 3219 3564 3319 Jereniia,
3612 3252 3756 3322 quod

492 3340 817 3393 futurorum.
842 3339 909 3392 Et
944 3346 1123 3393 tamen
1150 3338 1427 3394 sciendum
1452 3337 1608 3407 juxta
1640 3338 1784 3394 hunc
1823 3338 2076 3394 eumdem
2178 3360 2305 3400 vera
2356 3344 2610 3415 praedicat
2634 3361 2648 3398 :
2674 3350 2729 3398 et
2768 3343 3026 3399 subverso
3060 3343 3260 3414 templo
3299 3352 3357 3398 et
3393 3343 3633 3408 civitate,
3664 3344 3757 3397 de-

487 3428 1072 3494 Jeremiam,etsi.mala
1088 3429 1397 3498 praedixerit
1417 3429 1767 3508 Dominus,et
1788 3429 1964 3497 egerit
1984 3442 2076 3500 po-
2178 3446 2322 3493 serta
2372 3439 2442 3491 sit
2472 3436 2711 3507 peritura
2744 3435 2952 3507 religio,
2995 3444 3049 3491 et
3072 3428 3238 3490 'lucra
3284 3450 3351 3489 ex
3381 3434 3640 3506 religione
3663 3449 3756 3488 ve-

489 3521 645 3593 pnlus
669 3520 1067 3591 panitentiam,
1089 3520 1229 3589 quod
1258 3528 1313 3574 et
1343 3520 1455 3590 ipse
1478 3529 1697 3576 acturus
1716 3521 1788 3575 sit
1806 3520 2075 3591 paniten-
2177 3526 2402 3582 nientia.
2428 3524 2635 3581 Idcirco
2675 3526 3087 3596 apprehendunt
3111 3541 3258 3591 eum,
3304 3534 3361 3580 et
3387 3525 3757 3579 consentiente

492 3614 621 3667 tiam
646 3626 806 3682 super
826 3610 930 3677 his,
947 3627 1067 3681 qua:
1088 3610 1267 3666 facere
1288 3612 1645 3667 comminatus
1665 3620 1766 3668 est.
1782 3611 1848 3667 Et
1873 3611 1920 3667 si
1943 3626 2075 3682 pro-
2177 3619 2279 3675 sibi
2304 3618 2500 3689 populo
2526 3618 2689 3674 morti
2711 3619 2983 3673 destinant
3008 3636 3022 3671 :
3044 3633 3217 3687 quare
3240 3617 3438 3673 dixerit
3465 3618 3515 3671 in
3540 3618 3755 3673 nomine

493 3719 651 3774 spera
681 3702 951 3772 pollicitus
976 3700 1138 3757 fuerit
1170 3710 1225 3757 et
1252 3704 1421 3773 egerit
1445 3703 1672 3773 populus
1717 3702 2043 3776 negligenter

2207 3708 2390 3765 Domini
2424 3709 2566 3762 sicut
2595 3706 2706 3761 Silo
2730 3708 2839 3761 erit
2877 3706 3071 3763 domus
3093 3707 3228 3773 hac,
3254 3715 3309 3763 et
3334 3705 3465 3762 urbs
3494 3706 3757 3761 desolabi-

497 3804 666 3851 mutet
691 3794 833 3850 Deus
863 3795 1206 3861 sententiam,
1252 3803 1305 3849 ct
1339 3811 1437 3865 pro
1487 3796 1641 3851 bonis
1685 3796 1823 3850 mala
1855 3796 2071 3851 inferat.
2180 3808 2288 3865 tur,
2336 3812 2401 3853 eo
2439 3799 2581 3867 quod
2632 3812 2740 3852 non
2776 3798 2845 3853 sit
2890 3797 3184 3853 habitator.
3230 3796 3289 3853 Si
3334 3799 3550 3869 quando
3596 3798 3757 3868 igitur

495 3886 646 3954 Quod
696 3886 883 3956 utique
918 3902 985 3942 ex
1014 3902 1242 3957 persona
1292 3887 1387 3942 Dei
1419 3888 1803 3957 omnipotentis
1858 3889 2072 3943 dicitur.
2177 3884 2399 3961 propter
2426 3890 2678 3944 mandata
2708 3890 2942 3955 Domini,
2978 3898 3035 3945 ct
3060 3889 3185 3945 ﬁdei
3213 3892 3519 3957 veritatem,
3560 3891 3641 3945 vel
3670 3906 3758 3945 sa-

499 3979 735 4048 Denique
769 3988 825 4033 et
867 3980 920 4033 in
957 3980 1227 4050 praesenti,
1253 3980 1369 4034 ait:
1420 3999 1438 4030 ε
1477 3978 1534 4034 Si
1560 3977 1700 4035 forte
1750 3979 1970 4033 audiant
2020 3986 2076 4033 et
2179 3981 2429 4037 cerdotes
2483 3980 2659 4048 nobis,
2710 3981 2791 4036 vel
2838 3980 3339 4051 pseudopropheta,
3378 3981 3465 4037 vel
3504 3981 3756 4051 deceptus

497 4076 881 4125 convertantur
908 4066 1274 4137 unusquisque
1298 4087 1325 4124 a
1356 4071 1440 4124 via
1471 4086 1569 4125 sua
1598 4070 1769 4137 mala;
1804 4089 1826 4124 ι
1853 4079 1912 4125 ut
1952 4086 2075 4125 cum
2178 4074 2408 4144 populus
2434 4073 2723 4141 irascatur,
2748 4091 2853 4130 non
2881 4090 3206 4146 magnopere
3222 4089 3497 4141 curemus,
3522 4064 3627 4129 sed"
3657 4089 3754 4128 ex-

497 4161 572 4216 illi
598 4160 873 4229 ,conversi
907 4159 1129 4224 fuerint,
1169 4169 1335 4214 etme
1386 4162 1665 4216 sententia
1711 4162 1993 4231 poeniteat:
2024 4172 2079 4216 et
2181 4182 2475 4241 sequamur
2498 4167 2817 4221 sententiam
2834 4156 3071 4233 Domini,
3099 4184 3445 4238 nequaquam
3472 4170 3756 4240 prasentia

501 4266 606 4305 non
626 4250 843 4315 faciam,
872 4251 1015 4321 quod
1045 4250 1124 4304 eis
1149 4247 1327 4303 facere
1353 4250 1549 4319 cogito.
1578 4249 1768 4319 Cogito
1789 4258 1969 4305 autem
1992 4249 2078 4305 fa—
2180 4257 2345 4323 mala,
2378 4258 2470 4312 sed
2503 4256 2684 4311 futura
2710 4259 2849 4313 bona
2880 4260 3061 4313 animo
3089 4261 3412 4327 cogitantes.

498 4356 622 4396 cere
657 4351 876 4412 propter
929 4339 1162 4395 malitias
1196 4340 1494 4395 studiorum
1551 4341 1765 4396 illorum
1806 4357 1821 4396 :
1855 4357 1975 4413 qua
2031 4342 2078 4398 si
2255 4370 2274 4404 ς
2312 4351 2377 4405 Et
2400 4357 2760 4421 congregatus
2788 4360 2869 4404 est
2890 4352 3068 4405 omnis
3106 4350 3337 4421 populus
3365 4352 3647 4406 adversum
3670 4348 3756 4404 Je-

502 4430 700 4485 l'ucrint
730 4434 1030 4497 immutata,
1062 4442 1117 4485 ct
1160 4445 1277 4485 mea
1328 4434 1593 4487 sententia
1637 4436 2074 4491 commutabitur.
2186 4460 2205 4495 ι
2240 4441 2466 4497 remiam
2496 4442 2549 4493 in
2582 4441 2796 4495 domum
2826 4442 3056 4496 Domini.
3087 4442 3154 4496 Et
3176 4442 3467 4497 audierunt
3496 4443 3759 4513 principes

505 4524 769 4595 Legamus
798 4526 1078 4579 Ῑιὶδιοτίωη
1113 4523 1263 4579 101ὶὲίέ
1283 4533 1338 4579 οἱ
1366 4525 1588 4580 Nilum.
2103 4587 2153 4604 ﬁ
2185 4553 2206 4587 r
2226 4534 2373 4590 Juda
2401 4534 2564 4587 verba
2596 4534 2728 4597 hac,
2756 4542 2812 4588 et
2835 4535 3196 4588 ascenderunt
3230 4535 3307 4588 de
3334 4536 3495 4590 domo
3534 4536 3672 4604 regis
3702 4537 3752 4587 in

584 4638 603 4669 ι
642 4618 706 4672 Et
739 4618 886 4673 dices
928 4620 995 4672 ad
1034 4634 1165 4674 eos;
1195 4618 1320 4673 Hac
1366 4620 1495 4673 dicit
1542 4620 1840 4675 Dominus:
1867 4621 1926 4677 Si
1969 4636 2077 4678 non
2102 4587 2156 4647 Β
2188 4642 2207 4675 ι
2244 4623 2460 4677 domum
2516 4622 2724 4676 Domini
2761 4640 2775 4678 :
2813 4629 2867 4676 et
2922 4623 3183 4678 sederunt
3219 4623 3274 4678 in
3315 4624 3537 4678 introitu
3592 4587 3755 4694 parte

509 4731 526 4762 ι
564 4708 844 4764 audieritis
860 4723 966 4772 me,
991 4718 1047 4761 ut
1067 4710 1350 4765 ambuletis
1381 4710 1433 4764 in
1464 4710 1578 4781 lege
1603 4727 1744 4777 mea,
1771 4729 1932 4783 quam
1956 4715 2077 4770 dedi
2188 4733 2210 4766 ι
2245 4712 2457 4767 Domini
2485 4727 2656 4767 nova.
2693 4732 2710 4764 ι
2743 4711 3008 4766 Jercmias
3036 4713 3090 4766 in
3120 4714 3319 4783 templo
3354 4716 3520 4769 verba
3552 4716 3753 4769 Domini

512 4823 529 4855 ι
568 4802 741 4867 vobis,
786 4809 846 4855 ut
893 4801 1123 4855 audiatis
1180 4816 1455 4857 sermones
1504 4819 1782 4857 servorum
1833 4820 2076 4877 meorum
2182 4806 2556 4877 prophetabat,
2582 4814 2637 4861 et
2666 4807 2915 4861 dixerat:
2952 4823 2969 4856 ι
3007 4806 3152 4860 Dabo
3172 4807 3393 4861 domum
3422 4808 3755 4873 istam,sicut

512 4917 530 4948 ι
562 4896 969 4967 prophetarum,
997 4910 1131 4964 quos
1162 4910 1261 4965 ego
1292 4896 1413 4949 misi
1438 4896 1504 4949 ad
1546 4912 1641 4951 vos
1664 4898 1729 4951 de
1760 4907 1915 4953 nocte
1946 4915 2077 4954 con-
2185 4897 2319 4962 Silo,
2350 4906 2404 4951 et
2432 4896 2618 4951 urbem
2644 4896 2781 4951 hanc
2820 4897 2871 4949 in
2900 4896 3327 4952 maledictionem
3357 4899 3570 4954 cunctis
3591 4902 3756 4971 genti-

515 5004 535 5038 ι
568 5001 816 5057 surgens,
839 4994 893 5041 et
918 4986 1171 5056 dirigens,
1193 4996 1247 5041 et
1274 5002 1379 5040 non
1406 4988 1633 5042 audistis
1660 5007 1671 5040 :
1699 4989 1836 5043 dabo
1861 4992 2079 5045 domum
2184 4990 2287 5044 bus
2314 4996 2487 5043 terra.
2525 5008 2541 5037 ι
2579 4987 2879 5057 Statimque
2904 5002 2933 5040 a
2962 4988 3353 5054 sacerdotibus,
3382 4999 3439 5045 et
3461 4992 3753 5062 prophetis,

517 5094 537 5129 ι
576 5076 733 5132 ietam
763 5075 902 5130 sicut
932 5073 1063 5141 Silo,
1108 5084 1163 5129 ct
1198 5078 1386 5131 urbem
1428 5077 1566 5135 hanc
1596 5079 1734 5132 dabo
1778 5079 1830 5132 in
1861 5081 2085 5135 maledi-
2184 5093 2238 5139 ct
2280 5082 2493 5153 populo,
2541 5082 2801 5137 seditione
2825 5092 3117 5147 commota,
3146 5098 3307 5138 omne
3345 5085 3539 5156 vulgus
3572 5088 3755 5140 adver-

516 5187 536 5220 ι
569 5168 803 5224 ctionem
824 5167 1032 5221 cunctis
1052 5166 1298 5235 gentibus
1314 5176 1489 5223 terra.
1515 5188 1533 5221 ι
1561 5169 1619 5224 In
1642 5178 1826 5225 nostra
1852 5188 1981 5243 ergo
2000 5182 2083 5228 cst
2186 5191 2301 5229 sum
2347 5175 2662 5244 prophetam
2704 5182 3063 5243 congregatur
3109 5173 3161 5228 in
3207 5176 3487 5246 templum,
3514 5178 3600 5235 ubi
3636 5186 3753 5231 erat

510 5261 742 5332 positum
780 5266 1064 5328 potestate,
1091 5256 1173 5311 vel
1224 5256 1397 5312 facere
1429 5260 1578 5329 quid,
1609 5260 1693 5314 vel
1722 5276 1828 5316 non
1861 5262 2077 5320 facere:
2185 5267 2467 5336 propheta,
2515 5274 2571 5320 et
2605 5258 2962 5331 sacerdotum,
3012 5280 3079 5320 ac
3122 5267 3535 5336 prophetarum,
3587 5268 3755 5339 vulgi-

511 5353 584 5407 ita
610 5353 869 5407 duntaxat
898 5360 954 5403 ut
977 5348 1236 5419 quidquid
1266 5350 1390 5403 boni
1418 5350 1596 5420 operis
1619 5351 1884 5417 volumus,
1921 5369 2083 5424 appe-
2185 5375 2309 5430 que,
2354 5358 2601 5415 manibus
2634 5357 2929 5411 tenebatur.
2960 5357 3113 5423 Quod
3157 5374 3279 5413 cum
3310 5361 3589 5415 audissent
3614 5361 3750 5429 prin-

512 5443 697 5507 timus,
746 5440 1040 5510 explemus,
1097 5440 1160 5492 ad
1189 5438 1303 5500 ,1)οί
1343 5440 1568 5507 gratiam
1620 5440 1921 5497 referamus
1946 5464 1957 5496 ε
1988 5446 2080 5515 (illi
2184 5455 2329 5523 cipes
2353 5450 2606 5515 civitatis,
2633 5450 2723 5517 qui
2752 5451 2801 5502 in
2828 5450 2986 5504 domo
3008 5450 3152 5519 regia
3178 5451 3553 5517 versabantur,
3586 5460 3749 5505 trans-

507 5533 663 5602 juxta
707 5532 1014 5601 Apostolum
1045 5531 1191 5585 dedit
1237 5530 1410 5595 nobis,
1455 5540 1509 5584 et
1556 5532 1691 5587 velle
1726 5542 1782 5587 et
1818 5534 2078 5603 perﬁcere
2186 5549 2362 5601 ierunt
2386 5544 2499 5598 sive
2528 5561 2546 5591 ‹
2579 5540 2935 5596 ascenderunt
2971 5542 3038 5595 de
3069 5542 3233 5595 domo
3268 5542 3410 5610 regis
3450 5542 3504 5595 in
3543 5543 3746 5597 domum

515 5620 680 5693 (Phil.
724 5620 808 5691 ιι).
861 5620 955 5673 Sin
1003 5629 1202 5684 autem,
1250 5619 1444 5675 suﬂicit
1491 5622 1657 5675 semel
1705 5624 1979 5680 ambulare
2024 5628 2079 5683 in
2186 5635 2416 5689 Domini.
2449 5653 2467 5683 ι
2496 5632 2926 5701 Notandumque,
2956 5632 3098 5699 quod
3118 5630 3197 5685 ire
3220 5631 3526 5685 addomum
3548 5627 3745 5686 Domini

513 5715 648 5784 lege,
671 5730 793 5784 qua
819 5714 975 5769 nobis
1003 5715 1125 5771 data
1151 5724 1235 5770 est
1262 5730 1371 5784 per,
1400 5714 1646 5785 Moysen,
1681 5724 1740 5770 ut
1780 5717 1939 5772 stulta
1973 5720 2079 5775 ha-
2184 5736 2441 5778 ascensus
2476 5722 2545 5776 sit
2578 5739 2590 5775 :
2625 5741 2642 5772 ι
2674 5721 3044 5790 Sedcruntqne
3088 5721 3141 5775 in
3190 5704 3414 5776 introitu
3458 5730 3625 5792 porta
3651 5719 3747 5773 Do-

513 5804 649 5861 resis
699 5806 1025 5879 suspicatur.
1077 5804 1355 5874 Quomodo
1396 5808 1599 5864 addidit
1642 5827 1653 5862 :
1684 5826 1703 5859 ε
1742 5808 1811 5865 Ut
1849 5810 2082 5869 audiatis
2186 5811 2315 5867 mini
2338 5826 2504 5866 nova.
2533 5832 2550 5863 ›
2574 5810 2883 5883 Principum
2908 5810 3055 5867 enim
3073 5820 3193 5867 erat
3212 5808 3470 5869 olliciium
3491 5807 3745 5867 sederet:
