3926 6322
197 428 345 486 1008

1131 419 1497 479 EXPOSlTlO
1535 418 1762 476 SUPER
1799 415 2166 473 .IEREMIAM.
2204 444 2276 455 —
2313 414 2440 469 LIB.
2482 413 2549 468 Χ.

3345 411 3480 464 tum;

195 547 360 610 porta
380 539 571 594 domus
595 534 830 600 Domini,
856 541 913 590 et
940 534 1014 588 ibi
1039 533 1261 604 negotii,
1290 542 1340 588 et
1360 530 1643 588 seditionis
1668 545 1792 600 cog-
1818 531 1872 591 Α
1897 525 2140 581 stultitiae
2166 533 2268 590 est,
2299 523 2447 581 aliud
2486 523 2565 578 sic
2600 522 2921 593 impendens
2952 521 3124 577 vitare
3164 522 3479 591 discrimen,

201 647 433 688 noscere
477 628 785 685 veritatem.
819 625 968 683 Nova
995 634 1177 681 autem
1221 634 1378 696 porta
1415 625 1631 690 dicitur,
1668 623 1797 696 quia

200 722 297 793 qui
326 719 587 776 sedebant
621 719 676 774 in
699 734 787 785 ea,
808 716 1091 787 etjudicio
1123 727 1416 787 praeerant,
1450 717 1795 774 sacerdotum

201 823 261 871 et
282 811 873 885 pseudoprophetarum
901 807 1186 863 calumniae
1208 808 1552 864 resistebant.

277 962 297 996 ο
335 943 405 998 Et
427 941 594 998 locuti
643 946 770 996 sunt
797 937 1108 1010 sacerdotes
1137 947 1193 994 et
1230 938 1513 1008 praphetae
1545 936 1611 992 ad
1636 937 1791 1007 prin-

200 1053 225 1088 c
260 1034 434 1106 eipes,
476 1041 531 1090 et
571 1033 640 1087 ad
681 1044 900 1094 omnem
929 1029 1186 1100 populum
1213 1028 1456 1085 dicentes
1483 1045 1495 1082 :
1522 1026 1794 1084 Judicium

201 1145 222 1178 ι
263 1125 458 1181 mortis
483 1130 568 1180 est
610 1121 732 1179 viro
773 1121 918 1184 huic,
960 1119 1086 1190 quia
1133 1119 1476 1191 prophetavit
1504 1118 1792 1174 adversum

200 1237 221 1270 ι
259 1219 537 1274 civitatem
588 1216 770 1293 istam,
799 1215 941 1271 sicut
985 1213 1216 1270 audistis
1255 1213 1479 1269 auribus
1506 1210 1724 1268 vestris.
1765 1231 1785 1264 ι

196 1307 527 1364 Sedentibus
568 1306 721 1362 urbis
761 1305 1096 1375 principibus
1123 1304 1179 1359 in
1221 1312 1377 1376 porta
1411 1302 1619 1373 templi,
1649 1308 1705 1358 et
1735 1301 1792 1357 in

195 1407 356 1470 porta
404 1415 566 1465 nova,
591 1399 684 1469 qui
714 1397 782 1453 de
832 1397 976 1469 regis
1003 1395 1206 1467 palatio
1256 1395 1324 1450 ad
1363 1393 1622 1463 templum
1661 1408 1794 1449 con-

196 1502 506 1555 currerant,
525 1500 584 1546 ut
598 1491 792 1548 seditio
812 1489 995 1561 populi
1017 1490 1322 1556 sedaretur,
1345 1501 1399 1544 et
1415 1489 1679 1544 concione
1697 1501 1794 1559 po-

194 1582 309 1652 puli
325 1591 655 1656 congregata
676 1588 934 1638 accusant
955 1579 1266 1636 sacerdotes
1284 1586 1340 1634 et
1355 1579 1795 1650 pseudoprophe-

197 1684 268 1730 ατε
290 1673 604 1740 Jeremiam,
626 1675 970 1745 perieratque
997 1673 1284 1745 propheta,
1317 1680 1578 1743 quantum
1608 1672 1709 1727 fuit
1737 1671 1793 1728 in

196 1765 574 1821 sacerdotibus
600 1773 655 1821 et
672 1765 952 1836 prophetis
974 1765 1052 1821 :si
1075 1775 1422 1830 accusatores
1446 1764 1548 1834 ipsi
1572 1763 1795 1820 habuis-

195 1855 1004 1968 33‘13“???.'§P?F§‘i‘fi‘l‘f§
1023 1855 1792 1968 .α.¹ἶ⁰,ἶῗξῗξ¹ξὲ¹“ῗ⁸1-ῗῗ¹ῗὲ⁶ἲ’
1819 1888 1868 1948 Β
1895 1853 2091 1968 Emme
2120 1897 2401 1964 Dominus.

194 1944 364 2002 liores
391 1944 559 2014 fuisse
589 1947 643 2028 in
680 1948 999 2018 prophetam
1023 1963 1123 2018 per
1151 1947 1407 2003 invidiam
1456 1949 1785 2014 sanctitatis,

194 2041 294 2116 qui
329 2040 575 2111 religioni
613 2042 936 2097 videbantur
962 2041 1152 2109 dediti,
1183 2057 1348 2112 quam
1375 2044 1468 2115 qui
1498 2043 1794 2100 necessita-

211 2131 346 2188 I'bus
367 2132 595 2203 publicis
621 2142 892 2204 praeerant

275 2283 295 2317 ι
329 2263 401 2319 Et
429 2263 507 2319 ait
525 2261 790 2322 Jeremias
824 2266 892 2322 ad
927 2281 1119 2322 omnes
1160 2267 1455 2340 principes,
1486 2275 1542 2322 et
1575 2266 1644 2324 ad
1670 2266 1794 2322 uni-

203 2376 225 2410 ι
259 2372 478 2413 versum
521 2357 798 2429 populum,
845 2359 1031 2415 dicens
1065 2361 1365 2417 :Dominus
1403 2359 1554 2415 misit
1598 2374 1688 2415 me
1734 2366 1795 2414 ut

201 2468 222 2502 ι
257 2448 639 2520 prophetarem
661 2449 727 2504 ad
751 2449 969 2507 domum
999 2449 1124 2520 (sive
1150 2463 1312 2520 super
1333 2448 1575 2521 domum)
1606 2450 1791 2517 istam,

201 2559 222 2593 ι
262 2547 317 2595 et
341 2539 410 2594 ad
447 2539 726 2597 dvitatem
753 2540 879 2613 (sive
907 2553 1071 2612 super
1105 2541 1402 2614 civitatem)
1437 2542 1576 2597 hanc
1612 2543 1796 2597 omnia

201 2649 225 2684 ι
249 2633 430 2711 verba
456 2647 577 2703 qua:
614 2632 863 2688 audistis.
915 2633 1072 2690 Nunc
1108 2649 1238 2707 ergo
1276 2635 1450 2691 bonas
1486 2634 1650 2692 facite
1681 2635 1795 2692 vias

203 2737 228 2775 ι
265 2729 477 2778 vestras
498 2729 552 2777 et
581 2723 757 2778 studia
785 2732 987 2791 vestra,
1015 2724 1198 2780 audite
1226 2740 1415 2781 vocem
1441 2725 1658 2783 Domini
1697 2726 1791 2781 Dei

202 2830 228 2868 α
263 2813 456 2881 vestri,
485 2823 542 2870 et
564 2816 848 2884 paenitebit
897 2817 1186 2872 Dominum
1228 2817 1357 2872 mali
1387 2819 1531 2888 quod
1579 2818 1793 2874 locutus

202 2925 227 2961 ι
267 2915 351 2963 est
381 2905 667 2964 adversum
697 2923 794 2964 vos
825 2907 951 2980 (sive
971 2918 1028 2964 et
1053 2910 1297 2980 quiescet
1322 2910 1582 2965 Dominus
1605 2927 1636 2966 a
1676 2925 1794 2965 ma-

205 3015 228 3051 ι
269 2998 337 3054 lis
359 3014 480 3070 quae
501 2998 714 3055 locutus
739 3009 823 3056 est
843 3009 1038 3056 contra
1063 3004 1202 3073 vos).
1233 3002 1344 3073 Ego
1373 3011 1556 3057 autem
1581 3017 1712 3059 ecce
1741 3003 1797 3057 in

205 3110 226 3143 ι
264 3091 515 3147 manibus
538 3077 741 3147 vestris
776 3107 931 3147 sum:
955 3090 1119 3148 facite
1152 3093 1289 3148 mihi
1315 3102 1375 3147 ut
1401 3095 1603 3149 bonum
1632 3102 1686 3150 et
1711 3109 1799 3148 re-

205 3202 226 3236 c
269 3191 415 3239 ctum
459 3168 544 3239 est
581 3183 636 3239 in
679 3184 850 3240 oculis
877 3185 1075 3253 vestris
1107 3184 1234 3255 (sive
1259 3195 1320 3240 ut
1349 3187 1566 3255 expedit
1595 3185 1792 3257 vobis).

1897 626 1957 674 ut
1977 619 2044 674 de
2074 618 2300 672 veritate
2327 615 2402 671 nil
2428 617 2734 672 subtrahas.

1971 727 1991 761 ι
2029 709 2096 763 Ει
2119 709 2372 765 dixerunt
2403 707 2700 778 principes,
2728 715 2785 761 et
2811 705 2991 761 omnis
3023 705 3252 780 populus
3287 707 3358 762 ad
3401 724 3485 763 sa-

1901 815 1921 849 ‹
1955 797 2205 855 cerdotes
2230 805 2284 851 et
2309 796 2637 868 prophetas:
2665 796 2782 852 Non
2814 805 2898 852 est
2924 797 3043 852 viro
3070 797 3196 852 huic
3217 796 3478 863 judicium

1899 907 1920 942 ι
1953 890 2166 958 mortis,
2199 889 2324 959 quia
2358 889 2413 943 in
2450 888 2668 944 nomine
2697 888 2909 944 Domini
2940 889 3034 944 Dei
3065 890 3238 946 nostri
3269 890 3482 946 locutus

1900 1001 1918 1033 ι
1953 991 2036 1038 est
2060 983 2128 1038 ad
2170 996 2286 1037 nos.
2319 1001 2338 1035 ι
2371 979 2629 1050 Populus,
2656 981 2748 1050 qui
2793 982 2944 1052 prius
2965 997 2996 1036 a
3026 980 3400 1038 sacerdotibus
3424 991 3484 1037 et

1893 1073 2384 1146 pseudoprophetis
2417 1073 2596 1128 fuerat
2633 1072 3032 1144 supplantatus,
3052 1073 3303 1144 jungitur
3331 1075 3482 1144 prin-

1893 1165 2108 1235 cipibus
2134 1167 2393 1233 civitatis,
2425 1176 2481 1220 et
2513 1181 2612 1235 pro
2638 1165 2874 1225 Jeremia
2914 1165 3177 1234 loquitur,
3209 1167 3349 1236 quod
3389 1180 3485 1221 ne-

1895 1273 2170 1329 quaquam
2205 1274 2334 1318 reus
2365 1259 2561 1314 mortis
2589 1259 2683 1324 sit,
2720 1259 2814 1314 sed
2843 1258 2896 1313 in
2925 1258 3145 1313 nomine
3168 1260 3406 1325 Domini,
3433 1270 3490 1315 et

1894 1361 1963 1402 ex
1993 1361 2088 1403 ore
2135 1348 2280 1405 illius
2328 1349 2691 1420 prophetarit.
2738 1347 3052 1416 Citoeuim
3094 1349 3286 1420 vulgus
3336 1350 3491 1407 indo-

1893 1448 2043 1496 ctum
2078 1451 2298 1512 accepta
2333 1442 2564 1508 ratione,
2597 1449 2770 1496 mutat
2807 1442 3159 1508 sententiam,
3198 1441 3353 1496 dolor
3393 1459 3490 1498 au-

1895 1541 2004 1588 tem
2037 1534 2435 1600 accusantium,
2483 1549 2757 1605 praecipue
2803 1534 3150 1589 sacerdotum
3178 1543 3232 1589 et
3258 1535 3488 1605 pseudo-

1893 1626 2307 1695 prophetarum,
2357 1639 2468 1681 non
2523 1632 2704 1695 potest
2762 1625 3155 1681 immutarizet
3205 1625 3328 1680 ideo
3382 1625 3489 1682 illis

1895 1716 2301 1785 accusantibus,
2336 1724 2393 1774 et
2419 1717 2473 1771 in
2497 1716 2844 1772 accusatione
2868 1703 3366 1787 perseverantibus,
3389 1731 3489 1786 po-

1896 1806 2056 1877 pulus
2093 1815 2485 1874 commutatur,
2528 1807 2673 1876 quod
2728 1821 2881 1877 spem
2927 1806 3010 1862 eis
3039 1805 3264 1860 dederat
3307 1805 3488 1861 indul-

2435 1897 2481 1954 si
2515 1898 2689 1953 bonas
2715 1895 2959 1952 facerent
2988 1896 3105 1952 vias
3130 1911 3278 1963 suas,
3309 1903 3365 1951 et
3389 1912 3489 1951 au-

1895 1982 2292 2046 dirent‘vocem
2322 1989 2538 2050 Domini
2573 1988 2672 2045 Dei
2707 1989 2815 2055 sui,
2845 1999 2907 2044 ut
2933 1996 2990 2043 et
3032 1987 3292 2043 Dominus
3337 2003 3494 2048 suam

1895 2080 2221 2138 sententiam
2246 2078 2512 2140 flecteret.-

1969 2191 1987 2224 ι
2023 2171 2501 2242 Surrexeruntque
2518 2169 2624 2225 viri
2649 2169 2714 2226 de
2730 2168 3034 2225 senioribus
3060 2178 3240 2235 terrae,
3264 2178 3321 2225 et
3341 2170 3494 2226 dixe-

1903 2283 1924 2318 ι
1959 2273 2089 2320 runt
2115 2266 2184 2319 ad
2203 2279 2421 2320 omnem
2443 2272 2644 2319 ctetum
2670 2261 2855 2333 populi
2886 2263 3208 2333 loquentes:
3236 2261 3489 2318 Michaaas

1902 2375 1921 2407 «
1961 2355 2026 2410 de
2057 2354 2282 2411 Morasti
2305 2354 2411 2410 fuit
2447 2353 2717 2424 prOpheta
2751 2354 2805 2408 in
2837 2352 3029 2409 diebus
3055 2353 3304 2408 Ezechiae
3348 2354 3492 2424 regis

1903 2467 1922 2500 ι
1960 2445 2119 2516 Iuda,
2156 2457 2212 2503 et
2256 2448 2336 2503 ait
2381 2448 2450 2503 ad
2501 2461 2719 2503 omnem
2766 2445 3022 2516 populum
3069 2445 3222 2504 Iudae
3261 2431 3491 2504 dicens:

1903 2557 1923 2590 ε
1958 2537 2085 2595 Ηωο
2111 2539 2245 2596 dicit
2288 2538 2556 2595 Dominus
2588 2538 2928 2594 exercituum
2961 2555 2974 2592 :
3012 2538 3143 2596 Sion
3175 2540 3329 2610 quasi
3367 2555 3498 2612 ager

1904 2649 1924 2682 ε
1957 2632 2225 2697 arabitur,
2263 2630 2606 2687 Hierusalem
2635 2631 2689 2685 in
2721 2645 2974 2686 acervum
3012 2631 3252 2701 lapidum
3282 2632 3408 2698 erit,
3441 2640 3500 2688 et

1905 2739 1924 2773 ι
1958 2737 2116 2778 mons
2150 2720 2346 2778 domus
2389 2722 2442 2777 in
2472 2721 2690 2778 excelsa
2722 2721 3003 2777 silvarum.
3035 2721 3289 2794 Nunquid
3321 2731 3498 2779 morte

1905 2832 1924 2865 ε
1959 2814 2342 2869 conoemnavit
2373 2829 2498 2869 eum
2547 2813 2814 2870 Ezechias
2862 2830 2958 2870 rex
3010 2812 3174 2878 Juda,
3213 2823 3269 2871 et
3316 2817 3497 2873 omnis

1905 2926 1923 2959 ‹
1953 2905 2128 2962 Juda?
2153 2907 2409 2978 Nunquid
2429 2922 2537 2962 non
2565 2909 2866 2962 timuerunt
2886 2907 3197 2973 Dominum,
3227 2917 3281 2964 et
3304 2909 3496 2980 depre-

1906 3015 1924 3048 ‹
1961 2998 2068 3052 cati
2117 3006 2246 3052 sunt
2290 2997 2486 3054 faciem
2527 2997 2767 3064 Domini,
2809 3006 2863 3052 et
2908 2999 3166 3068 paenituit
3205 3000 3497 3059 Dominum

1907 3107 1925 3139 ι
1961 3087 2087 3142 mali
2118 3089 2262 3158 quod
2291 3089 2504 3145 locutus
2552 3098 2674 3145 erat
2706 3090 2997 3144 adversum
3027 3091 3158 3146 eos?
3183 3091 3371 3162 Itaque
3398 3108 3498 3148 nos

1908 3196 1926 3229 ‹
1962 3177 2193 3235 facimus
2230 3179 2434 3235 malum
2473 3182 2678 3252 grande
2723 3189 2912 3236 contra
2961 3183 3173 3239 animas
3203 3191 3438 3238 nostras.
3473 3204 3492 3237 ι

207 3293 226 3326 ι
267 3275 656 3330 Verumtamen
685 3276 880 3331 scitote
912 3283 966 3331 et
991 3277 1302 3347 cognoscite
1330 3276 1474 3346 quod
1506 3277 1551 3332 si
1574 3255 1791 3331 occide-
1824 3255 1868 3317 (ἶ
1900 3270 2184 3343 Principes
2212 3273 2448 3329 civitatis
2487 3282 2544 3328 et
2581 3273 2813 3345 populus
2850 3273 3155 3345 intelligunt
3183 3273 3373 3343 judicli
3407 3293 3502 3331 ve-

207 3381 230 3415 (
267 3365 390 3419 ritis
441 3380 546 3427 me,
592 3367 910 3438 sanguinem
963 3367 1308 3423 innocentem
1349 3366 1563 3422 traditis
1607 3376 1798 3422 contra

209 3472 231 3505 ι
271 3456 647 3526 vosmetipsos,
675 3465 732 3511 et
765 3464 955 3512 contra
981 3457 1257 3512 civitatem
1304 3457 1463 3512 istam
1503 3465 1562 3512 et
1587 3457 1800 3514 habita-

209 3565 228 3597 ι
269 3553 414 3600 tores
435 3546 572 3617 ejus.
604 3545 661 3600 ln
689 3547 916 3603 veritate
948 3549 1101 3605 enim
1131 3548 1281 3606 misit
1311 3563 1400 3604 me
1431 3549 1692 3604 Dominus
1730 3548 1798 3603 ad

207 3656 226 3688 ι
263 3651 382 3701 vos,
428 3644 487 3691 ut
528 3635 778 3709 loquerer
824 3639 878 3696 in
906 3639 1130 3696 auribus
1165 3641 1364 3697 vestris
1403 3642 1585 3697 omnia
1630 3643 1799 3698 verba

205 3748 226 3782 ι
270 3729 408 3784 haec.
443 3749 460 3780 ι
488 3728 623 3785 Cum
671 3740 938 3803 praesente
981 3733 1180 3802 populo
1237 3736 1491 3790 sederent
1533 3734 1588 3788 in
1641 3742 1797 3804 porta

199 3821 479 3892 principes
512 3821 764 3887 civitatis,
800 3830 857 3877 et
883 3834 1206 3880 accusarent
1241 3825 1554 3880 sacerdotes
1579 3836 1636 3880 et
1665 3840 1796 3896 pro-

200 3913 383 3983 phetae
415 3909 707 3967 Jeremiam
753 3913 1098 3984 prophetam,
1146 3923 1201 3970 et
1239 3915 1433 3970 mortis
1461 3913 1668 3970 crimen
1716 3915 1798 3970 in-

202 4007 510 4069 tenderent,
535 4003 799 4061 Jeremias
832 4006 902 4061 ad
924 4006 1200 4077 principes
1222 4007 1484 4078 loquitur,
1512 4015 1568 4064 et
1591 4009 1659 4066 ad
1680 4010 1798 4064 uni-

200 4111 423 4152 versum
443 4094 719 4167 populum,
744 4112 880 4167 quos
908 4097 1252 4153 sacerdotum
1275 4107 1330 4154 et
1358 4098 1801 4170 pseudoprOphe-

205 4198 391 4244 tarum
405 4187 571 4243 factio
593 4189 984 4254 concitaverat,
1007 4191 1305 4260 prudenter
1325 4190 1530 4260 pariter
1554 4199 1609 4246 et
1629 4191 1802 4246 humi-

201 4279 335 4334 liter
351 4287 512 4348 atque
531 4285 862 4334 constanter.
883 4277 1191 4334 Prudenter
1208 4282 1350 4349 quod
1369 4295 1398 4333 a
1414 4279 1645 4334 Domino
1665 4280 1796 4335 mis-

202 4389 329 4430 sum
352 4386 476 4428 esse
503 4387 562 4426 se
588 4371 816 4438 diceret,
840 4379 900 4426 ut
926 4380 1119 4427 contra
1151 4372 1405 4443 templum
1435 4381 1492 4428 et
1522 4373 1797 4428 civitatem

200 4469 525 4539 loqueretur
552 4481 567 4520 :
593 4466 855 4537 daretque
874 4465 1179 4533 consilium,
1207 4469 1351 4536 quod
1387 4467 1433 4521 si
1459 4465 1663 4521 vellent
1682 4465 1798 4536 ejus

201 4558 400 4615 audire
442 4556 751 4621 consilium,
798 4565 855 4612 et
890 4571 1050 4627 agere
1082 4557 1484 4627 ptenitentiam,
1534 4557 1796 4614 Dominus

199 4665 426 4726 quoque
473 4667 626 4706 suam
675 4649 1002 4706 sententiam
1064 4658 1423 4704 commutaret
1471 4669 1483 4704 :
1521 4650 1800 4706 humiliter

199 4753 392 4801 autem
438 4743 491 4798 in
542 4758 628 4808 eo,
657 4742 802 4812 quod
843 4743 953 4796 ait:
982 4759 1000 4792 ι
1031 4739 1172 4796 Ecce
1214 4738 1269 4794 in
1313 4740 1566 4796 manibus
1603 4741 1800 4796 vestris

200 4851 352 4900 sum,
383 4834 545 4889 facite
573 4833 706 4887 mihi
740 4840 800 4886 ut
841 4833 1045 4889 bonum
1073 4840 1128 4887 et
1162 4841 1372 4887 rectum
1397 4839 1482 4887 est
1527 4833 1582 4888 in
1627 4833 1798 4890 oculis

200 4925 426 4982 vestris.
461 4944 479 4975 ι
508 4923 680 4979 Porro
707 4931 1056 4979 constanter:
1091 4944 1108 4974 ι
1141 4924 1197 4978 in
1244 4923 1474 4979 veritate
1517 4924 1667 4980 misit
1711 4941 1799 4981 me

200 5015 475 5072 Dominus
509 5014 578 5070 ad
598 5029 717 5080 vos,
752 5023 811 5068 ut
836 5014 1089 5083 loquerer
1115 5013 1176 5082 in
1205 5015 1432 5070 auribus
1460 5017 1658 5071 vestris
1677 5032 1799 5072 om—

201 5108 302 5165 nia
344 5107 510 5162 verba
551 5105 686 5161 bare.
719 5124 738 5156 ι
769 5105 1012 5175 Aliisque
1058 5106 1399 5162 sermonibus
1434 5106 1712 5177 loquitur:
1741 5107 1800 5164 Si

202 5198 534 5265 irascimini,
574 5212 672 5253 cur
719 5206 910 5252 contra
959 5197 1216 5268 templum
1250 5207 1306 5253 et
1350 5198 1537 5253 urbem
1586 5200 1801 5255 Domini

202 5289 313 5348 sim
346 5288 576 5355 locutus,
615 5297 670 5342 et
695 5304 840 5344 cura:
866 5289 1018 5343 vobis
1049 5298 1134 5344 est
1157 5289 1304 5346 salus
1336 5289 1488 5349 urbis
1511 5300 1565 5344 et
1595 5291 1799 5363 templi,

202 5396 309 5438 cur
336 5381 547 5452 augetis
579 5387 803 5450 peccata
838 5379 1096 5449 peccatis,
1125 5387 1181 5435 et
1224 5381 1501 5452 sanguinis
1542 5381 1650 5435 mei
1691 5390 1800 5437 tam

206 5477 436 5542 urbem,
506 5491 667 5544 quam
719 5475 1058 5530 habitatores
1113 5475 1231 5545 ejus
1291 5491 1414 5530 reos
1467 5474 1682 5530 facitis?
1741 5476 1801 5532 Si

205 5565 432 5640 quando
473 5565 638 5636 igitur
672 5570 738 5621 et
780 5566 935 5622 nobis
986 5579 1088 5636 pro
1131 5567 1472 5622 necessitatis
1514 5567 1798 5636 angustiis,

207 5657 519 5716 humilitate
541 5671 675 5727 opus
703 5665 788 5713 est
812 5675 826 5710 :
851 5658 932 5714 sic
963 5672 1088 5713 eam
1111 5673 1469 5724 assumamus,
1503 5673 1572 5712 ne
1600 5659 1803 5714 verita-

209 5763 322 5808 tem
354 5759 410 5807 et
441 5749 803 5806 constantiam
832 5751 1162 5806 deseramus.
1200 5749 1360 5805 Aliud
1390 5759 1473 5805 est
1516 5749 1661 5805 enim
1705 5766 1798 5805 su-

206 5845 380 5916 perbe
419 5843 802 5901 contumeliam
845 5842 1024 5899 facere
1071 5842 1354 5913 judicanti,
1401 5843 1543 5913 quod
1586 5845 1798 5916 signum

1904 3365 2140 3419 ritatem.
2179 3362 2350 3420 Senes
2380 3373 2582 3432 autem,
2626 3380 2859 3438 quorum
2906 3368 3124 3437 proprie
3174 3376 3293 3422 erat
3339 3383 3501 3424 nosse

1901 3463 2108 3519 vetera,
2151 3453 2417 3524 replieant
2457 3455 2765 3522 historiam,
2791 3465 2845 3510 et
2884 3457 3224 3527 prophetiam
3262 3457 3497 3514 Michm

1902 3545 1968 3600 de
1999 3545 2244 3612 Morasti,
2286 3546 2377 3616 qui
2404 3546 2747 3617 prophetavit
2774 3549 2876 3603 sub
2910 3557 3036 3620 rege
3058 3549 3310 3614 Ezechia,
3352 3564 3500 3605 com-

1900 3629 2099 3709 parant
2119 3641 2418 3710 prophetia
2441 3639 2716 3708 Jereinize,
2748 3657 2847 3713 pro
2875 3658 2982 3712 qua
3008 3643 3057 3698 ei
3083 3644 3274 3700 mortis
3303 3643 3501 3698 discri-

1901 3744 2025 3784 men
2072 3731 2424 3801 impenditur,
2474 3732 2877 3803 ostenduntque
2928 3734 3078 3789 illum
3123 3734 3328 3790 dixisse
3374 3751 3499 3805 gra-

1903 3822 2054 3877 viora
2103 3829 2160 3877 et
2189 3831 2366 3878 tamen
2391 3836 2420 3876 a
2453 3822 2602 3893 justo
2629 3838 2758 3896 rege
2796 3823 3028 3880 Ezecbia
3073 3825 3205 3879 nihil
3234 3840 3353 3881 esse
3376 3840 3500 3896 per-

1902 3928 2139 3982 pessum,
2191 3913 2287 3970 sed
2332 3928 2626 3969 conversos
2660 3915 2726 3969 ad
2767 3916 3145 3984 paenitentiam
3182 3917 3395 3972 Domini
3443 3917 3500 3974 in

1904 4006 2099 4060 bonam
2141 4015 2349 4076 partem
2404 4006 2632 4062 vertisse
2676 4008 3022 4062 sententiam.
3065 4007 3317 4063 Micha'as
3352 4008 3501 4064 enim

1903 4095 2078 4170 dixit:
2112 4114 2130 4147 ι
2163 4095 2291 4151 Sion
2321 4097 2476 4166 quasi
2523 4112 2653 4170 ager
2679 4098 2943 4165 arabitur,
2988 4107 3043 4154 et
3073 4099 3412 4155 Hierusalem
3445 4102 3502 4156 in

1905 4200 2160 4241 acervum
2209 4188 2445 4257 lapidum
2486 4188 2610 4254 erit,
2663 4197 2718 4244 et
2759 4205 2914 4245 mons
2952 4190 3144 4246 domus
3191 4191 3243 4246 in
3284 4193 3501 4248 excelsa

1905 4275 2162 4331 silvarum
2202 4276 2390 4349 (Mich.
2429 4278 2532 4350 ni).
2569 4299 2587 4330 ι
2618 4279 2790 4335 Porro
2817 4278 3119 4336 Jeremias:
3153 4299 3172 4332 ‹
3201 4280 3373 4348 Dabo,
3411 4280 3496 4338 in-é

1904 4365 2040 4433 quit,
2073 4367 2290 4420 domum
2324 4366 2484 4420 istam
2516 4368 2651 4423 sicut
2693 4367 2826 4433 Silo,
2867 4379 2922 4424 et
2948 4371 3137 4426 urbem
3187 4373 3328 4428 hanc
3359 4374 3500 4430 dabo

1903 4457 1957 4510 in
1981 4457 2413 4514 maledictionem
2429 4463 2642 4516 cunctis
2661 4463 2914 4532 gentibus
2929 4471 3087 4519 terra:
3101 4463 3254 4537 (Sup.
3271 4467 3441 4540 xxrv).
3474 4487 3494 4522 I

1904 4549 2149 4622 Dantque
2207 4553 2491 4608 consilium
2537 4564 2792 4624 putantes
2843 4571 3183 4626 nequaquam
3233 4558 3497 4625 futurum,

1904 4643 2046 4710 quod
2085 4643 2334 4699 Michaeas
2365 4646 2710 4714 praedixerat,
2743 4647 2867 4715 quia
2906 4647 3078 4703 multo
3108 4657 3351 4720 tempore
3387 4667 3497 4706 non

1903 4734 1973 4789 sit
2000 4734 2200 4814 factum
2228 4743 2452 4805 propter
2479 4737 2659 4808 populi
2683 4739 3086 4807 paenitentiam.
3123 4740 3189 4794 Et
3227 4742 3330 4797 hoc
3360 4758 3498 4812 quo-

1903 4839 2028 4893 que,
2064 4826 2206 4895 quod
2232 4824 2496 4882 Jeremias
2536 4828 2747 4884 locutus
2781 4838 2884 4896 est,
2926 4847 3269 4902 nequaquam
3306 4834 3420 4891 fore
3449 4836 3495 4909 si

1895 4916 2051 4985 juxta
2084 4919 2366 4974 consilium
2395 4916 2511 4988 ej'us
2535 4921 2705 4976 bonas
2734 4922 2931 4976 faciant
2964 4924 3078 4980 vias
3106 4940 3253 4991 suas,
3291 4936 3346 4981 et
3377 4937 3495 4982 stu-

1907 5009 1992 5062 dia
2022 5025 2116 5064 sua
2139 5021 2193 5065 ct
2214 5009 2434 5064 audiant
2463 5028 2647 5067 vocem
2671 5011 2882 5068 Domini
2907 5014 2999 5070 Dei
3025 5016 3131 5083 sui,
3155 5026 3214 5070 ut
3240 5017 3499 5077 Dominus

1904 5116 2010 5155 non
2040 5101 2238 5156 inferat
2272 5102 2493 5168 malum,
2522 5104 2664 5172 quod
2692 5105 2771 5160 eis
2798 5105 3003 5172 fuerat;
3030 5109 3394 5166 comminatus
3427 5111 3500 5166 si-

1904 5193 2125 5265 mulque
2170 5195 2427 5268 frangunt
2469 5206 2847 5252 accusatorum
2899 5201 3129 5266 rabiem,
3181 5211 3237 5257 et
3281 5219 3340 5258 se
3394 5205 3498 5259 mi-

1905 5299 2059 5345 scent
2084 5306 2207 5346 cum
2233 5291 2313 5346 eis
2346 5292 2587 5348 dicentes
2620 5312 2632 5346 :
2666 5313 2683 5344 ε
2712 5292 2899 5363 Itaque
2920 5310 3018 5349 nos
3044 5294 3272 5350 facimus
3292 5297 3496 5352 malum

1906 5385 2109 5454 grande
2137 5393 2330 5439 contra
2359 5385 2569 5440 animas
2603 5398 2842 5452 nostras,
2876 5407 2893 5438 ι
2926 5403 3032 5442 non
3064 5404 3171 5457 quo
3193 5388 3375 5444 facere
3404 5391 3497 5445 dc-

1905 5475 2089 5540 beant,
2117 5477 2210 5530 sed
2243 5477 2366 5545 quia
2403 5477 2445 5531 si
2480 5477 2729 5542 fecerint,
2759 5493 3098 5546 nequaquam
3144 5490 3378 5536 noceant
3403 5497 3496 5537 ac-

1906 5578 2117 5630 cusato,
2146 5567 2239 5621 sed
2274 5567 2558 5624 animabus
2586 5571 2721 5634 suis,
2759 5585 2894 5638 quas
2937 5571 3234 5627 mutatione
3277 5581 3496 5628 senten-

1905 5656 1992 5710 tiae
2012 5657 2286 5726 potuerint
2305 5658 2567 5714 liberare.

1982 5768 1998 5799 ι
2036 5749 2160 5804 Fuit
2192 5765 2406 5819 quoque
2432 5751 2515 5804 vir
2563 5752 2893 5821 proplietans
2937 5755 2990 5807 in
3024 5756 3244 5810 nomine
3277 5756 3492 5812 Domini

1909 5866 1927 5897 ‹
1965 5846 2126 5902 Urias
2151 5847 2291 5902 filius
2315 5845 2494 5904 Semei
2520 5849 2585 5904 de
2605 5846 3050 5918 Cliariathiarim,
3078 5861 3133 5907 et
3151 5853 3494 5921 prophetavit
