3926 6320
452 367 590 426 1007

451 496 475 533 ι
507 480 794 536 adversum
820 473 1118 532 civitatem
1166 473 1347 537 istam,
1394 478 1450 526 et
1497 471 1782 526 adversum
1823 478 2021 525 terram
2049 477 2103 535 Α

453 590 478 630 ι
510 573 674 637 hanc,
713 568 870 638 juxta
902 567 1155 622 universa
1203 566 1368 620 verba
1405 562 1670 618 Jeremiae.
1719 561 1788 616 Et
1821 562 2024 616 audivit

452 681 475 717 ι
505 676 603 718 rex
625 657 871 715 Joaehim
908 664 963 711 et
987 669 1175 712 omnes
1211 661 1478 725 potentes,
1509 660 1565 708 et
1605 666 1792 707 omnes
1826 651 2026 722 princi-

451 769 475 806 ι
505 765 604 824 pes
624 749 741 818 ejus
769 748 934 803 verba
961 746 1096 811 hac,
1127 752 1183 799 et
1217 743 1465 814 quaesivit
1492 757 1588 798 rex
1616 750 1676 796 ut
1697 742 2024 796 interﬁceret

455 857 476 895 ι
511 857 656 899 euut.
682 840 751 895 Et
763 837 966 894 audivit
982 835 1157 898 Urias,
1185 844 1241 891 et
1255 835 1451 900 timuit,
1475 833 1717 905 fugitque
1739 841 1794 888 et
1817 833 2025 903 ingres-

454 948 475 984 ι
511 945 603 986 sus
627 935 710 985 est
734 925 1048 999 Egyptum.
1075 944 1094 977 ι
1130 924 1388 993 Quodque
1428 920 1707 992 sequitur:
1739 941 1756 973 ι
1785 922 1852 975 Et
1880 921 2026 976 misit

453 1040 473 1074 ι
510 1036 606 1076 rex
631 1017 876 1074 Joachim
904 1011 1146 1072 viros'in
1192 1013 1485 1086 Egyptum
1518 1011 1818 1089 Helnathan
1855 1010 2023 1064 ﬁlium

455 1129 473 1163 ι
500 1094 791 1174 Achohor,
840 1114 896 1162 et
950 1105 1096 1160 viros
1133 1118 1256 1158 eum
1325 1117 1391 1158 eo
1443 1102 1499 1156 in
1538 1101 1829 1172 Egyptum
1855 1139 1872 1166 ,
1902 1119 1920 1152 ι
1969 1099 2023 1168 in

448 1196 801 1269 Septuaginta
819 1210 925 1250 non
948 1194 1197 1248 habetur.
1221 1191 1355 1246 Dein
1373 1190 1616 1261 jungitur
1641 1205 1654 1244 :
1690 1208 1709 1241 ‹
1735 1190 1804 1244 Et
1826 1191 2026 1244 eduxe-

453 1305 473 1339 α
509 1296 634 1341 runt
661 1284 846 1341 Uriam
881 1283 948 1337 de
973 1282 1208 1354 Egypto
1236 1289 1290 1336 et
1319 1279 1658 1334 adduxerunt
1683 1294 1806 1333 eum
1836 1278 1902 1332 ad
1946 1291 2026 1331 re-

453 1395 471 1428 i
509 1391 629 1448 gem
657 1374 922 1438 Joachim,
956 1381 1010 1428 ct
1033 1369 1298 1443 percussit
1320 1385 1444 1425 eum
1485 1370 1682 1440 gladio,
1713 1377 1768 1424 et
1798 1364 2027 1444 projecit

453 1486 471 1519 ι
510 1468 741 1522 cadaver
769 1467 887 1537 ejus
939 1465 993 1518 in
1022 1463 1283 1534 sepulcris
1313 1462 1457 1533 vulgi
1503 1461 1770 1533 ignobilis.
1798 1459 2025 1514 Verum-

451 1579 469 1611 i
507 1567 684 1614 tamen
714 1571 905 1612 manus
930 1544 1154 1609 Aiebam
1200 1553 1296 1609 ﬁlii
1333 1551 1552 1623 Saphan
1577 1558 1696 1606 erat
1721 1564 1848 1605 cum
1873 1548 2025 1604 lere-

451 1668 471 1700 ι
504 1647 636 1713 mia,
665 1655 726 1701 ut
754 1661 860 1701 non
890 1643 1196 1699 traderetur
1223 1642 1278 1696 in
1309 1655 1500 1695 manus
1524 1638 1704 1709 populi
1731 1647 1786 1693 et
1819 1637 2027 1692 interﬁ—

450 1756 470 1791 ι
507 1745 693 1794 eerent
721 1752 866 1792 eum.
903 1755 922 1786 ι
954 1734 1227 1802 Quaeritur
1269 1747 1366 1787 cur
1390 1747 1513 1786 eum
1545 1729 1705 1786 Urias
1748 1729 1890 1783 ﬁlius
1931 1727 2029 1783 Se-

445 1831 600 1886 meia:
625 1829 693 1884 de
719 1828 912 1899 oppido
953 1825 1348 1882 Cbariatharim
1389 1823 1577 1880 eadem
1623 1837 1743 1892 quae
1769 1820 2031 1876 Jeremias
2057 1836 2106 1896 Β
2133 1845 2353 1892 suem";

444 1921 805 1993 prophetarit,
831 1921 1024 1975 timore
1053 1917 1374 1988 perterritus
1396 1914 1596 1987 fugerit
1627 1915 1683 1969 in
1707 1912 2022 1985 Egyptum,

445 2023 506 2071 et
530 2013 657 2070 inde
684 2020 955 2075 retractus
979 2011 1194 2066 occisus
1223 2010 1312 2075 sit,
1339 2007 1602 2064 Jeremias
1630 2006 1865 2078 potuerit
1892 2019 2021 2059 eva-

445 2106 594 2172 dere,
621 2105 713 2174 qui
741 2111 889 2159 eerte
913 2117 1022 2158 non
1072 2101 1303 2173 fugerat,
1343 2099 1438 2155 sed
1474 2100 1728 2155 audacter
1753 2097 1810 2151 in
1843 2095 2026 2166 priore

446 2194 720 2251 sententia
767 2207 1122 2262 perseverans
1182 2190 1442 2245 liberatus
1485 2189 1598 2255 sit,
1664 2197 1770 2242 tam
1831 2185 2024 2255 vulgi,

446 2285 859 2356 principumque
895 2282 1121 2353 judicio,
1170 2297 1332 2351 quam
1376 2278 1599 2334 consilio
1628 2278 1902 2333 seniorum
1934 2273 2026 2330 ad-

442 2390 660 2432 versum
686 2380 1032 2429 accusatores
1080 2371 1386 2427 sacerdotes
1420 2377 1475 2424 et
1504 2367 2021 2440 pseudOprOphetas.

442 2465 526 2521 Ad
568 2465 711 2536 quod
749 2465 987 2520 breviter
1032 2463 1486 2532 respondendum,
1537 2473 1881 2530 nequaquam
1930 2455 2026 2510 Dei

444 2557 574 2614 sciri
614 2571 774 2627 posse
795 2555 1080 2625 judicium,
1117 2555 1245 2609 dum
1290 2553 1478 2608 eadem
1519 2566 1684 2606 causa
1732 2550 2028 2617 eademque

443 2648 732 2713 sententia,
761 2647 899 2702 alius
929 2645 1171 2717 punitur,
1199 2653 1253 2701 et
1281 2643 1417 2698 alius
1440 2642 1724 2709 liberatur,
1753 2641 1860 2697 nisi
1888 2640 2027 2696 forte

442 2740 546 2794 hoc
582 2738 914 2806 respondere
935 2718 1242 2806 possumus,
1267 2735 1409 2805 quod
1431 2717 1592 2789 Urias
1614 2733 1668 2788 in
1700 2732 2025 2787 condemna-

441 2829 665 2894 tionem,
692 2833 747 2882 et
775 2833 1172 2889 accusatorum,
1198 2834 1253 2878 et
1281 2823 1464 2893 populi
1494 2822 1798 2877 trucidatus
1822 2821 1912 2875 sit.
1938 2819 2025 2875 Je-

442 2918 642 2973 remias
670 2926 851 2973 autem
885 2923 1195 2972 reservatus
1209 2913 1414 2994 judicip
1440 2913 1555 2978 Dei,
1592 2920 1654 2967 ut
1677 2911 1921 2982 reliquiis
1947 2913 2028 2966 in-

445 3008 619 3064 felicis
641 3009 824 3079 populi
851 3008 1193 3078 praedicaret,
1222 3014 1278 3059 et
1303 3019 1396 3058 eos
1433 3005 1738 3058 retraheret
1761 3004 1828 3057 ad
1852 3003 2027 3072 paeni-

443 3100 705 3155 tudinem.
748 3097 902 3165 Quod
945 3095 1163 3166 quidem
1213 3095 1353 3150 etin
1397 3093 1765 3164 apostolorum
1803 3092 2026 3147 Actibus

1055 363 1116 417 B.
1153 359 1408 418 RABANI
1447 358 1665 417 MAUBI
1702 358 2019 415 ARCHIEP.
2057 357 2364 415 MOGUNT.
2402 356 2686 415 OPERUM
2723 357 2902 413 PARS
2941 359 3026 414 ιιι.

3565 359 3698 416 1008

2671 467 2896 525 CAPUT
2940 468 3147 524 XXVII.

2128 578 2212 652 De,
2225 579 2420 632 catenis
2459 578 2664 649 ligneis,
2700 586 2747 631 et
2775 577 3290 652 vinculis_ntittendts
3315 595 3545 651 qumque
3573 581 3700 652 regi-

2197 651 2289 729 b_us
2311 665 2331 729 :7
2350 657 2397 702 et
2433 647 2708 702 monentur
2738 647 2926 715 subjici
2971 647 3465 705 Nabuchodonosor
3496 667 3559 704 ne
3589 647 3699 707 uio-

2196 728 2419 772 rtantur.

2201 850 2221 884 ‹
2253 831 2312 887 ln
2342 833 2608 902 principio
2636 834 2782 903 regni
2816 833 3024 888 Joacim
3061 833 3156 888 ﬁlii
3177 833 3337 890 Josiae
3374 838 3520 908 regis
3541 836 3694 905 Juda,

2132 945 2150 978 ι
2184 924 2385 980 factum
2407 933 2490 980 est
2516 925 2737 980 verbum
2761 924 2972 979 Domini
2996 925 3061 980 ad
3085 924 3370 981 Jeremiam
3399 943 3429 982 a
3452 930 3694 996 Domino,

2132 1033 2151 1067 ι
2186 1015 2390 1071 dicens.
2423 1035 2442 1068 ι
2480 1014 2747 1088 (Ηίενοη.)
2775 1013 2889 1068 Hoc
2931 1015 2986 1069 in
3026 1016 3258 1074 editione
3285 1017 3429 1072 LXX
3475 1035 3580 1074 non
3607 1020 3701 1074 ha-

2124 1107 2303 1173 betur,
2333 1116 2388 1162 et
2413 1106 2565 1160 multi
2596 1115 2787 1175 putant
2812 1108 3086 1176 sequentis
3102 1110 3330 1178 capituli
3361 1126 3480 1166 esse
3506 1112 3703 1182 princi-

2123 1198 2294 1270 pium,
2318 1199 2461 1268 quod
2490 1212 2828 1267 nequaquam
2860 1198 2938 1252 ita
2979 1206 3083 1265 est,
3126 1202 3218 1256 sed
3255 1200 3588 1273 jungendum
3620 1219 3702 1257 suo

2124 1290 2348 1361 periori,
2374 1297 2433 1343 ut
2458 1289 2718 1359 quidquid
2756 1289 2958 1344 dictum
3005 1288 3259 1357 refertur,
3288 1302 3342 1347 et
3391 1293 3612 1357 factum,
3649 1295 3702 1348 in

2126 1380 2390 1450 principio
2438 1380 2590 1450 regni
2642 1379 2847 1436 Joacim
2876 1421 2891 1445 ,
2949 1380 3152 1436 factum
3197 1398 3318 1438 esse
3373 1386 3699 1441 credamus:

2128 1469 2280 1525 Unde
2309 1479 2364 1525 et
2391 1469 2636 1525 mittendi
2665 1470 2719 1524 in
2744 1469 3059 1542 Egyptum,
3083 1475 3234 1542 quasi
3265 1475 3332 1528 ad
3361 1476 3596 1530 amicum
3624 1492 3705 1531 re-

2126 1570 2248 1632 gem
2290 1549 2477 1615 habuit
2520 1569 2862 1631 potestatem.
2910 1553 3171 1619 Videntur
3215 1575 3397 1621 autem
3437 1566 3567 1620 mihi
3618 1567 3704 1621 Se-

2126 1652 2407 1724 ptuaginta
2438 1653 2651 1708 titulum
2681 1654 2844 1708 istum
2874 1656 2979 1710 hac
3006 1655 3216 1712 ratione
3241 1657 3474 1720 siluisse,
3514 1673 3582 1712 ne
3618 1673 3701 1711 se-

2129 1745 2308 1800 eun'do
2343 1745 2523 1800 dicere
2550 1746 2881 1801 viderentur.
2913 1746 3032 1802 Jam
3060 1763 3201 1802 nunc
3231 1748 3284 1802 in
3324 1749 3589 1819 principio
3615 1765 3705 1819 po-

2405 1855 2416 1890 :
2467 1855 2485 1888 (
2520 1837 2890 1908 ln-principio
2939 1839 3082 1909 regis
3132 1836 3336 1894 Joaeim
3395 1840 3489 1894 ﬁlii
3549 1838 3705 1894 Josizc

2126 1925 2271 1996 regis
2298 1926 2458 1992 Juda,
2506 1926 2710 1982 factum
2752 1936 2835 1982 est
2875 1910 3099 1984 verbum
3147 1928 3291 1985 istud
3316 1946 3347 1984 a
3375 1929 3605 1984 Domino
3628 1930 3698 1982 cli-

2128 2031 2298 2072 cens:
2339 2036 2356 2070 ι

2205 2125 2226 2158 ‹
2262 2106 2388 2163 Haec
2421 2109 2551 2165 dicit
2589 2109 2850 2170 Dominus
2875 2109 2943 2164 ad
2981 2124 3068 2165 me
3093 2125 3108 2162 :
3133 2109 3243 2165 Fac
3283 2112 3381 2166 tibi
3414 2112 3625 2168 vincula
3654 2121 3706 2167 et

2135 2221 2153 2252 ι
2190 2208 2407 2256 catenas
2436 2221 2455 2254 ι
2489 2201 2614 2272 (sive
2651 2204 2867 2268 κλοιούς,
2909 2217 3027 2271 qua:
3065 2198 3326 2257 Hebraice
3374 2204 3706 2273 appellantur

2124 2302 2313 2353 mum
2332 2301 2385 2348 et
2408 2308 2656 2349 sermone
2691 2293 2897 2364 vulgari
2926 2293 3133 2366 Boias),
3171 2313 3188 2346 ι
3217 2311 3493 2366 ponesque
3521 2311 3613 2350 eas
3652 2297 3702 2349 in

2134 2400 2152 2433 ‹
2191 2382 2326 2436 collo
2340 2389 2450 2448 tuo,
2473 2393 2527 2438 et
2547 2384 2726 2437 mittes
2745 2397 2836 2438 eas
2856 2377 2921 2437 ad
2943 2399 3122 2453 regem
3144 2384 3335 2451 Edom,
3354 2394 3411 2441 et
3438 2387 3506 2442 ad
3527 2402 3702 2455 regem

2135 2489 2154 2521 ι
2189 2470 2362 2537 Moab,
2387 2482 2442 2526 et
2471 2472 2538 2526 ad
2585 2488 2764 2543 regem
2796 2471 3027 2528 ﬁliorum
3053 2475 3304 2540 Ammon,
3329 2484 3384 2530 et
3414 2476 3480 2529 ad
3527 2491 3701 2544 regem

2135 2583 2154 2615 ί
2192 2563 2342 2636 Tyri,
2373 2572 2426 2618 et
2449 2564 2514 2618 ad
2546 2580 2726 2632 regem
2757 2563 2970 2620 Sidonis
3000 2581 3100 2636 per
3141 2583 3358 2621 manum
3398 2569 3703 2621 nuntiorum

2135 2676 2153 2709 ι
2188 2659 2280 2727 qui
2316 2666 2592 2719 _venerunt
2636 2656 2974 2712 Hierusalem
3023 2659 3092 2712 ad
3146 2659 3466 2714 Sedechiam
3523 2674 3700 2728 regem

2135 2764 2154 2796 ‹
2190 2745 2347 2813 Juda,
2377 2757 2432 2801 et
2457 2747 2738 2817 praecipies
2768 2748 2848 2802 eis
2874 2756 2935 2802 ut
2957 2748 3024 2803 ad
3061 2749 3306 2804 dominos
3329 2765 3457 2804 suos
3489 2749 3700 2817 loquan-

2136 2855 2153 2888 ε
2187 2845 2274 2892 tur
2301 2854 2316 2889 :
2344 2836 2468 2892 Haec
2491 2838 2622 2892 dicit
2662 2836 2923 2892 Dominus
2962 2838 3294 2894 exercituum
3323 2839 3467 2894 Deus
3498 2838 3661 2894 Israel
3686 2854 3700 2902 ;

2133 2948 2153 2981 ί
2188 2929 2303 2983 haec
2337 2928 2527 2985 dicetis
2554 2929 2621 2984 ad
2664 2929 2909 2984 dominos
2939 2940 3170 2986 vestros.
3201 2950 3220 2983 ι
3266 2930 3548 2985 Praeterita
3572 2930 3702 2985 visio

2129 3021 2182 3073 in
2225 3020 2488 3089 principio
2527 3019 2670 3075 facta
2703 3029 2786 3076 est
2839 3022 2905 3076 ad
2949 3023 3268 3092 prephetam
3310 3025 3462 3095 regni
3500 3022 3704 3080 Joacim

2132 3108 2412 3167 ﬁliiJusiae
2437 3112 2579 3184 regis
2607 3110 2764 3168 Iuda.
2787 3110 2916 3168 Haec
2947 3121 3129 3169 autem
3155 3114 3255 3169 sub
3286 3113 3576 3181 Sedechia,
3616 3115 3703 3184 qui

443 3191 694 3260 legimus,
725 3188 985 3244 Iacobum
1039 3185 1341 3257 apostolum
1379 3185 1562 3239 statim
1590 3184 1818 3254 Herodis
1844 3192 2025 3254 pertu-

2136 3213 2408 3260 extremus
2437 3207 2683 3275 regnavit
2724 3207 2779 3261 in
2824 3205 3183 3272 Hierusalem,
3215 3217 3269 3262 et
3309 3209 3411 3263 sub
3437 3225 3546 3277 quo
3579 3209 3702 3262 urbs

440 3281 572 3337 lisse
597 3279 940 3342 sententiam,
965 3284 1020 3332 et
1044 3275 1305 3347 martyrio
1326 3281 1666 3338 coronatum,
1690 3272 1909 3329 Petrum
1933 3289 2027 3326 au-

444 3381 558 3428 tem
584 3379 641 3427 et
673 3378 902 3426 caeteros
939 3368 1208 3437 apostolos
1251 3367 1507 3421 doctrinm
1535 3365 1749 3420 Domini
1781 3379 2028 3419 reserva-

443 3470 552 3530 tos,
579 3469 636 3517 et
663 3459 1139 3516 animadvertenda
1169 3457 1468 3512 constantia
1496 3453 1848 3526 prephetalis,
1880 3454 2027 3523 quod

443 3569 514 3610 ne
549 3553 616 3609 de
660 3551 896 3623 A'Igypto
937 3550 1155 3620 quidem
1209 3556 1477 3604 retractus
1525 3547 1686 3604 Urias
1736 3547 2027 3602 mdtaverit

440 3643 792 3708 sententiam,
810 3641 904 3697 sed
924 3639 1113 3695 videns
1135 3639 1238 3694 sibi
1261 3639 1517 3694 intentari
1544 3647 1798 3704 mortem,
1823 3638 2022 3693 nihilo-

447 3737 630 3791 minus
657 3736 728 3790 sit
767 3734 998 3798 locutus,
1024 3748 1143 3802 quae
1182 3739 1514 3803 praeceperat
1539 3731 1815 3787 Dominus.
1853 3729 2027 3796 Quod-

447 3827 766 3898 queitimuit
791 3834 846 3880 et
873 3826 1031 3898 fugit,
1063 3834 1118 3880 et
1153 3825 1429 3896 ingressus
1455 3831 1538 3879 est
1565 3821 1878 3894 Egyptum,
1918 3837 2024 3876 non

445 3916 799 3983 inﬁdelitatis,
828 3917 923 3971 sed
945 3917 1243 3986 prudentiae
1283 3915 1560 3981 indicium,
1601 3929 1672 3969 ne
1695 3913 1895 3967 frustra
1925 3917 2025 3967 nos

446 4009 740 4064 oﬁ'eramus
783 4009 1060 4079 periculis,
1107 4008 1343 4078 alioquin
1373 4017 1429 4063 et
1455 4006 1744 4062 Dominum
1783 4005 2026 4060 Salvato-

449 4114 566 4154 rem
623 4098 690 4154 de
738 4081 990 4153 manibus
1039 4097 1480 4168 persequentium
1530 4096 1740 4166 lapsum
1797 4095 2024 4164 legimus

445 4191 597 4262 (Luc.
631 4205 718 4255 iv;
755 4187 916 4243 Joan.
947 4187 1068 4259 vni)
1094 4227 1109 4253 ,
1173 4198 1231 4241 et
1273 4185 1675 4257 praecipientem
1723 4183 2021 4253 apostolis:

450 4299 469 4333 ‹
506 4281 640 4338 Cum
669 4294 767 4336 vos
809 4277 1076 4349 persecuti
1121 4276 1323 4332 fuerint
1357 4276 1412 4330 in
1448 4276 1549 4330 hac
1575 4275 1816 4336 civitate,
1859 4271 2025 4342 fugite

445 4372 514 4426 ad
559 4370 719 4423 aliam
760 4367 973 4440 (Matth.
1012 4367 1091 4437 x).
1122 4386 1141 4419 ›
1190 4365 1460 4432 Quaeritur
1511 4378 1723 4433 quoque
1755 4361 2024 4432 quomodo

445 4462 692 4524 Joachim
717 4476 815 4516 rex
837 4457 972 4513 Juda
996 4457 1148 4529 parvi
1172 4455 1486 4525 irnperiiret
1510 4454 1794 4518 debilitati,
1816 4461 1872 4507 et
1886 4452 2026 4520 jam-

440 4553 664 4622 jamque
689 4549 940 4621 perituri,
969 4545 1217 4603 mittendi
1249 4546 1305 4599 in
1326 4543 1621 4615 Egyptum
1656 4541 1904 4598 habuerit
1931 4555 2025 4610 po-
2052 4541 2104 4600 D

444 4650 718 4707 testatem,
743 4650 798 4696 et
835 4640 958 4695 inde
986 4638 1175 4694 Uriam
1202 4637 1454 4692 educere.
1491 4634 1645 4702 Quod
1684 4633 1841 4690 facile
1867 4633 2029 4690 solvi-

428 4718 556 4799 ‘tur,
595 4733 641 4787 si
680 4731 1087 4786 consideremus
1131 4742 1254 4782 eum
1295 4741 1326 4780 a
1373 4725 1501 4796 rege
1545 4721 1765 4796 IEgypti
1814 4722 2027 4778 Nechao

444 4824 743 4894 principem
767 4821 1141 4883 constitutum,
1182 4826 1237 4872 et
1281 4817 1423 4871 hanc
1461 4813 1802 4886 prephetiam
1828 4812 2026 4866 factam

450 4930 572 4969 esse
594 4915 645 4968 in
669 4913 934 4984 principio
968 4911 1119 4981 regni
1144 4909 1278 4977 ejus.
1313 4906 1632 4976 Quanquam
1659 4911 1838 4958 autem
1877 4901 2026 4956 Jere-

449 5009 590 5061 niias
624 5005 834 5062 Domini
859 5005 1122 5074 adjutorio
1148 5003 1404 5057 liberatus
1427 5001 1516 5066 sit,
1543 5009 1724 5054 tamen
1747 5007 1803 5053 et
1836 4997 1911 5052 illi
1943 5011 2027 5050 re-

449 5083 766 5168 putatur'in
817 5093 1140 5167 mercedem,
1176 5105 1271 5162 per
1311 5105 1468 5159 quem
1511 5090 1832 5160 prophetam
1870 5102 2024 5142 suum

448 5185 711 5245 Dominus
752 5184 1022 5247 liberavit,
1067 5181 1294 5237 Aiebam
1345 5179 1593 5234 videlicet
1627 5178 1737 5233 ﬁlio
1781 5177 2022 5246 Saphan,

455 5278 600 5348 quod
629 5277 683 5331 in
721 5273 1116 5347 posterioribus
1141 5271 1332 5327 lecturi
1370 5285 1574 5334 sumus,
1606 5269 1821 5338 quando
1846 5267 1913 5322 de
1951 5267 2028 5321 ei-

457 5376 643 5422 sterna
690 5365 788 5420 luti
846 5362 1227 5419 Abdamelechi
1289 5359 1542 5429 spadonis
1588 5359 1812 5414 consilio
1867 5365 2028 5428 atque

441 5455 702 5528 praesidio
727 5455 986 5512 Jeremias
1010 5453 1076 5509 de
1096 5450 1336 5522 periculo
1363 5450 1552 5505 mortis
1576 5449 1855 5505 liberatur.

2130 3304 2287 3365 capta
2325 3303 2407 3352 est
2443 3305 2605 3366 atque
2655 3299 2935 3353 subversa.
2979 3298 3397 3371 Praeeipiturque
3440 3300 3702 3365 Jeremiaz,

2130 3398 2187 3444 ut
2215 3397 2453 3453 catenas,
2483 3390 2597 3444 sive
2631 3389 2810 3445 furcas
2835 3390 3061 3461 ligneas,
3096 3406 3215 3460 qua:
3243 3401 3301 3446 ut
3329 3393 3566 3448 diximus
3601 3393 3705 3448 He-

2129 3481 2313 3536 braice
2339 3481 2675 3552 appellantur
2702 3492 2906 3546 mum,
2938 3485 3178 3552 imponat
3199 3484 3337 3538 collo
3359 3500 3479 3550 suo,
3508 3494 3564 3540 et
3590 3485 3706 3538 mit-

2131 3579 2208 3624 tat
2251 3586 2343 3626 eas
2390 3571 2456 3624 ad
2505 3586 2658 3641 reges
2705 3570 2894 3636 Edom,
2944 3570 3120 3637 Moab,
3169 3571 3701 3639 ﬁliorum.Ammon,

2131 3661 2280 3732 Tyri,
2325 3661 2559 3726 Sidonis,
2609 3659 2706 3730 per
2741 3660 2966 3730 legatos,
2994 3664 3086 3732 qui
3121 3672 3385 3718 venerant
3429 3665 3496 3720 ad
3543 3665 3703 3721 Sede-

2131 3750 2345 3804 chiam:
2387 3761 2439 3804 ct
2480 3751 2757 3819 praecipiat
2804 3753 2914 3806 suis
2961 3753 3195 3808 dominis
3247 3756 3521 3820 nuntiare,
3563 3758 3702 3826 quod

2128 3840 2241 3910 regi
2263 3839 2756 3897 Nabuchodonosor
2777 3843 2980 3897 servire
3008 3844 3255 3910 debeant,
3279 3855 3335 3899 et
3355 3848 3560 3913 audire,
3587 3864 3703 3917 quae

2128 3946 2362 4000 sequens
2398 3933 2674 4001 prephetae
2716 3947 2898 3986 sermo
2926 3934 3292 4004 prosequitur.
3339 3937 3417 3992 Ac
3459 3954 3527 3993 ne
3551 3936 3703 3993 forsi-

2128 4031 2220 4076 tan
2262 4020 2445 4090 legati,
2475 4030 2530 4075 et
2573 4036 2731 4092 reges
2759 4021 2982 4078 istarum
3016 4024 3256 4094 gentium
3298 4027 3700 4097 reSponderent,

2129 4128 2227 4168 cur
2248 4112 2351 4168 hoc
2378 4120 2470 4167 tuo
2498 4113 2694 4183 populo
2722 4128 2828 4167 non
2867 4114 3152 4184 praecipis?
3180 4113 3459 4172 Sedechize
3495 4134 3702 4191 quoque

2129 4202 2242 4270 regi
2280 4202 2474 4266 similia
2516 4202 2772 4272 loquitur,
2819 4213 2874 4257 et
2904 4206 3272 4282 sacerdotibus
3319 4223 3386 4262 ac
3409 4211 3699 4279 prophetis.

2128 4292 2282 4348 Hunc
2331 4293 2508 4348 locum
2557 4293 2876 4363 allegoritms
2931 4308 3142 4363 semper
3194 4298 3463 4368 interpres
3513 4301 3586 4372 (id
3628 4313 3701 4355 est

2130 4383 2419 4454 Origenes),
2452 4391 2507 4439 et
2532 4384 2773 4440 historice
2807 4384 3015 4455 fugiens
3043 4389 3344 4454 veritatem,
3389 4391 3705 4462 interpreta-

2131 4483 2220 4529 tur
2242 4476 2314 4541 de
2358 4475 2565 4531 caelesti
2604 4476 2960 4542 Hierusalem,
2993 4480 3135 4548 quod
3178 4481 3410 4537 debeant
3447 4483 3704 4540 habitata.

2131 4578 2219 4618 res
2248 4563 2364 4634 ejus
2398 4573 2587 4634 sponte
2625 4581 2901 4622 assumere
2940 4585 3187 4638 corpora,
3216 4581 3270 4625 et
3295 4572 3620 4630 descendere
3650 4576 3702 4629 in

2131 4658 2472 4729 Babylonem,
2503 4658 2554 4714 id
2576 4668 2679 4725 est,
2710 4659 3076 4715 confusionem
3104 4664 3286 4716 mundi
3317 4665 3498 4728 istius,
3523 4668 3614 4734 qui
3652 4648 3701 4720 in

2130 4747 2364 4818 maligno
2391 4748 2595 4818 positus
2621 4757 2722 4813 est,
2752 4757 2808 4802 et
2835 4750 3038 4805 servire
3072 4752 3186 4822 regi
3215 4750 3530 4823 Babylonio,
3565 4756 3702 4810 haud

2131 4839 2351 4894 dubium
2401 4840 2530 4909 quin
2585 4839 2840 4896 diabolo:
2875 4841 3019 4911 quod
3069 4843 3115 4897 si
3155 4844 3257 4899 hoc
3306 4845 3486 4902 facere
3520 4847 3702 4902 nolue-

2133 4931 2260 4995 rint,
2295 4947 2633 5000 nequaquam
2654 4933 2836 5007 gravia
2863 4949 3090 5004 corpora
3115 4945 3446 5007 portaturos,
3475 4940 3568 4993 sed
3607 4955 3701 5009 pe-

2133 5023 2336 5077 rituros
2360 5023 2537 5093 gladio
2577 5033 2632 5079 et
2668 5024 2809 5079 fame
2852 5035 2906 5082 et
2929 5036 3100 5096 peste,
3134 5037 3187 5084 et
3227 5045 3569 5100 nequaquam
3610 5034 3702 5087 ho-

2133 5114 2307 5168 mines
2344 5112 2573 5180 futuros,
2623 5116 2719 5198 sed
2765 5117 3051 5174 daemones.
3100 5118 3213 5174 Hoc
3253 5119 3340 5174 ille
3375 5120 3593 5188 dixerit,
3639 5137 3702 5178 ne

2134 5201 2443 5260 defensores
2470 5207 2586 5276 ejus
2627 5207 2782 5261 nobis
2825 5207 3147 5264 calumniam
3190 5209 3409 5265 faciant.
3439 5212 3700 5267 Craterum

2134 5308 2233 5348 nos
2277 5295 2597 5365 simplicem,
2637 5304 2693 5351 et
2730 5311 2914 5353 veram
2949 5315 3241 5370 sequamur
3286 5302 3590 5368 historiam,
3640 5319 3704 5359 ne

2134 5383 2452 5450 quibusdam
2474 5385 2710 5440 nubibus
2737 5394 2898 5458 atque
2927 5391 3212 5460 pncstigiis
3243 5393 3597 5448 involvamur.

2208 5498 2224 5526 ι
2262 5476 2373 5548 Ego
2413 5475 2518 5532 feci
2544 5484 2765 5544 terram,
2795 5488 2851 5535 et
2892 5482 3184 5547 hominem,
3222 5493 3278 5539 et
3314 5485 3553 5554 jumenta
3587 5501 3700 5556 qua:

2140 5587 2156 5619 ι
2195 5577 2323 5623 sunt
2348 5584 2509 5637 super
2554 5567 2746 5624 faciem
2774 5580 2951 5637 terrae,
2998 5573 3052 5626 in
3090 5574 3408 5632 fortitudine
3437 5594 3549 5632 mea
3592 5593 3700 5630 ma-

2139 5680 2156 5711 (
2191 5677 2316 5730 gna,
2350 5670 2403 5713 et
2450 5661 2500 5713 in
2550 5659 2769 5716 brachio
2816 5679 2936 5717 meo
2971 5674 3188 5722 extento
3217 5686 3227 5720 :
3254 5677 3308 5723 et
3333 5669 3453 5724 dcdi
3487 5685 3604 5723 eam
3655 5668 3698 5719 ci

2139 5772 2154 5801 ε
2192 5751 2281 5820 qui
2327 5751 2524 5819 placui!
2554 5752 2603 5806 in
2655 5752 2820 5806 oculis
2866 5755 3019 5810 meis.
3056 5781 3068 5807 ετ
3107 5757 3255 5813 Lit‘cl
3303 5760 3698 5820 ἀνοβωῑτσιπιὶίί-λιῖ
