3926 6314
226 347 368 406 1009

1153 345 1516 403 EXPOSITIO
1553 345 1774 404 SUPER
1811 347 2176 434 JEREMIAM.
2216 382 2286 394 -ι
2326 353 2456 411 LlB.
2497 355 2564 410 X.

3349 357 3492 413 toto

214 464 333 520 haec
360 464 640 535 Scriptura
660 463 911 532 loquatur
940 465 1209 532 quomodo
1236 478 1339 518 nos
1375 463 1622 519 homines
1655 464 1800 533 loqui
1831 467 1884 526 A
1915 483 1934 515 ι
1971 467 2386 523 buchodonosor
2427 470 2540 540 regi
2583 468 2905 541 Babylonis,
2945 480 2999 526 et
3032 471 3342 542 quicunque
3388 487 3495 528 non

213 572 528 630 possumus,
555 567 610 611 et
637 557 956 627 intelligere,
986 564 1165 611 tamen
1193 555 1454 610 fortitudo
1486 557 1579 612 Dei
1607 566 1660 611 et
1687 558 1807 612 bra-

214 649 402 705 chium
431 647 548 716 ejus
595 646 683 703 ille
711 655 812 713 est,
864 647 931 701 de
959 662 1066 715 quo
1095 655 1149 701 et
1198 646 1486 715 Apostolus
1520 646 1760 717 loquitur
1787 667 1799 701 ε

219 759 240 793 ι
271 739 526 796 Christus
570 739 666 795 Dei
697 738 894 802 virtus,
937 746 992 792 et
1019 737 1114 791 Dei
1142 738 1417 808 .sapientia
1450 737 1499 810 (Ι
1526 738 1647 794 Cor.
1675 739 1751 812 1);
1781 759 1798 790 ι

212 841 267 887 ει
293 831 500 886 lsaias:
533 849 551 882 ι
582 831 828 896 Domine,
861 829 984 900 quis
1015 829 1244 884 credidit
1274 829 1480 885 auditui
1518 839 1726 898 nostro,
1751 839 1806 887 et

211 923 498 978 brachium
541 923 756 999 Domini
801 922 890 978 cui
930 921 1241 994 revelatum,
1275 923 1441 976 est?»
1492 921 1626 994 (13a.
1659 923 1802 994 Llll.)

215 1014 420 1072 Scribit
452 1025 508 1072 et
533 1016 770 1072 Joannes
811 1015 1176 1087 evangelista:
1212 1034 1229 1067 ι
1265 1015 1458 1071 Omnia
1499 1031 1597 1085 per
1627 1016 1804 1086 ipsum

214 1111 358 1168 facta
383 1118 530 1177 sunt,
556 1119 611 1165 et
638 1109 753 1165 sine
787 1110 906 1179 ipso
936 1110 1138 1164 factum
1169 1117 1253 1164 est
1296 1108 1430 1163 nihil
1455 1108 1636 1179 (Joan.
1671 1109 1744 1179 t);
1778 1129 1796 1160 ι

213 1202 386 1256 David
418 1216 634 1273 quoque
662 1201 716 1256 in
740 1216 838 1257 suo
865 1201 1109 1257 carmine
1134 1183 1373 1270 loquitur
1398 1218 1410 1254 '.
1451 1219 1468 1250 (
1503 1198 1681 1254 Verbo
1696 1200 1802 1253 Do-

212 1293 349 1348 mini
381 1294 501 1349 coeli
533 1293 755 1360 firmati,
804 1303 858 1347 et
889 1292 1082 1362 spiritu
1109 1292 1223 1346 oris
1253 1289 1389 1358 ejus,
1419 1291 1595 1345 omnis
1631 1290 1803 1345 virtus

210 1401 403 1441 eorum
430 1385 600 1456 (Psal.
637 1384 834 1455 χχχιι).
869 1403 886 1434 ι
921 1383 1075 1450 Quod
1114 1391 1293 1438 autem
1321 1383 1432 1437 ait:
1467 1403 1485 1435 ι
1518 1383 1651 1439 Dedi
1682 1399 1802 1438 eam

209 1477 261 1530 ei
285 1477 380 1546 qui
408 1476 609 1546 placuit
649 1476 703 1530 in
747 1474 919 1531 oculis
964 1475 1124 1541 meis,
1163 1495 1181 1528 ›
1211 1476 1316 1532 hoc
1365 1476 1632 1545 significat
1659 1476 1804 1546 quod

209 1567 397 1620 omnia
431 1566 669 1619 humano
692 1565 878 1634 generi
909 1579 1008 1634 per
1046 1564 1142 1618 Dei
1171 1565 1400 1635 gratiam
1438 1565 1545 1620 sint
1575 1564 1798 1619 tributa.

196 1683 232 1713 οι
258 1663 396 1733 Ego,
427 1662 620 1733 inquit,
653 1660 757 1717 feci
782 1670 1002 1726 terram,
1029 1669 1084 1716 et
1112 1646 1387 1716 hominem
1410 1668 1466 1715 et
1488 1659 1752 1727 iumenta.
1778 1679 1796 1712 ι

206 1754 358 1810 Ordo
407 1754 713 1809 contrarius
741 1772 753 1807 :
781 1753 836 1808 in
878 1751 1078 1807 Genesi
1129 1753 1272 1807 enim
1303 1749 1456 1822 (Gen.
1487 1751 1526 1821 ι)
1552 1750 1805 1820 primitus

1919 577 1937 609 ι
1975 563 2280 616 curvaverit
2310 560 2506 616 collum
2538 577 2692 618 suum
2723 565 2822 620 sub
2845 564 2978 636 jugo
3009 565 3152 636 regis
3173 564 3496 636 Babylonis,

1915 674 1934 706 ι
1973 655 2028 710 in
2056 657 2255 726 gladio,
2288 665 2344 712 et
2365 657 2509 712 fame
2527 700 2543 725 ,
2572 675 2625 714 et
2649 668 2800 728 peste
2837 659 3070 716 visitabo
3094 675 3254 731 super
3279 671 3494 732 gentem

1915 765 1932 796 ‹
1972 747 2116 801 illam
2141 789 2156 814 ,
2180 749 2257 802 ait
2282 748 2566 814 Dominus,
2591 751 2760 806 donec
2783 759 3098 807 consumam
3129 766 3223 807 eos
3247 752 3301 806 in
3329 768 3495 808 manu

1914 856 1931 888 ‹
1969 838 2103 910 ejus.
2161 859 2180 891 ι
2235 837 2353 895 Non
2402 839 2575 896 solum
2622 841 2880 900 Dominus
2920 843 3252 914 peccatrices
3307 851 3497 915 gentes

1908 927 2158 997 subjiciet
2187 929 2706 999 Nabuchodonosor,
2742 934 2836 988 sed
2874 933 3161 1003 Apostolus
3207 936 3272 991 de
3297 949 3496 1005 peccac

1903 1019 2117 1074 toribus
2142 1019 2382 1090 loquitur
2415 1041 2427 1077 :
2464 1040 2484 1073 ι
2527 1022 2674 1090 Quos
2703 1023 2899 1079 tradidi
2931 1023 3166 1091 Satanae,
3195 1036 3256 1080 ut
3281 1027 3496 1082 discant

1907 1127 2014 1166 non
2043 1112 2417 1183 blasphemare
2441 1115 2494 1182 (I
2521 1116 2654 1171 Tim.
2685 1116 2761 1188 1);
2796 1137 2814 1170 ›
2847 1125 2903 1172 et
2924 1118 2976 1172 in
3002 1117 3107 1172 alio
3136 1118 3254 1173 loco
3277 1137 3289 1171 :
3312 1138 3330 1170 ι
3360 1117 3496 1173 Tra-

1908 1202 2350 1271 didi’hujusmodi
2380 1203 2593 1261 Satana:
2620 1207 2676 1262 in
2706 1209 2983 1264 interitum
3012 1211 3213 1275 carnis,
3247 1219 3307 1264 ut
3336 1212 3497 1281 spiri-

1908 1303 1994 1350 tus
2048 1295 2227 1351 salvus
2277 1295 2372 1351 fiat
2419 1298 2471 1370 (Ι
2524 1299 2644 1354 Cor.
2675 1301 2750 1373 v).
2809 1322 2827 1354 ›
2875 1303 3240 1359 Potestatibus
3280 1319 3499 1374 quoque

1905 1385 2264 1441 obediendum
2294 1397 2479 1444 monet
2515 1404 2621 1444 non
2665 1392 2835 1446 solum
2865 1403 3087 1464 propter
3109 1394 3246 1449 iram
3267 1435 3281 1459 ,
3323 1394 3417 1449 sed
3441 1402 3498 1448 et

1903 1487 2127 1549 propter
2153 1480 2564 1546 conscientiam,
2597 1497 2664 1536 ne
2688 1484 3111 1540 condemnemur
3137 1487 3207 1542 ab
3227 1487 3306 1541 eis

1984 1587 2002 1618 ι
2042 1569 2150 1625 Vos
2203 1584 2334 1640 ergo
2384 1570 2552 1626 nolite
2582 1571 2768 1626 audire
2814 1574 3104 1643 prophetas
3139 1584 3385 1640 vestros,
3442 1585 3498 1630 et

1911 1681 1930 1713 ι
1970 1662 2205 1729 divinos,
2228 1672 2283 1717 et
2312 1664 2692 1729 somniatores,
2722 1673 2777 1719 et
2803 1681 3058 1736 augures,
3091 1675 3158 1722 et
3186 1666 3461 1723 maleficos
3482 1707 3497 1732 ,

1914 1771 1933 1804 ι
1972 1755 2062 1822 qui
2112 1755 2297 1809 dicunt
2321 1756 2474 1810 vobis
2508 1774 2522 1809 :
2553 1755 2671 1811 Non
2715 1757 2964 1813 servietis
3008 1758 3120 1829 regi
3159 1757 3454 1829 Babylonis
3478 1797 3493 1823 ,

209 1846 710 1911 tiunt~animantia,
747 1855 804 1900 et
843 1853 1120 1900 extremus
1165 1845 1348 1908 homo,
1393 1853 1488 1899 seu
1537 1844 1626 1903 hic
1655 1843 1806 1914 prius
1833 1834 1881 1894 B
1916 1862 1933 1893 ‹
1972 1843 2098 1912 quia
2125 1844 2466 1899 mendacium
2485 1846 2811 1914 prophetant
2835 1848 3013 1914 vobis,
3043 1848 3271 1919 utlonge
3292 1848 3496 1903 faciant

206 1939 486 1993 hominem
528 1938 790 2003 nominat,
812 1945 866 1991 et
895 1945 1086 2006 postea
1110 1951 1229 2007 quae
1255 1935 1500 2007 subjecta
1542 1944 1669 1991 sunt
1700 1935 1802 1990 ho-

206 2029 362 2083 mini.

285 2161 304 2192 ε
329 2141 482 2197 Νυηε
507 2143 688 2212 itaque
714 2155 814 2210 ego
837 2140 957 2196 dedi
987 2156 1176 2196 omnes
1201 2148 1376 2196 terras
1401 2141 1534 2196 istas
1555 2140 1612 2195 in
1636 2154 1800 2194 manu

209 2254 229 2287 ι
275 2232 773 2289 Nabuchodonosor
803 2234 944 2304 regis
971 2232 1263 2304 Babylonis
1297 2233 1440 2288 servi
1473 2233 1617 2287 mei:
1652 2232 1800 2287 insu-

207 2345 228 2378 ε
267 2343 365 2398 per
401 2334 455 2380 et
478 2326 680 2379 bestias
706 2325 823 2393 agri
856 2323 974 2378 dedi
999 2324 1069 2389 ei,
1095 2333 1155 2377 ut
1180 2322 1424 2378 serviant
1459 2323 1558 2377 illi.
1597 2322 1664 2377 Et
1686 2337 1802 2377 ser-

208 2438 227 2470 a
270 2419 420 2472 vient
461 2418 508 2472 ei
558 2431 747 2472 omnes
789 2425 980 2488 gentes
1013 2424 1071 2471 et
1110 2415 1222 2471 lilio
1251 2417 1388 2487 ejus,
1439 2427 1495 2471 et
1543 2415 1654 2470 filio
1703 2416 1798 2470 ﬁlii

208 2531 226 2563 ι
265 2511 406 2580 ejus.
442 2530 459 2561 ›
493 2507 657 2577 Cujus
683 2508 1016 2565 infelicitatis
1063 2517 1147 2564 est
1184 2509 1368 2574 Israel,
1414 2509 1631 2579 quando
1652 2523 1801 2563 com-

199 2604 487 2674 paratione
514 2601 630 2670 ejus
677 2601 1174 2658 Nabuchodonosor
1203 2614 1392 2657 servus
1432 2600 1527 2655 Dei
1559 2601 1798 2672 appella-

202 2693 330 2748 tur?
358 2692 632 2763 Scriptum
653 2703 736 2749 est
763 2695 818 2749 in
845 2693 1137 2764 Evangelio
1165 2711 1177 2747 :
1209 2713 1226 2745 ι
1253 2692 1483 2748 Mundus
1505 2709 1601 2764 per
1621 2694 1797 2763 ipsum

202 2784 384 2840 factus
408 2793 512 2851 est,
540 2794 596 2841 et
621 2786 855 2841 mundus
879 2801 1001 2841 eum
1031 2801 1135 2840 nou
1178 2785 1466 2856 cognovit;
1497 2786 1548 2839 in
1578 2785 1797 2855 propria

201 2881 378 2946 venit,
417 2889 471 2936 et
495 2881 577 2936 sui
600 2896 722 2935 eum
756 2897 863 2953 non
904 2888 1227 2950 receperunt
1264 2880 1445 2950 (Joan.
1477 2880 1540 2952 ι).
1578 2900 1598 2934 ι
1631 2880 1798 2937 Recte

205 2973 393 3043 itaque
419 2972 666 3026 conditor
699 2979 1005 3026 creaturam
1038 2987 1191 3026 suam
1227 2972 1396 3026 tradit
1423 2972 1510 3026 cui
1544 2971 1793 3027 voluerit.

205 3065 451 3133 Denique
494 3072 549 3120 et
577 3051 849 3130 diabolus,
877 3065 932 3118 in
962 3065 1116 3134 cujus
1146 3074 1331 3136 typum
1361 3067 1642 3135 praecessit
1683 3065 1795 3120 Na-

201 3156 625 3210 buchodonosor
645 3155 971 3210 confitetur:
1009 3176 1025 3207 ‹
1062 3155 1189 3210 Haec
1214 3156 1396 3210 omnia
1427 3157 1558 3213 mihi
1592 3158 1792 3212 tradita
1823 3190 1868 3252 Ο

203 3254 352 3300 sunt.
392 3266 410 3298 ι
440 3245 594 3311 Quod
621 3256 801 3300 autem
834 3246 1012 3301 intulit
1039 3265 1051 3301 :
1085 3267 1102 3297 ι
1132 3247 1358 3318 Insuper
1379 3258 1432 3303 et
1458 3250 1661 3305 bestias
1679 3251 1795 3322 agri

201 3336 330 3389 dedi
360 3335 432 3399 ei,
466 3343 526 3388 ut
553 3335 794 3398 serviant
838 3335 936 3400 illi,
973 3355 992 3388 ›
1035 3336 1120 3392 νει
1160 3337 1480 3407 simpliciter
1513 3355 1674 3395 omne
1705 3356 1798 3411 ge-

200 3442 308 3481 nus
347 3426 709 3480 animantium
749 3426 1053 3498 intelligere
1083 3426 1341 3482 debemus
1371 3444 1384 3482 :
1410 3443 1533 3483 cum
1575 3432 1796 3487 homine

201 3520 352 3574 enim
399 3526 455 3572 et
502 3533 564 3572 ea
607 3520 916 3585 traduntur,
969 3536 1089 3590 quae
1131 3522 1180 3575 ei
1230 3522 1443 3578 subdita
1491 3533 1652 3591 sunt;
1703 3535 1796 3580 aut

201 3618 374 3674 certe,
410 3609 635 3674 bestias,
666 3608 831 3675 feras,
860 3601 1047 3680 gentes
1067 3610 1397 3680 accipiamus
1422 3629 1435 3665 :
1463 3614 1605 3681 quod
1627 3615 1793 3669 etiam

201 3701 311 3756 illae
343 3701 606 3766 serviant,
639 3716 759 3770 qua:
787 3702 940 3771 prius
978 3703 1184 3757 servire
1229 3719 1336 3758 non
1382 3714 1664 3760 noverant.
1702 3707 1795 3762 Fi-

202 3792 338 3846 lium
385 3800 566 3847 autem
614 3790 752 3859 ejus,
805 3798 859 3846 et
897 3790 1065 3845 filium
1109 3791 1223 3857 filii,
1265 3792 1420 3862 juxta
1472 3794 1794 3852 Hebraicum

204 3884 491 3939 Balthasar
524 3891 704 3950 vocat,
736 3892 793 3938 et
816 3883 1249 3950 Evilmerodacb,
1280 3884 1345 3939 de
1374 3886 1568 3954 quibus
1606 3886 1797 3945 scribit

205 3974 420 4029 Daniel.

286 4109 303 4140 ι
345 4088 525 4142 Donec
571 4085 755 4140 veniat
811 4093 1022 4156 tempus
1072 4095 1231 4141 terrae
1276 4085 1394 4155 ejus
1432 4096 1486 4142 et
1530 4088 1716 4158 ipsius.
1771 4111 1790 4144 ι

204 4178 440 4232 Pulchre
490 4191 557 4230 ne
604 4186 923 4247 perpetuum
973 4173 1470 4231 Nabuchodonosor
1511 4186 1796 4246 putaretur

205 4269 517 4340 imperium,
545 4275 602 4321 et
626 4267 802 4337 ipsum
825 4267 957 4321 dicit
1001 4283 1030 4320 a
1058 4266 1226 4322 Medis
1257 4252 1543 4337 Persisque
1573 4270 1796 4339 capien-

204 4355 357 4417 dum.
393 4359 504 4415 Hoc
529 4369 615 4415 est
649 4361 794 4416 enim
822 4360 966 4430 quod
991 4359 1258 4431 signiﬁcat
1297 4374 1311 4413 :
1351 4379 1368 4411 ‹
1409 4361 1580 4416 donec
1613 4362 1796 4418 veniat

204 4466 421 4525 tempus
446 4464 607 4512 terrae
638 4453 775 4524 ejus,
807 4462 864 4507 et
898 4453 1082 4522 ipsius.
1121 4471 1141 4504 ι
1177 4451 1282 4508 Sed
1311 4467 1412 4508 nec
1435 4454 1539 4508 hoc
1567 4455 1795 4510 habetur

202 4549 262 4605 in
283 4547 448 4603 LXX.

284 4681 302 4715 l
343 4661 411 4716 Et
445 4661 684 4721 servient
711 4661 763 4716 ei
792 4666 980 4732 gentes
1011 4659 1212 4726 multae,
1239 4666 1479 4730 et’reges
1509 4662 1711 4733 magni.
1765 4683 1784 4717 ι

205 4754 324 4812 Non
353 4754 511 4820 dixit,
541 4769 761 4820 omnes,
794 4753 896 4810 hoc
917 4754 1060 4809 enim
1091 4753 1309 4824 proprie
1337 4753 1538 4810 Christi
1566 4754 1792 4811 debetur

205 4845 460 4915 imperio,
487 4860 795 4915 quanquam
817 4846 970 4916 juxta
995 4844 1378 4917 Symmachum
1408 4861 1513 4900 non
1538 4846 1747 4918 legatur
1772 4865 1786 4902 :

211 4955 231 4988 ι
275 4936 344 4990 Et
369 4936 605 4990 servient
629 4935 678 4990 ei
701 4945 887 5006 gentes
908 4935 1113 5001 multae,
1137 4944 1190 5008 et
1216 4950 1369 5007 reges
1392 4937 1590 5007 magni,
1623 4957 1641 4990 ι
1673 4937 1787 5004 sed,

214 5047 232 5080 ι
273 5026 565 5096 subjicient
599 5042 721 5082 eum
774 5011 1018 5082 servituti
1043 5037 1251 5099 .gentes
1291 5027 1506 5092 multae,
1538 5037 1591 5083 et
1637 5043 1792 5101 reges

207 5118 412 5188 magni,
457 5137 476 5170 ι
509 5124 569 5172 ιιι
593 5117 708 5188 ipse
739 5132 951 5187 quoque
973 5119 1175 5172 serviat
1204 5116 1372 5171 Medis
1398 5116 1673 5185 etPersis,
1703 5118 1791 5173 cui

207 5223 401 5265 omnes
431 5218 556 5263 ante
582 5209 880 5265 servierant
901 5217 1109 5278 gentes.
1141 5207 1254 5265 Hoc
1277 5208 1419 5279 quod
1443 5224 1508 5263 ex
1528 5208 1793 5266 Hebraico

206 5297 493 5372 posuimus
526 5312 540 5351 :
573 5317 590 5348 ι
627 5298 760 5353 Dedi
785 5299 856 5363 ei,
883 5306 943 5351 ut
981 5300 1223 5353 serviant
1250 5298 1348 5364 illi,
1375 5307 1429 5352 et
1473 5299 1708 5353 servient
1742 5300 1790 5354 ei

209 5403 404 5446 omnes
444 5398 658 5462 gentes,
686 5398 741 5445 et
775 5390 886 5445 filio
924 5388 1039 5458 ejus
1069 5399 1125 5444 et
1155 5390 1265 5444 ﬁlio
1297 5389 1389 5444 lilii
1427 5387 1574 5459 ejus,
1622 5392 1794 5445 donec

210 5482 400 5539 veniat.
426 5473 637 5551 tempus
687 5488 844 5536 terra:
869 5482 986 5552 ejus
1014 5489 1069 5535 et
1095 5481 1284 5549 ipsius,
1317 5488 1372 5535 et
1396 5482 1641 5535 servituti
1668 5496 1791 5534 eum

212 5571 507 5642 subjiciam
535 5581 723 5644 gentes
749 5571 950 5638 multm,
983 5583 1036 5627 et
1062 5587 1215 5642 reges
1241 5573 1440 5645 magni.
1478 5592 1497 5625 ι
1529 5572 1585 5628 lu
1616 5560 1788 5638 LXX‘,

212 5670 278 5720 ut
294 5664 410 5736 jam
437 5663 688 5730 diximus,
719 5663 952 5720 editione
981 5679 1089 5719 non
1119 5665 1330 5736 legitur.

293 5795 315 5828 ι
349 5774 496 5834 Gens
523 5784 703 5832 autem
740 5786 796 5835 et
825 5793 1048 5846 regnum
1078 5778 1220 5847 quod
1257 5793 1364 5834 non
1406 5777 1653 5834 servierit
1683 5776 1792 5833 Na-

1820 4547 1874 4606 D

1912 1955 1930 1986 ι
1969 1949 2064 1990 vos
2097 1934 2163 1990 de
2209 1943 2352 1990 terra
2398 1944 2600 2004 vestra,
2629 1946 2684 1992 et
2730 1936 2950 2005 ejiciant
2977 1955 3104 2005 vos,
3151 1951 3208 1996 et
3234 1940 3496 2011 pereatis.

1911 2047 1929 2078 ‹
1968 2026 2112 2083 Gens
2158 2035 2338 2082 autem
2381 2045 2502 2100 quae
2551 2027 2844 2097 subjecerit
2891 2032 3161 2088 cervicem
3203 2048 3355 2088 suam
3398 2031 3498 2087 sub

1909 2137 1926 2168 ι
1959 2118 2089 2188 jugo
2116 2120 2260 2190 regis
2283 2118 2593 2191 Babylonis,
2623 2129 2677 2176 et
2707 2122 2960 2204 servierit
2988 2121 3060 2188 ei,
3083 2123 3353 2179 ditnittam
3373 2137 3495 2178 eam

1910 2228 1929 2261 ι
1968 2209 2022 2263 in
2050 2218 2193 2265 terra
2225 2226 2342 2277 sua,
2368 2212 2499 2267 dicit
2535 2213 2814 2279 Dominus,
2843 2223 2896 2270 et
2919 2215 3059 2270 colet
3088 2231 3233 2283 eam,
3261 2225 3316 2272 et
3343 2216 3494 2270 habi-

1909 2320 1926 2352 (
1971 2301 2105 2356 tabit
2150 2301 2205 2356 in
2254 2317 2338 2357 ea.
2384 2322 2403 2355 ι
2435 2303 2638 2359 Delirat
2683 2313 2738 2359 et
2785 2306 2838 2359 in
2881 2307 2985 2362 hoc
3009 2306 3128 2362 loco
3172 2307 3494 2380 allegoricus

1902 2392 2197 2461 interpres,
2223 2403 2279 2448 et
2316 2394 2566 2451 hortatur
2593 2397 2644 2451 in
2671 2391 2879 2453 caelesti
2901 2400 3105 2470 positos
3121 2399 3492 2466 Hierusalem,

1902 2498 1970 2538 ne
2003 2485 2225 2540 audiant
2250 2487 2541 2557 prophetas
2568 2503 2723 2551 suos,
2775 2497 2937 2559 atque
2964 2491 3203 2556 divinos,
3249 2491 3496 2546 somnia-

1905 2583 2069 2640 tores,
2111 2584 2166 2631 et
2194 2594 2448 2649 augures,
2477 2588 2533 2635 et
2579 2580 2853 2636 maleficos
2883 2600 2895 2635 :
2926 2584 3021 2637 sed
3065 2591 3124 2637 ut
3163 2585 3342 2654 potius
3373 2599 3494 2638 scr-

1904 2668 2052 2722 viant
2094 2668 2624 2740 Nabuchodonosor,
2649 2681 2706 2726 et
2742 2689 2938 2744 corpus
2968 2673 3291 2729 humilitatis
3338 2689 3492 2729 assu-

1900 2768 2070 2822 mant,
2101 2759 2407 2814 infantium'
2428 2763 2654 2832 vagitus,
2687 2773 2740 2817 et
2769 2761 3092 2818 incunabula
3117 2761 3490 2834 parvulorum.

1902 2847 1957 2903 Si
1990 2850 2134 2903 enim
2159 2849 2262 2904 hoc
2293 2850 2524 2906 fecerint
2551 2852 2766 2923 expleto
2795 2851 3056 2909 famulatu
3084 2863 3138 2908 ct
3182 2855 3494 2911 conditione

1901 2943 2247 2998 mortalitatis
2299 2945 2548 3000 humana:
2577 2986 2591 3010 ,
2648 2939 2963 3000 reversuros
3020 2961 3115 3001 eos
3165 2947 3234 2999 ad
3289 2955 3492 3002 terram

1901 3050 2076 3101 suam,
2102 3045 2157 3090 et
2179 3035 2521 3092 habitaturos
2551 3037 2606 3091 in
2632 3052 2717 3103 ea,
2748 3044 2803 3091 et
2832 3029 3175 3108 ophraturos,
3200 3053 3320 3108 qua:
3339 3037 3493 3108 prius

1901 3128 2109 3197 Operati
2139 3136 2282 3182 sunt.
2308 3127 2557 3199 Dicitque
2589 3143 2647 3184 se
2675 3129 2941 3199 suspicari
2967 3145 3081 3194 eos,
3111 3131 3203 3200 qui
3230 3130 3326 3185 Dei
3352 3145 3492 3201 pra:-

1902 3225 2056 3287 cepta
2089 3218 2553 3290 contempserint,
2599 3219 2854 3273 humanis
2902 3214 3222 3289 corpOribus
3250 3235 3491 3293 pmgra—

1900 3308 2039 3374 vari,
2069 3307 2279 3362 futuros
2292 3293 2630 3364 daemones-et
2654 3309 2960 3364 immundos
2972 3309 3218 3378 spiritus,
3235 3317 3291 3364 et
3307 3309 3492 3365 sedem

1899 3399 2183 3468 pristinam
2210 3414 2555 3469 nequaquam
2579 3409 2914 3470 recepturos.
2939 3399 3050 3456 Nos
3075 3384 3257 3456 autem
3284 3401 3492 3473 simpli-

1900 3491 2406 3562 citerexponamus,
2423 3488 2477 3547 et
2505 3488 2799 3562 pr0phetas
2825 3507 2944 3547 esse
2959 3493 3012 3546 in
3027 3492 3297 3562 gentibus,
3313 3491 3494 3562 quisi-

1900 3579 2173 3634 mulentse
2196 3579 2378 3635 divino
2402 3581 2592 3651 spiritu
2607 3587 2833 3634 ventura
2849 3573 3162 3650 praedicere,
3188 3588 3243 3634 et
3257 3580 3491 3645 divinos,

1890 3671 1966 3725 'de
1985 3672 2180 3741 quibus
2206 3681 2262 3726 et
2289 3672 2510 3743 vulgare
2538 3673 2883 3744 proverbium
2913 3681 2997 3728 est
3021 3691 3034 3726 :
3057 3673 3224 3727 Aiunt
3247 3659 3494 3728 divinare

1901 3763 2192 3832 sapientes,
2231 3772 2287 3818 et
2331 3764 2722 3831 somniatores,
2754 3765 2848 3835 qui
2896 3765 3179 3827 imitantur
3205 3766 3408 3837 Ioseph
3439 3773 3495 3822 et

1900 3854 2122 3920 Daniel,
2175 3865 2231 3910 et
2279 3869 2548 3927 augures,
2595 3857 2687 3926 qui
2723 3857 2903 3910 volatu
2940 3857 3120 3910 avium
3146 3866 3201 3912 et
3241 3859 3488 3912 oscinum

1897 3947 2121 4002 vocibus
2148 3945 2454 4001 faciendum
2483 3946 2614 4016 quid
2650 3945 2735 4001 vel
2783 3961 2892 4000 non
2929 3946 3238 4002 faciendum
3277 3947 3487 4002 denun-

1903 4040 2073 4105 tiant,
2126 4048 2182 4093 et
2227 4039 2532 4105 maleﬁcos,
2580 4053 2717 4107 quos
2747 4037 2832 4093 vel
2881 4039 3154 4093 veneficos
3198 4053 3491 4109 possumus

1900 4130 2196 4200 appellare,
2222 4129 2307 4183 vel
2332 4130 2636 4184 daemonum
2663 4129 3136 4199 phantasmatibus
3163 4131 3485 4196 servientes,

1899 4223 1992 4292 qui
2038 4221 2303 4276 Hebraice
2352 4221 2603 4276 dicuntur
2632 4226 2794 4282 tam.
2818 4220 3019 4275 Omnes
3066 4220 3156 4274 isti
3188 4221 3487 4291 decipiunt,

1897 4314 2090 4384 inquit,
2116 4329 2211 4368 vos
2232 4323 2394 4383 atque
2416 4313 2782 4384 supplantant,
2807 4328 2875 4368 ne
2901 4313 3154 4369 serviatis
3177 4314 3290 4385 regi
3317 4315 3490 4386 Baby-

1897 4404 2056 4459 lonis.
2087 4402 2251 4458 Multo
2281 4403 2425 4458 enim
2455 4405 2647 4478 melius
2677 4411 2764 4461 est
2796 4405 3112 4460 servitutem
3148 4414 3341 4474 sponte
3365 4421 3490 4460 sus.

1900 4495 2100 4564 cipere,
2132 4502 2187 4549 et
2209 4495 2444 4548 amicum
2475 4494 2694 4572 habere,
2725 4496 2813 4551 cui
2843 4497 3069 4561 servias,
3100 4504 3155 4552 et
3197 4496 3488 4567 genitalem

1902 4596 2101 4642 terram
2128 4585 2328 4653 colere,
2375 4601 2536 4656 quam
2570 4588 2623 4642 vi
2651 4596 2708 4642 et
2755 4589 3083 4645 necessitate
3113 4588 3320 4644 servire
3361 4603 3489 4660 cap-

1896 4678 2053 4733 tivos.

1974 4789 1992 4820 ‹
2028 4770 2093 4824 Ει
2124 4771 2191 4826 ad
2218 4771 2536 4834 Sedechiam
2566 4788 2747 4843 regem
2774 4773 2911 4830 Iuda
2950 4773 3161 4830 loeutus
3189 4790 3308 4831 sum
3334 4815 3351 4843 ,
3396 4791 3486 4833 se-

1903 4879 1922 4913 ‹
1959 4863 2188 4917 cundum
2218 4864 2398 4918 omnia
2425 4867 2588 4918 verba
2626 4866 2764 4929 haec,
2796 4865 2981 4920 dicens
3014 4881 3028 4920 :
3060 4865 3323 4935 Subjicite
3347 4867 3488 4924 colla

1903 4971 1921 5002 ι
1958 4961 2136 5008 vestra
2166 4953 2266 5007 sub
2286 4954 2596 5026 jugo‘regis
2625 4955 2946 5025 Babylonis,
2983 4966 3039 5012 et
3077 4956 3277 5011 servite
3326 4957 3399 5023 ei,
3430 4964 3492 5014 et

1905 5062 1922 5094 ι
1959 5043 2152 5112 populo
2202 5043 2349 5112 ejus,
2403 5053 2458 5097 et
2489 5046 2700 5100 vivatis.
2746 5046 2924 5111 Quare
2953 5046 3261 5101 moriemini
3313 5055 3370 5100 tu
3428 5055 3493 5104 et

1903 5154 1920 5185 ‹
1958 5133 2183 5204 populus
2215 5144 2357 5209 tuus,
2392 5135 2585 5205 gladio,
2624 5136 2785 5199 fame,
2820 5145 2876 5189 et
2902 5145 3076 5206 peste,
3102 5137 3242 5191 sicut
3271 5136 3483 5194 locutus

1903 5244 1920 5275 ι
1960 5233 2043 5279 est
2085 5225 2344 5279 Dominus
2373 5225 2438 5278 ad
2470 5233 2682 5296 gentem
2709 5242 2829 5296 quae
2859 5228 3066 5282 servire
3104 5226 3338 5282 noluerit
3365 5228 3482 5298 regi

1903 5331 1921 5364 ι
1960 5313 2281 5386 Babylonis?
2317 5299 2494 5370 Nolite
2535 5315 2724 5370 audire
2768 5317 2934 5372 verba
2974 5319 3361 5387 prophetarum
3399 5317 3486 5373 di-

1903 5425 1921 5456 ‹
1961 5407 2195 5462 centium
2227 5407 2378 5462 vobis
2405 5425 2417 5462 :
2451 5406 2623 5463 Nolite
2653 5409 2858 5464 servire
2879 5411 2993 5481 regi
3016 5395 3328 5482 Babylonis,
3351 5411 3484 5483 quia

1903 5517 1921 5549 ‹
1961 5498 2298 5553 mendacium
2346 5499 2449 5569 ipsi
2499 5500 2792 5572 loquuntur
2823 5502 2998 5557 vobis.
3031 5501 3168 5570 Quia
3210 5518 3317 5558 non
3354 5501 3483 5559 misi

1903 5607 1921 5640 ι
1961 5605 2075 5655 eos,
2124 5589 2201 5645 ait
2242 5591 2500 5647 Dominus
2535 5609 2547 5646 :
2578 5599 2631 5647 et
2672 5593 2772 5662 ipsi
2801 5594 3218 5664 prophetam-in
3261 5593 3486 5651 nomine

1905 5703 1921 5736 ι
1960 5700 2080 5740 meo
2126 5684 2478 5752 mendaciter,
2530 5695 2589 5741 ut
2618 5685 2836 5755 ejiciant
2863 5703 2991 5755 vos,
3019 5696 3074 5742 et
3098 5680 3332 5757 pereatis
3365 5693 3482 5743 tam

1903 5795 1921 5828 (
1957 5790 2053 5832 vos
2075 5790 2237 5845 quam
2266 5777 2545 5848 prophetae
2570 5777 2660 5848 qui
2690 5777 3054 5834 vaticinantur
3081 5775 3253 5833 vobis.
3293 5796 3311 5830 ι
3349 5774 3486 5832 Post
