3926 6320
439 275 574 334 1011

1087 273 1148 330 Β.
1191 273 1443 330 RABANI
1482 263 1700 331 MAURI
1738 265 2056 330 ARCHIEP.
2098 271 2405 330 MOGUNT.
2448 271 2736 330 OPERUM
2772 273 2955 330 PARS
2992 274 3079 330 Ill.

3579 270 3718 328 1οη

439 396 724 454 universas
755 400 943 466 gentes
973 395 1166 449 transit
1197 393 1264 448 ad
1285 392 1616 464 Sedechiam
1643 407 1826 462 regem
1853 392 1990 448 Juda
2011 432 2027 462 ,
2054 394 2110 456 Α
2211 373 2492 448 «Domino
2517 392 2854 448 exercituum
2873 432 2888 458 ,
2911 399 2972 446 ut
3019 405 3125 445 non
3172 391 3395 446 veniant
3437 400 3571 444 vasa
3601 403 3718 461 qua

437 500 496 548 et
538 488 732 544 iisdem
767 482 966 557 quibus
993 486 1243 558 gentibus
1265 486 1627 542 comminatus
1652 493 1737 542 est
1761 486 2026 542 sermoni-

439 582 543 638 bus
617 578 879 650 loquitur.
935 576 1116 646 Neque
1183 577 1332 631 enim
1390 587 1631 634 meretur
1685 576 2026 648 privilegium

440 672 619 746 gentis
652 656 984 735 Israeliticae,
1017 669 1110 739 qui
1135 676 1296 723 caater
1373 669 1625 741 gentibus
1673 676 1767 722 aut
1797 667 2026 734 similia,

441 773 538 821 aut
560 764 768 836 majora
789 761 1052 831 peccavit.
1079 759 1286 829 Deniqu
1348 761 1469 829 quia
1492 759 1682 814 avdire
1703 756 2032 827 contempsit

437 855 668 928 populus
713 851 1045 923 perduellis,
1099 850 1276 925 gladio
1359 860 1377 904 t
1419 850 1550 904 farm
1637 858 1692 903 et
1716 857 1868 918 peste
1894 863 2028 902 con-

439 954 688 1018 sumptus
701 953 808 1000 est.
832 944 1241 1000 Observandum
1265 959 1307 995 a.
1360 958 1444 996 em
1466 942 1548 996 inf
1582 942 1819 1012 eriptura
1843 949 2031 996 sancta

443 1040 586 1110 quod
637 1054 738 1110 pro
768 1034 1252 1108 pseudOprophetis
1287 1049 1311 1086 ρ
1357 1032 1520 1103 pellet
1561 1033 1893 1103 pmphetas,
1938 1031 2032 1101 qui

441 1131 809 1186 vaticinentur
857 1130 909 1182 in
949 1126 1183 1181 nomine
1234 1125 1306 1179 Do
1374 1124 1447 1178 ini
1490 1123 1865 1193 mendaciter.
1916 1120 2032 1175 Hoc

442 1231 626 1278 autem
666 1221 912 1284 faciunt,
961 1218 1154 1286 inquit,
1187 1225 1246 1271 ut
1271 1216 1491 1284 ej.ciant
1521 1231 1638 1280 vos,
1668 1224 1718 1270 et
1763 1213 2030 1282 pereatis,

441 1323 552 1368 tam
582 1327 677 1367 vos
714 1326 875 1380 quam
908 1309 1211 1378 propheta},
1233 1308 1325 1377 qui
1356 1307 1725 1360 vaticinantur
1753 1304 1925 1358 vobis.
1969 1303 2036 1358 Et

438 1418 627 1459 eorum
657 1403 840 1474 igitur,
869 1400 962 1470 qui
1006 1399 1374 1469 decipiuntur,
1420 1406 1476 1452 et
1502 1412 1691 1452 eorum
1712 1436 1726 1459 ,
1754 1395 1847 1464 qui
1891 1393 2036 1449 deci-

438 1495 635 1567 piunt,
693 1493 886 1552 similis
933 1491 1185 1546 interitus
1220 1499 1322 1546 est.
1371 1488 1484 1544 Hoc
1509 1489 1653 1558 quod
1681 1489 1745 1542 de
1771 1486 2036 1542 Hebraico

439 1587 722 1658 posuimus
755 1600 768 1638 :
807 1603 824 1634 ι
862 1584 974 1638 Sub
995 1582 1124 1653 jugo
1150 1583 1295 1652 regis
1317 1579 1625 1650 Babylonis,
1659 1587 1715 1633 et
1744 1577 1942 1633 servite
1962 1577 2033 1644 ei,

439 1689 498 1739 et
524 1678 723 1748 populo
763 1677 900 1747 ejus,
931 1683 985 1730 et
1032 1674 1225 1728 vivetis
1256 1687 1270 1726 :
1307 1686 1474 1742 quare
1505 1670 1810 1726 moriemini
1841 1679 1896 1723 tu
1916 1710 1931 1736 ,
1983 1677 2038 1724 et

2137 503 2155 534 σ
2195 483 2381 539 relicta
2411 482 2626 538 fuerant
2652 484 2706 538 in
2733 483 2893 538 domo
2933 481 3179 548 Domini,
3207 492 3263 538 et
3288 484 3340 538 in
3390 485 3552 539 dumo
3581 484 3718 556 regis

2138 594 2156 626 ε
2194 573 2354 640 Juda,
2375 583 2431 630 et
2452 576 2507 628 in
2528 574 2892 642 Hierusalem,
2912 583 2969 629 et
2994 574 3049 629 in
3066 573 3420 645 Babylonem.
3441 575 3582 644 Quia
3610 577 3716 632 hac

2138 686 2156 718 ι
2198 665 2328 721 dicit
2380 665 2641 720 Dominus
2687 666 3143 722 exercituumnd
3188 663 3506 732 columnas,
3551 677 3608 722 et
3654 667 3716 721 ad

2139 778 2156 810 ι
2196 773 2366 826 mare,
2393 767 2449 814 et
2481 760 2550 814 ad
2580 761 2739 815 bases
2784 779 2804 812 ι
2839 760 2956 830 (pro
2987 759 3173 830 quibus
3203 760 3256 812 in
3291 758 3555 814 Hebraica
3588 761 3715 822 scri-

2131 863 2277 923 ptum
2309 864 2384 908 est
2421 853 2639 925 mnta),
2685 871 2704 904 ‹
2743 861 2798 907 et
2828 855 2895 908 ad
2940 853 3147 922 reliqua
3179 867 3308 908 vasa
3337 869 3561 917 eorum,
3607 867 3718 922 qua:

2139 962 2158 994 ι
2195 957 2575 1020 remanserunt
2600 945 2654 999 in
2683 945 2900 1000 civitate
2931 945 3053 1007 hac,
3085 961 3207 1015 qua:
3235 961 3340 1000 non
3374 946 3497 999 tulit
3545 944 3717 999 Nabu-

2140 1057 2158 1090 ι
2199 1038 2541 1093 chodonosor
2569 1052 2662 1092 rex
2689 1036 2997 1108 Babylonis,
3028 1053 3154 1092 cum
3178 1037 3506 1094 transferret
3533 1035 3719 1092 Jecho-

2140 1145 2161 1178 ‹
2199 1127 2344 1183 niam
2371 1125 2539 1182 illium
2559 1125 2805 1183 Joachim
2832 1142 3016 1198 regem
3041 1125 3180 1182 Iuda
3210 1127 3275 1182 de
3303 1127 3637 1182 Hierusalem
3666 1126 3719 1183 it.

2142 1235 2162 1268 ‹
2204 1216 2551 1288 Babylonem,
2580 1226 2638 1274 et
2659 1227 2848 1272 omnes
2872 1219 3163 1288 optimates
3190 1215 3339 1272 Iudae
3373 1228 3430 1272 et
3465 1218 3720 1274 Hierusa-

2143 1329 2163 1361 ‹
2201 1310 2327 1366 lem.
2384 1309 2520 1377 Quia
2573 1310 2688 1367 haec
2729 1311 2857 1366 dicit
2904 1310 3162 1366 Dominus
3205 1311 3546 1365 exercituum
3587 1311 3722 1369 Deus

2144 1419 2163 1452 ι
2200 1401 2364 1459 Israel
2384 1403 2453 1456 ad
2476 1417 2604 1457 vasa
2633 1417 2755 1472 quae
2794 1402 3053 1458 derelicta
3077 1412 3202 1458 sunt
3225 1402 3277 1456 in
3305 1403 3465 1457 domo
3490 1401 3719 1468 Domini,

2145 1512 2163 1544 ι
2201 1501 2255 1547 et
2283 1492 2335 1546 in
2365 1491 2525 1546 domo
2557 1492 2699 1563 regis
2726 1489 2886 1557 Iuda,
2917 1501 2972 1546 et
2999 1493 3053 1546 in
3097 1491 3434 1547 Hierusalem
3475 1505 3492 1544 :
3525 1491 3581 1546 ln
3619 1490 3718 1545 Ba-

2146 1605 2164 1640 ι
2201 1585 2452 1658 bylonem
2479 1584 2892 1652 transferentur,
2915 1593 2969 1639 et
2991 1585 3063 1639 ibi
3091 1593 3254 1639 erunt
3289 1600 3463 1655 usque
3489 1584 3558 1638 ad
3587 1585 3720 1638 diem

2143 1701 2165 1736 ι
2201 1682 2526 1737 visitationis
2552 1696 2697 1746 suae,
2720 1679 2852 1734 dicit
2878 1679 3138 1734 Dominus
3170 1697 3183 1731 :
3210 1687 3265 1733 et
3305 1677 3488 1733 atl‘erri
3533 1678 3719 1733 faciam

439 1773 670 1846 populus
692 1781 844 1834 tuus,
879 1769 1055 1841 gladio
1085 1776 1138 1822 et
1167 1767 1330 1832 fame,
1361 1776 1416 1820 et
1441 1774 1615 1836 peste,
1644 1765 1783 1820 sicut
1821 1763 2035 1818 locutus
2063 1785 2112 1852 Β
2145 1793 2164 1826 ι
2206 1773 2676 1839 ea,ei.resiiiuam
2703 1771 2903 1830 inloco
2931 1773 3055 1832 isto,
3087 1790 3106 1823 ι
3143 1770 3287 1834 Haec,
3314 1779 3372 1824 ut
3392 1770 3648 1832 diximus,
3671 1770 3718 1824 in

446 1874 529 1920 est
558 1864 820 1918 Dominus
856 1862 921 1915 ad
946 1869 1199 1930 gentem;
1237 1873 1356 1929 quae
1388 1858 1596 1912 servire
1622 1856 1875 1924 noluerit
1921 1855 2035 1926 regi

443 1957 771 2029 Babylonis?
811 1955 986 2010 Nolite
1024 1953 1212 2006 audire
1240 1953 1404 2006 verba
1433 1951 1820 2019 prophetarum
1851 1948 2036 2001 dicen-

442 2049 577 2103 tium
606 2048 781 2109 vobis,
822 2066 839 2098 ι
875 2046 928 2098 in
962 2043 1105 2096 LXX
1151 2058 1255 2096 non
1311 2041 1560 2095 habetur.
1595 2039 1662 2092 Et
1702 2039 1905 2092 idcirco
1943 2037 2038 2091 ad-

443 2157 638 2196 moneo
665 2181 678 2206 ,
725 2149 785 2193 ut
829 2130 1066 2210 prudens
1094 2138 1265 2192 lector
1303 2135 1567 2203 intelligat
1608 2141 1869 2202 quantum
1899 2131 2036 2187 desit

443 2246 541 2302 per
576 2230 789 2302 singula
815 2229 1020 2284 Graecis
1048 2226 1328 2281 codicibus
1359 2232 1426 2279 et
1439 2224 1668 2278 Latinis.

524 2343 540 2372 ι
581 2323 646 2376 Et
671 2323 737 2375 ad
769 2314 1113 2381 sacerdotes,
1148 2327 1202 2372 et
1226 2319 1292 2370 ad
1323 2316 1580 2386 populum
1629 2315 1790 2369 istum
1825 2315 2038 2369 locutus

451 2435 468 2466 ‹
508 2430 650 2478 sum,
678 2414 903 2469 dicens:
937 2410 1061 2465 llaec
1089 2410 1220 2464 dicit
1263 2409 1528 2464 Dominus
1566 2405 1805 2461 :~Nolite
1854 2407 2038 2460 audire

453 2528 472 2560 ι
511 2508 676 2564 verba
726 2509 1115 2578 prophetarum
1164 2514 1470 2560 vestrorum
1501 2544 1516 2569 ,
1575 2503 1668 2573 qui
1717 2503 2041 2572 prophetam

455 2620 472 2652 ι
514 2602 687 2665 vobis,
717 2601 958 2654 dicentes
1007 2613 1020 2651 :
1060 2598 1201 2653 Ecce
1256 2611 1384 2651 vasa
1442 2595 1653 2649 Domini
1698 2602 2041 2649 revertentur

455 2709 474 2742 ‹
506 2691 581 2745 de
625 2690 896 2761 Babylone
945 2703 1087 2741 nunc
1122 2688 1232 2742 cito
1288 2705 1300 2740 :
1351 2685 1695 2740 mendacium
1740 2684 1882 2738 enim
1919 2698 2041 2752 pro-

455 2799 474 2832 ‹
517 2782 740 2852 phetant
762 2779 932 2834 vobis.
971 2798 988 2830 ›
1019 2777 1158 2850 (Hoc
1183 2778 1321 2848 quod
1350 2777 1621 2848 posuimus
1646 2791 1792 2831 nunc
1820 2776 1955 2839 cito,
1985 2773 2041 2828 in

451 2873 797 2944 Septuaginta
849 2888 953 2925 non
1001 2871 1242 2936 habetur,
1293 2879 1342 2924 et
1389 2869 1541 2948 illud-
1573 2869 1712 2939 quod
1743 2869 1977 2938 sequitur
2000 2867 2040 2938 :)

457 2982 477 3016 ι
515 2955 688 3018 Nolite
733 2963 917 3016 audire
944 2977 1057 3024 eos,
1104 2961 1197 3016 sed
1227 2951 1426 3016 servite
1469 2961 1582 3030 regi
1614 2960 1933 3030 Babylonis,
1984 2968 2043 3013 ut

457 3075 475 3106 ‹
515 3055 730 3108 vivatis.
762 3053 943 3119 Quare
970 3053 1126 3106 datur
1157 3053 1272 3105 hmo
1298 3051 1492 3106 civitas
1520 3051 1574 3104 in
1604 3051 1982 3105 solitudinem?
2019 3071 2036 3102 ι

2139 1864 2278 1920 LXX
2309 1880 2414 1918 non
2433 1864 2723 1928 habentur,
2738 1863 2913 1919 serlde
2933 1859 3197 1917 Hebraica
3223 1862 3451 1916 veritate
3466 1861 3719 1916 translata

2143 1967 2297 2022 sunt;
2329 1973 2424 2028 pro
2445 1973 2553 2026 quo
2580 1957 2744 2021 aliud,
2773 1955 2916 2026 quod
2938 1955 3474 2035 scriptumnouerat,
3504 1967 3721 2022 posuere

2143 2051 2410 2105 dicentes:
2436 2067 2453 2098 ι
2474 2047 2570 2102 Est
2593 2047 2746 2112 mihi,
2761 2048 2885 2117 quia
2909 2047 2986 2100 sic
2998 2047 3137 2100 dixit
3153 2045 3430 2108 Dominus,
3447 2045 3719 2113 Etreliqua

2141 2160 2266 2199 vasa
2307 2159 2428 2215 qua:
2453 2158 2560 2197 non
2606 2141 2728 2196 tulit
2768 2156 2862 2195 rex
2893 2139 3211 2212 Babylonis,
3245 2139 3462 2208 quando
3499 2147 3723 2192 transtu-

2142 2237 2204 2292 lit
2245 2235 2562 2292 Jcchoniam
2591 2235 2657 2290 dc
2707 2232 3043 2288 Hierusalem
3072 2231 3126 2285 in
3166 2230 3491 2300 Babylonem
3513 2268 3528 2293 ,
3564 2229 3721 2282 intra-

2141 2329 2297 2392 bunt,
2336 2327 2468 2382 dicit
2507 2326 2787 2389 Dominus,
2841 2343 2858 2374 ι
2895 2338 3112 2378 sensum
3145 2308 3319 2392 magis
3359 2336 3521 2390 quam
3567 2318 3720 2372 verba

2143 2431 2405 2491 ponentes
2450 2439 2461 2472 :
2514 2418 2737 2473 forsitan
2780 2415 3092 2470 irrationale
3125 2413 3420 2477 arbitrati,
3482 2421 3541 2466 ut
3589 2411 3722 2464 Deus

2143 2511 2457 2580 loqueretur
2487 2510 2553 2562 ad
2582 2508 2885 2572 columnas,
2911 2514 2966 2560 et
2996 2506 3063 2560 ad
3077 2519 3259 2577 mare,
3288 2514 3344 2558 et
3372 2503 3437 2556 ad
3469 2503 3643 2565 bases,
3672 2509 3720 2555 et

2146 2602 2210 2654 ad
2243 2599 2444 2670 reliqua
2474 2615 2599 2654 vasa
2652 2613 2772 2670 qua:
2815 2604 3190 2652 remanserant
3232 2595 3289 2650 in
3330 2593 3663 2648 Hierusalem
3705 2611 3716 2645 :

2145 2693 2299 2762 quasi
2344 2707 2449 2746 non
2481 2691 2745 2760 legamus,
2787 2698 2842 2744 et
2872 2689 3043 2743 vermi
3088 2686 3355 2740 matutino
3395 2676 3720 2755 increpuisse

2147 2783 2456 2850 Dominum,
2485 2791 2537 2839 et
2579 2784 2647 2838 ad
2693 2796 2844 2838 mare
2897 2781 3138 2836 locutum
3183 2797 3194 2834 :
3227 2798 3245 2832 ι
3279 2779 3421 2834 'l‘ace
3449 2788 3503 2835 et
3543 2780 3724 2834 obmu-

2147 2886 2294 2931 tesce
2345 2874 2492 2940 (Jan.
2540 2875 2637 2946 IV).
2673 2894 2690 2926 ι
2723 2874 2984 2944 Quodque
3011 2873 3119 2937 ait,
3152 2891 3170 2923 ι
3201 2883 3492 2928 occurrant
3517 2872 3668 2936 mihi,
3700 2889 3715 2921 ι

2148 2971 2262 3024 sive
2301 2988 2319 3020 ‹
2359 2968 2584 3023 Domino
2610 2963 2973 3030 exercituum,
3015 2985 3033 3029 ν
3072 2965 3201 3020 illud
3254 2963 3494 3018 ostendit
3543 2977 3722 3017 verum

2147 3062 2465 3132 prophetam
2488 3075 2646 3131 posse
2667 3060 2895 3115 Domino
2924 3058 3178 3129 precibus
3214 3056 3472 3111 resistere
3491 3095 3507 3121 ,
3534 3070 3720 3109 secun-

451 3146 582 3202 Ροεῐ
613 3153 801 3216 gentes
847 3153 1028 3200 autem
1075 3152 1131 3199 et
1173 3159 1355 3214 regem
1394 3144 1767 3200 sacerdotibus
1806 3145 2044 3214 loquitur
2071 3148 2115 3209 C
2148 3153 2274 3208 dum
2310 3153 2450 3222 quod
2497 3160 2552 3206 et
2600 3150 2808 3221 Moyses
2854 3151 3004 3205 stetit
3045 3150 3099 3204 in
3141 3149 3490 3219 percussione
3540 3159 3720 3203 contra

449 3247 507 3294 et
536 3239 734 3308 popqu
764 3237 932 3307 :‘quia
954 3236 1063 3304 jam
1093 3237 1370 3306 prophetis
1403 3251 1565 3306 supra
1597 3236 1876 3296 interitum
1909 3252 2046 3290 nun-

457 3331 688 3384 tiaverat
717 3329 901 3382 dicens
928 3347 940 3381 :
981 3347 996 3378 ι
1042 3327 1110 3382 Ut
1141 3328 1357 3397 ejiciam
1385 3342 1500 3381 vos:
1518 3335 1574 3382 et
1599 3329 1856 3398 pereatis,
1889 3347 1905 3379 ι
1936 3335 2046 3381 tam

456 3435 552 3474 vos
594 3435 759 3490 quam
787 3418 1082 3489 prophetze,
1118 3417 1209 3486 qui
1245 3418 1610 3472 vaticinantur
1633 3417 1805 3472 vobis.
1849 3417 2047 3488 Loqui-

457 3522 546 3568 tur
569 3523 748 3568 autem
773 3515 984 3588 eadem,
1000 3527 1120 3584 quae
1141 3513 1351 3568 locutus
1366 3513 1543 3569 fuerat
1561 3515 1674 3584 regi
1699 3522 1752 3568 et
1777 3515 2044 3584 gentibus,

455 3622 526 3663 ne
546 3607 943 3662 audiantverba
969 3608 1357 3676 pr0phetarum
1383 3623 1624 3673 suorum,
1645 3617 1699 3662 et
1719 3608 1900 3662 dicant
1916 3609 2046 3661 vasa

456 3699 644 3769 templi
688 3699 900 3753 Domini
940 3699 1052 3770 jam
1084 3700 1412 3768 reportanda
1440 3740 1455 3765 ,
1491 3715 1617 3769 quae
1642 3714 1764 3753 cum
1790 3696 2048 3754 Jechonia

456 3791 930 3862 principibusque,
984 3785 1038 3843 et
1083 3802 1256 3846 matre
1290 3793 1407 3862 ejus
1447 3791 1664 3846 fuerant
1708 3799 1980 3861 asportata
2031 3810 2043 3845 :

462 3891 755 3952 monetque
775 3890 836 3937 ut
862 3869 1172 3937 deserviant
1197 3882 1310 3952 regi
1338 3880 1645 3952 Babylonis,
1677 3889 1732 3935 et
1752 3880 1968 3946 vivant,
1993 3890 2048 3936 et

457 3972 654 4026 civitas
694 3979 884 4042 sponte
913 3972 1153 4042 subjecta
1190 3986 1534 4042 nequaquam
1570 3971 1818 4026 tradatur
1860 3970 2049 4026 incen-

456 4065 547 4120 dio
605 4071 705 4118 :et
749 4064 803 4117 in
843 4065 946 4118 hoc
1005 4062 1291 4118 clementia
1344 4063 1588 4128 Domini,
1637 4061 1827 4117 leviori
1873 4076 2048 4133 ptenae

455 4153 572 4207 vult
595 4153 830 4217 tradere,
862 4167 931 4206 ne
971 4152 1277 4206 sustineant
1301 4151 1628 4221 graviorem.

537 4261 555 4292 ι
594 4243 661 4295 Et
701 4242 747 4295 si
776 4243 1053 4312 prophetae
1083 4250 1239 4306 sunt,
1272 4250 1326 4296 et
1369 4249 1451 4296 est
1478 4243 1700 4297 verbum
1733 4241 1944 4296 Domini
1994 4243 2045 4296 in

461 4335 560 4400 eis,
594 4344 905 4389 occurrant.
946 4353 964 4386 ι
1001 4333 1262 4402 Quodque
1288 4333 1551 4402 sequitur,
1590 4343 1645 4388 et
1670 4334 1934 4388 subdituri
1959 4349 2046 4387 su-

457 4440 580 4480 mus
609 4440 780 4494 usque
809 4424 877 4478 ad
917 4424 1080 4479 finem
1110 4422 1271 4493 hujus
1303 4422 1564 4494 capituli,
1606 4425 1662 4484 in
1692 4423 2043 4495 Septuaginta

460 4529 570 4570 nou
604 4513 857 4568 habetur.

2148 3240 2464 3306 Dominum,
2518 3249 2578 3294 ut
2621 3248 2890 3296 averteret
2931 3241 3067 3294 iram
3098 3238 3296 3295 furoris
3341 3241 3478 3310 ejus.
3515 3236 3726 3294 Samuel

2149 3347 2362 3403 quoque
2410 3332 2550 3386 idem
2602 3331 2729 3386 fecit
2779 3331 2830 3403 (1
2858 3317 3008 3403 -ch.
3054 3331 3204 3404 vm);
3249 3317 3609 3388 et'Dominus
3662 3331 3723 3385 ad

2152 3425 2369 3496 Moysen
2420 3441 2487 3478 τι
2529 3424 2747 3479 Dimitte
2799 3440 2925 3489 me,
2973 3424 3084 3492 ait,
3131 3427 3432 3496 percutiam
3477 3424 3726 3495 populum

2151 3519 2314 3574 istum
2343 3516 2540 3589 (Exod.
2570 3518 2767 3588 xxx").
2792 3537 2809 3568 ι
2831 3518 3056 3584 Quando
3082 3527 3260 3573 autem
3285 3518 3436 3583 dicit,
3471 3538 3488 3569 ι
3524 3518 3725 3572 dimitte

2151 3625 2260 3674 me,
2289 3628 2307 3660 ι
2341 3608 2578 3662 ostendit
2603 3624 2660 3662 se
2686 3606 2938 3678 precibus
2961 3617 3270 3679 sanctorum
3294 3594 3461 3680 posse
3484 3607 3721 3662 retineri.

2151 3703 2471 3766 Occurrant,
2499 3701 2696 3772 inquit,
2752 3701 3058 3770 prOpItetaa,
3091 3709 3146 3755 et
3165 3714 3497 3770 quascunque
3539 3699 3725 3770 praedi-

2152 3804 2280 3851 cunt
2332 3810 2493 3864 opere
2520 3792 2783 3864 completa
2832 3775 3203 3848 demonstrent
3246 3800 3301 3846 et
3338 3801 3465 3850 tunc
3505 3792 3724 3846 veritate

2151 3885 2466 3940 vaticinium
2532 3884 2992 3954 comprobabitur.
3063 3883 3356 3939 Columnas
3429 3892 3608 3936 autem
3675 3889 3724 3936 et

2140 3975 2322 4044 ‘mare,
2354 3988 2407 4032 et
2451 3979 2626 4042 bas'es,
2653 3985 2709 4032 et
2733 3977 2934 4046 reliqua
2960 3992 3212 4032 vasorum
3243 3977 3296 4029 in
3325 3975 3631 4038 Malachim,
3677 3981 3726 4027 et

2153 4072 2204 4125 in
2240 4081 2484 4124 extremo
2531 4067 2688 4138 hujus
2718 4069 2994 4138 prophetae
3039 4066 3309 4122 volumine
3352 4065 3579 4135 legimus
3625 4061 3724 4135 (IV

2139 4162 2283 4231 ,Iteg.
2329 4160 2449 4230 ult.)
2498 4159 2566 4213 Et
2594 4167 2982 4213 enumerantur
3018 4171 3147 4211 vasa
3185 4171 3306 4226 quae
3337 4155 3594 4210 translata
3625 4154 3726 4209 sint

2151 4255 2206 4310 in
2266 4251 2593 4322 Babylonem
2621 4291 2635 4316 ,
2691 4250 2907 4319 quando
2965 4255 3153 4318 captus
3177 4255 3260 4302 est
3291 4245 3582 4302 Sedechias
3615 4264 3627 4300 :
3677 4251 3726 4299 et

2151 4346 2372 4402 incensa
2399 4343 2612 4408 civitas,
2653 4341 3019 4414 templumque
3045 4341 3384 4397 subversum.

467 4651 3719 4686 ww

1594 4764 1894 4843 LIBER
1954 4763 2587 4844 UNDECIMUS.

533 5045 668 5102 Mira
705 5046 920 5102 caecitas
940 5042 1248 5100 Iudaeorum
1269 5084 1285 5110 ,
1314 5052 1370 5099 et
1405 5043 1633 5099 dolenda
1667 5045 1917 5111 miseria,
1951 5045 2043 5115 qui
2073 5050 2123 5108 1)
2149 5044 2356 5099 creduli
2383 5043 2699 5108 existentes,
2730 5041 2906 5112 magis
2939 5040 3439 5111 pseudoprophetis,
3472 5040 3562 5112 qui
3604 5055 3724 5110 pm-

459 5151 562 5194 t.ec
608 5138 884 5193 beneﬂciis
927 5152 1162 5206 unquam
1209 5135 1373 5202 ﬂecti,
1425 5152 1524 5192 nec
1570 5135 1796 5207 ﬂagellis
1847 5139 2042 5209 corripi

459 5237 730 5300 poterant,
760 5237 819 5282 ut
842 5229 1103 5282 creatoris
1128 5243 1208 5282 Slll
1234 5227 1461 5296 imperio
1483 5225 1876 5294 subjicerentur
1906 5243 1918 5281 :
1951 5229 2041 5282 sed

463 5320 599 5374 dura
621 5321 852 5383 cervice,
882 5329 936 5372 et
964 5319 1222 5372 indomita
1249 5327 1430 5372 mente
1459 5319 1798 5384 rebellantes,
1833 5335 2044 5389 semper

462 5411 800 5464 contentiose
857 5411 1085 5478 agebant
1135 5418 1322 5464 contra
1374 5409 1680 5464 Dominum.
1721 5410 1852 5464 Nam
1901 5411 2044 5464 veris

461 5500 742 5572 prophetis
764 5499 900 5568 ejus,
927 5501 1016 5568 qui
1041 5500 1311 5568 prioribus
1338 5500 1554 5571 regibus
1587 5500 1758 5571 legem
1791 5503 1881 5556 Dei
1910 5517 2044 5571 prae-

465 5592 834 5646 varicantibus
859 5606 1048 5662 poenas
1075 5590 1284 5646 futuras
1308 5593 1696 5661 praedicebant,
1735 5601 1788 5646 et
1812 5592 1862 5645 id
1883 5593 2044 5646 etiam

469 5680 628 5737 factis
648 5681 934 5752 probatum
961 5690 1075 5745 est,
1109 5681 1250 5752 quod
1295 5681 1374 5736 eis
1400 5683 1892 5751 praenuntiaverant
1916 5721 1928 5746 ,
1959 5681 2043 5737 in-

2154 5151 2308 5206 spera
2335 5135 2749 5205 pollicebantur,
2780 5132 2939 5187 fidem
2969 5133 3226 5188 adhibere
3251 5131 3528 5202 elegerunt
3560 5150 3572 5185 :
3607 5147 3721 5187 cum

2154 5227 2206 5280 in
2235 5227 2409 5280 medio
2435 5226 2670 5281 hostium
2706 5225 2985 5280 constituti
3011 5223 3250 5294 quotidie
3271 5223 3718 5292 periclitarentur,

2153 5327 2206 5372 et
2228 5318 2292 5371 ad
2315 5326 2540 5370 mortem
2565 5315 3076 5385 appropinquarent.
3109 5313 3260 5369 Unde
3288 5328 3430 5370 nunc
3458 5316 3511 5370 in
3546 5325 3721 5384 poste.

2154 5406 2388 5467 riorjbus
2408 5407 2600 5476 legitur
2617 5406 2758 5474 quod
2773 5405 2994 5460 Ananiae
3019 5405 3112 5459 filii
3135 5405 3280 5461 Azur
3297 5405 3446 5462 falsis
3459 5405 3719 5462 vaticiniis

2153 5488 2464 5562 innitentes,
2495 5495 2762 5560 Ieremize,
2792 5496 2901 5559 imo
2931 5495 3023 5549 Dei
3055 5511 3153 5565 per
3174 5495 3552 5566 'ipsum,vcrba
3580 5494 3723 5565 peni-

2154 5602 2240 5647 tus
2265 5599 2580 5660 respuerent
2607 5605 2621 5644 :
2650 5589 2793 5664 quod
2817 5590 2898 5645 eis
2925 5589 2993 5644 ad
3020 5598 3226 5644 certum
3259 5589 3534 5644 interith
3559 5588 3719 5649 etiam

2151 5683 2519 5753 portendebat.
