3926 6348
196 301 350 362 1015

748 406 977 465 CAPUT
1014 407 1247 464 XXVIII.

192 523 466 580 Ieremia:
491 520 763 593 respondet
789 520 1015 575 Anania:
1035 560 1050 584 ,
1098 520 1189 589 qui
1214 520 1288 572 ait
1318 520 1608 593 reditu_rum
1626 537 1791 592 popu-

273 594 388 649 lum
414 634 429 660 ,
465 602 512 647 et
542 590 718 647 omnia
760 607 887 647 vasa
928 599 1043 660 post
1089 601 1221 643 auos
1259 606 1424 644 annos
1462 590 1789 659 Jerusalem,

276 681 437 719 amen
464 677 482 715 :
507 672 554 718 et
575 664 724 734 punit
746 662 888 716 Deus
922 659 1187 715 Anartium
1210 669 1419 731 propter
1436 663 1789 717 mendacium.

277 798 297 832 ‹
335 778 405 833 Et
454 777 652 834 factum
699 777 867 833 estin
908 790 1050 830 anno
1080 775 1172 831 illo
1196 817 1211 841 ,
1258 775 1311 829 in
1340 776 1605 848 principio
1638 777 1792 850 regni

201 888 221 921 ι
265 868 545 926 Sedechize
594 869 739 940 regis
770 867 909 924 Juda
933 910 949 935 ,
997 868 1050 923 in
1091 884 1233 924 anno
1255 876 1479 938 quarto,
1521 870 1574 925 in
1604 884 1793 927 mense

202 964 231 1041 σέ
262 961 480 1035 quinto,
515 961 651 1016 dixit
675 961 741 1015 ad
791 973 878 1016 me
901 960 1143 1041 Ananias
1172 961 1317 1017 illius
1361 961 1506 1017 Azur
1524 963 1791 1032 propheta

201 1074 223 1107 ι
264 1055 334 1111 de
360 1054 666 1125 Gabaonjn
718 1054 878 1110 domo
916 1053 1161 1120 Domini,
1207 1068 1391 1109 coram
1422 1053 1792 1109 sacerdotibus

201 1164 223 1199 ι
265 1157 316 1203 et
348 1148 493 1203 omni
525 1147 722 1218 populo
754 1147 942 1202 dicens
972 1165 984 1201 :
1015 1146 1143 1201 Haec
1180 1146 1311 1202 dicit
1338 1147 1598 1201 Dominus
1633 1162 1790 1203 exer-

203 1258 225 1292 ι
263 1242 471 1297 cituum
506 1241 649 1296 Deus
700 1239 866 1295 Israel
900 1258 912 1293 :
956 1238 1408 1310 Contrivijugum
1446 1240 1586 1311 regis
1621 1241 1773 1311 Baby.

202 1352 223 1385 ι
264 1333 410 1388 iouis
432 1351 446 1387 :
470 1334 645 1388 adhuc
662 1333 767 1388 duo
782 1332 911 1387 anni
941 1331 1171 1394 dierum,
1194 1340 1247 1385 et
1274 1347 1374 1402 ego
1395 1331 1582 1387 referri
1600 1330 1792 1389 faciam

202 1441 223 1476 ι
266 1426 334 1478 ad
380 1425 556 1480 locum
609 1425 768 1479 istum
816 1424 999 1478 omnia
1050 1438 1176 1478 vasa
1228 1424 1421 1479 domus
1475 1423 1707 1479 Domini.
1766 1444 1786 1477 ι

198 1510 475 1584 (meram)
496 1512 640 1580 Quos
664 1512 989 1570 Hebraicum
1010 1513 1427 1583 prophetas,hoe
1452 1522 1789 1579 estmitt’m,

199 1603 558 1676 Septuaginta
606 1604 1082 1675 pseudopropltetas
1128 1604 1467 1675 interpretati
1517 1614 1682 1672 sunt,
1734 1614 1795 1661 ut

198 1700 634 1757 tuanifestiorem
660 1698 901 1754 facerent
930 1698 1359 1769 intelligentiam,
1390 1698 1629 1769 Denique
1650 1708 1705 1754 et
1738 1700 1792 1755 in

1135 292 1502 353 exposmo
1541 292 1768 351 suum
1805 290 2173 351 JEREMIAM.
2215 321 2285 332 -
2323 253 2453 348 un.
2491 288 2582 347 χι.

1816 414 1872 476 Α
1897 411 2037 483 quod
2087 409 2231 466 illius
2278 407 2572 481 prophetia
2623 406 2758 472 nolit
2796 404 3137 463 mendacium
3178 420 3287 463 non
3331 419 3476 475 esse,

3332 285 3478 344 10M

1896 518 2057 574 quam
2089 510 2254 558 tanta:
2301 500 2511 555 ruinam
2549 497 2912 554 multitudinis
2950 496 3110 569 ’(Ιοη.
3140 496 3246 570 ιιι).
3281 495 3361 552 Ac
3408 509 3480 553 ne

1893 597 2170 653 videretur
2215 592 2699 665 pseudoprophette
2740 590 3097 663 comprobare
3138 588 3476 654 vaticinium,

1895 689 1994 745 sub
2040 688 2271 743 aliorum
2318 682 2567 755 exemplo
2619 684 2824 754 absque
2854 680 3067 752 injuria
3122 678 3439 737 mentientis

1896 781 2089 838 asserit
2115 779 2425 835 veritatem.

1972 892 1990 924 ι
2028 874 2417 930 Verumtamen
2458 866 2584 923 audi
2609 864 2833 920 verbum
2868 865 2971 921 hoc
2994 864 3137 935 quod
3160 878 3260 936 ego
3288 862 3483 936 loquor

1901 983 1919 1014 ί
1956 963 2009 1017 ἰιι
2036 961 2255 1016 auribus
2278 960 2383 1015 tuis
2411 966 2467 1014 et
2491 957 2544 1011 in
2572 955 2795 1011 aurlbus
2825 956 3065 1011 universi
3088 956 3270 1027 populi
3301 973 3314 1010 :
3342 954 3481 1012 Pro—

1902 1072 1920 1105 ι
1958 1054 2152 1124 phetae,
2171 1053 2262 1123 qui
2292 1050 2517 1106 fuerunt
2546 1056 2673 1105 ante
2695 1063 2783 1104 me
2810 1054 2864 1102 et
2894 1055 2947 1102 te
2976 1044 3045 1102 ab
3072 1047 3247 1115 initio,
3274 1057 3330 1103 et
3353 1061 3483 1117 pro-

1902 1167 1922 1200 ‹
1958 1148 2318 1217 phetaverunt
2355 1160 2517 1214 super
2556 1151 2730 1198 terras
2776 1139 2997 1205 multas,
3044 1148 3099 1193 et
3129 1154 3289 1210 super
3317 1152 3481 1208 regna

1902 1258 1922 1291 ι
1958 1254 2173 1310 magna,
2198 1246 2253 1292 et
2277 1236 2341 1291 de
2362 1235 2566 1304 praelio,
2595 1243 2651 1289 et
2692 1233 2757 1287 de
2780 1230 3091 1297 afﬂictione,
3132 1239 3187 1284 et
3221 1228 3286 1284 de
3315 1227 3478 1283 fame.

1904 1350 1922 1382 ι
1961 1332 2228 1399 Propheta
2259 1328 2351 1399 qui
2380 1328 2705 1382 vaticinatus
2732 1334 2818 1382 est
2852 1340 3041 1396 pacem
3063 1364 3078 1389 ,
3121 1338 3244 1377 cum
3274 1320 3485 1377 venerit

1904 1441 1922 1473 ι
1960 1422 2185 1477 verbum
2207 1419 2344 1489 ejus,
2371 1420 2571 1474 scietur
2586 1418 2847 1489 propheta
2869 1429 3029 1487 quem
3046 1414 3195 1493 misit
3220 1412 3483 1472 Dominus

1901 1534 1921 1566 ι
1960 1515 2017 1569 in
2070 1514 2319 1568 veritate.
2357 1531 2375 1562 ι
2412 1511 2629 1566 Poterat
2676 1508 2940 1564 Jeremias
2978 1506 3203 1562 Ananire
3250 1505 3430 1560 dicere
3464 1520 3478 1557 :

1895 1599 2115 1655 Falsum
2142 1598 2402 1669 loqueris,
2427 1596 2632 1666 decipis
2658 1593 2936 1665 pepulum,
2964 1609 3069 1648 non
3096 1608 3155 1649 es
3193 1590 3480 1663 propheta,

1898 1694 1991 1748 sed
2052 1691 2537 1762 pseudopropheta.
2571 1687 2724 1755 Quod
2769 1687 2811 1742 si
2854 1686 3115 1750 dixisset,
3164 1690 3377 1755 poterat
3426 1688 3484 1737 et

196 1792 458 1862 praesenti
483 1791 601 1845 loco
625 1791 873 1860 propheta
897 1790 1122 1856 dicitur,
1146 1791 1250 1845 hoc
1276 1799 1359 1845 est
1392 1800 1518 1851 mn:
1535 1832 1549 1855 ,
1592 1800 1646 1847 et
1684 1807 1788 1846 non
1818 1782 1867 1841 Β
1894 1782 2363 1855 pseudoprophcta
2391 1783 2443 1836 in
2460 1780 2750 1835 Jeremiam
2775 1777 2964 1841 eadem
2989 1784 3324 1845 retorquere.
3342 1773 3485 1844 Ergo

196 1882 673 1959 pseudopropheta.
726 1882 816 1937 Fit
849 1892 1027 1936 autem
1074 1896 1254 1937 sermo
1283 1883 1494 1938 Domini
1539 1886 1639 1940 sub
1669 1899 1797 1957 rege

202 1970 474 2027 Sédechia
498 1976 549 2027 in
575 1983 772 2042 quarto
788 1989 931 2028 anno
956 1974 1107 2045 regni
1138 1974 1272 2044 ejus,
1294 1976 1347 2030 in
1366 1990 1552 2031 mense
1583 1977 1793 2047 quinto.

198 2060 444 2117 Necdum
485 2063 747 2133 propheta
790 2064 1040 2119 Ezechiel
1075 2066 1411 2123 vaticinante
1438 2068 1492 2122 in
1527 2066 1798 2139 Babylone

199 2154 271 2210 ad
306 2169 424 2221 eos,
454 2156 545 2226 qui
575 2152 984 2211 cnm'Jechonia
1010 2157 1225 2211 fuerant
1248 2160 1609 2231 transmigrati
1644 2175 1659 2213 :
1696 2161 1797 2215 ha-

197 2246 403 2317 betque
438 2246 688 2302 fiduciam
718 2249 772 2302 in
805 2250 1007 2319 templo
1032 2250 1245 2306 Domini
1277 2252 1423 2323 loqui
1460 2264 1647 2309 contra
1674 2271 1798 2325 pro-

196 2338 448 2409 phetam,
474 2338 600 2409 quia
626 2354 885 2409 prospera
912 2341 1109 2411 populo
1138 2343 1424 2413 pollicetur
1442 2386 1456 2412 ,
1486 2355 1543 2399 et
1569 2346 1799 2401 libenter

200 2428 794 2485 audiuntnrmendacia
816 2447 829 2485 :
854 2433 1160 2502 praesertim
1179 2448 1298 2503 qua:
1312 2433 1431 2489 laeta
1451 2437 1796 2506 promittunt.

197 2517 473 2598 Jercm’ias
521 2523 733 2578 dixerat
756 2524 923 2579 etiam
968 2532 1163 2580 czetera
1196 2541 1343 2591 vasa,
1372 2526 1455 2581 vel
1480 2527 1685 2598 templi,
1717 2526 1801 2581 vel

198 2610 403 2667 domus
432 2615 613 2685 regia),
644 2623 698 2669 et
736 2615 976 2670 universi
1006 2617 1188 2687 populi
1229 2633 1349 2689 quae
1374 2597 1800 2674 Nabuchddono-

198 2700 299 2757 sor
327 2703 616 2759 dimiserat
664 2705 1038 2781 transferenda
1088 2709 1439 2779 Babylonem.
1479 2709 1577 2765 IIic
1618 2719 1799 2765 autem

197 2807 233 2849 e
262 2796 544 2852 contrario
564 2798 727 2853 etiam
748 2813 837 2865 ea,
858 2814 978 2869 quae
1003 2790 1265 2855 translata
1281 2800 1495 2855 fuerant
1509 2801 1796 2858 referenda

199 2888 496 2959 promittit.

282 2999 300 3030 ι
341 2978 471 3045 Quae
494 2979 617 3035 tulit
637 2980 1140 3038 Nabuchodonosor
1162 2999 1258 3039 rex
1280 2983 1572 3056 Babylonis
1595 2987 1659 3041 de
1680 2986 1799 3041 loco

206 3088 226 3122 ι
268 3070 395 3136 isto,
425 3080 479 3126 et
506 3066 783 3127 transtulit
816 3087 877 3128 ea
913 3074 967 3129 in
1000 3075 1346 3147 Babylonem.
1379 3077 1447 3131 Et
1478 3077 1795 3134 Jechoniam

1899 1894 2008 1933 non
2038 1876 2166 1931 facit
2208 1873 2479 1944 injuriam,
2506 1882 2563 1929 et
2587 1871 2742 1943 quasi
2774 1872 2843 1926 ad
2873 1871 3194 1942 prophetam
3219 1868 3479 1938 loquitur.

1897 1970 2016 2027 Non
2066 1970 2262 2034 solum,
2312 1966 2512 2037 inquit,
2560 1979 2661 2037 ego
2708 1979 2826 2020 sum
2870 1964 3256 2037 prophetanet
3286 1967 3364 2024 tu,
3391 1956 3489 2014 sed

1900 2062 2049 2118 fuere
2079 2070 2203 2116 ante
2232 2075 2319 2115 me
2348 2068 2401 2115 et
2430 2069 2483 2114 te
2523 2057 2676 2113 multi
2711 2057 2821 2122 alii,
2854 2070 3099 2131 quorum
3142 2051 3244 2108 fuit
3278 2051 3445 2107 Isaias
3466 2088 3484 2117 ,

1900 2157 1993 2212 Os:
2009 2171 2061 2221 e,
2075 2154 2189 2232 Jocl
2208 2156 2459 2219 etAmos,
2484 2163 2540 2208 et
2550 2155 2764 2209 caeteri:
2790 2151 3264 2221 prophetaverunt,
3279 2145 3486 2216 inquit,

1899 2258 2089 2308 contra
2116 2258 2289 2304 terras
2311 2243 2531 2313 multas,
2548 2242 2786 2318 ct’regna
2808 2235 2916 2300 non
2938 2259 3127 2314 parva,
3153 2241 3248 2297 sed
3271 2252 3487 2311 magna,

1898 2343 2096 2400 bellum
2134 2342 2261 2407 illis,
2291 2348 2345 2396 et
2370 2335 2622 2405 advers’a,
2649 2347 2703 2394 et
2726 2353 2910 2393 rerum
2936 2327 3179 2392 omnium
3202 2330 3485 2405 penuriam

1902 2438 2213 2492 nuntiantes
2237 2477 2249 2500 ,
2299 2444 2354 2491 et
2394 2450 2426 2489 e
2472 2432 2748 2489 contrario
2774 2431 2992 2487 fuerunt
3031 2427 3159 2493 alii,
3184 2426 3274 2497 qui
3297 2438 3489 2495 pacem

1902 2526 2285 2599 pollicerentur
2317 2532 2371 2578 et
2392 2538 2679 2593 prospera,
2703 2531 3057 2589 utrorumque
3083 2515 3351 2573 sententia
3381 2527 3488 2568 non

1903 2590 2214 2675 adulatione
2259 2616 2560 2679 mendacii,
2612 2615 2704 2669 sed
2744 2626 2923 2667 rerum
2955 2610 3106 2666 exitu
3138 2606 3489 2679 comprobata

1902 2719 2004 2766 est.
2054 2709 2167 2765 Sub
2193 2710 2421 2764 aliorum
2471 2708 2637 2777 igitur
2658 2704 2902 2775 exemplo
2948 2703 3016 2759 de
3042 2716 3100 2757 se
3146 2698 3402 2770 loquitur,
3437 2704 3492 2751 et

1901 2801 2133 2865 Anania,
2167 2799 2310 2869 quod
2336 2813 2458 2852 cum
2486 2812 2666 2851 rerum
2697 2795 2819 2850 linis
2847 2792 3159 2858 advenerit,
3192 2799 3320 2847 tunc
3358 2804 3489 2860 pro-

1901 2890 2188 2961 phetarum
2220 2888 2421 2943 veritas
2446 2887 2781 2941 ostendatur.
2812 2882 2927 2939 Hoc
2972 2883 3114 2939 idem
3143 2892 3199 2937 et
3229 2880 3493 2937 Dominus

1902 2982 2113 3035 locutus
2141 2987 2225 3034 est
2248 2994 2347 3049 per
2374 2977 2591 3049 Moysen
2620 2976 2799 3047 (Deut.
2835 2973 3019 3047 χχιιι),
3053 2973 3195 3043 quod
3228 2973 3493 3043 prepheta

1903 3074 2147 3130 vaticinii
2203 3073 2309 3128 fme
2339 3078 2691 3126 monstretur.
2717 3069 2786 3123 Et
2813 3068 2916 3123 hoc
2954 3058 3491 3121 animadvertendum

207 3181 228 3213 c
269 3162 441 3217 filium
467 3162 711 3219 Joachim
742 3181 920 3237 regem
944 3144 1181 3234 Juda,‘et
1204 3184 1419 3224 omnem
1445 3172 1800 3243 transmigra-
1827 3144 1873 3206 C
1905 3168 2048 3242 quod
2069 3181 2175 3221 non
2205 3163 2509 3229 minaciter,
2539 3176 2644 3217 non
2672 3158 3026 3221 truculenter,
3058 3155 3151 3211 sed
3180 3153 3373 3210 fiducia
3398 3168 3486 3207 ve-

206 3270 229 3305 t
272 3254 476 3309 tionem
501 3255 667 3319 ludas,
702 3257 793 3328 qui
817 3259 1045 3328 ingressi
1074 3269 1198 3313 sunt
1226 3259 1279 3314 in
1308 3261 1631 3332 Babylonem
1657 3303 1671 3328 ,
1701 3278 1800 3333 ego

207 3361 230 3397 ι
269 3358 587 3401 convertam
616 3348 685 3402 ad
733 3348 911 3404 locinm
940 3350 1102 3405 istum
1124 3392 1138 3416 ,
1172 3355 1248 3406 ait
1273 3354 1530 3409 Dominus
1612 3365 1799 3411 conte-

210 3451 232 3485 t
273 3450 391 3489 ram
448 3436 589 3490 enim
639 3437 826 3507 jugum
858 3438 1002 3507 regis
1048 3439 1353 3511 Babylonis.
1403 3462 1422 3494 ι
1459 3442 1566 3498 Pro
1604 3444 1801 3513 quibus

206 3524 568 3598 Septuaginta
591 3529 984 3585 transtulerunt
1013 3549 1027 3585 :
1061 3549 1081 3582 σ
1116 3530 1432 3588 Jechoniam
1458 3542 1514 3589 et
1543 3535 1799 3590 transmi-

207 3616 519 3689 grationem
555 3616 727 3674 Iudae.
757 3618 893 3686 Quia
938 3629 1216 3677 conteram
1242 3620 1433 3693 jugum
1462 3624 1605 3694 regis
1631 3623 1804 3693 Baby-

206 3709 395 3775 lonis,
448 3712 686 3766 breviter
740 3711 1018 3769 Hebraicaa
1067 3714 1311 3771 veritatis
1362 3730 1581 3770 sensum
1633 3715 1804 3786 magis

208 3820 381 3875 quam
428 3803 592 3859 verba
647 3814 932 3876 ponentes.
997 3807 1288 3861 Pollicetur
1338 3817 1517 3861 autem
1563 3805 1805 3862 Ananias

210 3896 501 3968 propheta,
534 3906 595 3952 ut
622 3906 750 3953 tunc
780 3897 976 3971 populo
998 3899 1305 3967 videbatur,
1329 3916 1447 3955 non.
1460 3900 1631 3956 solum
1654 3916 1803 3968 vasa,

212 3994 313 4048 sed
338 4000 395 4046 et
423 4005 607 4062 regem
643 3990 957 4049 Jecboniam
1002 3991 1365 4050 reducendum
1393 4008 1515 4050 esse
1554 3994 1808 4053 Hierusa-

214 4083 350 4147 lem,
381 4090 438 4137 et
453 4083 643 4153 jugum
670 4084 813 4154 regis
832 4083 1122 4156 Babylonis
1140 4088 1553 4154 conterendum,
1582 4088 1684 4142 hoc
1702 4095 1806 4155 est,

216 4179 608 4236 destruendum
641 4179 756 4248 ejus
803 4180 1091 4250 imperium
1116 4200 1139 4239 ,ε
1170 4190 1226 4237 et
1253 4183 1356 4239 hoc
1383 4184 1613 4239 necdum
1656 4199 1806 4240 com.-

214 4272 391 4345 pleto,
422 4273 657 4340 futurum
699 4272 947 4332 biennio.
979 4284 1039 4329 ut
1068 4274 1246 4346 gaudii
1272 4276 1699 4348 magnitudinem
1725 4276 1807 4331 vi-

218 4367 406 4422 cinum
436 4374 647 4437 tempus
675 4368 1112 4438 repromissionis
1138 4378 1380 4439 augeret.

299 4479 319 4513 ι
359 4461 427 4516 Et
467 4460 605 4516 dixit
652 4458 917 4517 Jeremias
965 4462 1226 4532 propheta
1270 4462 1337 4517 ad
1378 4460 1643 4517 Ananiam
1682 4478 1809 4533 pro-

225 4573 249 4607 ι
286 4553 527 4623 phetam,
580 4553 635 4608 in
659 4553 830 4608 oculis
857 4554 1195 4608 sacerdotum
1222 4594 1235 4616 ,
1275 4561 1331 4608 et
1358 4554 1411 4607 in
1437 4553 1608 4608 oculis
1636 4552 1812 4607 omnis

226 4666 248 4699 ι
284 4645 492 4717 populi,
525 4646 615 4717 qui
661 4647 841 4701 stabat
868 4646 923 4699 in
968 4646 1127 4701 domo
1160 4645 1403 4711 Domini,
1458 4657 1513 4701 et
1552 4647 1627 4699 ait
1664 4644 1813 4698 Jere-

1907 3258 2084 3313 ritatis
2140 3257 2383 3325 increpet
2408 3252 2759 3308 mentientem
2776 3290 2792 3315 ,
2816 3258 2870 3303 et
2895 3245 3106 3302 differat
3134 3246 3189 3299 in
3210 3244 3452 3299 futurum
3474 3282 3490 3305 ,

1907 3360 1967 3406 ut
1991 3351 2081 3420 qui
2110 3348 2333 3403 audiunt
2373 3361 2554 3401 rerum
2582 3342 2785 3399 exitum
2809 3338 3207 3412 praestolentur.

1983 3460 2001 3492 ‹
2041 3441 2106 3495 Ει
2142 3440 2262 3494 tulit
2282 3438 2523 3493 Ananias
2550 3436 2811 3508 propheta
2842 3441 3088 3487 catenam
3114 3428 3215 3498 (vel
3244 3427 3488 3493 furcam,

1912 3552 1930 3585 ι
1964 3548 2083 3605 qum
2130 3530 2387 3586 Hebraice
2434 3529 2650 3602 dicitur
2687 3525 2897 3596 mm)
2945 3522 3012 3578 de
3056 3520 3195 3578 collo
3244 3517 3493 3575 Ieremia:

1914 3643 1933 3676 ι
1967 3624 2263 3694 prophetas,
2317 3628 2372 3676 et
2424 3619 2690 3690 confregit
2736 3632 2878 3673 eam.
2927 3616 2993 3670 Et
3022 3614 3390 3679 aitAnanias,
3435 3612 3491 3667 in

1914 3733 1933 3766 ‹
1972 3721 2259 3785 conspectu
2303 3712 2480 3768 omnis
2503 3711 2687 3783 populi
2713 3711 2897 3766 dicens
2926 3726 2938 3762 :
2973 3707 3101 3763 Haec
3137 3706 3267 3763 dicit
3310 3705 3494 3761 Domi-

1917 3825 1935 3858 ι
1972 3822 2075 3861 nus
2107 3823 2120 3859 :
2153 3804 2245 3861 Sic
2266 3803 2600 3874 confringant
2615 3801 2805 3873 jugum
2828 3798 3326 3855 Nabuchodonosor
3347 3797 3492 3866 regis

1915 3912 1935 3947 ι
1969 3894 2260 3966 Babylonis
2309 3894 2517 3950 duobus
2546 3892 2700 3947 annis
2726 3891 2934 3945 dierum
2960 3888 3027 3943 de
3055 3887 3208 3943 collo.
3244 3885 3490 3940 onmium

1914 4003 1933 4036 ι
1974 3985 2215 4056 gentium
2247 4002 2259 4038 :
2303 3992 2358 4038 et
2378 3984 2514 4038 abiit
2557 3980 2820 4037 Jeremias
2846 3980 2902 4033 in
2920 3979 3066 4033 viam
3086 3992 3260 4033 suam.
3293 3997 3313 4029 ι
3343 3975 3493 4030 Duos

1910 4092 2076 4130 annos
2094 4090 2199 4130 non
2214 4074 2538 4129 transtulere
2554 4071 2928 4142 Septuaginta,
2952 4068 3257 4139 prophetam
3278 4079 3494 4136 quoque

1912 4181 2018 4221 non
2042 4165 2226 4221 dixere
2244 4162 2533 4227 Ananiam,
2550 4176 2619 4217 ne
2631 4160 2840 4216 scilicet
2851 4157 3168 4242 prophetam
3182 4154 3495 4211 viderentur

1911 4262 2116 4328 dicere,
2146 4261 2238 4332 qui
2289 4260 2553 4331 propheta
2581 4272 2695 4325 non
2719 4263 2866 4319 erat;
2910 4253 3067 4325 quasi
3096 4266 3203 4307 non
3242 4250 3410 4305 multa
3438 4249 3494 4303 in

1915 4355 2207 4426 Scripturis
2255 4353 2455 4409 sanctis
2501 4351 2772 4415 dicantur,
2806 4348 2961 4419 juxta
3007 4345 3316 4415 opinionem
3346 4340 3489 4413 illius

1915 4446 2171 4515 temporis
2218 4459 2325 4515 quo
2364 4450 2514 4515 gesta
2546 4439 2873 4504 referuntur,
2901 4446 2954 4490 et
3000 4450 3109 4490 non
3145 4433 3301 4503 juxta
3346 4428 3493 4501 quod

1916 4536 1994 4590 rei
2024 4535 2229 4592 veritas
2258 4534 2584 4589 continebat.
2611 4530 2851 4598 Denique
2879 4536 2932 4582 et
2954 4524 3152 4598 Ioseph
3176 4523 3232 4577 in
3254 4522 3496 4592 Evange-

1916 4632 1988 4687 lio
2010 4637 2162 4701 pater
2185 4628 2394 4683 Domini
2419 4633 2658 4688 vocatur,
2691 4631 2745 4677 et
2771 4622 2884 4693 ipsa
2917 4618 3107 4683 Maria,
3139 4632 3260 4687 qua:
3282 4614 3493 4671 sciebat

227 4756 249 4790 ι
285 4706 435 4793 inias
471 4706 782 4807 propheta:
813 4737 1010 4801 Amen,
1041 4737 1121 4791 sic
1164 4736 1330 4791 faciat
1373 4706 1648 4791 Dominus.
1683 4734 1811 4790 Sus-
1916 4737 1974 4777 88
1996 4723 2062 4776 de
2099 4719 2300 4791 Spirim
2326 4724 2520 4781 sancto
2545 4714 2877 4783 concepisse,
2921 4719 2976 4807 ξι
3004 4706 3357 4778 responderat
3398 4720 3495 4807 all:

228 4850 249 4882 ι
289 4832 421 4887 citet
467 4792 725 4885 Dominus
756 4829 921 4885 verba
955 4836 1063 4893 tua,
1107 4844 1228 4899 qua:
1257 4838 1313 4882 tu
1340 4828 1705 4898 prophetasti,
1752 4837 1812 4882 ut
1916 4817 2064 4888 36101
2095 4832 2112 4865 ι
2142 4811 2420 4880 Ουοιηοάο
2441 4810 2545 4865 erit
2570 4806 3076 4899 IslUdMUIE‘Y-irlllll
3091 4816 3197 4899 fl?"
3219 4792 3489 4899 ξδρβηογξῗ

227 4941 251 4978 ι
292 4922 601 4978 referantur
625 4937 752 4977 vasa
781 4924 833 4976 in
863 4888 1082 4977 domum
1104 4888 1408 4985 ύοιῃῑηὶίθι
1432 4888 1608 4975 {mnis
1640 4888 1814 4976 "5,5.
1914 4906 2063 4977 (Luc.
2095 4902 2132 4973 ι)
2166 4923 2183 4955 ι
2225 4902 2462 4971 loquitur
2476 4902 2540 4954 ad
2564 4897 2732 4951 lilium
2758 4915 2771 4949 :
2793 4915 2812 4947 ι
2840 4894 2958 4957 Fili,
2983 4892 3109 4965 quid
3133 4888 3307 4985 fecisti
3330 4888 3490 4944 nobis

229 5032 253 5068 ι
290 5012 541 5083 migratio
570 5013 636 5067 de
662 5011 931 5083 Babylone
953 5011 1019 5065 ad
1041 5011 1216 5065 locum
1238 4983 1422 5065 istum.
1456 5029 1474 5061 ι
1508 5009 1670 5079 Optat
1694 5009 1797 5063 lich

1914 4996 2037 5052 sic?
2070 5010 2195 5050 ecce
2222 5008 2322 5065 ego
2343 5001 2397 5047 et
2420 4998 2574 5061 pater
2604 4997 2728 5044 tuus
2753 4987 2992 5043 dolentes
3026 4983 3403 5055 qtuerebamus
3436 4989 3490 5034 te

224 5072 871 5178 quodvpseudoproph'ela
912 5104 1189 5169 mentitur,
1223 5104 1326 5158 hoc
1361 5103 1503 5157 enim
1546 5072 1813 5172 significat
1915 5084 2490 5161 (Luc-“)JSIWUIQW
2509 5076 2897 5178 οοιξεῖάςηη-ξίθ
2914 5075 3197 5178 llr-lmen“?
3214 5072 3485 5178 {Clem-lie,

225 5164 433 5254 timeri}
469 5211 576 5268 quo
610 5164 788 5249 verbo
838 5209 980 5265 saepe
1029 5164 1289 5249 Dominus
1338 5164 1622 5247 Salvator“
1643 5193 1813 5247 utitur
1913 5190 1967 5236 ει
1992 5178 2267 5234 ιιιιιηὶιίιδε
2308 5186 2469 5246 atque
2497 5172 2777 5245 Ρειίθηῑῖθο
2807 5168 3287 5268 ΡΒθυόυιξΐοΡδθιξι
3329 5164 3493 5267 rebus

225 5293 285 5350 in
316 5258 654 5363 Evangelia:
699 5308 718 5342 ι
753 5258 931 5345 Amen
948 5329 963 5355 ,
1007 5290 1129 5345 dico
1162 5288 1314 5343 vobis
1364 5286 1547 5357 (Joan.
1581 5287 1655 5357 v).
1697 5306 1715 5337 ι
1748 5286 1815 5340 Ει
1913 5272 2042 5329 facit
2081 5270 2363 5345 injuriam,
2406 5277 2461 5322 ct
2503 5272 2773 5363 arreptam
2803 5263 3008 5363 furcam
3033 5260 3099 5315 de
3131 5258 3342 5313 cervice
3370 5258 3486 5363 ejus

227 5382 383 5451 cupit
421 5353 521 5453 prb
550 5396 728 5438 rerum
767 5353 1126 5453 prosperitate
1162 5379 1331 5451 magis
1356 5353 1526 5442 illum,
1564 5353 1723 5447 quam
1754 5391 1814 5432 se
1914 5364 2167 5430 οοηιθῐίιι
2198 5361 2338 5433 quod
2364 5360 2550 5429 υῐίίιυθ
2571 5360 2625 5413 in
2660 5356 2835 5453 ίέπῖίθδ
2865 5353 3057 5453 facer:
3086 5365 3192 5453 “‘3”
3218 5357 3430 5453 Ροῑθξθί
3475 5366 3489 5404 ³

230 5442 361 5530 vera
383 5442 582 5530 dicere.
615 5442 837 5531 Unde-et
865 5442 1001 5528 alius
1021 5442 1282 5545 prepheta
1303 5479 1555 5537 testatur,
1581 5442 1767 5525 dicens
1797 5488 1811 5518 τ
1918 5460 2018 5545 iste
2044 5465 2217 5523 tacet,
2262 5455 2608 5523 doloremque
2648 5447 2968 5547 dissimulat.
3014 5444 3249 5547 Iiecdnm
3284 5442 3493 5547 enimut!

238 5585 261 5621 ι
300 5566 517 5624 Utinam
546 5584 653 5623 non
681 5583 856 5623 essem
882 5568 965 5621 vir
992 5538 1197 5622 habens
1219 5567 1486 5637 spiritum,
1516 5571 1571 5619 et
1595 5563 1817 5619 menda-
1920 5538 2147 5608 Domino
2174 5548 2303 5621 quid
2340 5547 2655 5618 loqueretur
2676 5541 2853 5598 fuerat
2894 5538 3209 5599 revelatum,
3238 5544 3300 5591 ut
3330 5538 3495 5637 tacite

232 5661 382 5719 cium
407 5662 587 5731 potius
628 5660 881 5730 loquerer
912 5659 1096 5732 (Hich.
1128 5661 1213 5732 ιι).
1296 5658 1343 5714 Ε
1364 5628 1637 5714 contrario
1652 5656 1818 5713 Jonas
1922 5653 2105 5704 sancta
2127 5642 2406 5714 Scriptura
2434 5641 2764 5732 demonstret
2793 5652 2808 5691 :
2836 5644 3174 5732 nequaquam
3201 5628 3495 5732 prophetas

240 5720 807 5826 matristatur,quare
823 5720 1820 5827 mentitussit,etarguituraDomino,
1924 5757 2023 5800 suo
2068 5745 2275 5796 tantum
2306 5733 2533 5792 arbitrio
2575 5729 2754 5803 loqui.
2801 5727 2897 5786 80d
2934 5726 3002 5782 οι
3035 5722 3131 5779 Dei
3158 5720 3434 5777 νοιιιηιδιθ
3475 5731 3494 5779 ἶ
