3926 6352
458 281 599 339 1015

1095 281 1156 339 Β.
1198 281 1455 339 ΒΑΒᾹΝΙ
1494 282 1718 342 MAURI
1753 285 2076 343 ARCHIEP.
2120 288 2432 349 MOGUNT.
2471 293 2764 353 OPERUM
2801 296 2982 388 Palis
3018 299 3109 356 Ill.

3621 305 3756 361 toto

455 397 694 492 maxime
747 400 816 458 de
844 402 1063 470 futuris,
1097 417 1334 492 quorum,
1358 401 1527 458 solius
1563 401 1662 458 Dei
1707 404 1902 460 notitia
1949 411 2053 460 est.
2083 407 2137 469 Α
2159 406 2401 475 Auania,
2434 426 2543 468 non
2574 414 2721 470 misit
2747 424 2801 470 te
2826 414 3125 484 Dominus,
3159 437 3179 473 ι
3214 424 3541 492 prophetam
3577 433 3756 482 tacue.

453 489 623 557 Abiit,
653 491 848 564 inquit,
872 502 929 549 et
949 491 1178 550 recessit
1202 492 1258 547 in
1286 491 1434 548 Viam
1461 508 1638 560 suam,
1663 494 1823 564 quasi
1849 494 2027 550 victus
2043 535 2058 560 ,

453 592 510 640 et
537 583 669 642 illud
690 585 921 657 impleas
949 585 1329 658 propheticum
1365 603 1379 640 :
1427 605 1445 638 ι
1490 585 1691 642 Factus
1737 602 1858 642 sum
1903 587 2062 677 qu'asi

453 678 618 735 homo
647 695 759 736 non
788 680 1046 744 audiens,
1096 693 1200 736 nec
1237 677 1448 736 habens
1471 680 1526 736 in
1554 694 1651 736 ore
1679 694 1778 736 suo
1806 680 2059 751 increpa-

452 768 632 826 tiones
664 767 839 841 (Psal.
867 767 1060 839 xxvn).
1095 787 1121 822 θ

531 879 550 912 ε
579 861 647 915 Et
677 860 882 916 factum
902 867 988 916 est
1007 860 1235 916 verbum
1250 859 1465 917 Domini
1486 860 1554 916 ad
1573 858 1888 927 Jeremiam,
1910 869 2061 932 post-

461 969 481 1004 c
525 967 692 1024 quam
749 952 1021 1022 confregit
1065 952 1306 1009 Ananias
1354 953 1621 1023 propheta
1673 961 1922 1008 catenam
1959 953 2059 1024 (vel

457 1061 477 1096 ι
522 1030 757 1116 furcam)
781 1044 848 1099 de
875 1044 1016 1100 collo
1034 1042 1286 1099 Jeremiae
1314 1042 1614 1114 prophetae,
1646 1042 1834 1099 dicens
1863 1061 1875 1097 :
1909 1044 2058 1100 Vade

455 1153 474 1186 ‹
519 1142 576 1190 et
619 1135 771 1191 dices
818 1133 1082 1190 Ananiae:
1124 1133 1255 1194 Haec
1287 1132 1420 1189 dicit
1460 1133 1760 1189 Dominus:
1797 1133 2056 1190 Catenam

455 1242 476 1278 ‹
523 1224 624 1298 (vel
648 1224 877 1297 furcam)
913 1226 1147 1297 ligneam
1177 1225 1507 1291 contrivisti,
1533 1234 1591 1282 et
1621 1225 1787 1282 facies
1819 1226 1946 1298 (sive
1977 1227 2057 1280 fa-

454 1338 473 1372 (
519 1319 680 1390 ciam)
711 1335 808 1390 pro
836 1320 916 1376 eis
943 1318 1128 1376 furcas
1156 1319 1386 1385 ferreas,
1411 1319 1541 1389 quia
1572 1319 1688 1374 haec
1714 1318 1848 1374 dicit
1872 1317 2055 1373 Domi-

451 1429 472 1463 ‹
518 1400 620 1467 nus
646 1412 989 1468 exercituum
1026 1411 1172 1468 Dens
1205 1411 1412 1466 Israel:
1443 1409 1641 1482 Jugum
1679 1409 1922 1467 ferreum
1957 1425 2054 1479 po.

451 1521 471 1554 ι
518 1505 601 1559 sui
635 1519 799 1576 super
827 1505 1026 1560 collum
1055 1513 1376 1561 cunctarum
1409 1504 1654 1576 gentium
1692 1504 1957 1568 istarum,
1992 1512 2054 1559 ut

454 1614 474 1646 ‹
521 1591 763 1652 serviant
788 1596 1287 1653 Nabuchodonosor
1316 1598 1430 1669 regi
1459 1597 1770 1670 Babylonis.
1810 1617 1829 1652 ι
1869 1597 2051 1665 Quod-

444 1703 508 1758 (ιι.
629 1687 827 1756 :quitur
850 1700 869 1739 :
903 1706 922 1739 ε
955 1695 1011 1743 et
1036 1688 1279 1742 servient
1305 1688 1375 1754 ei,
1404 1688 1626 1758 insuper
1654 1687 1859 1744 bestias
1888 1696 2048 1744 terrm

2165 496 2254 551 rit.
2299 496 2580 565 Quomodo
2630 503 2779 558 enim
2827 507 3145 577 prophetam
3188 517 3403 578 poterat
3446 513 3752 583 appellare,

2164 604 2324 659 quem
2369 593 2592 650 missum
2643 611 2678 650 a
2726 595 2956 653 Domino
3001 598 3334 670 denegabat?
3363 602 3473 659 Sed
3513 603 3757 661 historia:

2160 684 2364 740 veritas
2401 695 2457 741 et
2493 689 2627 743 ordo
2672 697 2939 756 servatur,
2975 692 3116 746 sicut
3144 708 3305 762 supra
3337 696 3604 761 diximus,
3645 712 3756 751 non

2152 773 2307 844 juxta
2348 777 2402 832 id
2444 780 2586 849 quod
2613 789 2760 842 erat,
2793 782 2886 837 sed
2923 782 3082 852 juxta
3125 784 3178 838 id
3203 786 3347 852 quod
3389 786 3481 842 illo
3511 796 3758 857 tempore

2158 869 2468 939 putabatur.
2497 873 2787 944 Decepisti,
2821 875 3017 944 inquit,
3045 877 3302 947 pepulum
3330 879 3617 935 mendacio
3636 922 3650 947 ,
3680 896 3752 936 ne

2160 961 2256 1017 Dei
2293 965 2575 1021 sentcntiae
2605 968 2997 1037 acquiesceret,
3021 970 3166 1024 unde
3201 971 3340 1025 scias
3379 980 3432 1026 te
3469 972 3572 1026 hoc
3610 986 3754 1027 anno

2158 1066 2280 1120 esse
2310 1057 2658 1111 moriturum.
2691 1056 2749 1112 Si
2777 1059 2997 1128 quando
3035 1061 3300 1115 morimur
3327 1061 3396 1117 de
3435 1063 3754 1121 carceribus

2157 1147 2790 1217 corporum'liberamur,
2824 1150 3121 1211 secundum
3164 1151 3296 1206 illud
3338 1155 3751 1223 testimonium,

2155 1238 2299 1306 quod
2324 1238 2464 1294 male
2485 1240 2912 1309 interpretantur
2930 1241 3168 1297 haeretici
3190 1259 3202 1296 :
3226 1262 3244 1294 ‹
3267 1244 3417 1298 Educ
3445 1246 3513 1299 de
3534 1262 3751 1304 carcere

2155 1329 2394 1385 animam
2414 1347 2591 1387 meam
2616 1330 2790 1404 (Psal.
2818 1334 2985 1400 cm),
3015 1355 3032 1385 ι
3055 1336 3326 1404 quomodo
3349 1352 3492 1392 nunc
3513 1339 3747 1407 pseudo-

2154 1419 2428 1489 propheL'e
2452 1437 2550 1491 pro
2567 1423 2831 1493 snpplicio
2849 1439 2992 1478 mors
3017 1425 3321 1493 irrogatur?
3337 1426 3443 1482 Sed
3467 1439 3525 1484 et
3545 1429 3651 1485 hoc
3674 1431 3749 1485 ιο.

2153 1523 2216 1563 co
2239 1510 2534 1565 notandum
2568 1512 2710 1580 quod
2732 1511 2994 1568 Jeremias
3015 1530 3044 1568 a
3064 1516 3536 1587 pseudopropheta
3557 1536 3750 1590 passus

2151 1599 2429 1668 injuriam,
2449 1603 2684 1658 necdum
2709 1604 2775 1659 ad
2819 1620 2877 1660 se
2903 1604 3047 1659 facto
3073 1621 3326 1664 sermone
3349 1608 3566 1665 Domini
3597 1612 3738 1679 silet,

2150 1702 2338 1762 postea
2370 1709 2499 1751 vero
2520 1697 2720 1753 missus
2750 1712 2782 1751 a
2822 1698 3052 1753 Domino
3083 1687 3342 1756 audacter
3371 1703 3550 1774 arguit
3591 1720 3746 1760 men-

443 1776 567 1831 dedi
593 1776 690 1843 illi,
721 1797 738 1828 ›
765 1778 818 1833 in
842 1777 1198 1850 Septuaginta
1221 1777 1334 1833 non
1357 1779 1610 1865 habetur,
1633 1780 1768 1835 etin
1791 1781 2047 1852 praesenti
2075 1779 2123 1838 B
2153 1783 2372 1840 tientem
2403 1826 2415 1851 ,
2456 1796 2510 1841 et
2550 1797 2780 1844 mortem
2823 1789 3181 1860 propinquam
3210 1792 3444 1846 nuntiat.
3484 1793 3745 1865 Quodque

443 1870 562 1926 loco
580 1871 736 1942 juxta
756 1870 901 1926 LXX
926 1871 1168 1927 Ananias
1188 1872 1450 1942 propheta
1473 1861 1581 1927 non
1605 1872 1882 1938 scribitur,
1913 1873 2045 1928 etin

441 1963 926 2033 consequentibus,
955 1979 1023 2019 ne
1053 1962 1281 2042 scilicet,
1309 1963 1535 2033 utprius
1547 1960 1682 2029 dixi,
1709 1963 2048 2034 pseudopro-

442 2055 664 2124 phetam
692 2054 965 2127 appellare
987 2056 1306 2110 viderentur
1325 2055 1666 2125 prophetam.
1686 2054 1795 2111 Sed
1827 2054 1956 2125 quid
1978 2055 2044 2111 ad

441 2146 764 2203 Hebraicam
793 2148 1122 2204 veritatem?
1148 2148 1444 2218 Postquam
1468 2148 1605 2204 abiit
1625 2147 1894 2204 Jeremias
1914 2165 2043 2221 pro-

441 2241 604 2313 pheta
634 2241 689 2297 in
713 2241 861 2297 viam
893 2259 1048 2299 suam
1070 2283 1086 2309 ,
1107 2251 1164 2298 et
1193 2241 1448 2312 iniuriam
1481 2243 1700 2299 silentio
1732 2243 2044 2312 devoravit,

443 2334 622 2388 factus
648 2342 732 2389 est
753 2349 934 2389 sermo
955 2334 1172 2390 Domini
1212 2335 1279 2390 ad
1317 2350 1459 2400 eum,
1494 2342 1554 2388 ut
1581 2333 1704 2390 non'
1725 2320 1838 2390 suis
1865 2335 2048 2392 verbis

443 2414 709 2493 propheta
744 2424 1060 2494 loqueretur
1095 2423 1162 2479 ad
1187 2424 1718 2495 pseudoprophetam
1764 2424 2047 2480 mendacio

446 2517 792 2589 gloriantem,
811 2519 903 2576 sed
920 2519 1155 2576 diceret:
1182 2537 1199 2572 ι
1222 2518 1351 2574 Haec
1371 2518 1503 2574 dicit
1517 2517 1801 2574 Dominus.
1825 2537 1843 2569 ι
1862 2517 2046 2585 Quan-

441 2624 607 2678 quam
622 2617 678 2665 et
697 2609 1308 2683 Ananias1confringens
1328 2598 1542 2666 furcam
1555 2609 1793 2681 ligneam
1811 2651 1827 2677 ,
1853 2613 2046 2666 eadem

441 2700 765 2758 auctoritate
808 2701 864 2756 in
909 2709 1203 2772 conspectu
1240 2702 1453 2757 Domini
1486 2701 1559 2757 sit
1593 2701 1828 2767 locutus,
1859 2720 1877 2753 ι
1927 2702 2045 2757 ιιωο

439 2793 888 2866 ἀὶεἱιιῡοῐηίηυε.
935 2814 955 2847 ›
995 2789 1245 2848 Imitatur
1275 2795 1421 2849 enim
1454 2809 1669 2864 semper
1700 2794 2042 2850 mendacium

439 2887 750 2940 veritatem.
780 2885 1043 2956 Quodque
1071 2886 1253 2941 intulit
1286 2905 1296 2942 :
1331 2906 1349 2940 ‹
1377 2887 1580 2943 Furcas
1612 2887 1819 2958 ligneas
1839 2888 2042 2943 contri-

440 2978 590 3043 visti,
614 2978 674 3034 et
699 2978 866 3035 facies
891 2978 1022 3051 (sive
1046 2978 1247 3050 fecisti)
1277 2995 1376 3050 pro
1405 2981 1485 3036 eis
1510 2988 1733 3036 catenas
1760 2979 1992 3046 ferreas,
2017 3001 2035 3033 υ

441 3071 546 3126 hoc
574 3071 813 3126 ostendit
838 3073 982 3142 quod
1011 3072 1278 3127 minorem
1311 3087 1546 3127 renuens
1584 3086 1834 3141 poenam,
1867 3071 2039 3142 majo-

2149 1875 2204 1929 in
2228 1891 2414 1932 mense
2443 1879 2674 1948 septimo
2706 1889 2951 1935 mortuus
2981 1890 3084 1948 est,
3114 1882 3206 1952 qui
3234 1897 3449 1954 semper
3478 1885 3745 1956 interpre-

2148 1965 2252 2021 tari
2273 1966 2465 2033 solent,
2485 1970 2727 2039 requiem
2745 1970 2844 2025 sub
2862 1971 2966 2026 hoc
2987 1987 3211 2028 numero
3231 1971 3616 2039 demonstrari,
3637 1976 3744 2030 for-

2148 2060 2288 2115 sitan
2317 2075 2442 2122 eum
2474 2062 2679 2120 idcirco
2710 2079 2896 2120 mense
2922 2066 3152 2137 septimo
3174 2077 3452 2122 mortuum
3479 2069 3745 2124 mentien-

2148 2159 2256 2216 tur,
2289 2161 2349 2207 ut
2370 2154 2436 2208 de
2463 2153 2620 2210 malis
2643 2156 2889 2224 corporis
2911 2155 3252 2222 liberaretur,
3277 2156 3433 2226 juxta
3452 2159 3574 2212 illud
3602 2160 3742 2228 quod

2149 2243 2407 2313 scriptum
2428 2244 2732 2313 profertur:
2757 2262 2776 2295 ι
2805 2244 2950 2299 Mors
2968 2245 3086 2300 viro
3109 2246 3326 2315 requies
3350 2245 3540 2319 (Eccli.
3555 2248 3693 2318 xxi).
3719 2267 3736 2299 ι

2147 2335 2256 2392 Nos
2292 2346 2472 2392 autem
2502 2338 2751 2392 novimus
2773 2352 3002 2406 corpora
3031 2338 3372 2392 credentium
3398 2339 3743 2410 templaesse

2149 2429 2264 2494 Dei,
2298 2428 2340 2483 si
2372 2437 2552 2484 tamen
2581 2428 2815 2499 Spiritus
2844 2437 3065 2484 sanctus
3088 2430 3295 2485 habitet
3322 2431 3376 2485 in
3405 2431 3526 2486 illls.

2721 2543 2953 2600 CAPUT
2987 2543 3183 2600 XXIX.

2148 2635 2407 2693 Jereniias
2446 2640 2605 2694 mittit
2648 2637 2956 2710 librumrad
3018 2641 3561 2710 transmigrationem;
3628 2648 3740 2709 post

2219 2726 2384 2764 annos
2411 2711 2740 2780 septuaginta
2771 2709 3154 2774 visitabuntur;
3178 2720 3226 2763 et
3247 2709 3421 2772 monet
3451 2720 3505 2763 ut
3527 2720 3739 2765 caveant

2219 2781 2724 2851 pseudoprophetas.

2223 2901 2241 2934 ‹
2287 2883 2355 2937 Ει
2393 2885 2506 2939 haec
2551 2891 2678 2939 sunt
2717 2883 2882 2939 verba
2932 2883 3056 2939 libri
3104 2899 3265 2955 quem
3298 2881 3738 2938 nusitJeremias

2151 2992 2170 3027 ι
2211 2975 2476 3045 propheta
2528 2976 2592 3030 de
2643 2974 2980 3031 Hierusalem
3032 2977 3101 3032 ad
3147 2975 3408 3045 reliquias
3460 2974 3736 3030 seniorum

2149 3081 2169 3114 ί
2217 3065 2739 3133 transmigrationis,
2778 3074 2833 3120 et
2859 3066 2925 3120 ad
2957 3067 3293 3132 sacerdotes,
3323 3074 3378 3120 et
3404 3066 3474 3120 ad
3503 3065 3735 3135 prophe-

440 3157 518 3214 ris
549 3158 796 3228 supplicii
832 3173 1000 3214 causa
1030 3157 1195 3212 fuerit
1231 3159 1288 3212 in
1339 3158 1559 3229 populo.
1588 3157 1795 3213 Delirat
1839 3159 1893 3214 in
1938 3160 2043 3214 hoc
2070 3151 2114 3214 C
2153 3173 2172 3208 ι
2215 3164 2330 3221 tas,
2382 3165 2436 3211 ct
2483 3157 2551 3211 ad
2580 3171 2794 3213 omnem
2841 3158 3098 3227 populum
3144 3173 3304 3228 quem
3355 3158 3738 3212 transduxerat

444 3249 564 3304 loco
593 3248 917 3320 allegoricus
945 3251 1251 3320 interpres,
1281 3248 1468 3304 furcas
1494 3256 1550 3304 et
1583 3256 1805 3306 catenas
1837 3249 2044 3321 ligneas

441 3341 677 3396 aetherea
703 3340 1000 3412 appellans,
1025 3350 1083 3396 et
1105 3355 1264 3397 aerea
1288 3335 1518 3412 corpora
1529 3327 1869 3408 ,idzemonum
1893 3342 2044 3399 vide-

443 3431 571 3486 licet
609 3438 666 3486 et
704 3430 1146 3486 adversariarum
1188 3439 1544 3500 potestatum.
1575 3430 1785 3488 Furcas
1822 3440 2040 3500 autem,

446 3523 561 3578 sive
607 3529 828 3578 catenas
857 3522 1096 3589 ferreas,
1126 3529 1311 3578 nostra
1335 3537 1565 3598 corpora
1591 3522 1892 3586 crassiora,
1923 3538 2043 3592 quae

446 3614 631 3670 nervis
661 3621 716 3669 et
746 3613 983 3680 ossibus,
1012 3613 1287 3678 carnibus,
1320 3613 1587 3682 venisque
1612 3621 1871 3670 contexta
1894 3613 2036 3669 sint:

445 3713 507 3760 ut
531 3705 624 3774 qui
654 3703 928 3760 noluerint
957 3705 1023 3758 de
1049 3701 1258 3759 ccelesti
1287 3702 1628 3760 Hierusalem
1654 3719 1754 3775 pro
1779 3704 2043 3773 qualitate

447 3782 927 3867 peccatiminores
956 3796 1143 3852 subire
1166 3796 1464 3862 cruciatus,
1483 3797 1544 3866 in
1573 3808 1796 3853 catenas
1828 3804 2045 3852 nostro-

443 3901 568 3944 rum
600 3903 890 3959 corporum
943 3888 1395 3952 condemnentur,
1433 3897 1488 3942 et
1539 3887 1779 3943 infantiae
1823 3888 2040 3960 vagitus

445 3995 749 4051 pannorum
779 3981 995 4037 vincula
1018 3971 1313 4049 sordesque
1344 3979 1680 4044 sustineant,
1714 3988 1771 4034 et
1799 3981 2041 4036 serviant

449 4071 664 4128 diabolo
687 4071 802 4142 regi
828 4070 1144 4142 Babylonis,
1167 4069 1220 4124 id
1244 4078 1357 4136 est,
1389 4059 1575 4135 mundi
1601 4070 1763 4140 hujus
1780 4111 1795 4136 ,
1825 4071 2042 4150 dicente

453 4164 731 4234 Scriptura
763 4182 775 4217 :
815 4183 834 4215 ι
867 4162 1097 4218 Mundus
1129 4161 1190 4225 in
1215 4161 1451 4232 maligno
1465 4162 1677 4232 positus
1695 4169 1780 4217 est
1801 4160 1852 4233 (1
1878 4162 2039 4216 Joan.

445 4263 499 4333 v)
535 4282 552 4314 ›
586 4277 707 4316 cum
742 4260 931 4315 bestiis
954 4269 1133 4325 terrae,
1157 4273 1278 4329 quae
1302 4257 1355 4311 in
1377 4257 1659 4312 brutorum
1685 4255 2043 4311 animantium

449 4356 558 4410 sint
587 4367 813 4423 corpora
854 4351 1105 4421 religata.
1145 4349 1418 4418 Compulit
1453 4363 1542 4403 me
1589 4355 1855 4402 tractator
1884 4346 2040 4401 indo-

447 4456 588 4510 ctus,
616 4454 672 4500 et
697 4453 936 4502 sectator
966 4443 1254 4498 calumniae
1278 4441 1610 4497 Grunnianae
1626 4448 1812 4510 aperte
1836 4453 2040 4516 ponere

446 4540 621 4594 aliena
644 4539 795 4604 vitia,
823 4552 942 4608 qua:
966 4539 1272 4607 prius-cum
1301 4532 1732 4590 dissimulatione
1770 4531 2038 4598 dicebam,

447 4632 664 4686 lectoris
688 4630 988 4701 prudentiae
1012 4629 1410 4696 derelinquens.

525 4742 542 4773 ‹
587 4721 654 4776 Ει
680 4721 816 4776 dixit
841 4719 1108 4775 Jeremias
1133 4719 1398 4788 propheta
1426 4717 1495 4772 ad
1517 4716 1785 4771 Anauiam
1807 4716 2039 4785 prophe-

456 4832 474 4863 ε
525 4821 632 4866 tam
660 4830 672 4864 :
703 4810 866 4874 Audi,
893 4810 1102 4863 Anania
1129 4826 1140 4862 :
1175 4807 1291 4862 Non
1327 4808 1478 4863 misit
1505 4815 1558 4862 te
1589 4807 1871 4870 Dominus,
1895 4814 1951 4860 et
1979 4813 2038 4860 tu

455 4925 473 4955 ‹
519 4903 792 4958 confidere
821 4899 996 4955 fecisti
1033 4899 1290 4969 populum
1321 4899 1485 4954 istum
1517 4898 1572 4952 in
1609 4897 1926 4961 mendacio,
1959 4896 2039 4951 id-

457 5013 475 5045 ‹
525 4995 671 5048 circo
706 4994 823 5047 hate
848 4990 1271 5046 dicit'Domiuus
1299 5008 1312 5042 :
1344 4990 1485 5045 Ecce
1517 4989 1728 5043 mittam
1770 4987 1894 5060 (sive
1943 4987 2039 5057 eji-

457 5102 474 5136 ‹
523 5081 686 5152 ciam)
709 5089 760 5134 te
788 5097 818 5135 a
849 5079 987 5135 facie
1015 5089 1194 5144 terrae,
1225 5079 1326 5133 hoc
1355 5091 1496 5131 anno
1519 5077 1787 5131 morieris.
1813 5097 1831 5127 ι
1861 5075 2041 5142 Quod-

451 5189 555 5243 que
589 5171 853 5242 sequitur,
891 5187 909 5220 ι
949 5169 1075 5238 quia
1096 5168 1382 5223 adversum
1409 5168 1697 5222 Dominum
1727 5166 1940 5221 locutus
1958 5181 2038 5221 es.

453 5266 520 5320 Et
556 5274 801 5318 mortuus
832 5270 918 5318 est
944 5261 1185 5316 Ananias
1207 5263 1470 5332 propheta
1495 5261 1549 5315 in
1574 5276 1718 5315 anno
1744 5260 1854 5325 illo,
1886 5276 2040 5316 men-

452 5369 511 5410 se
541 5354 789 5424 septimo,
833 5372 852 5405 ›
895 5353 948 5406 in
979 5351 1124 5406 LXX
1150 5368 1257 5408 non
1288 5353 1536 5408 habetur.
1561 5350 1666 5409 Pro
1699 5368 1807 5423 quo
1832 5360 2041 5407 tantum

453 5453 772 5518 posuerunt,
809 5462 826 5494 ι
864 5451 918 5499 et
941 5453 1188 5504 mortuus
1211 5453 1294 5498 est
1320 5457 1504 5498 mense
1533 5443 1786 5514 septimo,
1825 5463 1844 5494 ι
1877 5452 1931 5498 ct
1951 5443 2039 5496 hic

456 5536 512 5590 in
545 5534 690 5589 LXX
718 5534 958 5588 Ananias
985 5535 1247 5604 propheta
1282 5550 1388 5589 non
1419 5534 1658 5607 dicitur,
1687 5551 1810 5589 cum
1855 5550 2044 5589 secun-

458 5627 584 5680 dum
614 5625 934 5680 chraicum
960 5625 1239 5694 Scriptura
1277 5635 1464 5681 sancta
1493 5628 1813 5696 prophetam
1851 5626 2039 5691 vocet,

459 5715 584 5773 licet
609 5717 661 5771 in
693 5731 758 5772 eo
786 5717 927 5786 quod
956 5718 1134 5787 arguit
1157 5732 1279 5774 eum
1305 5717 1568 5774 Jeremias
1589 5719 1808 5776 dicens:
1840 5738 1859 5772 ι
1879 5718 2040 5785 Audi,

2152 3264 2171 3296 ι
2213 3244 2715 3302 Nabuchodonosor
2765 3247 2832 3303 de
2868 3248 3215 3304 Hierusalem
3267 3249 3324 3302 in
3368 3249 3734 3320 Babylonem,

2151 3354 2170 3388 ι
2215 3345 2502 3406 postquam
2531 3352 2783 3408 egressus
2811 3347 2893 3393 est
2923 3337 3213 3394 Jechonias
3257 3355 3374 3406 rex,
3423 3351 3476 3397 et
3519 3341 3734 3396 domina

2151 3445 2170 3478 ‹
2217 3426 2342 3497 (sive
2369 3427 2598 3499 regina),
2632 3437 2688 3482 ct
2718 3429 2971 3495 eunuchi,
2989 3439 3045 3485 et
3070 3430 3340 3500 principes
3361 3431 3512 3487 Judaa
3535 3440 3587 3487 et
3607 3431 3738 3489 Hie-

2151 3535 2170 3567 ‹
2217 3516 2451 3573 rusalem
2484 3518 2611 3588 (sive
2633 3518 2978 3592 optimates),
3026 3531 3081 3575 et
3115 3521 3351 3577 artifices
3385 3522 3454 3578 de
3483 3523 3737 3579 Hierusa-

2151 3623 2170 3656 ι
2213 3605 2318 3660 lem
2342 3646 2355 3672 ,
2389 3607 2443 3661 in
2473 3622 2635 3661 manu
2669 3607 2825 3664 Elasa
2854 3608 2948 3663 lilii
2978 3608 3194 3679 Saphan
3216 3651 3231 3676 ,
3263 3621 3317 3666 et
3345 3610 3611 3668 Gamaria:
3645 3613 3735 3670 lilii

2149 3719 2170 3753 ι
2215 3699 2474 3767 Helchize,
2509 3711 2644 3772 quos
2671 3703 2817 3757 misit
2846 3701 3141 3758 Sedechias
3170 3719 3264 3759 rex
3291 3703 3429 3760 Juda
3461 3706 3528 3760 ad
3557 3705 3736 3762 Nabu-

2153 3810 2170 3844 ι
2218 3793 2556 3848 chodonosor
2572 3808 2752 3865 regem
2770 3792 3058 3866 Babylonis
3085 3795 3137 3849 in
3151 3794 3500 3867 Babylonem,
3520 3797 3733 3852 dicens:

2151 3901 2170 3934 ι
2214 3882 2340 3938 Haec
2369 3884 2499 3938 dicit
2530 3883 2792 3939 Dominus
2819 3885 3175 3950 exercituum,
3203 3886 3346 3941 Deus
3373 3885 3560 3952 Israel,
3588 3887 3734 3942 omni

2150 3993 2168 4026 ι
2215 3976 2697 4046 transmigrationi,
2729 3992 2890 4046 quam
2917 3979 3192 4034 transtulit
3218 3981 3286 4035 de
3320 3979 3659 4037 Hierusalem
3683 3981 3736 4038 in

2149 4089 2168 4119 ‹
2213 4067 2541 4138 Babylonem
2563 4066 2880 4123 :Editicate
2901 4068 3110 4134 domos,
3133 4078 3188 4124 et
3214 4070 3481 4135 habitate,
3505 4081 3560 4124 et
3582 4071 3732 4141 plan-

2150 4175 2170 4210 ‹
2219 4167 2326 4213 tate
2379 4158 2565 4214 hortos
2618 4159 2746 4230 (sive
2791 4159 3092 4231 pomaria),-
3123 4167 3179 4214 et
3206 4159 3472 4214 comedite
3500 4159 3732 4215 fructum

2151 4269 2170 4301 ι
2215 4242 2423 4318 earum,
2456 4251 2686 4321 accipite
2713 4266 2942 4317 uxores,
2971 4261 3028 4306 et
3049 4261 3308 4322 generate
3336 4251 3476 4307 ﬁlios
3499 4263 3555 4308 et
3575 4253 3730 4319 ﬁlias,

2150 4364 2168 4395 ‹
2214 4345 2337 4398 date
2366 4344 2490 4398 ﬁliis
2518 4343 2718 4398 vestris
2744 4358 2966 4408 uxores,
2995 4342 3219 4399 et'ﬁlias
3246 4353 3457 4399 vestras
3496 4344 3621 4399 date
3651 4345 3732 4400 vi-

2150 4455 2168 4486 (
2214 4436 2309 4499 ris,
2339 4442 2397 4489 et
2430 4433 2647 4504 pariant
2672 4432 2811 4488 filios
2832 4442 2889 4488 et
2913 4432 3052 4488 filias
3083 4452 3094 4487 :
3122 4443 3178 4487 et
3216 4434 3646 4503 multiplicamini
3678 4443 3732 4490 et

2068 4512 2120 4570 D
2154 4545 2172 4577 ‹
2219 4525 2387 4582 nolite
2419 4540 2539 4580 esse
2568 4525 2724 4595 pauci
2753 4528 3006 4591 numero,
3030 4531 3086 4580 et
3112 4524 3338 4595 quaerite
3383 4539 3568 4594 pacem
3593 4525 3728 4580 civi-

2157 4637 2174 4671 ι
2216 4619 2342 4673 tatis
2369 4618 2495 4690 (sive
2527 4615 2706 4688 terrae)
2735 4617 2803 4671 ad
2828 4633 2992 4687 quam
3015 4615 3267 4671 transtuli
3292 4630 3411 4679 vos,
3439 4623 3494 4670 et
3511 4615 3730 4672 adorata

2154 4725 2175 4760 ‹
2219 4724 2318 4779 pro
2349 4724 2413 4763 ea
2441 4707 2509 4763 ad
2537 4707 2823 4762 Dominum
2849 4748 2863 4772 ,
2893 4708 3018 4776 quia
3049 4707 3104 4761 in
3145 4721 3280 4777 pace
3317 4696 3461 4761 illius
3494 4707 3598 4761 erit
3627 4721 3729 4777 pax

2154 4817 2172 4850 ‹
2217 4799 2388 4854 vobis.
2435 4818 2452 4851 ι
2488 4797 2613 4852 Haec
2653 4797 2901 4867 epistola,
2941 4797 3049 4852 imo
3081 4797 3295 4852 libellus
3321 4795 3568 4852 Jeremiaa
3599 4811 3726 4866 pro-

2146 4893 2321 4961 phetae
2347 4932 2361 4956 ,
2395 4907 2489 4962 per
2517 4892 2724 4961 legatos
2770 4889 3048 4946 Sedechia:
3087 4889 3300 4944 Elasam
3336 4897 3392 4944 et
3425 4887 3727 4944 Gamariam

2149 4986 2379 5040 mittitur
2405 4986 2455 5040 in
2485 4984 2809 5055 Babylonem
2860 4985 2928 5038 ad
2975 5000 3068 5041 eos
3113 4985 3203 5053 qui
3236 5000 3360 5040 cum
3392 4983 3647 5039 Jechonia
3677 4992 3728 5038 et

2147 5084 2321 5130 matre
2354 5073 2471 5142 ejus
2514 5075 2758 5129 translati
2795 5074 3010 5129 fuerant
3048 5090 3079 5129 a
3109 5074 3631 5140 Nabuchodonosor,
3668 5085 3723 5129 ut

2145 5180 2241 5237 per
2268 5166 2611 5220 occasionem
2638 5165 2922 5237 legationis
2952 5167 3113 5237 regia:
3142 5182 3298 5221 suum
3333 5182 3545 5236 quoque
3593 5181 3725 5236 opus

2144 5258 2407 5328 propheta
2439 5256 2762 5326 compleret,
2788 5265 2844 5310 et
2878 5266 3124 5312 moneret
3172 5256 3426 5327 populum
3472 5257 3724 5312 transmi-

2147 5358 2360 5421 gratum
2404 5364 2523 5418 quae
2566 5347 2668 5404 sibi
2718 5363 2748 5402 a
2786 5348 3014 5403 Domino
3043 5350 3258 5404 fuerant
3297 5351 3578 5420 imperata.
3607 5347 3724 5403 Pul-

2147 5442 2383 5511 chreque
2408 5440 2580 5494 dixit:
2617 5458 2634 5490 ‹
2671 5439 2933 5510 Egressus
2962 5450 3046 5495 est
3071 5440 3361 5497 Jechonias
3391 5457 3505 5506 rex,
3540 5451 3594 5496 et
3627 5441 3720 5495 do-

2147 5531 2313 5596 mina,
2338 5539 2392 5584 et
2416 5530 2669 5595 eunuchi,
2701 5539 2756 5584 et
2781 5530 3050 5600 principes
3072 5530 3243 5598 Iudae,
3279 5552 3296 5584 ι
3323 5541 3376 5586 et
3401 5533 3600 5586 caateri.
3629 5532 3719 5585 Et:

2152 5645 2169 5676 ι
2217 5625 2341 5678 Haec
2368 5624 2496 5678 dicit
2519 5623 2776 5678 Dominus
2801 5623 3162 5691 exercituum,
3188 5623 3326 5678 Deus
3359 5623 3544 5687 Israel,
3575 5623 3719 5677 omni

2148 5716 2609 5786 transmigrationi
2655 5730 2818 5784 quam
2863 5713 3138 5770 transtulit
3181 5716 3247 5770 de
3296 5713 3630 5770 Hierusalem
3671 5715 3721 5768 in
