3926 6314
192 316 334 372 1017

1122 308 1489 368 EXPOSITIO
1528 309 1758 367 SUPER
1795 309 2159 385 JEREMIAM.
2198 342 2268 354 —-
2303 312 2431 371 LIB.
2474 315 2566 371 XI.

3333 324 3468 382 1018

186 428 544 504 Babylonem.
580 447 601 481 ι
636 427 709 485 Ut
733 442 840 485 non
868 428 1112 500 potentia
1142 427 1287 501 regis
1318 426 1608 500 Babylonis
1630 468 1645 493 ,
1684 423 1781 480 sed
1804 427 1858 486 Δ
1881 425 2064 495 plures
2087 443 2155 484 ex
2186 429 2267 485 eis
2288 445 2612 510 generemus
2635 432 2775 491 ﬁlios
2805 452 2819 491 :
2854 435 2991 493 ﬁlias
3017 452 3234 510 quoque
3252 451 3469 503 nostras

186 524 405 584 Domini
431 524 711 581 voluntate
742 524 988 582 translati
1016 540 1137 582 esse
1172 523 1478 579 videantur.
1505 522 1573 578 Et
1603 521 1783 595 primo

186 617 261 675 ad
287 632 465 684 senes,
499 616 691 673 deinde
718 617 787 673 ad
813 617 1144 686 sacerdotes,
1169 615 1333 671 tertio
1367 613 1434 670 ad
1466 600 1779 684 prophetas,

190 717 391 780 quarto
419 709 488 764 ad
524 723 740 766 omnem
776 710 1033 782 populum
1069 708 1168 765 Dei
1206 721 1387 763 sermo
1418 706 1690 779 dirigitur,
1721 711 1783 760 ut

188 801 489 875 secundum
517 801 765 859 ordinem
793 802 991 869 atatis,
1021 801 1303 872 propheta
1347 815 1561 873 quoque
1588 798 1657 855 ad
1685 812 1781 855 eos

186 895 283 966 qui
323 894 682 951 mouebantur
726 894 924 949 littera
949 893 1323 965 pervenirent.
1370 890 1552 948 Monet
1596 897 1780 947 autem

187 1001 286 1044 eos
314 1003 423 1044 non
455 988 569 1044 suis
594 986 805 1054 verbis,
827 986 923 1043 sed
952 985 1191 1053 Domini,
1211 993 1274 1042 ut
1296 984 1563 1042 aediﬁcent
1589 984 1780 1040 domos

186 1089 243 1134 et
267 1080 519 1136 habitent
543 1080 599 1135 in
627 1079 729 1146 eis,
753 1068 816 1135 et
844 1078 1091 1152 plantent
1114 1080 1325 1146 hortos,
1356 1079 1473 1135 sive
1497 1077 1743 1149 pomaria
1760 1116 1777 1144 ,

185 1180 245 1229 et
270 1173 559 1229 comedant
606 1170 843 1228 fructum
891 1186 1116 1238 eorum,
1159 1170 1431 1240 accipiant
1462 1182 1692 1233 uxores,
1724 1174 1779 1224 et

184 1275 449 1336 generent
493 1262 633 1320 ﬁlios
675 1272 731 1320 et
769 1264 940 1332 ﬁlias,
988 1274 1046 1320 et
1094 1262 1524 1333 multiplicentur
1568 1259 1623 1314 in
1659 1258 1777 1315 loco

187 1357 703 1429 transmigrationis,
734 1363 790 1411 et
828 1372 936 1412 non
980 1355 1089 1411 sint
1125 1355 1285 1426 pauci
1331 1366 1589 1420 numero,
1629 1367 1778 1423 qua-

183 1458 420 1520 rentque
447 1463 635 1522 pacem
663 1448 923 1514 civitatis,
947 1446 1062 1503 sive
1092 1454 1281 1514 terra,
1308 1448 1375 1503 ad
1402 1459 1566 1517 quam
1590 1452 1775 1501 trans-

182 1540 377 1595 tulerit
402 1555 496 1596 eos
520 1548 575 1595 et
617 1548 774 1596 orent
794 1552 893 1611 pro
918 1553 982 1595 ea
1020 1538 1087 1593 ad
1131 1538 1439 1603 Dominum,
1470 1550 1776 1607 causasque

181 1630 420 1686 reddens
448 1630 524 1686 ait
551 1648 565 1685 :
602 1648 622 1682 (
656 1629 793 1699 Quia
824 1629 881 1686 i'n
902 1644 1037 1701 pace
1059 1629 1202 1686 illius
1222 1636 1383 1685 terra
1407 1628 1512 1685 erit
1544 1643 1651 1699 pax
1680 1641 1774 1683 vo-

179 1707 287 1780 bis.
322 1744 341 1779 ι
372 1723 641 1793 Jeremia,
669 1726 795 1801 quia
820 1734 1044 1798 propter
1066 1728 1234 1783 breve
1257 1735 1471 1798 tempus
1498 1733 1617 1781 erat
1638 1724 1771 1781 Hie-

1886 518 2132 577 dabimus
2158 520 2317 587 viris,
2358 531 2421 578 ut
2450 535 2505 581 et
2530 525 2655 583 ﬁdei
2678 528 2901 597 veritas,
2934 546 3054 601 qua
3081 532 3471 606 interpretatur

1885 608 1939 664 in
1963 610 2109 679 ﬁliis,
2134 612 2293 668 bonis
2306 614 2560 684 operibus
2581 618 2888 688 copuletur,
2919 636 3041 693 qua
3064 622 3376 681 referuntur
3402 627 3472 685 ad

1881 699 2042 769 ﬁlias,
2067 711 2123 759 et
2146 717 2312 777 opera
2343 706 2487 761 bona
2512 706 2812 781 junguntur
2848 710 2977 768 ﬁdei
3006 714 3228 770 sanitati
3256 733 3269 769 :
3304 716 3469 775 tales-

1882 809 1987 865 que
2008 793 2149 851 ﬁlios
2176 806 2501 868 generantes
2521 807 2577 854 et
2596 798 2757 867 ﬁlias,
2782 802 3201 875 multiplicemur
3222 822 3469 877 numero,

1880 891 1942 939 ut
1966 885 2308 953 destruentes
2335 903 2420 955 ea,
2452 904 2572 960 qua
2602 892 2811 960 parvuli
2839 903 2993 961 sunt,
3018 904 3073 952 et
3093 896 3148 952 in
3168 897 3470 968 perfectum

1881 985 2186 1033 crescentes
2206 978 2407 1046 virum,
2439 980 2629 1038 audire
2656 998 2998 1040 mereamur:
3029 1005 3047 1038 ‹
3077 986 3267 1045 Scribe
3292 990 3467 1058 vobis,

1872 1075 2092 1142 patres,
2139 1070 2395 1141 quoniam
2443 1074 2771 1143 eognovistis
2810 1090 2935 1130 eum
2960 1077 3053 1146 qui
3092 1078 3160 1134 ab
3199 1079 3353 1136 initio
3387 1089 3471 1137 est

1881 1157 1932 1230 (Ι
1967 1158 2126 1216 Joan.
2153 1163 2251 1233 ιι),
2284 1182 2303 1216 ι
2336 1172 2541 1219 etcum
2567 1164 2829 1237 Apostolo
2863 1168 3111 1225 dicamus
3151 1170 3334 1229 liberis
3372 1189 3471 1231 no-

1880 1252 2107 1308 strism
2142 1254 2201 1309 In
2227 1254 2445 1311 Christo
2486 1256 2631 1312 enim
2670 1257 2797 1313 Jesu
2830 1275 2930 1329 per
2970 1260 3325 1333 Evangelium
3370 1278 3469 1336 ego

1879 1358 1977 1399 vos
2022 1346 2183 1416 genui
2225 1344 2277 1416 (Ι
2309 1344 2433 1399 Cor.
2460 1346 2557 1416 ιγ).
2600 1367 2619 1399 ι
2660 1347 2976 1415 Quaeramus
3015 1365 3231 1422 quoque
3279 1366 3470 1423 pacem

1878 1434 2155 1503 Ecclesia,
2185 1435 2411 1503 civitati,
2439 1444 2495 1493 et
2529 1445 2690 1494 terra
2719 1449 2939 1508 nostra,
2968 1452 3028 1498 ut
3054 1443 3122 1498 ad
3146 1458 3266 1500 eam
3289 1446 3469 1502 redire

1877 1543 2205 1596 mereamur,
2234 1528 2300 1584 de
2323 1544 2429 1601 qua
2456 1529 2670 1587 Domini
2712 1532 2915 1604 judicio
2957 1536 3207 1593 translati
3251 1554 3466 1608 sumus,

1875 1629 1937 1675 ut
1984 1620 2355 1678 habitaremus
2404 1623 2459 1677 in
2498 1623 2831 1680 confusionis
2860 1640 3085 1684 errore:
3124 1629 3169 1683 si
3196 1630 3341 1684 enim
3376 1630 3469 1687 illa

1877 1713 2173 1782 susceperit
2203 1727 2301 1767 nos
2328 1753 2342 1779 ,
2373 1713 2695 1771 habebimus
2718 1730 2927 1785 pacem.
2971 1716 3247 1789 Simulque
3290 1719 3471 1777 consi-

180 1816 424 1873 msalem
450 1814 703 1875 secutura
730 1820 1075 1892 captivitas,-
1092 1820 1395 1892 imperatu,
1439 1835 1507 1875 ne
1543 1818 1777 1887 accipiat
1802 1804 1851 1864 B
1878 1801 2115 1857 deranda
2158 1802 2445 1859 clementia
2479 1804 2712 1861 Domini.
2742 1806 2915 1864 Orare
2952 1811 3196 1880 pracipit
3235 1826 3334 1881 pro
3365 1811 3470 1867 ini-

182 1923 430 1974 uxorem,
461 1925 566 1967 nec
591 1909 758 1986 faciat
788 1910 947 1967 ﬁlios.
974 1911 1131 1967 Unde
1157 1920 1211 1966 et
1238 1911 1395 1966 nobis
1424 1925 1522 1981 per
1542 1908 1775 1979 Aposto-

181 2002 294 2053 tum
320 1999 553 2055 dicitur:
592 2018 611 2051 ‹
646 1999 885 2071 Tempus
935 2001 1240 2057 breviatum
1270 2009 1387 2068 est,
1431 2009 1683 2070 superest
1716 2007 1777 2055 ut

180 2093 279 2162 qui
306 2093 509 2150 habent
534 2108 735 2151 uxores
766 2095 845 2151 sic
865 2095 976 2151 sint
996 2096 1152 2166 quasi
1180 2110 1287 2151 non
1312 2094 1551 2150 habeant
1577 2092 1770 2165 (ICor.

177 2182 302 2253 vn).
342 2203 361 2235 )
388 2182 550 2251 .Quod
584 2184 627 2239 si
655 2192 882 2254 propter
902 2186 1207 2256 angustiam
1236 2184 1493 2255 temporis
1522 2182 1775 2239 habenti-

178 2276 285 2333 bus
316 2261 449 2333 usus
476 2291 709 2332 uxorum
738 2262 1194 2347 tollitur,°quanto
1227 2276 1396 2347 magis
1424 2291 1533 2332 non
1560 2274 1771 2330 haben-

180 2364 331 2429 tibus
380 2384 461 2429 ne
498 2373 766 2443 accipiant
814 2373 1139 2443 imperatur!
1196 2371 1312 2426 Hoc
1365 2378 1543 2425 autem
1598 2376 1773 2424 totum

177 2465 439 2537 praecepit
460 2464 772 2520 vaticinium
797 2463 1134 2535 prophetale,
1160 2478 1229 2519 ne
1246 2463 1597 2534 acquiescant
1618 2475 1775 2532 pseu-

179 2556 552 2629 doprophetis,
583 2557 675 2628 qui
701 2556 781 2612 eis
805 2564 1029 2628 propter
1047 2556 1214 2611 breve
1242 2563 1455 2625 tempus
1479 2554 1537 2609 in
1572 2552 1770 2608 Hieru-

178 2646 349 2701 salem
383 2646 616 2702 reditum
638 2645 1047 2717 promittebant.
1072 2643 1180 2700 Sed
1209 2653 1271 2700 ut
1298 2643 1476 2700 sciant
1509 2640 1682 2698 multo
1713 2658 1771 2699 se

180 2740 239 2797 in
308 2740 581 2814 Babylone
645 2748 889 2812 tempore
956 2747 1287 2805 moraturos,
1338 2738 1413 2793 ita
1473 2745 1771 2811 utuxores

179 2833 452 2903 accipere,
485 2831 735 2902 plantare
754 2831 1019 2902 pomaria,
1049 2832 1345 2900 hortosque
1367 2842 1569 2895 serere,
1596 2825 1768 2883 adiﬁ-

178 2935 308 2976 care
337 2920 544 2986 domos,
573 2927 629 2975 et
651 2933 913 2989 generare
941 2918 1081 2972 ﬁlios
1110 2917 1360 2972 debeant.
1391 2914 1653 2986 Quodque
1679 2912 1769 2969 in-

170 3009 341 3065 tulit:
381 3030 399 3062 c
435 3010 671 3078 Quarite
708 3024 899 3081 pacem
930 3007 1199 3075 civitatis,
1237 3027 1257 3061 ι
1306 3006 1433 3079 (sive
1474 3004 1683 3078 terra);
1712 3011 1769 3062 et

177 3103 382 3160 iterum
410 3122 425 3158 :
463 3124 481 3155 ‹
517 3102 657 3171 Quia
683 3103 739 3158 in
768 3118 902 3174 pace
927 3101 1070 3157 illius
1098 3100 1207 3157 erit
1225 3116 1331 3172 pax
1353 3098 1545 3165 vobis;
1580 3117 1597 3151 ι
1633 3096 1763 3153 illud

176 3163 563 3269 apostolicum-
583 3163 967 3267 comprobatur
1007 3195 1064 3249 in
1103 3209 1211 3264 quo
1226 3163 1401 3262 -jubet
1431 3208 1444 3246 :
1474 3211 1493 3243 ί
1527 3163 1765 3247 Obsecro
1791 3163 1839 3228 Ο

176 3289 348 3362 igitur
373 3288 552 3362 primo
581 3288 826 3344 omnium
857 3286 976 3343 ﬁeri
1008 3285 1439 3358 obsecrationes,
1468 3283 1763 3349 orationes,

174 3381 573 3454 poStulationes
592 3420 607 3445 ,
633 3379 928 3450 gratiarum
974 3377 1217 3432 actiones
1248 3391 1347 3447 pro
1375 3374 1626 3430 omnibus
1663 3374 1763 3429 ho-

174 3471 436 3537 minibus,
471 3484 571 3541 pro
604 3469 825 3539 regibus
859 3474 914 3522 et
938 3467 1171 3533 cunctis,
1202 3466 1295 3537 qui
1333 3465 1389 3521 in
1432 3464 1766 3522 sublimitate

176 3562 338 3627 sunt,
376 3568 438 3615 ut
466 3560 708 3632 quietam
739 3565 794 3615 et
840 3558 1190 3630 tranquillam
1225 3557 1391 3612 vitam
1438 3570 1665 3627 agamus
1705 3554 1764 3611 in

175 3653 328 3709 omni
354 3652 557 3724 pietate
584 3660 639 3708 et
665 3651 919 3708 castitate
947 3649 1001 3723 (Ι
1033 3649 1169 3706 Tim.
1196 3648 1280 3722 ιι).
1322 3637 1543 3706 {Porro
1568 3663 1763 3704 secun-

176 3744 309 3801 dum
338 3744 599 3816 mysticos
621 3742 948 3807 intellectus,
973 3749 1261 3813 postquam
1291 3742 1357 3798 de
1386 3739 1760 3807 Hierusalem,

176 3837 231 3895 id
254 3845 340 3894 est
365 3837 433 3893 de
454 3836 720 3903 Ecclesia,
751 3843 974 3905 propter
1002 3841 1190 3889 nostra
1210 3842 1436 3904 peccata
1476 3834 1631 3904 ejecti
1652 3831 1765 3902 fue-

176 3930 371 3995 rimus,
400 3937 454 3985 et
482 3927 666 3984 traditi
698 3925 1217 3993 Nabuchodonosor,
1247 3925 1313 3981 de
1334 3939 1441 3995 quo
1467 3912 1597 3980 dicit
1619 3922 1764 3995 Apo-

174 4021 353 4077 stolus
399 4038 412 4074 :
452 4040 471 4071 ι
506 4017 723 4073 Tradidi
754 4014 1127 4087 hujuscemodi
1152 4014 1368 4072 Satana
1396 4015 1451 4070 in
1483 4008 1764 4071 interitum

174 4111 385 4176 carnis,
414 4118 473 4165 ut
502 4108 726 4180 spiritus
759 4106 958 4162 salvus.
973 4105 1068 4161 ﬁat
1096 4105 1152 4161 in
1183 4105 1289 4161 die-
1312 4104 1527 4161 Domini
1554 4103 1609 4176 (ι
1636 4103 1758 4159 Cor.

173 4201 266 4274 v);
306 4220 327 4253 ›
360 4208 415 4254 et
440 4199 635 4254 iterum
662 4215 676 4251 :
712 4216 730 4248 ι
760 4196 907 4264 Quos
941 4193 1141 4250 tradidi
1183 4192 1430 4260 Satanae,
1458 4204 1521 4249 ut
1550 4193 1764 4250 discant

173 4309 286 4351 non
316 4292 692 4363 blasphemare
718 4288 770 4361 (I
791 4288 924 4342 Tim.
955 4288 1016 4360 ι),
1055 4307 1075 4342 ι
1111 4303 1221 4343 non
1248 4284 1510 4343 debemus
1531 4300 1653 4342 esse
1677 4300 1762 4341 se-

173 4388 319 4452 curi,
348 4401 447 4441 nec
474 4392 751 4455 torpentes
779 4380 911 4448 otio,
939 4381 1168 4437 salutem
1197 4382 1413 4453 penitus
1446 4382 1759 4452 desperare,

170 4467 270 4535 sed
311 4476 545 4548 primum
590 4473 861 4530 adiﬁcare
887 4473 1106 4539 domos,
1140 4488 1248 4528 non
1296 4487 1461 4543 super
1500 4487 1758 4539 arenam,

171 4568 273 4626 sed
303 4582 468 4638 super
490 4574 717 4636 petram,
751 4574 808 4620 et
835 4564 969 4620 tales
995 4564 1209 4630 domos,
1240 4563 1428 4634 quales
1454 4564 1760 4620 adiﬁcave-

170 4667 305 4717 runt
343 4665 398 4712 et
437 4655 758 4713 obstetrices
799 4656 853 4711 in
890 4654 1074 4711 Exodo
1119 4652 1318 4725 (Exod.
1350 4658 1410 4726 ι),
1448 4655 1573 4725 quia
1605 4654 1761 4709 time-

169 4753 310 4808 bant
338 4751 645 4807 Dominum.
688 4751 822 4806 Dein
864 4750 1111 4820 plantare
1145 4750 1363 4815 hortos,
1426 4748 1539 4803 sive
1574 4763 1760 4818 poma-

170 4846 282 4911 ria,
310 4845 523 4915 qualem
543 4853 598 4900 et
621 4845 879 4900 Dominus
899 4844 1158 4914 plantavit
1183 4844 1495 4915 paradisum
1517 4842 1571 4897 in
1586 4843 1757 4911 Eden,

169 4946 231 4991 et
259 4935 439 5006 posuit
477 4935 532 4989 in
576 4951 641 4989 eo
687 4935 891 5007 lignum
916 4935 1077 5001 vita,
1107 4934 1173 4990 de
1203 4950 1311 5005 quo
1339 4935 1601 5005 scriptum
1636 4944 1754 4990 est:

177 5044 197 5077 ι
246 5023 477 5095 Lignum
515 5024 641 5079 vita:
676 5036 760 5080 est
794 5026 879 5081 his
906 5026 996 5097 qui
1030 5025 1487 5097 apprehenderint
1513 5040 1635 5081 eam
1666 5044 1679 5080 :
1709 5034 1765 5082 et

169 5116 271 5188 qui
314 5116 548 5187 tenuerit
588 5130 741 5181 eam,
776 5116 968 5172 beatus
996 5110 1175 5188 (Prov.
1200 5122 1303 5186 ιιι).
1346 5136 1365 5168 ι
1399 5104 1587 5172 Tertio
1615 5115 1762 5172 acci-

170 5220 307 5279 pere
331 5219 545 5271 uxores,
580 5220 812 5276 quarum
838 5221 943 5261 una
967 5215 1054 5262 est
1079 5206 1343 5277 sapientia
1362 5246 1376 5271 ,
1407 5206 1473 5261 de
1495 5222 1603 5277 qua
1630 5207 1765 5263 scri-

171 5297 258 5353 bit
283 5294 536 5351 Salomon
564 5313 578 5350 :
614 5315 632 5348 ι
670 5295 805 5350 Ama
836 5295 978 5351 illam
1004 5304 1059 5354 et
1106 5296 1345 5352 servabit
1368 5304 1452 5363 te;
1485 5298 1763 5354 circumda

173 5386 347 5452 illam,
396 5394 453 5441 ct
497 5386 755 5444 exaltabit
783 5396 835 5442 te
863 5385 1045 5459 (Prov.
1079 5382 1184 5461 1v);
1219 5409 1245 5466 )_
1269 5398 1325 5445 et
1352 5388 1412 5448 in
1453 5388 1560 5444 alio
1598 5389 1757 5446 loco:

178 5494 199 5528 ι
237 5474 396 5531 Hanc
415 5479 682 5548 exquisivi
709 5494 961 5551 sponsam
988 5480 1237 5550 accipere
1274 5480 1400 5535 mihi
1420 5522 1435 5547 ,
1472 5488 1528 5536 et
1552 5489 1763 5537 amator

171 5571 355 5628 factus
383 5586 505 5627 sum
534 5573 744 5628 decoris
768 5571 883 5643 ejus
907 5570 1055 5645 (Sap.
1081 5572 1221 5647 Vill).
1259 5594 1277 5627 ι
1307 5573 1415 5629 Nec
1447 5572 1642 5630 sufﬁcit
1664 5591 1762 5632 no-

170 5666 258 5723 bis
280 5680 387 5720 una
429 5663 626 5734 conqu
665 5666 948 5737 sapientia,
991 5666 1095 5723 nisi
1125 5668 1423 5724 habeamus
1461 5676 1517 5723 et
1557 5669 1761 5741 reliqua

174 5756 555 5815 fortitudinem
581 5797 597 5824 ,
637 5758 1049 5827 temperantiam
1076 5801 1090 5826 ,
1138 5769 1301 5832 atque
1340 5758 1650 5830 justitiam,
1699 5770 1760 5817 ut

1880 1894 2037 1949 micis
2060 1894 2283 1961 nostris,
2300 1906 2354 1951 et
2381 1897 2699 1955 benefacere
2716 1901 2801 1957 his
2823 1902 2913 1972 qui
2933 1913 3465 1973 pcrsequuuturnos,

1875 1992 1939 2039 ut
1966 2001 2075 2042 non
2101 1987 2270 2043 simus
2300 1995 2485 2044 nostra
2510 1997 2719 2045 tantum
2745 1993 2916 2048 salute
2945 1995 3210 2061 contenti,
3238 1997 3333 2052 sed
3363 1997 3467 2053 ini-

1878 2078 2141 2134 micorum
2170 2095 2387 2151 quoque
2410 2096 2719 2153 quaeramus
2741 2084 2971 2140 salutem
2997 2086 3148 2158 (Luc.
3176 2089 3275 2160 vr).
3311 2108 3333 2141 ι

1952 2192 1970 2225 ι
1986 2172 2111 2230 Hac
2123 2175 2268 2230 enim
2294 2176 2425 2231 dicit
2441 2175 2702 2234 Dominus
2716 2180 3077 2245 exercituum,
3094 2182 3233 2239 Dens
3265 2182 3461 2239 Israel:

1881 2285 1899 2319 ι
1928 2266 2059 2353 .Non
2088 2283 2185 2324 vos
2209 2268 2471 2325 seducant
2494 2272 2771 2343 propheta
2798 2275 2985 2341 vestri,
3011 2276 3111 2346 qui
3126 2286 3252 2333 sunt
3273 2278 3325 2333 in
3349 2293 3466 2335 me-

1881 2377 1901 2410 ‹
1945 2360 2032 2414 dio
2054 2368 2322 2428 vestrum,
2343 2370 2397 2418 et
2420 2363 2587 2418 divini
2624 2366 2790 2420 vestri
2820 2385 2831 2420 :
2867 2376 2921 2422 et
2964 2384 3034 2424 ne
3074 2371 3366 2427 attendatis
3396 2371 3466 2428 ad

1882 2465 1902 2500 ι
1944 2450 2151 2505 somnia
2177 2460 2357 2507 vestra
2385 2466 2506 2522 qua
2548 2468 2645 2510 vos
2684 2455 3005 2513 somniatis:
3040 2459 3165 2528 quia
3205 2459 3343 2517 lalso
3372 2463 3462 2518 isti

1881 2561 1901 2594 ι
1942 2544 2273 2613 prophetant
2294 2544 2448 2601 vobis
2472 2545 2530 2601 in
2556 2547 2773 2603 nomine
2802 2563 2924 2604 meo
2944 2544 3037 2615 ,‘et
3063 2566 3172 2606 non
3199 2552 3325 2607 misi
3348 2567 3462 2621 eos,

1881 2654 1900 2688 ι
1946 2636 2077 2693 dicit
2102 2636 2381 2694 Dominus.
2416 2657 2435 2692 ι
2463 2637 2786 2711 Prophetas,
2815 2641 2925 2697 imo
2945 2643 3463 2714 pseudoprophetas,

1873 2737 1929 2784 et
1954 2728 2196 2795 divinos,
2226 2737 2281 2785 et
2309 2731 2668 2787 somniatores
2703 2731 2871 2789 fuisse
2900 2733 2957 2788 in
2987 2732 3291 2806 Babylone,
3321 2734 3466 2792 inter

1872 2834 1967 2877 eos
2007 2836 2145 2892 quos
2180 2814 2679 2879 Nabuchodonosor
2723 2839 2847 2880 cum
2892 2823 3152 2881 Jechonia
3193 2838 3248 2882 et
3290 2836 3465 2885 matre

1872 2912 1989 2981 ejus
2008 2912 2326 2980 abduxerat,
2354 2913 2605 2970 Ezechiel
2626 2916 2888 2986 propheta
2925 2926 3155 2972 testatur
3178 2932 3192 2970 :
3218 2919 3462 2976 scribens

1873 3015 2063 3062 contra
2110 3022 2236 3074 eos,
2262 3009 2465 3089 quibus
2510 3006 2776 3065 Jeremias
2816 3024 3032 3080 quoque
3066 3012 3326 3083 praecepit
3354 3028 3464 3070 non

1872 3099 2199 3155 credendum
2231 3099 2446 3171 (Ezech.
2498 3100 2643 3173 xm).
2676 3099 2917 3157 Necdum
2958 3110 3138 3158 autem
3165 3109 3232 3159 eo’
3258 3111 3465 3175 tempo-

1870 3209 1930 3249 re
1950 3235 1966 3260 ,
1996 3209 2103 3265 quo
2131 3195 2247 3249 hac
2276 3192 2516 3263 Epistola
2544 3184 2879 3264 dirigebatur
2919 3193 3169 3251 Ezechiel
3208 3197 3263 3250 in
3288 3195 3461 3267 Baby-

1868 3287 1993 3342 lone
2020 3294 2258 3357 caperat
2280 3287 2624 3356 prophetare.
2645 3285 2746 3340 Hic
2764 3286 2910 3340 enim
2925 3300 3103 3341 sermo
3127 3285 3461 3359 injprincipio

1868 3378 2012 3449 regis
2034 3375 2313 3433 Sedechiae
2338 3375 2591 3431 mittitur.
2620 3376 2873 3432 Ezechiel
2890 3386 3070 3432 autem
3099 3378 3293 3448 quinto
3316 3394 3459 3437 anno

1868 3466 2363 3538 transmigrationis
2390 3465 2665 3523 Jechonia
2708 3481 2938 3523 exorsus
2977 3476 3063 3525 est
3097 3472 3455 3541 prophetare,

1864 3555 1954 3626 qui
1984 3555 2124 3610 idem
2152 3570 2326 3611 annus
2370 3556 2521 3626 regni
2567 3554 2844 3612 Sedechia
2877 3565 3015 3612 erat.
3054 3557 3224 3615 Porro
3267 3549 3461 3617 secun-

1865 3646 1993 3701 dum
2018 3645 2369 3716 tropologiam
2400 3647 2898 3719 pseudoprophetas
2916 3663 3012 3704 eos
3031 3649 3289 3707 debemus
3317 3653 3460 3709 acci-

1863 3751 2018 3808 pere,
2046 3738 2136 3807 qui
2166 3736 2324 3791 aliter
2344 3737 2747 3807 Scripturarum
2776 3740 2943 3795 verba
2974 3741 3262 3812 accipiunt,
3294 3759 3457 3813 quam

1868 3824 2103 3895 Spiritus
2136 3834 2357 3881 sanctus
2378 3834 2551 3890 sonat,
2579 3836 2634 3881 et
2668 3826 2879 3883 divinos
2907 3842 3001 3884 eos
3019 3869 3033 3894 ,
3066 3832 3158 3901 qui
3184 3831 3458 3901 conjectu-

1865 3930 1984 3970 ram
2014 3914 2213 3971 mentis
2242 3931 2382 3981 sua,
2414 3925 2469 3973 et
2495 3917 2705 3972 incerta
2733 3917 3152 3991 futurorumque
3175 3938 3303 3979 vera
3332 3941 3458 3996 pro-

1865 4009 2121 4064 nuntiant
2166 4010 2371 4079 absque
2414 4009 2725 4066 divinorum
2768 4014 3092 4067 auctoritate
3124 4015 3453 4073 verborum:

1866 4099 2226 4155 somniatores
2254 4114 2468 4170 quoque
2498 4100 2590 4170 qui
2617 4115 2725 4157 non
2754 4102 2979 4169 audiunt
3009 4104 3135 4159 illud
3160 4106 3453 4175 scriptum:

1873 4212 1891 4244 σ
1926 4192 2003 4247 Ne
2030 4192 2243 4247 dederis
2269 4207 2518 4248 somnum
2542 4193 2714 4248 oculis
2741 4193 2847 4248 tuis
2865 4234 2879 4259 ,
2906 4210 3081 4264 neque
3116 4195 3457 4254 dormitatio-

1866 4298 1991 4338 nem
2018 4282 2291 4353 palpebris
2322 4282 2425 4340 tuis
2450 4279 2633 4353 (Prov.
2667 4281 2764 4354 vr).
2796 4302 2815 4335 ι
2848 4282 2925 4339 De
2964 4284 3160 4353 quibus
3198 4291 3255 4342 et
3290 4286 3457 4346 Judas

1865 4372 2141 4443 apostolus
2166 4372 2443 4443 loquitur:
2483 4391 2501 4424 ι
2541 4372 2803 4429 Similiter
2833 4382 2888 4430 et
2912 4375 2966 4430 hi
2988 4360 3319 4435 somniantes
3344 4395 3459 4435 car-

1868 4478 1991 4518 nem
2028 4464 2242 4535 quidem
2278 4463 2589 4519 maculant:
2623 4464 3045 4538 dominationem
3086 4477 3264 4523 autem
3305 4486 3458 4540 sper-

1869 4564 2006 4612 nunt
2031 4554 2183 4629 (Jud.
2217 4554 2306 4629 8);
2343 4575 2361 4607 ι
2392 4571 2624 4626 quorum
2667 4571 2831 4623 mens,
2860 4572 3199 4628 nequaquam
3231 4560 3454 4629 vigilat,

1867 4651 1960 4706 sed
2008 4650 2331 4722 arrogantia
2375 4657 2430 4704 et
2468 4650 2672 4705 erroris
2721 4665 2916 4720 sopore
2961 4651 3235 4722 depressa,
3261 4654 3457 4711 noctis

1866 4743 2095 4799 horrore
2118 4740 2515 4807 circumdatur;
2558 4742 2756 4811 quibus
2798 4741 3039 4812 loquitur
3078 4751 3132 4799 et
3179 4744 3455 4814 apostolus

1865 4833 2063 4890 Paulus
2087 4852 2100 4889 :
2122 4852 2141 4885 ‹
2166 4832 2415 4899 Elevare,
2440 4833 2534 4903 qui
2560 4834 2786 4899 dormis,
2814 4841 2870 4889 et
2892 4848 3126 4907 exsurge
3145 4850 3177 4890 a
3200 4836 3451 4906 mortuis,

1866 4933 1921 4982 et
1949 4924 2269 4999 illuminabit
2303 4932 2355 4978 te
2381 4921 2631 4979 Christus
2653 4923 2873 4995 (Ep/res.
2904 4926 2982 4988 v).
3023 4943 3043 4977 ι

1943 5037 1963 5071 ‹
2007 5017 2141 5086 Quia
2169 5017 2286 5073 hac
2307 5018 2439 5073 dicit
2463 5018 2721 5073 Dominus
2748 5032 2763 5072 :
2791 5016 2927 5073 Cum
2950 5018 3217 5088 coeperint
3242 5018 3454 5090 impleri

1871 5131 1890 5164 ‹
1934 5112 1989 5167 in
2020 5111 2292 5183 Babylone
2315 5111 2653 5182 septuaginta
2684 5111 2834 5175 anni,
2865 5110 3099 5166 visitabo
3126 5125 3224 5165 vos
3252 5119 3306 5165 et
3330 5127 3455 5167 sus-

1870 5226 1889 5259 ‹
1935 5205 2115 5261 citabo
2159 5219 2320 5275 super
2348 5220 2443 5260 vos
2468 5205 2692 5260 verbum
2730 5219 2907 5260 meum
2948 5203 3179 5267 bonum,
3209 5211 3267 5257 ut
3296 5203 3457 5258 redu-

1870 5315 1888 5349 ι
1933 5312 2051 5352 eam
2064 5312 2163 5352 vos
2178 5295 2245 5351 ad
2270 5295 2447 5350 locum
2468 5294 2651 5350 istum.
2671 5295 2783 5365 Ego
2802 5294 2944 5347 enim
2962 5294 3076 5349 scio
3100 5293 3455 5362 cogitationes

1872 5407 1891 5441 ι
1933 5406 2070 5460 quas
2095 5390 2272 5460 cogito
2296 5403 2460 5458 super
2478 5402 2596 5453 vos,
2621 5387 2755 5442 dicit
2776 5386 3037 5441 Dominus
3060 5402 3073 5439 :
3100 5384 3455 5456 cogitationes

1871 5501 1889 5534 ι
1935 5482 2088 5553 pacis
2122 5489 2177 5535 et
2201 5494 2308 5535 non
2338 5478 2676 5544 alllictionis,
2707 5485 2767 5531 ut
2810 5476 2930 5532 dem
2961 5475 3113 5530 vobis
3157 5468 3318 5529 ﬁ‘nem
3355 5474 3456 5529 ho-

1872 5593 1889 5626 c
1936 5590 2087 5641 num,
2117 5582 2173 5629 et
2198 5573 2510 5643 patientiam
2537 5572 2663 5644 (sive
2686 5570 2896 5644 spem);
2921 5578 2976 5625 et
3002 5568 3326 5624 invocabitis
3342 5583 3453 5636 me,

1870 5686 1887 5719 ι
1909 5675 1985 5722 ‘et
2006 5666 2150 5722 ibitis
2163 5660 2287 5738 (sive
2307 5664 2459 5733 iuxta
2474 5663 2850 5735 Symmachum
2874 5659 3180 5731 invenietis)
3195 5668 3248 5714 et
3269 5658 3456 5714 orabi-

1869 5782 1886 5813 s
1934 5762 2004 5815 tis
2030 5775 2136 5825 me,
2153 5767 2208 5816 et
2230 5757 2517 5817 exaudiam
2533 5774 2659 5815 vos:
2677 5755 2934 5828 quaeretis
2955 5769 3041 5811 me
3062 5760 3116 5809 et
3138 5752 3450 5817 inveniens,
