3926 6318
472 268 612 327 1019

1114 271 1175 326 Β.
1212 265 1471 327 RABANI
1505 264 1726 325 MAURI
1765 268 2083 327 ARCHIEP.
2123 258 2739 327 MOGUNT.OPERUM
2773 265 2955 322 PARS
2983 268 3070 324 ill.

3628 272 3770 329 {030

477 401 497 435 ι
539 396 664 438 cum
693 377 1017 453 quaesieritis
1048 396 1137 438 me
1166 381 1219 436 in
1250 387 1365 435 toto
1399 382 1565 437 corde
1588 390 1794 447 vestro,
1823 392 1880 438 et
1909 383 2064 437 inve-
2092 385 2146 445 Α
2176 400 2196 433 ο
2244 388 2382 448 tens,
2406 388 2462 437 et
2484 396 2591 437 non
2613 381 2863 448 audistis,
2886 381 3019 438 dicit
3047 382 3327 441 Dominus.
3352 387 3466 443 Vos
3499 399 3633 460 ergo
3665 404 3767 443 au-

477 493 497 527 t
546 474 669 528 niar
691 488 721 531 a
743 472 897 528 vobis
925 472 1052 545 (sive
1073 472 1346 545 apparebo
1361 471 1565 545 vobis),
1584 472 1716 529 dicit
1736 473 2018 529 Dominus.
2041 493 2059 527 ι

470 566 669 633 Nolite,
714 566 911 637 inquit,
940 567 1164 622 credere
1190 564 1714 637 pseudoprophetis,
1764 566 1965 622 divinis
2011 574 2065 622 et

469 658 897 716 somniatoribus
929 659 1145 723 vestris,
1171 656 1261 728 qui
1288 657 1442 714 vobis
1474 657 1710 713 vicinum
1730 658 1785 713 in
1809 655 2067 713 Hierusa-

468 750 576 808 lem
609 751 843 815 reditum
879 749 1207 820 pollicentur
1231 764 1247 805 :
1272 750 1375 806 nisi
1403 751 1549 806 enim
1572 753 1913 823 septuaginta
1936 733 2063 808 anni

468 834 671 913 expleti
694 838 933 907 fuerint,
965 840 1109 913 Cyro
1153 856 1280 914 rege
1319 841 1615 897 Persarum
1650 851 1777 898 ante
1819 844 2065 914 captivos

467 933 801 1001 remittente,
832 946 1175 1005 nequaquam
1216 935 1272 989 in
1305 936 1541 1006 patriam
1576 935 1923 990 revertemini
1958 952 1970 989 :
2010 944 2068 991 et

466 1032 598 1081 tunc
628 1023 682 1080 in
717 1039 779 1081 ea
805 1025 1074 1095 promissa
1114 1024 1427 1096 complebo,
1465 1032 1526 1080 ut
1558 1026 1813 1082 reducam
1853 1042 1951 1082 vos
1994 1027 2062 1083 ad

464 1109 644 1172 locum
676 1115 875 1172 istum?
902 1114 1016 1188 Ego
1044 1117 1189 1172 enim
1226 1116 1340 1171 scio
1366 1112 1761 1188 cogitationes,
1800 1135 1938 1190 quas
1972 1135 2064 1176 eo-

465 1207 579 1281 gito
610 1222 773 1279 super
800 1223 929 1275 vos,
976 1208 1053 1263 ait
1076 1205 1356 1285 Dominus.
1395 1228 1415 1262 »
1452 1207 1524 1265 Se
1563 1210 1696 1275 dicit
1730 1227 1891 1268 nosse
1932 1213 2063 1284 quid

464 1298 703 1370 cogitet:
730 1312 851 1355 anS
893 1308 1074 1355 autem
1116 1315 1239 1355 cum
1280 1299 1392 1356 suis
1432 1302 1743 1373 prophetis,
1783 1304 1982 1360 divinis
2010 1312 2066 1360 et

462 1392 892 1449 somniatoribus
927 1395 1202 1467 ignorare.
1248 1394 1582 1458 Futurorum
1623 1397 1790 1468 igitur
1833 1398 2061 1454 scientia

462 1483 563 1540 soli
597 1485 709 1540 Deo
734 1486 1029 1556 competit:
1068 1504 1088 1538 ‹
1122 1486 1194 1543 Ut
1214 1485 1337 1543 dem
1370 1487 1544 1554 vobis,
1574 1496 1667 1553 ait,
1694 1488 1855 1542 linem
1882 1498 1937 1543 et
1968 1504 2063 1559 pa-

462 1574 748 1630 tientiam:
784 1595 803 1627 ‹
849 1575 1011 1631 linem
1057 1578 1419 1647 captivitatis,
1464 1587 1520 1634 et
1556 1579 1875 1651 patientiam
1914 1578 2064 1637 labo-

462 1677 582 1719 rum
614 1665 995 1735 praesentlnnt,
1034 1667 1149 1722 sive
1177 1682 1327 1738 spem
1366 1667 1697 1724 futurorum.
1724 1668 1878 1727 Tunc
1903 1671 2060 1727 invo-

2179 489 2200 524 α
2244 472 2355 529 dite
2393 469 2619 528 verbum
2664 473 2896 538 Domini,
2938 474 3118 529 omnis
3158 478 3572 550 transmigratio
3599 494 3768 550 quam

2183 582 2196 616 ι
2242 564 2399 621 emisi
2444 563 2512 618 de
2545 562 2884 620 Hierusalem
2931 565 2986 619 in
3029 564 3378 637 Babylonem.
3408 588 3426 621 ι
3457 584 3522 626 +
3554 584 3617 628 +
3648 569 3771 627 Hoc

2172 669 2341 725 usque
2356 654 2409 709 in
2426 653 2573 713 LXX
2596 670 2703 710 non
2722 654 3119 727 babenturquac
3141 657 3421 715 asteriscis
3442 661 3770 731 praenotavi,

2170 752 2367 822 Caetera
2392 748 2537 803 enim
2571 748 2627 802 in
2658 748 2856 817 quibus
2882 747 2969 803 vel
3002 747 3203 819 singuli
3230 763 3449 816 versus,
3482 752 3568 807 vel
3595 766 3769 822 pauca

2169 839 2238 895 ab
2260 816 2341 894 eis
2365 816 2733 909 prtetermissa
2765 848 2892 894 sunt
2912 816 3300 906 verba,'victus
3324 840 3484 896 taedio
3504 816 3769 898 annotane

2166 931 2337 997 nolui,
2366 947 2434 987 ne
2455 932 2733 987 fastidium
2762 931 2960 1003 legenti
2976 930 3233 988 facerem.
3256 931 3558 989 Pollicetur
3582 942 3765 989 autem

2166 1024 2428 1080 Dominus
2456 1024 2561 1089 his,
2586 1024 2677 1093 qui
2696 1030 2853 1079 erant
2872 1024 2925 1076 in
2952 1025 3446 1095 transmigratione,
3472 1024 3620 1095 quod
3645 1035 3767 1094 post

2165 1117 2506 1187 septuaginta
2548 1130 2720 1170 annos
2764 1114 3097 1186 captivitatis
3146 1116 3328 1171 redire
3360 1131 3455 1171 eos
3488 1115 3659 1171 faciat
3700 1118 3765 1171 de

2165 1200 2437 1262 universis
2458 1207 2737 1278 gentibus,
2757 1205 2825 1261 de
2849 1206 3059 1261 cunctis
3079 1206 3237 1270 locis,
3267 1206 3335 1261 ad
3356 1221 3478 1277 quae
3497 1206 3766 1277 expulerit

2165 1314 2279 1365 eos,
2302 1308 2359 1355 et
2377 1300 2694 1370 captivitate
2717 1299 2899 1353 laxata
2918 1298 3206 1369 pristinum
3230 1308 3429 1354 statum
3452 1309 3507 1352 et
3529 1299 3762 1369 patriam

2166 1370 2425 1460 recipere.
2460 1390 2528 1444 Et
2556 1405 2678 1444 cum
2707 1404 2807 1460 ego
2835 1389 2971 1453 haec,
3004 1388 3199 1459 inquit,
3233 1404 3353 1443 mea
3376 1399 3567 1459 sponte
3591 1388 3767 1442 factu-

2163 1496 2260 1536 rus
2294 1481 2417 1547 sim,
2449 1489 2503 1535 et
2530 1487 2680 1536 certo
2714 1490 2953 1549 tempore
2980 1480 3251 1534 redituros
3275 1495 3403 1544 vos,
3440 1478 3645 1533 frustra
3672 1480 3765 1534 de-

2164 1571 2430 1643 cipimini,
2455 1579 2511 1628 et
2531 1572 2735 1643 putatis
2757 1586 2858 1626 vos
2872 1564 3075 1626 habere
3091 1570 3383 1642 prophetas
3396 1573 3449 1625 in
3463 1571 3760 1642 Babylone,

2166 1663 2259 1733 qui
2288 1662 2442 1718 vobis
2468 1661 2601 1718 falsa
2639 1663 2967 1732 promittunt
2994 1679 3005 1715 :
3040 1661 3115 1715 ita
3141 1670 3320 1715 autem
3348 1662 3533 1716 sciatis
3558 1663 3765 1732 nequa-

462 1756 659 1813 cabitis
684 1772 771 1813 me
793 1766 847 1814 et
867 1758 1017 1815 ibitis
1041 1759 1379 1825 Hierusalem
1411 1772 1465 1817 et
1499 1765 1759 1831 orabitis,
1804 1775 1858 1822 et
1896 1782 2053 1823 exau-

2166 1772 2327 1828 quam
2343 1756 2702 1827 vosgreditum
2734 1771 2879 1810 nunc
2904 1770 3125 1827 sperare
3147 1756 3363 1821 debere,
3380 1756 3471 1812 sed
3487 1757 3764 1813 mdiﬁcare

463 1847 610 1903 diam
636 1864 751 1905 vos.
776 1848 937 1906 Certe
965 1852 1171 1922 absque
1205 1853 1548 1910 invocatione
1583 1863 1639 1911 et
1665 1858 1912 1914 oratione
1926 1874 2057 1930 cap-

462 1940 697 1997 tivorum
727 1954 942 2014 poterat
968 1946 1194 2017 implere
1223 1946 1484 2004 Dominus
1528 1952 1672 2021 quod
1693 1953 2055 2023 promiserat:

460 2035 557 2092 sed
584 2037 837 2093 hortatur
862 2054 957 2095 eos
989 2041 1057 2095 ad
1091 2056 1301 2111 preces,
1326 2052 1386 2099 ut
1418 2046 1562 2114 quod
1608 2048 1939 2116 promissum
1975 2056 2061 2104 est

461 2138 774 2185 mereantur
803 2133 1073 2203 accipere.
1109 2153 1127 2186 ‹
1169 2134 1440 2203 Quaeretis
1487 2147 1543 2193 et
1590 2140 1880 2197 invenietis
1938 2157 2056 2209 me,

460 2233 586 2276 cum
604 2220 929 2290 quaesieritis
958 2240 1047 2280 me
1070 2225 1124 2279 in
1154 2233 1265 2281 toto
1291 2231 1455 2284 corde
1476 2240 1678 2293 vestro,
1705 2252 1724 2285 ›
1747 2231 1905 2300 juxta
1928 2234 2060 2288 illud

460 2310 739 2383 Evangelii
762 2329 776 2368 :
806 2333 823 2365 ι
843 2314 1021 2373 Petite
1040 2327 1095 2372 et
1114 2320 1412 2390 accipietis,
1430 2324 1656 2391 quaerite
1676 2332 1731 2379 et
1751 2325 2060 2394 invenietis,

460 2403 675 2475 pulsate
705 2414 760 2459 et
795 2407 1071 2477 aperietur
1095 2408 1250 2464 vobis
1284 2410 1502 2482 (Matth.
1536 2413 1657 2484 vn).
1694 2435 1712 2468 ι
1749 2413 2060 2474 Secundum

460 2508 740 2566 anagogen
774 2488 962 2551 tandiu
1001 2498 1056 2552 in
1089 2500 1271 2555 saeculi
1321 2501 1486 2569 hujus
1523 2504 1844 2561 confusione
1879 2522 2061 2564 versa-

461 2598 607 2649 mur,
642 2585 881 2654 quandiu
921 2588 1168 2658 requiem
1197 2593 1491 2661 septenarii
1516 2596 1729 2651 numeri
1753 2613 2068 2655 mercamur

460 2676 745 2747 accipere:
789 2684 842 2733 et
867 2688 1088 2750 accepta
1128 2683 1447 2752 paenitentia
1477 2684 1617 2740 Deus
1654 2686 1876 2757 impleat
1918 2691 2063 2759 quod

458 2774 732 2844 promisit,
768 2782 840 2830 .ct
885 2776 1211 2833 retineamur
1256 2780 1322 2835 ad
1361 2781 1539 2835 locum
1584 2791 1831 2838 nostrum
1877 2784 2063 2840 Eccle-

462 2866 621 2937 siam.
653 2865 863 2922 Idcirco
889 2870 1036 2923 enim
1056 2869 1317 2927 Dominus
1354 2882 1644 2943 percutere
1679 2874 1830 2930 visus
1858 2886 1974 2940 est,
2004 2882 2065 2930 ut

461 2946 721 3014 sanaret:
750 2958 1009 3030 dabitque
1040 2959 1198 3017 nobis
1244 2962 1403 3019 finem
1437 2964 1641 3020 laboris
1678 2966 1850 3021 nostri
1902 2974 2065 3037 atque

460 3049 779 3120 patientiae,
831 3060 887 3105 et
934 3051 1310 3110 invocabimus
1358 3070 1482 3110 eum
1532 3064 1589 3111 et
1632 3065 1972 3113 revertemur
2008 3060 2060 3113 in

2164 1851 2376 1917 domos,
2395 1851 2638 1920 plantare
2650 1850 2919 1921 pomaria,
2936 1851 3185 1922 accipere
3207 1866 3406 1907 uxores
3424 1862 3477 1907 et
3492 1866 3759 1923 generare

2164 1944 2325 2011 filios,
2353 1954 2410 2001 et
2439 1944 2787 2015 multiplicari
2814 1961 3043 2001 numero
3064 1985 3079 2010 ,
3110 1952 3167 2011 et
3199 1953 3410 2016 tempus
3437 1955 3759 2017 exspectare

2163 2038 2511 2110 promissum.
2544 2038 2742 2093 Audite
2774 2035 2901 2107 quid
2931 2037 3194 2093 Dominus
3226 2036 3471 2106 loquatur
3499 2036 3765 2116 adVSede-

2164 2133 2368 2199 chiam,
2395 2132 2487 2203 qui
2518 2147 2662 2186 nunc
2686 2139 2878 2202 regnat
2906 2132 2961 2189 in
2992 2130 3330 2185 Hierusalem
3348 2169 3365 2195 ,
3392 2140 3445 2185 et
3464 2132 3531 2185 ad
3566 2146 3763 2188 omnes

2165 2224 2500 2279 habitatores
2526 2223 2677 2277 urbis
2704 2222 2883 2293 hujus,
2910 2222 2963 2277 id
2984 2231 3068 2277 est
3092 2224 3159 2277 ad
3186 2221 3383 2277 fratres
3411 2232 3641 2289 vestros,
3670 2224 3763 2293 qui

2164 2316 2455 2372 noluerunt
2479 2316 2702 2371 obedire
2728 2330 2863 2371 mea:
2889 2306 3197 2381 sententiae,
3222 2323 3278 2370 et
3304 2315 3629 2385 Babylonem
3662 2316 3763 2372 mi-

2164 2429 2325 2487 grare
2350 2414 2652 2478 vobiscum,
2679 2415 2822 2485 quod
2851 2398 3194 2485 nequaquam
3233 2416 3597 2485 captivitatem
3629 2430 3761 2486 pos-

2164 2506 2275 2561 sint
2302 2504 2561 2577 ell‘ugere,
2587 2506 2680 2560 sed
2703 2505 2900 2575 gladio.
2922 2514 2978 2561 et
2995 2506 3157 2569 fame,
3183 2514 3239 2562 et
3258 2515 3406 2577 peste
3430 2508 3759 2563 moriantur.

2171 2615 2190 2648 ‹
2209 2597 2485 2667 Etponam
2499 2611 2592 2651 eos
2617 2597 2771 2667 quasi
2800 2596 2935 2651 ficus
2961 2596 3184 2659 malas,»
3203 2614 3339 2668 quas
3355 2598 3655 2655 Tbeodotio
3683 2602 3763 2655 in-

2164 2694 2497 2756 terpretatus
2516 2696 2600 2742 est
2624 2688 2904 2753 sudrinas;
2921 2687 3192 2754 Secunda,
3206 2691 3456 2760 pessimus
3473 2707 3490 2755 ;
3516 2690 3764 2762 Symma-

2165 2779 2298 2833 chus
2326 2778 2666 2843 novissimus,
2696 2794 2817 2849 qute
2853 2778 3123 2835 Hebraice
3168 2781 3503 2851 appellantur
3536 2790 3760 2850 Dt'mv'.

2168 2870 2273 2927 Sed
2306 2862 2788 2937 scriptorum‘vilio
2812 2887 2909 2942 pro
2932 2872 3106 2927 media
3128 2873 3335 2944 syllaba
3372 2874 3484 2929 sive
3520 2874 3705 2931 littera
3730 2900 3762 2933 α

2166 2962 2415 3019 Graecum
2472 2963 2502 3020 δ
2572 2963 2814 3027 inolevit,
2878 2974 2938 3018 ut
2978 2980 3077 3034 pro
3140 2968 3342 3021 suarim
3405 2968 3612 3040 legatur
3676 2988 3763 3024 su-

2164 3053 2326 3107 drim.
2369 3054 2649 3122 Quomodo
2705 3062 2883 3111 autem
2942 3056 3245 3126 cophinus,
3310 3058 3424 3114 sive
3470 3059 3759 3123 calathus,

461 3144 761 3201 Ecclesiam
781 3186 796 3212 ,
824 3152 881 3200 et
918 3147 1200 3204 orahimus
1236 3158 1292 3205 et
1330 3150 1717 3208 exaudiemur:
1750 3167 2060 3223 quaeremus
2087 3145 2257 3217 C-qui
2283 3144 2516 3201 habebat
2541 3144 2675 3201 ﬁcus
2700 3147 2892 3213 bonas,
2919 3148 3226 3219 primitivas
3252 3148 3505 3205 habuisse
3520 3151 3759 3207 dicitur:

461 3244 519 3291 et
549 3236 887 3293 inveniemus
913 3253 1058 3305 eum,
1092 3256 1216 3296 cum
1247 3257 1315 3297 ex
1343 3251 1459 3298 toto
1479 3245 1644 3299 corde
1683 3246 2061 3314 quaesierimns

461 3328 638 3396 illum,
674 3339 729 3385 et
752 3339 881 3386 tunc
922 3333 1207 3402 apparebit
1242 3335 1418 3391 nobis.
1448 3332 1679 3402 Quidam
1719 3325 2059 3408 septuaginta

465 3437 640 3481 annos
666 3420 816 3491 iuxta
855 3422 982 3477 illud
1011 3416 1444 3495 interpretantur
1467 3428 1610 3498 quod
1646 3431 1908 3500 scriptum
1940 3439 2056 3486 est:

469 3531 488 3564 ι
521 3512 647 3568 Dies
669 3529 936 3570 annorum
961 3524 1293 3583 nostrorum,
1321 3519 1373 3573 iu
1406 3520 1537 3589 ipsis
1559 3522 1904 3593 septuaginta
1932 3521 2060 3579 anui

464 3601 639 3679 (Psal.
690 3607 937 3680 LXXXIX),
975 3628 993 3660 ι
1025 3608 1118 3681 qui
1160 3625 1282 3666 cum
1330 3610 1531 3667 fuerint
1568 3614 1789 3683 expleti,
1838 3625 1965 3670 tunc
1994 3616 2060 3670 ad

462 3695 754 3753 Dominum
787 3708 1129 3756 revertamur
1158 3702 1209 3757 in
1240 3710 1356 3759 toto
1381 3705 1549 3759 corde
1574 3714 1779 3770 nostro,
1814 3714 1867 3761 et
1897 3690 2063 3762 exau-

465 3789 699 3856 diamur,
737 3799 793 3846 et
810 3790 945 3848 fluis
978 3780 1054 3848 ‘sit
1087 3793 1291 3849 laboris
1342 3796 1515 3851 nostri
1562 3804 1724 3867 atque
1761 3798 2058 3868 patientiae.

463 3878 619 3940 Nunc
656 3885 799 3948 enim
834 3886 889 3942 in
927 3888 1118 3943 umbra
1159 3896 1267 3944 nos
1288 3890 1472 3944 omnia
1507 3898 1563 3945 et
1594 3891 1647 3945 in
1679 3884 1915 3963 imagine
1937 3907 2063 3963 pos-

466 3975 667 4033 sidere.

546 4085 565 4119 ι
610 4066 677 4122 Ει
718 4068 975 4141 reducam
1026 4070 1400 4140 captivitatem
1434 4080 1707 4138 vestram,
1740 4081 1796 4129 et
1835 4088 2063 4145 congre-

473 4178 512 4221 ι
533 4161 672 4230 gabo
701 4175 795 4216 vos
823 4162 887 4217 de
914 4149 1467 4233 universis-gentibus
1502 4172 1557 4219 et
1585 4165 1650 4219 de
1682 4166 1894 4220 cunctis
1926 4164 2062 4222 locis

472 4266 491 4302 α
539 4250 606 4305 ad
636 4266 775 4321 quos
801 4251 980 4323 expuli
1003 4264 1122 4318 vos,
1159 4252 1293 4308 dicit
1318 4254 1611 4319 Dominus,
1641 4264 1695 4309 et
1737 4263 1936 4310 reverti
1963 4268 2064 4313 vos

472 4364 490 4397 ‹
536 4343 733 4400 faciam
762 4345 829 4400 de
848 4344 966 4400 loco
979 4346 1045 4400 ad
1060 4355 1220 4416 quem
1247 4343 1639 4418 transmigrare
1662 4363 1759 4402 vos
1779 4347 1904 4403 feci.
1924 4348 2061 4425 Quia

474 4457 492 4489 ε
538 4432 752 4493 dixistis
779 4437 1117 4497 :_Suscitabit
1165 4438 1322 4494 nobis
1368 4438 1627 4495 Dominus
1669 4440 1966 4511 prophetas
2008 4441 2063 4496 in

2165 3236 2244 3290 sic
2270 3235 2407 3292 alter
2436 3238 2703 3309 c0phinus
2729 3239 2822 3309 qui
2843 3240 3083 3295 habebat
3115 3241 3249 3297 ficus
3293 3242 3483 3308 malas,
3506 3244 3761 3302 habuisse

2165 3325 2300 3382 ficus
2327 3329 2651 3384 novissimas
2680 3332 2956 3386 scribitur.
2981 3332 3048 3386 Et
3080 3348 3396 3402 persequar,
3422 3335 3632 3406 inquit,
3664 3352 3760 3392 eos

2164 3420 2257 3490 qui
2285 3434 2428 3475 nunc
2450 3421 2502 3474 in
2522 3421 2859 3478 Hierusalem
2883 3424 3017 3479 urbe
3042 3433 3350 3490 versantur,
3374 3427 3571 3497 gladio,
3597 3428 3759 3493 fame,

2163 3519 2218 3564 et
2225 3510 2583 3581 pestilentia,
2612 3522 2672 3567 ut
2701 3508 2936 3584 primum
2976 3516 3288 3583 obsidione,
3319 3518 3601 3575 confestim
3621 3561 3635 3583 ,
3669 3522 3760 3590 qui

2165 3607 2452 3683 remanere
2485 3611 2540 3658 et
2566 3604 3113 3676 effugerepotuerint
3138 3609 3520 3680 dispergantur
3549 3612 3602 3666 in
3634 3615 3757 3668 uni-

2164 3710 2350 3750 versas
2375 3704 2570 3762 terras,
2602 3705 2656 3753 et
2683 3699 2933 3770 exemplo
2979 3701 3089 3755 sint
3130 3701 3384 3758 omnibus
3432 3703 3754 3760 maledictio.

2165 3786 2284 3853 nis,
2316 3789 2587 3859 stuporis,
2622 3796 2677 3843 et
2702 3790 2866 3856 sibili,
2901 3799 2955 3846 et
3002 3793 3314 3863 opprobrii,
3364 3795 3435 3851 ad
3478 3810 3618 3865 quos
3660 3812 3759 3869 ego

2163 3878 2379 3950 ejiciam
2431 3895 2529 3935 vos
2578 3882 2705 3952 quia
2760 3897 2869 3938 non
2912 3883 3203 3941 audierunt
3241 3884 3407 3947 verba
3447 3902 3588 3952 mea,
3632 3888 3762 3943 dicit

2165 3972 2450 4039 Dominus,
2482 3987 2602 4043 qua:
2631 3988 2729 4043 per
2754 3988 2943 4030 servos
2972 3991 3122 4032 meos
3151 3976 3365 4032 locutus
3393 3994 3548 4044 sum,
3568 3979 3639 4033 ad
3666 3995 3760 4035 eos

2166 4066 2232 4121 de
2256 4074 2417 4121 nocte
2438 4081 2771 4137 consurgens
2792 4077 2849 4124 et
2873 4069 3115 4136 mittens,
3148 4079 3203 4126 et
3234 4087 3510 4142 nunquam
3540 4088 3759 4128 mouere

2164 4160 2415 4226 cessavi,
2450 4150 2513 4214 ut
2552 4162 2898 4217 imitarentur
2923 4178 3040 4239 vos,
3072 4164 3165 4235 qui
3198 4165 3253 4219 in
3284 4166 3759 4236 trausmigratione

2165 4264 2370 4326 securo
2401 4251 2515 4306 otio
2552 4251 2925 4322 perfruimini,
2976 4255 3147 4311 donec
3201 4256 3495 4326 promissio
3542 4256 3759 4314 Domini

2149 4323 2525 4414 compleatur.
2553 4343 2661 4400 Vos
2698 4354 2880 4401 autem
2902 4386 2917 4412 ,
2952 4348 3047 4417 qui
3079 4323 3218 4402 mete
3244 4349 3512 4405 obedistis
3537 4358 3755 4406 sentcn-

2169 4440 2287 4504 tiae,
2318 4445 2375 4494 et
2403 4440 2517 4510 regi
2546 4454 2645 4494 vos
2687 4438 2984 4509 Babylonio
3021 4440 3356 4507 tradidistis,
3386 4441 3602 4507 audite,
3638 4458 3756 4512 qua

472 4546 491 4579 ‹
534 4526 825 4599 Babylone.
852 4525 981 4583 Haec
1012 4527 1157 4582 enim
1193 4525 1324 4583 dicit
1361 4528 1621 4585 Dominus
1664 4531 1732 4585 ad
1762 4545 1945 4600 regem
1971 4532 2063 4601 qui
2092 4541 2143 4601 Ι)
2171 4533 2414 4589 dicturus
2428 4533 2550 4587 sim.
2570 4533 2636 4586 Et
2656 4532 2709 4587 iu
2733 4532 2839 4589 hoc
2859 4533 2977 4589 loco
3003 4532 3203 4589 delirus
3227 4534 3499 4603 interpres
3526 4534 3758 4603 somniat

474 4636 493 4672 ι
537 4620 687 4673 sedet
705 4619 1082 4688 supersolium
1096 4618 1262 4673 David
1284 4627 1341 4675 et
1360 4621 1428 4675 ad
1450 4636 1667 4676 omnem
1689 4623 1945 4693 populum
1971 4625 2064 4679 ha-

475 4732 493 4764 ‹
535 4710 826 4774 bitatorem
858 4710 1008 4766 urbis
1054 4709 1235 4779 hujus,
1263 4719 1334 4776 et
1376 4708 1442 4765 ad
1484 4712 1684 4769 fratres
1710 4724 1943 4780 vestros,
1970 4716 2063 4786 qui

477 4822 496 4856 ι
545 4820 651 4859 non
681 4812 808 4860 sunt
835 4798 1067 4875 ingressi
1094 4802 1373 4859 vobiscum
1402 4805 1457 4859 in
1499 4794 2074 4880 transmigrationem.

477 4915 496 4948 ι
542 4896 669 4951 Haec
696 4895 827 4949 dicit
856 4892 1118 4949 Dominus
1142 4897 1481 4952 exercituum
1510 4918 1523 4951 :
1550 4897 1690 4955 Ecce
1714 4914 1816 4972 ego
1848 4901 2065 4956 mittam

479 5006 498 5039 ‹
547 4988 599 5042 in
624 5003 720 5043 eos
755 4985 990 5059 gladium
1008 5027 1021 5049 ,
1066 4986 1261 5041 famem
1282 5029 1295 5053 ,
1322 4998 1377 5044 et
1406 4998 1637 5061 pestem,
1661 4999 1717 5047 et
1745 4984 1940 5062 ροηδῶ
1962 5009 2066 5049 eos

479 5102 498 5135 ι
544 5082 698 5151 quasi
721 5080 854 5136 ficus
878 5080 1048 5136 malas
1069 5096 1190 5151 qua:
1216 5084 1425 5138 comedi
1446 5100 1551 5139 non
1580 5092 1822 5155 possunt,
1842 5098 1909 5142 eo
1924 5086 2067 5156 quod

482 5191 500 5225 ι
545 5171 795 5241 pessimae
810 5171 935 5225 sint.
958 5171 1025 5225 Et
1041 5186 1337 5242 persequar
1358 5186 1451 5229 eos
1473 5175 1525 5228 in
1550 5172 1749 5246 gladio,
1771 5186 1828 5231 et
1846 5176 1899 5231 in
1923 5176 2067 5234 fame

483 5282 502 5315 ι
530 5272 601 5319 et
642 5263 695 5318 in
725 5252 1058 5335 pestilentia,
1095 5274 1150 5319 et
1176 5266 1316 5321 dabo
1334 5281 1439 5321 vos
1478 5267 1532 5322 in
1577 5269 1919 5323 vexationem
1946 5269 2068 5326 unl—

484 5378 501 5410 ι
542 5357 718 5423 versis
741 5358 924 5428 regnis
954 5367 1134 5424 terrae,
1165 5359 1217 5413 in
1241 5358 1691 5427 maledictionem,
1713 5368 1769 5417 et
1790 5361 1845 5415 in
1877 5370 2066 5433 stupo-

486 5472 505 5504 ι
548 5465 689 5517 rem,
716 5458 773 5505 et
800 5450 855 5505 in
891 5440 1130 5517 sibilum,
1154 5460 1210 5507 et
1242 5454 1293 5507 in
1322 5452 1669 5523 opprobrium
1697 5453 1909 5509 cunctis
1938 5467 2064 5522 gen-

484 5564 506 5600 t
550 5547 716 5613 tibus,
743 5549 811 5602 ad
830 5562 967 5619 quas
988 5562 1087 5616 ego
1109 5546 1239 5617 ejeci
1265 5564 1381 5613 eos,
1409 5561 1473 5604 eo
1498 5538 1641 5619 (μιοό
1663 5562 1768 5605 non
1794 5548 2068 5604 audierint

488 5657 508 5687 ι
552 5638 716 5694 verba
751 5654 871 5695 mea
894 5679 911 5705 ,
943 5638 1074 5694 dicit
1112 5638 1400 5707 Dominus,
1433 5654 1553 5710 qua:
1578 5640 1701 5695 misi
1740 5638 1807 5701 ad
1844 5654 1939 5695 eos
1972 5653 2069 5710 per

486 5750 508 5790 ι
549 5745 738 5791 servos
761 5746 913 5792 meos
935 5732 1229 5809 prophetas
1245 5734 1310 5792 de
1333 5740 1491 5792 nocte
1516 5746 1848 5810 consurgens
1871 5739 1928 5791 et
1947 5731 2072 5793 mit-

2165 4625 2377 4679 ruinam
2406 4624 2646 4681 caelestis
2691 4623 3027 4680 Hierusalem
3048 4663 3063 4690 ,
3090 4634 3149 4679 et
3191 4625 3385 4680 adeos
3421 4626 3754 4695 prophetiam

2167 4716 2329 4788 dirigi
2364 4716 2692 4787 suspicatur,
2720 4716 2815 4786 qui
2846 4716 2900 4770 in
2930 4714 3091 4784 hujus
3118 4716 3308 4770 mundi
3340 4714 3635 4787 Babylonis
3666 4732 3755 4771 re-

2166 4808 2325 4879 gione
2360 4814 2670 4872 verSantur,
2697 4808 2841 4877 quod
2876 4805 3243 4862 benefecerint
3280 4808 3335 4862 in
3383 4807 3499 4862 haec
3530 4822 3755 4877 corpora

2167 4908 2357 4970 sponte
2388 4898 2740 4965 descendere,
2758 4909 2815 4954 et
2838 4900 2890 4953 in
2925 4908 3065 4955 terra
3091 4897 3469 4954 Chaldaeorum
3489 4899 3755 4956 aedificare

2156 4992 2378 5055 domos,
2414 4992 2660 5063 plantare
2688 4992 2953 5062 pomaria,
2985 4992 3229 5061 accipere
3251 5006 3473 5057 uxores,
3504 4991 3641 5046 ﬁlios
3662 5004 3756 5062 ge-

2168 5097 2394 5149 nerare,
2425 5084 2687 5155 bonisque
2716 5085 2972 5155 operibus
3014 5086 3224 5140 restitui
3256 5094 3381 5156 post
3420 5087 3752 5157 septuaginta

2172 5191 2343 5231 annos
2365 5178 2419 5231 in
2441 5176 2616 5231 locum
2643 5176 2929 5248 pristinum
2955 5184 3009 5231 et
3030 5176 3083 5231 in
3105 5176 3385 5233 celestem
3399 5175 3746 5242 Hierusalem,

2158 5267 2291 5323 illos
2317 5277 2493 5323 autem
2532 5270 2624 5339 qui
2655 5268 2927 5324 noluerint
2968 5269 3186 5339 prepria
3209 5268 3490 5323 voluntate
3530 5269 3594 5323 ad
3638 5278 3749 5323 ter-

2170 5376 2302 5417 rena
2332 5359 2661 5417 descendere
2683 5366 2798 5416 haec
2824 5374 3109 5431 passuros,
3141 5374 3261 5431 qua!
3287 5358 3550 5416 Dominus
3588 5358 3751 5415 Sede-

2173 5452 2309 5510 chia
2332 5462 2387 5509 et
2413 5452 2530 5521 ejus
2550 5453 2747 5523 populo
2775 5452 3175 5520 comminatur,
3198 5451 3291 5522 qui
3326 5450 3594 5513 noluerint
3635 5450 3753 5506 imi-

2173 5547 2278 5602 tari
2310 5545 2509 5600 fratres
2548 5556 2839 5610 suos,.nec
2863 5540 3060 5599 venire
3210 5542 3539 5616 Babylonem
3560 5584 3576 5609 ,
3609 5538 3751 5613 quod

2176 5637 2355 5694 mittat
2392 5637 2446 5692 in
2481 5651 2577 5693 eos
2612 5635 2883 5707 gladium,
2925 5634 3149 5699 famem,
3188 5643 3244 5690 et
3268 5643 3511 5705 pestem,
3538 5634 3637 5688 hoc
3669 5637 3752 5687 est

2176 5745 2363 5793 rerum
2386 5730 2634 5790 omnium
2653 5729 2957 5805 [nunt-iam,
2980 5735 3037 5787 et
3058 5735 3227 5807 ponet
3240 5727 3404 5802 quasi
3420 5726 3559 5787 ﬁcus
3577 5722 3749 5801 possi-
