3926 6320
158 293 297 350 1021

1079 281 1442 343 EXPOSITIO
1482 281 1711 343 SUPER
1746 279 2117 342 JEREMIAM.
2157 302 2228 327 -ε
2259 284 2388 344 LIB.
2427 285 2514 346 XI.

3292 298 3437 359 1022

158 432 303 479 mas,
340 425 461 483 qua:
480 408 697 481 penitus
730 407 942 464 comedi
969 422 1074 463 non
1100 414 1345 476 possunt.
1368 406 1435 461 Et
1459 419 1749 477 persequa-
1774 402 1827 466 Α
1851 420 2012 475 grege
2038 406 2243 463 similes
2277 408 2463 473 Achab
2494 419 2550 467 et
2586 410 2864 470 Sedecbia:
2888 416 3213 487 prophetam
3240 418 3295 474 in
3334 435 3432 477 no»

160 518 252 564 tur
280 520 374 561 eos
402 502 582 572 gladio
605 501 953 572 sempiterno,
985 507 1042 553 et
1069 499 1162 552 det
1184 497 1239 552 in
1262 500 1605 554 vexationem
1628 496 1748 551 uni-

158 598 339 653 versis
361 595 545 665 regnis
568 603 753 659 terrae,
777 608 886 664 quo
902 590 1459 660 scilicetnequaquam
1478 591 1746 653 homines,

158 689 258 745 sed
286 688 560 745 daemones
606 685 736 740 ﬁant
779 683 942 738 aeria:
978 689 1309 752 potestates,
1358 689 1413 736 et
1455 682 1563 736 sint
1605 678 1750 749 apud

158 787 390 837 cunctos
429 778 680 850 angelos,
713 776 805 845 qui
845 774 1067 845 praesint
1105 773 1332 844 singulis
1367 772 1663 842 provinciis
1692 770 1749 825 in

162 871 604 927 nialcdictionem
620 868 745 922 etin
761 875 1057 937 stuporem,
1081 874 1136 920 et
1158 865 1213 920 in
1235 864 1471 929 sibilum,
1502 866 1632 920 etin
1652 879 1749 934 0p-

159 964 442 1035 probrium
462 959 674 1017 cunctis
694 959 964 1030 gentibus.
1087 958 1189 1012 hoc
1211 972 1306 1012 eos
1333 955 1535 1012 idcirco
1556 948 1749 1027 passu—

160 1072 274 1121 ros,
304 1056 431 1126 quia
468 1054 635 1109 verba
664 1053 1051 1123 prophetarum
1085 1051 1137 1105 in
1174 1049 1380 1105 caelesti
1412 1049 1749 1105 Hierusalem

160 1149 353 1204 audire
380 1146 674 1208 noluerint,
717 1145 810 1215 qui
830 1158 925 1199 eos
944 1142 1325 1207 hortabantur,
1354 1150 1415 1197 ut
1435 1142 1502 1195 ad
1533 1150 1748 1197 terrena

160 1239 596 1304 descenderent,
623 1245 680 1291 et
712 1249 909 1305 corpus
942 1232 1266 1289 humilitatis
1293 1241 1668 1297 assumerent,
1695 1240 1751 1287 et

159 1344 281 1390 acta
305 1333 642 1405 paenitudine
664 1337 787 1401 post
806 1342 995 1383 verum
1022 1326 1410 1382 sabbatismum
1440 1325 1616 1382 locum
1638 1325 1752 1397 pri-

159 1426 367 1481 stinum
406 1423 770 1494 possiderent.
806 1418 933 1474 Haec
971 1416 1060 1472 ille
1094 1417 1324 1482 dixerit,
1348 1431 1469 1486 qua:
1492 1432 1615 1473 cum
1647 1432 1747 1470 au-

159 1516 317 1571 diunt
344 1514 622 1586 discipulis
650 1513 799 1583 ejus,
829 1520 885 1566 et
910 1509 1241 1565 Grunnianm
1276 1507 1471 1564 fabulae
1507 1516 1749 1563 stercora

158 1619 357 1679 putant
401 1623 461 1664 se
493 1607 675 1663 divina
719 1604 909 1660 audire
937 1603 1217 1675 mysteria.
1244 1599 1352 1654 Nos
1401 1614 1616 1669 quoque
1658 1598 1751 1667 qui

158 1703 267 1758 ista
281 1700 680 1758 contemnimus
698 1697 853 1770 quasi
868 1712 967 1768 pro
979 1694 1155 1751 brutis
1170 1693 1374 1748 habent
1386 1690 1753 1744 animantibus

1850 498 1995 553 mine
2038 498 2252 554 Domini
2302 503 2661 570 mendacium,
2701 516 2759 562 et
2808 506 3018 563 faciunt
3065 502 3349 565 stultitiam
3380 512 3436 567 in

1847 587 2034 654 Israel,
2066 598 2123 645 et
2155 590 2496 647 mmchantur
2520 611 2719 651 uxores
2747 597 2947 652 civium
2988 613 3233 665 suorum,
3262 599 3437 670 quiin

1847 679 2036 735 eadem
2069 679 2325 737 Ecclesiae
2363 694 2489 738 sunt
2516 686 2649 741 urbe
2668 690 2909 759 generati
2933 691 2947 743 ι
2989 705 3127 759 quos
3152 704 3319 745 verus
3337 682 3445 749 Na-

1848 771 2264 830 buchodonosor
2289 772 2448 848 friget
2467 778 2520 833 in
2544 779 2665 850 igne
2688 783 2919 850 peccati,
2937 783 3150 841 dicente
3166 781 3305 840 Osee
3318 798 3441 856 pro-

1849 864 2039 933 pheta:
2076 886 2093 917 ι
2121 865 2323 923 Omnes
2363 868 2730 925 adulterantes
2760 872 2913 940 quasi
2941 872 3190 929 clibanus
3215 889 3441 931 succen-

1851 968 1943 1008 sus
1985 971 2015 1008 a
2058 966 2325 1027 coquente
2356 954 2501 1029 (Ose.
2545 959 2664 1030 vit).
2691 982 2709 1013 ι
2755 960 2904 1018 Felix
2951 964 3039 1032 qui
3075 964 3212 1019 tollit
3249 965 3438 1036 juguin

1852 1043 1920 1099 ab
1948 1042 2309 1102 adolescentia
2332 1036 2430 1103 sua
2458 1058 2515 1104 et
2554 1052 2706 1105 sedet
2734 1049 2899 1118 solus,
2948 1055 3039 1123 qui
3083 1055 3444 1111 amaritudine

1851 1133 2089 1204 repletus
2118 1144 2219 1201 est,
2248 1147 2534 1210 potestque
2559 1141 2739 1198 dicere
2759 1158 2882 1198 cum
2899 1143 3068 1199 David
3098 1161 3111 1199 :
3138 1163 3155 1196 ι
3186 1142 3302 1199 Non
3328 1143 3444 1199 sedi

1852 1224 1908 1280 in
1934 1227 2163 1283 concilio
2191 1228 2617 1299 malignantium,
2657 1243 2860 1289 etcum
2908 1234 3091 1306 iniqua
3133 1233 3447 1306 gerentibus

1852 1333 1960 1374 non
1994 1319 2228 1375 introibo
2249 1317 2420 1393 (Psal.
2438 1323 2596 1393 xxv).
2622 1344 2639 1376 ι
2668 1325 2927 1396 Quodque
2948 1326 3129 1382 intulit
3153 1341 3296 1381 nunc
3324 1341 3448 1396 pro-

1851 1408 2046 1479 pheta:
2084 1430 2102 1462 ι
2148 1410 2261 1483 Ego
2302 1427 2421 1467 sum
2450 1410 2617 1482 judex
2643 1422 2697 1468 et
2723 1416 2895 1480 testis,
2922 1415 3053 1473 dicit
3107 1414 3387 1480 Dominus,
3424 1433 3441 1466 ι

1854 1501 1998 1557 hunc
2018 1502 2179 1558 habet
2197 1518 2445 1559 sensum:
2474 1503 2601 1561 Hmc
2620 1520 2740 1575 qua:
2759 1506 2879 1561 dico
2900 1499 2965 1561 de
2986 1505 3194 1561 duobus
3216 1504 3448 1575 pseudo-

1852 1593 2152 1663 prophetis,
2205 1595 2299 1665 qui
2352 1594 2645 1665 loquuntur
2690 1597 2916 1652 verbum
2956 1596 3011 1651 in
3042 1595 3278 1660 nomine
3325 1605 3447 1649 meo

1857 1682 2212 1749 mendaciter,
2245 1685 2388 1755 quod
2417 1688 2935 1764 non‘mandaveram
2968 1686 3065 1750 eis,
3100 1699 3442 1755 nequaquam

156 1804 213 1849 et
237 1802 437 1849 vocant
462 1793 838 1852 πηλουσιὼτας,
869 1804 934 1842 eo
961 1786 1105 1857 quod
1140 1786 1195 1840 in
1226 1785 1338 1839 luto
1367 1782 1524 1838 istius
1549 1796 1746 1853 corpo-
1774 1776 1823 1836 B
1850 1773 2105 1843 ορίηίοηθ
2125 1776 2372 1846 εοειιονί,
2390 1778 2483 1832 8θά
2508 1777 2621 1848 ipse
2638 1778 2752 1833 86ίο
2775 1793 2903 1833 Vera
2920 1792 3062 1843 8558.
3088 1792 3248 1848 ίιυεηι
3274 1777 3452 1833 Celare

158 1886 238 1941 ris
270 1883 579 1948 constituti;
599 1898 705 1937 non
734 1894 1030 1951 possumus
1061 1877 1263 1933 sentire
1285 1876 1551 1932 caelestia.

239 1992 258 2025 ι
297 1974 423 2029 lites
457 1972 590 2028 dicit
625 1971 887 2027 Dominus
910 1968 1265 2031 exercituum,
1292 1966 1434 2021 Deus
1459 1962 1645 2025 Israel.
1686 1964 1756 2021 ad

162 2083 185 2116 ε
219 2064 409 2120 Achab
438 2062 604 2117 ﬁlium
637 2058 862 2123 Chuliae,
889 2068 943 2115 et
969 2059 1036 2113 ad
1063 2057 1380 2114 Sedechiam
1410 2056 1580 2111 ﬁlium
1606 2055 1755 2109 Maa-

152 2175 183 2209 ι
218 2157 339 2221 size,
369 2155 461 2226 qui
492 2154 817 2225 prophetam
843 2150 993 2207 vobis
1024 2151 1077 2205 in
1120 2149 1337 2205 nomine
1366 2164 1487 2205 meo
1533 2146 1753 2203 menda-

165 2265 185 2299 ι
224 2248 391 2303 citer:
425 2246 564 2301 Ecce
586 2259 686 2314 ego
706 2243 916 2297 tradam
936 2256 1037 2295 eos
1055 2242 1107 2295 in
1134 2256 1297 2295 manu
1328 2238 1755 2293 Nabuchodono-

162 2358 184 2392 ι
220 2354 316 2395 sor
328 2338 470 2408 regis
494 2333 800 2405 Babylonis,
819 2332 1249 2403 etpercutieteos
1271 2332 1323 2385 in
1343 2329 1513 2385 oculis
1532 2328 1752 2383 vestris:

164 2438 185 2480 ι
217 2436 275 2483 et
299 2434 606 2483 assumetur
628 2439 693 2479 ex
714 2421 1115 2479 eismaledicu'o
1139 2421 1287 2476 omni
1325 2418 1757 2491 transmigratio-

164 2538 185 2573 ι
219 2521 277 2575 ni
314 2519 483 2581 Judsc.
539 2534 658 2589 quae
681 2526 765 2573 est
811 2518 866 2572 in
903 2510 1173 2586 Babylone
1209 2516 1535 2571 dicentium:
1586 2515 1757 2571 Ponat

164 2629 185 2663 ι
228 2617 285 2665 te
309 2608 571 2679 Dominus
605 2610 743 2664 sicut
780 2608 1121 2672 Sedechiam,
1146 2616 1200 2663 et
1225 2608 1363 2691 sicpt
1390 2607 1599 2673 Achab,
1620 2620 1755 2691 quos

164 2718 185 2753 ι
223 2677 378 2755 frixit
412 2714 510 2757 rex
536 2700 824 2771 Babylonis
854 2701 905 2754 in
938 2700 1079 2771 igne.
1109 2699 1217 2755 Pro
1242 2677 1322 2755 eo.
1341 2701 1485 2770 quod
1514 2677 1757 2756 fecerunt

165 2812 187 2846 ι
226 2793 514 2850 stultitiam
542 2794 667 2866 (sive
712 2792 1076 2865 iniquitatem)
1109 2792 1161 2847 in
1187 2792 1371 2857 Israel,
1399 2800 1457 2847 et
1499 2792 1755 2847 moechati

165 2903 186 2937 ι
222 2892 351 2939 sunt
398 2898 598 2938 uxores
648 2883 944 2938 amicorum
979 2882 1116 2955 (sive
1162 2880 1383 2947 civium)
1423 2897 1666 2945 suorum,
1704 2886 1759 2935 et

166 2991 186 3027 ι
226 2972 397 3028 locuti
434 2980 560 3028 sunt
599 2973 824 3028 verbum
875 2972 929 3033 in
976 2971 1195 3027 nomine
1229 2984 1352 3025 meo
1400 2971 1756 3032 mendaciter.

165 3084 186 3117 ι
221 3065 370 3136 quod
400 3079 509 3119 non
540 3063 789 3119 mandavi
819 3064 901 3119 eis
928 3081 939 3117 :
965 3063 1079 3134 Ego
1128 3078 1248 3118 sum
1278 3062 1445 3133 judex
1474 3071 1529 3117 et
1581 3063 1756 3127 testis,

1857 1878 2019 1919 nemo
2052 1872 2247 1936 potest,
2279 1881 2379 1922 nec
2407 1874 2462 1922 et
2489 1867 2724 1937 effugere
2752 1870 2859 1925 mei
2882 1867 3074 1937 judicii
3098 1870 3403 1924 veritatem.

1935 1973 1954 2006 ι
1998 1955 2067 2011 Ει
2091 1957 2157 2012 ad
2185 1956 2453 2014 Semeiam
2485 1958 2858 2015 Neellamitem
2893 1959 3060 2015 dices.
3089 1959 3157 2019 Et
3191 1959 3330 2030 quod
3361 1975 3446 2013 se-

1861 2063 1880 2097 c
1917 2047 2128 2117 quitur:
2151 2047 2275 2103 Haec
2289 2049 2417 2104 dicit
2440 2049 2697 2105 Dominus
2716 2051 3075 2115 exercituum,
3093 2048 3236 2104 Deus
3249 2046 3415 2104 Israel
3434 2066 3448 2104 :

1862 2153 1880 2185 ί
1917 2136 2024 2192 Pro
2054 2128 2118 2193 eo
2146 2139 2291 2209 quod
2336 2140 2531 2194 misisti
2558 2139 2725 2195 libros
2759 2141 2812 2194 in
2846 2140 3063 2196 nomine
3100 2149 3192 2195 tuo
3230 2140 3299 2195 ad
3332 2155 3450 2195 om-

1862 2255 1881 2288 (
1928 2213 2073 2290 nem~
2100 2232 2359 2304 populum
2390 2233 2481 2304 qui
2512 2241 2594 2288 est
2634 2233 2688 2287 in
2736 2231 3095 2301 Hierusalem,
3144 2253 3162 2286 ι
3198 2234 3254 2287 in
3302 2230 3451 2287 LXX

1864 2349 1882 2381 ι
1919 2345 2022 2383 non
2073 2328 2309 2382 habetur.
2345 2324 2677 2397 Rursumque
2724 2325 2974 2381 addidere
3011 2326 3074 2380 de
3114 2343 3210 2381 suo
3237 2340 3255 2379 :
3284 2345 3303 2377 ι
3337 2325 3455 2381 Νοιι

1863 2438 1902 2485 ι,
1928 2418 2049 2473 misi
2073 2426 2125 2472 te
2156 2418 2209 2471 in
2232 2416 2450 2472 nomine
2476 2432 2616 2471 meo.
2646 2436 2665 2467 ι
2695 2413 2763 2469 Et
2796 2426 3169 2487 consequenter
3186 2416 3348 2488 juxta
3369 2432 3456 2469 or—

1863 2530 1882 2563 i
1924 2511 2133 2566 dinem:
2159 2528 2177 2560 ι
2210 2509 2277 2564 Ει
2301 2510 2369 2564 ad
2398 2508 2727 2580 Sophoniam
2757 2499 2923 2562 ﬁlium
2963 2507 3179 2564 Maasiae
3206 2510 3456 2565 sacerdo-

1863 2620 1882 2654 ι
1932 2610 2063 2656 tem.
2097 2620 2115 2652 ι
2137 2599 2204 2653 Et
2230 2600 2419 2654 iterum
2448 2599 2512 2653 de
2543 2597 2801 2654 Hebraeo:
2826 2618 2842 2650 ι
2874 2598 2941 2653 Ει
2963 2600 3031 2653 ad
3063 2613 3252 2655 omnes
3271 2613 3447 2654 sacer-

1865 2712 1883 2746 ‹
1921 2694 2094 2748 dotes.
2118 2712 2137 2744 ι
2164 2692 2243 2746 Ac
2258 2690 2451 2746 deinde
2475 2690 2702 2745 historia
2732 2688 2962 2744 texitur:
2988 2706 3005 2739 ι
3026 2686 3288 2746 Dominus
3311 2686 3459 2743 dedit

1869 2802 1887 2835 ‹
1936 2793 1989 2840 te
2017 2784 2354 2841 sacerdotem
2396 2797 2496 2853 pro
2529 2780 2717 2838 Joiade
2764 2780 3067 2846 sacerdote,
3113 2787 3175 2835 ut
3218 2779 3294 2835 sis
3345 2781 3457 2834 dux

1866 2894 1884 2928 ι
1932 2874 2059 2948 (sive
2110 2874 2443 2946 praeceptor)
2492 2882 2549 2929 et
2572 2874 2878 2943 episcopus,
2932 2875 2987 2927 in
3038 2873 3199 2927 domo
3244 2870 3456 2927 Domini

1866 2987 1884 3020 α
1922 2984 2084 3039 super
2112 2982 2328 3022 omnem
2359 2966 2531 3020 virum
2560 2964 2897 3036 arreptitium
2923 2974 2978 3020 et
3022 2964 3453 3036 prophetantem,

1865 3078 1885 3112 ‹
1936 3070 1996 3114 ιιι
2022 3059 2205 3113 mittas
2233 3072 2355 3111 eum
2394 3057 2449 3111 in
2481 3046 2725 3121 nervum,
2763 3064 2819 3110 et
2844 3056 2897 3110 in
2945 3055 3369 3127 carceremisivc
3399 3053 3456 3109 in

166 3173 188 3209 ι
224 3133 359 3211 dicit
388 3154 659 3209 dominus.
683 3152 885 3209 iAiunt
926 3133 1137 3208 Hebraei
1166 3154 1265 3207 hos
1313 3167 1431 3207 esse
1476 3153 1755 3224 presbyte:
1786 3133 1831 3197 (ἶ
1870 3171 1889 3205 ι
1924 3150 2246 3222 custodiam)
2270 3159 2325 3205 et
2347 3150 2398 3204 in
2425 3157 2733 3205 cataracten
2752 3168 2769 3199 ι
2801 3147 2973 3220 (quem
2998 3146 3342 3219 Symmachus
3365 3148 3459 3219 μό·-

160 3261 258 3303 ros
290 3247 384 3316 qui
416 3245 640 3300 fecerint
668 3245 949 3300 stultitiam
971 3246 1026 3299 in
1059 3244 1246 3311 Israel,
1278 3254 1335 3301 et
1358 3245 1613 3300 mtechati
1634 3251 1760 3313 sunt

160 3351 367 3393 uxores
393 3336 593 3392 civium
621 3350 863 3401 suorum,
894 3350 1123 3405 quorum
1145 3335 1237 3390 uni
1274 3335 1515 3405 loquitur
1536 3334 1754 3389 Daniel:

166 3447 188 3481 ι
229 3427 537 3483 Inveterate
582 3425 790 3480 dierum
837 3426 1134 3491 malorum;
1164 3445 1182 3477 ι
1207 3435 1260 3480 et
1282 3424 1467 3480 alteri:
1511 3442 1529 3474 ι
1561 3424 1756 3477 Semen

160 3518 427 3575 Chanaan
449 3524 503 3571 et
527 3531 634 3571 non
670 3514 839 3583 Iuda;
867 3516 1073 3586 species
1088 3516 1297 3585 decepit
1323 3524 1394 3579 te,
1423 3520 1478 3569 et
1504 3512 1760 3583 concupi-

162 3610 373 3666 scentia
424 3606 685 3678 pervertit
725 3621 823 3663 cor
872 3615 1044 3661 tuum.
1095 3606 1186 3661 Sic
1227 3604 1507 3660 faciebatis
1547 3604 1759 3659 ﬁliabus

160 3698 412 3767 Israel,et
428 3698 530 3753 illa:
546 3698 1222 3769 metuentesloquebantur
1233 3697 1530 3763 vobiscum,
1545 3695 1637 3751 sed
1651 3694 1758 3750 ﬁlia

161 3792 304 3851 Juda
336 3809 444 3849 non
464 3792 719 3848 sustinuit
742 3791 1082 3862 iniquitatem
1111 3798 1343 3846 vestram
1376 3788 1540 3859 (Dan.
1566 3787 1708 3859 xm).
1733 3806 1751 3840 ›

164 3885 429 3956 Quodque
454 3885 727 3965 propheta
758 3896 902 3937 nunc
944 3880 1212 3951 loquitur:
1252 3900 1269 3931 ι
1299 3880 1366 3934 Ει
1405 3877 1570 3933 locuti
1634 3883 1783 3932 sunt-

162 3975 391 4029 verbum
418 3973 474 4027 in
502 3972 719 4028 nomine
754 3986 877 4027 meo
912 3970 1264 4036 mendaciter,
1292 3970 1435 4039 quod
1467 3984 1571 4023 non
1600 3982 1755 4021 mun-

161 4066 289 4123 davi
318 4066 418 4129 eis,
459 4086 477 4116 ι
496 4064 625 4119 illud
650 4064 943 4135 signiﬁcari
968 4071 1179 4134 putant,
1207 4064 1349 4133 quod
1382 4062 1610 4117 miseras
1638 4076 1760 4115 mu-

162 4156 420 4214 lierculas
441 4172 561 4227 quae
597 4144 1050 4212 circumferuntur
1089 4155 1237 4209 omni
1285 4162 1445 4209 vento
1490 4152 1757 4208 doctrinm

162 4252 247 4308 sic
288 4249 620 4320 deceperint,
669 4248 811 4319 quod
836 4248 1078 4304 dicerent
1103 4246 1204 4313 eis,
1227 4246 1318 4317 qui
1352 4247 1420 4301 de
1454 4246 1597 4301 tribu
1620 4244 1758 4300 Juda

162 4350 344 4408 erant,
371 4340 646 4396 Christum
684 4339 755 4395 de
796 4354 894 4394 suo
941 4338 1147 4395 semine
1193 4353 1313 4394 esse
1366 4337 1752 4407 generandum.

164 4434 299 4504 Quae
352 4432 544 4488 illectae
572 4431 824 4502 cupidine
857 4430 1172 4501 praebebant
1208 4444 1435 4499 corpora
1458 4442 1576 4494 sua,
1599 4420 1754 4498 quasi

158 4532 371 4582 matres
403 4524 607 4578 futurae
635 4520 857 4578 Christi.
903 4520 1009 4577 Sed
1032 4521 1160 4576 illud
1192 4520 1337 4591 quod
1361 4520 1752 4591 impraesentia-

160 4634 287 4674 rum
309 4617 527 4680 dicitur,
560 4636 579 4667 ι
606 4631 744 4687 quos
764 4616 918 4672 frixit
940 4628 1037 4671 rex
1057 4614 1348 4687 Babylonis
1375 4614 1426 4689 in
1450 4614 1591 4684 igne,
1623 4631 1641 4664 ι
1675 4612 1754 4665 vi-

164 4709 324 4769 detur
338 4706 574 4762 Danielis
597 4704 837 4761 historia:
857 4705 1148 4761 contraire.
1169 4703 1259 4757 Ille
1279 4703 1423 4757 enim
1446 4701 1641 4756 asserit
1659 4714 1754 4755 eos

162 4798 231 4853 ad
258 4797 587 4855 sententiam
618 4795 855 4851 Danielis
892 4810 921 4848 a
951 4793 1146 4865 popqu
1176 4808 1295 4849 esse
1324 4792 1619 4863 lapidatos:
1664 4790 1753 4863 hic

158 4902 297 4943 vero
334 4887 595 4957 scriptum
633 4896 717 4942 est
760 4883 902 4958 quod
949 4884 1160 4940 frixerit
1192 4900 1285 4941 eos
1325 4900 1417 4940 rex
1460 4882 1752 4953 Babylonis

162 4979 221 5034 in
257 4979 402 5049 igne.
444 4975 597 5033 Unde
622 4988 677 5033 et
706 4994 736 5033 a
763 4978 1034 5049 plerisque
1087 4992 1151 5032 ac
1185 4990 1323 5046 pene
1366 4974 1617 5030 omnibus
1653 4974 1759 5029 Ile-

158 5070 353 5136 brmis,
384 5070 497 5141 ipsa
524 5070 677 5139 quasi
698 5068 878 5125 fabula
904 5084 1010 5125 non
1040 5068 1313 5139 recipitur,
1356 5082 1457 5123 nec
1484 5067 1681 5138 legitur
1702 5066 1756 5120 in

160 5164 457 5235 synagogis
493 5161 818 5237 Iudaeorum.
844 5164 1123 5232 Quomodo
1144 5164 1307 5228 enim,
1335 5163 1604 5232 inquiunt,
1638 5161 1753 5217 ﬁeri

158 5262 405 5326 poterat,
454 5262 513 5309 ut
538 5254 733 5325 captivi
765 5254 1037 5326 lapidandi
1061 5256 1329 5331 principes
1361 5262 1416 5309 et
1464 5255 1753 5325 prophetas

159 5358 298 5400 suos
328 5343 588 5419 haberent
610 5346 970 5417 potestatem?
994 5344 1268 5417 Magisque
1290 5347 1391 5400 hoc
1416 5360 1542 5400 esse
1566 5360 1752 5400 verum

160 5435 463 5501 afﬁrmant,
494 5441 635 5509 quod
685 5441 871 5496 scribit
908 5438 1201 5521 .leremias,
1234 5441 1505 5497 convictos
1534 5444 1751 5514 quidem

160 5545 290 5589 esse
320 5531 665 5603 presbyteros
693 5549 724 5589 a
775 5533 1147 5600 Daniele,.sed
1177 5534 1340 5591 latam
1370 5536 1425 5591 in
1475 5551 1571 5593 eos
1623 5554 1719 5595 seu

163 5621 397 5679 tentiam
426 5636 459 5676 a
485 5636 610 5694 rege
647 5622 955 5696 Babylonis,
1003 5624 1176 5695 quiin
1203 5618 1461 5703 captivos,
1486 5638 1547 5685 ut
1575 5632 1750 5688 victor

165 5725 226 5777 et
246 5716 519 5787 dominus,
546 5716 778 5778 habebat
800 5718 1106 5787 imperium.
1148 5719 1345 5799 Quanti
1370 5730 1429 5796 et
1459 5722 1528 5786 de
1560 5734 1749 5787 nostro

1873 3262 1893 3295 ι
1923 3246 2070 3317 χλον,
2088 3242 2276 3313 Aquila
2303 3244 2473 3312 ipsum
2490 3232 2700 3295 verbum
2716 3241 3020 3295 hebrat'cum
3043 3240 3213 3311 posuit
3242 3238 3453 3312 SINAC).

1872 3356 1892 3389 ι
1924 3337 1991 3392 Et
2017 3351 2345 3405 nuncquare
2367 3350 2472 3390 non
2508 3334 2795 3405 increpasti
2839 3332 3129 3411 Jereiniam
3160 3332 3449 3387 Anathoti-

1870 3448 1889 3479 ι
1928 3436 2034 3491 ten,
2068 3428 2159 3499 qui
2185 3428 2471 3497 prophetat
2507 3424 2691 3481 vobis?
2721 3426 2848 3496 quia
2886 3441 3050 3495 super
3077 3426 3181 3479 hoc
3209 3425 3358 3480 misit
3380 3424 3452 3480 ad

1875 3539 1893 3572 ι
1931 3536 2031 3575 nos
2065 3520 2117 3574 ili
2151 3518 2483 3591 Babylonem
2512 3518 2727 3573 dicens:
2771 3517 3015 3589 Longum
3042 3527 3164 3581 est;
3194 3516 3457 3573 aediﬁcato

1873 3630 1891 3663 ι
1934 3609 2144 3677 domos,
2169 3619 2223 3665 et
2246 3611 2508 3675 habitate,
2545 3618 2601 3665 et
2622 3610 2864 3680 plantate
2890 3611 3097 3675 hortos,
3122 3619 3176 3665 et
3193 3610 3461 3667 comedite

1871 3720 1891 3753 ι
1928 3700 2161 3756 fructum
2202 3686 2580 3771 eorum.Legit
2602 3716 2731 3772 ergo
2766 3700 3068 3773 Sophonias
3103 3703 3353 3759 sacerdos
3400 3702 3461 3759 li-

1870 3812 1889 3845 (
1925 3793 2081 3847 brum
2130 3792 2291 3847 istum
2346 3794 2399 3847 in
2438 3793 2658 3848 auribus
2678 3792 2926 3848 Ieremia:
2963 3795 3259 3864 propheta.
3303 3814 3322 3847 ι
3354 3793 3457 3850 Sc—

1864 3885 2030 3939 meias
2044 3884 2110 3939 de
2132 3884 2250 3938 loco
2266 3882 2547 3950 Neellami,
2564 3884 2654 3953 qui
2674 3885 3065 3955 interpretatur
3084 3872 3307 3953 torrens,
3334 3901 3459 3943 cum

1863 3988 1990 4044 rege
2034 3972 2293 4028 Jechonia
2323 3974 2515 4028 ductus
2550 3972 2730 4028 fuerat
2754 3973 2808 4028 in
2857 3970 3206 4047 Babylonem,
3233 3983 3288 4030 et
3326 3986 3443 4048 pro-

1862 4065 2122 4138 phetabat
2148 4065 2344 4136 populo
2370 4067 2719 4133 mendaciter,
2748 4082 2812 4120 eo
2837 4066 2987 4137 quod
3005 4068 3255 4123 celeriter
3272 4072 3453 4125 essent

1863 4159 2198 4215 Hierusalem
2217 4150 2507 4213 reversuri.
2541 4157 2731 4214 Fuisse
2769 4166 2950 4215 autem
2979 4174 3101 4217 eum
3128 4161 3435 4234 pseudopro

1858 4251 2099 4323 phetam,
2118 4248 2399 4319 sequentia
2423 4244 2587 4306 verba
2602 4247 2849 4311 Ieremia:
2860 4250 3263 4311 demonstrant:
3284 4263 3310 4303 ι·
3327 4238 3454 4310 Βωο

1862 4343 1991 4399 dicit
2040 4342 2301 4398 Dominus
2314 4341 2382 4397 ad
2407 4341 2677 4398 Semeiam
2707 4341 3097 4409 Neellamitem,
3120 4345 3454 4415 proeoquod

1860 4436 2207 4512 prophetavit
2230 4435 2383 4492 vobis
2399 4433 2665 4498 Semeias.
2682 4445 2735 4512 et
2749 4451 2849 4507 ego
2862 4452 2969 4492 non
2985 4437 3106 4492 misi
3121 4452 3265 4492 eum.
3277 4457 3296 4491 ι
3316 4437 3453 4505 Quia

1860 4510 2027 4603 igitur
2053 4530 2317 4587 Ieremias
2342 4531 2409 4585 ad
2438 4544 2532 4585 eos
2555 4530 2648 4599 qui
2682 4510 2839 4584 erant
2862 4529 2916 4585 in
2948 4524 3218 4602 Babylone
3241 4529 3453 4585 litteras

1858 4626 2080 4680 miserat
2101 4624 2321 4679 dicens:
2342 4643 2360 4675 ι
2389 4622 2679 4679 Aiidiﬁcate
2706 4624 2897 4679 domos
2926 4633 2980 4679 et
3007 4622 3452 4695 babitaté,plan-

1860 4722 1971 4771 tate
1999 4715 2206 4780 hortos,
2246 4723 2303 4770 et
2346 4704 2612 4770 comedite
2666 4714 2898 4770 fructum
2956 4730 3165 4781 eorum,
3220 4716 3452 4785 amipite

1855 4821 2051 4860 uxores
2066 4815 2119 4860 et
2132 4814 2389 4877 generate
2408 4805 2572 4871 ﬁlios;
2597 4826 2617 4858 ι
2636 4813 2822 4877 etpost
2835 4803 2940 4863 alia
2956 4815 3246 4877 Junxerat:
3278 4826 3296 4859 ι
3329 4806 3450 4865 Non

1853 4909 1948 4950 vos
1973 4894 2246 4957 seducant.
2264 4895 2542 4966 prophetae
2572 4890 2761 4960 vestri,’
2787 4895 2878 4965 qui
2903 4902 3027 4949 sunt
3047 4895 3101 4949 in
3142 4895 3320 4950 medio
3353 4909 3449 4949 ve-

1858 4994 2055 5050 strum,
2083 4994 2137 5040 et
2156 4984 2324 5040 divini
2355 4984 2602 5051 vestri”
2635 4998 2698 5040 ac
2727 4985 2947 5041 deinde:
2977 5004 2998 5037 ι
3024 4985 3149 5056 quia
3172 4984 3306 5041 falso
3357 4987 3447 5042 isti

1856 5077 2180 5147 pr0phetant
2207 5075 2357 5131 vobis
2384 5075 2436 5130 in
2480 5076 2701 5130 nomine
2746 5090 2887 5143 meo,
2914 5082 2967 5132 et
3011 5091 3117 5137 non
3162 5077 3283 5133 misi
3334 5095 3430 5138 eos

1855 5169 1990 5225 dicit
2024 5169 2314 5252 Dominus:
2352 5187 2371 5220 ι
2398 5166 2705 5238 intelligens
2737 5166 2981 5223 Semeias
3021 5167 3125 5221 sub
3163 5175 3439 5225 communi

1856 5264 2074 5319 nomine
2101 5263 2686 5333 psen.!oprophetarum
2700 5268 2889 5316 contra
2904 5275 2963 5315 se
2977 5262 3259 5330 scriptum,
3285 5261 3448 5316 mittit

1859 5356 2073 5412 litteras
2103 5355 2436 5411 Hierusalem
2466 5356 2533 5411 ad
2562 5354 2893 5425 Sophoniam
2918 5352 3086 5409 ﬁlium
3104 5353 3318 5409 Maasize
3362 5369 3449 5415 sa:

1860 5449 2156 5523 cerdotem,
2208 5455 2263 5501 et
2309 5448 2377 5502 ad
2422 5446 2658 5517 reliquos
2705 5448 3011 5502 sacerdotes
3063 5454 3249 5501 contra
3295 5442 3443 5500 Jerc'c

1856 5540 2045 5606 miam,
2074 5553 2243 5609 quare
2279 5537 2733 5608 nonincrcpetur
2756 5553 2785 5592 a
2821 5536 3092 5608 Sophonia
3143 5537 3448 5602 sacerdote,

1854 5632 2011 5704 cujus
2056 5616 2289 5687 ofﬁcium
2328 5638 2411 5688 est
2450 5626 2789 5687 discernendi
2821 5630 2962 5685 inter
2994 5630 3308 5701 prophetas,
3344 5626 3449 5699 ‘qui

1855 5725 2059 5805 Spiritu
2075 5738 2264 5789 sancto
2277 5729 2586 5807 loquantur,
2602 5736 2654 5786 et
2670 5727 2763 5805 qui
2776 5726 3070 5801 contrario,
3083 5734 3138 5789 et
3148 5722 3350 5786 recludi
3360 5720 3453 5787 iu.
