  <div class='ocr_page' id='page_1' title='image "/cluster/home/n/w/nwhite01/storage/ocr_20150623/111/uva.x000827067/520.png"; bbox 0 0 3926 6334; ppageno 0'>
   <div class='ocr_carea' id='block_1_1' title="bbox 134 381 280 441">
    <p class='ocr_par' dir='ltr' id='par_1_1' title="bbox 134 381 280 441">
     <span class='ocr_line' id='line_1_1' title="bbox 134 381 280 441; baseline -0.014 -3"><span class='ocrx_word' id='word_1_1' title='bbox 134 381 280 441; x_wconf 71' lang='grc' dir='ltr'><strong>ωΞὸ</strong></span> 
     </span>
    </p>
   </div>
   <div class='ocr_carea' id='block_1_2' title="bbox 1067 367 2502 428">
    <p class='ocr_par' dir='ltr' id='par_1_2' title="bbox 1067 367 2502 428">
     <span class='ocr_line' id='line_1_2' title="bbox 1067 367 2502 428; baseline -0.003 0"><span class='ocrx_word' id='word_1_2' title='bbox 1067 369 1431 428; x_wconf 79' lang='lat' dir='ltr'><strong>EXPOSITIO</strong></span> <span class='ocrx_word' id='word_1_3' title='bbox 1471 369 1698 427; x_wconf 78' lang='lat' dir='ltr'><strong>SUPER</strong></span> <span class='ocrx_word' id='word_1_4' title='bbox 1734 367 2102 424; x_wconf 77' lang='lat' dir='ltr'><strong>JEREMIAM.</strong></span> <span class='ocrx_word' id='word_1_5' title='bbox 2138 398 2210 410; x_wconf 90' lang='lat'><strong>—-</strong></span> <span class='ocrx_word' id='word_1_6' title='bbox 2242 368 2372 424; x_wconf 85' lang='lat' dir='ltr'><strong>LIB.</strong></span> <span class='ocrx_word' id='word_1_7' title='bbox 2411 368 2502 424; x_wconf 82' lang='lat' dir='ltr'><strong>XI.</strong></span> 
     </span>
    </p>
   </div>
   <div class='ocr_carea' id='block_1_3' title="bbox 3278 369 3419 424">
    <p class='ocr_par' dir='ltr' id='par_1_3' title="bbox 3278 369 3419 424">
     <span class='ocr_line' id='line_1_3' title="bbox 3278 369 3419 424; baseline 0 0"><span class='ocrx_word' id='word_1_8' title='bbox 3278 369 3419 424; x_wconf 74' lang='grc'><strong>1026</strong></span> 
     </span>
    </p>
   </div>
   <div class='ocr_carea' id='block_1_4' title="bbox 132 480 3424 560">
    <p class='ocr_par' dir='ltr' id='par_1_4' title="bbox 132 480 3424 560">
     <span class='ocr_line' id='line_1_4' title="bbox 132 480 3424 560; baseline -0.002 -14"><span class='ocrx_word' id='word_1_9' title='bbox 132 490 268 546; x_wconf 91' lang='lat' dir='ltr'><strong>illud</strong></span> <span class='ocrx_word' id='word_1_10' title='bbox 291 489 508 560; x_wconf 78' lang='lat' dir='ltr'><strong>quidem</strong></span> <span class='ocrx_word' id='word_1_11' title='bbox 531 486 772 542; x_wconf 87' lang='lat' dir='ltr'><strong>futurum</strong></span> <span class='ocrx_word' id='word_1_12' title='bbox 806 487 1056 551; x_wconf 78' lang='lat' dir='ltr'><strong>asseruit,</strong></span> <span class='ocrx_word' id='word_1_13' title='bbox 1099 480 1206 542; x_wconf 88' lang='lat' dir='ltr'><strong>non</strong></span> <span class='ocrx_word' id='word_1_14' title='bbox 1241 486 1381 540; x_wconf 86' lang='lat' dir='ltr'><strong>intra</strong></span> <span class='ocrx_word' id='word_1_15' title='bbox 1422 483 1735 552; x_wconf 82' lang='lat' dir='ltr'><strong>biennium,</strong></span> <span class='ocrx_word' id='word_1_16' title='bbox 1750 486 1805 545; x_wconf 81' lang='grc' dir='ltr'><strong>Α</strong></span> <span class='ocrx_word' id='word_1_17' title='bbox 1829 481 1982 552; x_wconf 89' lang='lat' dir='ltr'><strong>cujus</strong></span> <span class='ocrx_word' id='word_1_18' title='bbox 2003 491 2059 537; x_wconf 90' lang='lat' dir='ltr'><strong>et</strong></span> <span class='ocrx_word' id='word_1_19' title='bbox 2086 482 2440 555; x_wconf 89' lang='lat' dir='ltr'><strong>Evangelium</strong></span> <span class='ocrx_word' id='word_1_20' title='bbox 2459 483 2730 550; x_wconf 75' lang='lat' dir='ltr'><strong>meminit,</strong></span> <span class='ocrx_word' id='word_1_21' title='bbox 2761 503 2779 536; x_wconf 87' lang='grc'><em>‹</em></span> <span class='ocrx_word' id='word_1_22' title='bbox 2803 483 3054 540; x_wconf 85' lang='lat' dir='ltr'><strong>daturum</strong></span> <span class='ocrx_word' id='word_1_23' title='bbox 3082 497 3141 539; x_wconf 93' lang='lat' dir='ltr'><strong>se</strong></span> <span class='ocrx_word' id='word_1_24' title='bbox 3162 485 3339 552; x_wconf 90' lang='lat' dir='ltr'><strong>nobis,</strong></span> <span class='ocrx_word' id='word_1_25' title='bbox 3363 492 3424 539; x_wconf 93' lang='lat' dir='ltr'><strong>ut</strong></span> 
     </span>
    </p>
   </div>
   <div class='ocr_carea' id='block_1_5' title="bbox 131 569 1714 648">
    <p class='ocr_par' dir='ltr' id='par_1_5' title="bbox 131 569 1714 648">
     <span class='ocr_line' id='line_1_5' title="bbox 131 569 1714 648; baseline -0.005 -12"><span class='ocrx_word' id='word_1_26' title='bbox 131 590 195 636; x_wconf 89' lang='lat' dir='ltr'><strong>ut</strong></span> <span class='ocrx_word' id='word_1_27' title='bbox 226 581 304 636; x_wconf 84' lang='lat' dir='ltr'>illi</span> <span class='ocrx_word' id='word_1_28' title='bbox 340 579 762 648; x_wconf 74' lang='lat' dir='ltr'><strong>mentiebantur,</strong></span> <span class='ocrx_word' id='word_1_29' title='bbox 818 569 914 632; x_wconf 85' lang='lat' dir='ltr'><strong>sed</strong></span> <span class='ocrx_word' id='word_1_30' title='bbox 943 576 1111 632; x_wconf 86' lang='lat' dir='ltr'><strong>ﬁnitis</strong></span> <span class='ocrx_word' id='word_1_31' title='bbox 1158 575 1496 648; x_wconf 75' lang='lat' dir='ltr'><strong>septuaginta</strong></span> <span class='ocrx_word' id='word_1_32' title='bbox 1538 575 1714 631; x_wconf 90' lang='lat' dir='ltr'><strong>anuis.</strong></span> 
     </span>
    </p>
   </div>
   <div class='ocr_carea' id='block_1_6' title="bbox 130 645 1720 742">
    <p class='ocr_par' dir='ltr' id='par_1_6' title="bbox 130 645 1720 742">
     <span class='ocr_line' id='line_1_6' title="bbox 130 645 1720 742; baseline -0.005 -11"><span class='ocrx_word' id='word_1_33' title='bbox 130 675 204 731; x_wconf 89' lang='lat' dir='ltr'><strong>Et</strong></span> <span class='ocrx_word' id='word_1_34' title='bbox 243 645 406 730; x_wconf 55' lang='lat' dir='ltr'><strong>tunc.</strong></span> <span class='ocrx_word' id='word_1_35' title='bbox 426 675 664 730; x_wconf 85' lang='lat' dir='ltr'><strong>scribere</strong></span> <span class='ocrx_word' id='word_1_36' title='bbox 697 671 995 742; x_wconf 85' lang='lat' dir='ltr'><strong>jubeturin</strong></span> <span class='ocrx_word' id='word_1_37' title='bbox 1017 671 1178 738; x_wconf 89' lang='lat' dir='ltr'><strong>libro,</strong></span> <span class='ocrx_word' id='word_1_38' title='bbox 1217 645 1274 726; x_wconf 80' lang='lat' dir='ltr'><strong>et</strong></span> <span class='ocrx_word' id='word_1_39' title='bbox 1310 645 1586 726; x_wconf 71' lang='lat' dir='ltr'><strong>memoriae</strong></span> <span class='ocrx_word' id='word_1_40' title='bbox 1610 677 1720 724; x_wconf 87' lang='lat' dir='ltr'><strong>tra-</strong></span> 
     </span>
    </p>
   </div>
   <div class='ocr_carea' id='block_1_7' title="bbox 131 760 1723 843">
    <p class='ocr_par' dir='ltr' id='par_1_7' title="bbox 131 760 1723 843">
     <span class='ocr_line' id='line_1_7' title="bbox 131 760 1723 843; baseline -0.006 -21"><span class='ocrx_word' id='word_1_41' title='bbox 131 761 285 843; x_wconf 68' lang='lat' dir='ltr'><strong>dere,</strong></span> <span class='ocrx_word' id='word_1_42' title='bbox 321 760 439 837; x_wconf 67' lang='lat' dir='ltr'><strong>quae</strong></span> <span class='ocrx_word' id='word_1_43' title='bbox 462 761 720 821; x_wconf 88' lang='lat' dir='ltr'><strong>Dominus</strong></span> <span class='ocrx_word' id='word_1_44' title='bbox 744 770 972 831; x_wconf 79' lang='lat' dir='ltr'><strong>ventura</strong></span> <span class='ocrx_word' id='word_1_45' title='bbox 997 761 1342 833; x_wconf 70' lang='lat' dir='ltr'><strong>prtenuntiet.</strong></span> <span class='ocrx_word' id='word_1_46' title='bbox 1371 760 1449 814; x_wconf 83' lang='lat' dir='ltr'><strong>Ex</strong></span> <span class='ocrx_word' id='word_1_47' title='bbox 1474 776 1581 831; x_wconf 94' lang='lat' dir='ltr'><strong>quo</strong></span> <span class='ocrx_word' id='word_1_48' title='bbox 1607 775 1723 814; x_wconf 90' lang='lat' dir='ltr'><strong>ma-</strong></span> 
     </span>
    </p>
   </div>
   <div class='ocr_carea' id='block_1_8' title="bbox 132 848 1722 932">
    <p class='ocr_par' dir='ltr' id='par_1_8' title="bbox 132 848 1722 932">
     <span class='ocr_line' id='line_1_8' title="bbox 132 848 1722 932; baseline -0.007 -16"><span class='ocrx_word' id='word_1_49' title='bbox 132 858 391 916; x_wconf 87' lang='lat' dir='ltr'><strong>nifestum</strong></span> <span class='ocrx_word' id='word_1_50' title='bbox 407 867 492 914; x_wconf 88' lang='lat' dir='ltr'><strong>est</strong></span> <span class='ocrx_word' id='word_1_51' title='bbox 509 870 855 928; x_wconf 86' lang='lat' dir='ltr'><strong>nequaquam</strong></span> <span class='ocrx_word' id='word_1_52' title='bbox 876 848 1112 910; x_wconf 90' lang='lat' dir='ltr'><strong>vicinum</strong></span> <span class='ocrx_word' id='word_1_53' title='bbox 1142 863 1354 932; x_wconf 79' lang='lat' dir='ltr'><strong>tempus</strong></span> <span class='ocrx_word' id='word_1_54' title='bbox 1388 867 1508 908; x_wconf 90' lang='lat' dir='ltr'><strong>esse</strong></span> <span class='ocrx_word' id='word_1_55' title='bbox 1530 851 1722 906; x_wconf 88' lang='lat' dir='ltr'><strong>vatici-</strong></span> 
     </span>
    </p>
   </div>
   <div class='ocr_carea' id='block_1_9' title="bbox 133 943 1722 1019">
    <p class='ocr_par' dir='ltr' id='par_1_9' title="bbox 133 943 1722 1019">
     <span class='ocr_line' id='line_1_9' title="bbox 133 943 1722 1019; baseline -0.006 -12"><span class='ocrx_word' id='word_1_56' title='bbox 133 950 213 1007; x_wconf 89' lang='lat' dir='ltr'><strong>nii</strong></span> <span class='ocrx_word' id='word_1_57' title='bbox 233 991 248 1017; x_wconf 94' lang='lat'><strong>,</strong></span> <span class='ocrx_word' id='word_1_58' title='bbox 275 950 566 1007; x_wconf 50' lang='lat' dir='ltr'><strong>sed&#39;multa</strong></span> <span class='ocrx_word' id='word_1_59' title='bbox 591 955 713 1019; x_wconf 89' lang='lat' dir='ltr'><strong>post</strong></span> <span class='ocrx_word' id='word_1_60' title='bbox 748 955 989 1018; x_wconf 90' lang='lat' dir='ltr'><strong>tempora</strong></span> <span class='ocrx_word' id='word_1_61' title='bbox 1027 948 1144 1002; x_wconf 64' lang='lat' dir='ltr'><strong>haec</strong></span> <span class='ocrx_word' id='word_1_62' title='bbox 1171 943 1432 1016; x_wconf 83' lang='lat' dir='ltr'><strong>explenda</strong></span> <span class='ocrx_word' id='word_1_63' title='bbox 1455 986 1470 1011; x_wconf 92' lang='lat'><strong>,</strong></span> <span class='ocrx_word' id='word_1_64' title='bbox 1505 944 1722 1015; x_wconf 86' lang='lat' dir='ltr'><strong>quando</strong></span> 
     </span>
    </p>
   </div>
   <div class='ocr_carea' id='block_1_10' title="bbox 127 1035 1723 1103">
    <p class='ocr_par' dir='ltr' id='par_1_10' title="bbox 127 1035 1723 1103">
     <span class='ocr_line' id='line_1_10' title="bbox 127 1035 1723 1103; baseline -0.006 -5"><span class='ocrx_word' id='word_1_65' title='bbox 127 1040 303 1099; x_wconf 83' lang='lat' dir='ltr'><strong>Israel</strong></span> <span class='ocrx_word' id='word_1_66' title='bbox 330 1049 383 1098; x_wconf 91' lang='lat' dir='ltr'><strong>et</strong></span> <span class='ocrx_word' id='word_1_67' title='bbox 409 1041 545 1103; x_wconf 79' lang='lat' dir='ltr'><strong>Iuda</strong></span> <span class='ocrx_word' id='word_1_68' title='bbox 579 1038 850 1096; x_wconf 82' lang='lat' dir='ltr'><strong>reversuri</strong></span> <span class='ocrx_word' id='word_1_69' title='bbox 879 1046 1004 1094; x_wconf 90' lang='lat' dir='ltr'><strong>sunt</strong></span> <span class='ocrx_word' id='word_1_70' title='bbox 1028 1038 1083 1092; x_wconf 90' lang='lat' dir='ltr'><strong>in</strong></span> <span class='ocrx_word' id='word_1_71' title='bbox 1109 1045 1310 1092; x_wconf 91' lang='lat' dir='ltr'><strong>terram</strong></span> <span class='ocrx_word' id='word_1_72' title='bbox 1342 1051 1527 1092; x_wconf 88' lang='lat' dir='ltr'><strong>suam:</strong></span> <span class='ocrx_word' id='word_1_73' title='bbox 1555 1043 1610 1090; x_wconf 88' lang='lat' dir='ltr'><strong>et</strong></span> <span class='ocrx_word' id='word_1_74' title='bbox 1628 1035 1723 1090; x_wconf 89' lang='lat' dir='ltr'><strong>im-</strong></span> 
     </span>
    </p>
   </div>
   <div class='ocr_carea' id='block_1_11' title="bbox 129 1124 1721 1204">
    <p class='ocr_par' dir='ltr' id='par_1_11' title="bbox 129 1124 1721 1204">
     <span class='ocr_line' id='line_1_11' title="bbox 129 1124 1721 1204; baseline -0.004 -19"><span class='ocrx_word' id='word_1_75' title='bbox 129 1131 392 1204; x_wconf 85' lang='lat' dir='ltr'><strong>plendum</strong></span> <span class='ocrx_word' id='word_1_76' title='bbox 454 1129 583 1186; x_wconf 93' lang='lat' dir='ltr'><strong>illud</strong></span> <span class='ocrx_word' id='word_1_77' title='bbox 641 1127 785 1199; x_wconf 88' lang='lat' dir='ltr'><strong>quod</strong></span> <span class='ocrx_word' id='word_1_78' title='bbox 845 1125 1095 1183; x_wconf 82' lang='lat' dir='ltr'><strong>Ezechiel</strong></span> <span class='ocrx_word' id='word_1_79' title='bbox 1155 1124 1520 1197; x_wconf 89' lang='lat' dir='ltr'><strong>prophetavit,</strong></span> <span class='ocrx_word' id='word_1_80' title='bbox 1586 1125 1721 1178; x_wconf 89' lang='lat' dir='ltr'><strong>duas</strong></span> 
     </span>
    </p>
   </div>
   <div class='ocr_carea' id='block_1_12' title="bbox 131 1215 1722 1295">
    <p class='ocr_par' dir='ltr' id='par_1_12' title="bbox 131 1215 1722 1295">
     <span class='ocr_line' id='line_1_12' title="bbox 131 1215 1722 1295; baseline -0.006 -17"><span class='ocrx_word' id='word_1_81' title='bbox 131 1223 318 1295; x_wconf 79' lang='lat' dir='ltr'><strong>virgas</strong></span> <span class='ocrx_word' id='word_1_82' title='bbox 343 1223 445 1280; x_wconf 84' lang='lat' dir='ltr'><strong>sibi</strong></span> <span class='ocrx_word' id='word_1_83' title='bbox 470 1220 676 1293; x_wconf 89' lang='lat' dir='ltr'><strong>pariter</strong></span> <span class='ocrx_word' id='word_1_84' title='bbox 703 1217 1056 1290; x_wconf 87' lang='lat' dir='ltr'><strong>copulandas,</strong></span> <span class='ocrx_word' id='word_1_85' title='bbox 1088 1225 1144 1272; x_wconf 91' lang='lat' dir='ltr'><strong>et</strong></span> <span class='ocrx_word' id='word_1_86' title='bbox 1186 1216 1576 1285; x_wconf 83' lang='lat' dir='ltr'><strong>imperaturum</strong></span> <span class='ocrx_word' id='word_1_87' title='bbox 1619 1215 1722 1269; x_wconf 84' lang='lat' dir='ltr'><strong>Da-</strong></span> 
     </span>
    </p>
   </div>
   <div class='ocr_carea' id='block_1_13' title="bbox 128 1305 1721 1385">
    <p class='ocr_par' dir='ltr' id='par_1_13' title="bbox 128 1305 1721 1385">
     <span class='ocr_line' id='line_1_13' title="bbox 128 1305 1721 1385; baseline -0.004 -18"><span class='ocrx_word' id='word_1_88' title='bbox 128 1313 226 1370; x_wconf 88' lang='lat' dir='ltr'><strong>vid</strong></span> <span class='ocrx_word' id='word_1_89' title='bbox 253 1329 454 1385; x_wconf 90' lang='lat' dir='ltr'><strong>regem,</strong></span> <span class='ocrx_word' id='word_1_90' title='bbox 500 1312 566 1367; x_wconf 91' lang='lat' dir='ltr'><strong>de</strong></span> <span class='ocrx_word' id='word_1_91' title='bbox 601 1326 710 1382; x_wconf 95' lang='lat' dir='ltr'><strong>quo</strong></span> <span class='ocrx_word' id='word_1_92' title='bbox 741 1309 962 1366; x_wconf 87' lang='lat' dir='ltr'><strong>scribit:</strong></span> <span class='ocrx_word' id='word_1_93' title='bbox 992 1328 1010 1359; x_wconf 86' lang='grc'><em>‹</em></span> <span class='ocrx_word' id='word_1_94' title='bbox 1040 1309 1108 1362; x_wconf 83' lang='grc' dir='ltr'><strong>Ει</strong></span> <span class='ocrx_word' id='word_1_95' title='bbox 1140 1321 1328 1363; x_wconf 90' lang='lat' dir='ltr'><strong>servus</strong></span> <span class='ocrx_word' id='word_1_96' title='bbox 1354 1321 1507 1361; x_wconf 92' lang='lat' dir='ltr'><strong>meus</strong></span> <span class='ocrx_word' id='word_1_97' title='bbox 1550 1305 1721 1360; x_wconf 86' lang='lat' dir='ltr'><strong>David</strong></span> 
     </span>
    </p>
   </div>
   <div class='ocr_carea' id='block_1_14' title="bbox 128 1400 1721 1477">
    <p class='ocr_par' dir='ltr' id='par_1_14' title="bbox 128 1400 1721 1477">
     <span class='ocr_line' id='line_1_14' title="bbox 128 1400 1721 1477; baseline -0.007 -14"><span class='ocrx_word' id='word_1_98' title='bbox 128 1423 232 1463; x_wconf 80' lang='lat' dir='ltr'><strong>rex</strong></span> <span class='ocrx_word' id='word_1_99' title='bbox 263 1411 561 1477; x_wconf 84' lang='lat' dir='ltr'><strong>super&#39;eos,</strong></span> <span class='ocrx_word' id='word_1_100' title='bbox 591 1412 646 1459; x_wconf 92' lang='lat' dir='ltr'><strong>et</strong></span> <span class='ocrx_word' id='word_1_101' title='bbox 683 1411 872 1474; x_wconf 88' lang='lat' dir='ltr'><strong>pastor</strong></span> <span class='ocrx_word' id='word_1_102' title='bbox 922 1416 1061 1456; x_wconf 91' lang='lat' dir='ltr'><strong>unus</strong></span> <span class='ocrx_word' id='word_1_103' title='bbox 1100 1400 1205 1456; x_wconf 90' lang='lat' dir='ltr'><strong>erit</strong></span> <span class='ocrx_word' id='word_1_104' title='bbox 1253 1400 1494 1455; x_wconf 91' lang='lat' dir='ltr'><strong>omnium</strong></span> <span class='ocrx_word' id='word_1_105' title='bbox 1530 1413 1721 1453; x_wconf 90' lang='lat' dir='ltr'><strong>eorum</strong></span> 
     </span>
    </p>
   </div>
   <div class='ocr_carea' id='block_1_15' title="bbox 130 1488 1724 1568">
    <p class='ocr_par' dir='ltr' id='par_1_15' title="bbox 130 1488 1724 1568">
     <span class='ocr_line' id='line_1_15' title="bbox 130 1488 1724 1568; baseline -0.006 -16"><span class='ocrx_word' id='word_1_106' title='bbox 130 1496 608 1568; x_wconf 67' lang='lat' dir='ltr'><strong>(Ezech.xxxvn)»</strong></span> <span class='ocrx_word' id='word_1_107' title='bbox 652 1491 710 1547; x_wconf 92' lang='lat' dir='ltr'><strong>Si</strong></span> <span class='ocrx_word' id='word_1_108' title='bbox 738 1492 868 1562; x_wconf 87' lang='lat' dir='ltr'><strong>quid</strong></span> <span class='ocrx_word' id='word_1_109' title='bbox 897 1491 1062 1564; x_wconf 87' lang='lat' dir='ltr'><strong>igitur</strong></span> <span class='ocrx_word' id='word_1_110' title='bbox 1095 1490 1148 1545; x_wconf 93' lang='lat' dir='ltr'><strong>in</strong></span> <span class='ocrx_word' id='word_1_111' title='bbox 1194 1490 1285 1545; x_wconf 88' lang='lat' dir='ltr'><strong>illa</strong></span> <span class='ocrx_word' id='word_1_112' title='bbox 1319 1489 1603 1562; x_wconf 83' lang='lat' dir='ltr'><strong>prophetia</strong></span> <span class='ocrx_word' id='word_1_113' title='bbox 1643 1488 1724 1543; x_wconf 86' lang='lat' dir='ltr'><strong>di-</strong></span> 
     </span>
    </p>
   </div>
   <div class='ocr_carea' id='block_1_16' title="bbox 128 1583 1720 1657">
    <p class='ocr_par' dir='ltr' id='par_1_16' title="bbox 128 1583 1720 1657">
     <span class='ocr_line' id='line_1_16' title="bbox 128 1583 1720 1657; baseline -0.006 -13"><span class='ocrx_word' id='word_1_114' title='bbox 128 1591 331 1656; x_wconf 82' lang='lat' dir='ltr'><strong>ximus,</strong></span> <span class='ocrx_word' id='word_1_115' title='bbox 400 1589 563 1643; x_wconf 86' lang='lat' dir='ltr'><strong>etiam</strong></span> <span class='ocrx_word' id='word_1_116' title='bbox 611 1587 666 1641; x_wconf 91' lang='lat' dir='ltr'><strong>in</strong></span> <span class='ocrx_word' id='word_1_117' title='bbox 715 1586 966 1657; x_wconf 74' lang='lat' dir='ltr'><strong>praasenti</strong></span> <span class='ocrx_word' id='word_1_118' title='bbox 990 1584 1109 1640; x_wconf 91' lang='lat' dir='ltr'><strong>loco</strong></span> <span class='ocrx_word' id='word_1_119' title='bbox 1160 1583 1566 1654; x_wconf 87' lang='lat' dir='ltr'><strong>intelligendum</strong></span> <span class='ocrx_word' id='word_1_120' title='bbox 1616 1589 1720 1646; x_wconf 88' lang='lat' dir='ltr'><strong>est,</strong></span> 
     </span>
    </p>
   </div>
   <div class='ocr_carea' id='block_1_17' title="bbox 128 1672 1724 1751">
    <p class='ocr_par' dir='ltr' id='par_1_17' title="bbox 128 1672 1724 1751">
     <span class='ocr_line' id='line_1_17' title="bbox 128 1672 1724 1751; baseline -0.006 -15"><span class='ocrx_word' id='word_1_121' title='bbox 128 1680 435 1751; x_wconf 61' lang='lat' dir='ltr'><strong>praesertim</strong></span> <span class='ocrx_word' id='word_1_122' title='bbox 468 1693 591 1735; x_wconf 90' lang='lat' dir='ltr'><strong>eum</strong></span> <span class='ocrx_word' id='word_1_123' title='bbox 644 1677 851 1741; x_wconf 89' lang='lat' dir='ltr'><strong>eadem,</strong></span> <span class='ocrx_word' id='word_1_124' title='bbox 885 1683 939 1732; x_wconf 88' lang='lat' dir='ltr'><strong>et</strong></span> <span class='ocrx_word' id='word_1_125' title='bbox 965 1690 1030 1731; x_wconf 91' lang='lat' dir='ltr'><strong>eo</strong></span> <span class='ocrx_word' id='word_1_126' title='bbox 1060 1684 1324 1745; x_wconf 89' lang='lat' dir='ltr'><strong>tempore,</strong></span> <span class='ocrx_word' id='word_1_127' title='bbox 1375 1673 1628 1729; x_wconf 87' lang='lat' dir='ltr'><strong>Ezechiel</strong></span> <span class='ocrx_word' id='word_1_128' title='bbox 1666 1672 1724 1727; x_wconf 88' lang='lat' dir='ltr'><strong>in&#39;</strong></span> 
     </span>
    </p>
   </div>
   <div class='ocr_carea' id='block_1_18' title="bbox 127 1765 1718 1843">
    <p class='ocr_par' dir='ltr' id='par_1_18' title="bbox 127 1765 1718 1843">
     <span class='ocr_line' id='line_1_18' title="bbox 127 1765 1718 1843; baseline -0.003 -17"><span class='ocrx_word' id='word_1_129' title='bbox 127 1771 426 1843; x_wconf 80' lang='lat' dir='ltr'><strong>Babylone,</strong></span> <span class='ocrx_word' id='word_1_130' title='bbox 458 1778 513 1826; x_wconf 90' lang='lat' dir='ltr'><strong>et</strong></span> <span class='ocrx_word' id='word_1_131' title='bbox 529 1769 791 1826; x_wconf 84' lang='lat' dir='ltr'><strong>Jeremias</strong></span> <span class='ocrx_word' id='word_1_132' title='bbox 810 1768 864 1822; x_wconf 90' lang='lat' dir='ltr'><strong>in</strong></span> <span class='ocrx_word' id='word_1_133' title='bbox 898 1766 1232 1822; x_wconf 82' lang='lat' dir='ltr'><strong>Hierusalem</strong></span> <span class='ocrx_word' id='word_1_134' title='bbox 1253 1765 1718 1836; x_wconf 84' lang='lat' dir='ltr'><strong>prophetaverint.</strong></span> 
     </span>
    </p>
   </div>
   <div class='ocr_carea' id='block_1_19' title="bbox 1824 574 3418 642">
    <p class='ocr_par' dir='ltr' id='par_1_19' title="bbox 1824 574 3418 642">
     <span class='ocr_line' id='line_1_19' title="bbox 1824 574 3418 642; baseline -0.001 -12"><span class='ocrx_word' id='word_1_135' title='bbox 1824 574 1941 630; x_wconf 87' lang='lat' dir='ltr'><strong>sine</strong></span> <span class='ocrx_word' id='word_1_136' title='bbox 1962 575 2158 630; x_wconf 83' lang='lat' dir='ltr'><strong>timore</strong></span> <span class='ocrx_word' id='word_1_137' title='bbox 2187 575 2252 630; x_wconf 89' lang='lat' dir='ltr'><strong>de</strong></span> <span class='ocrx_word' id='word_1_138' title='bbox 2278 575 2810 630; x_wconf 76' lang='lat' dir='ltr'><strong>manu&#39;inimimrum</strong></span> <span class='ocrx_word' id='word_1_139' title='bbox 2848 585 3157 631; x_wconf 90' lang='lat' dir='ltr'><strong>nostrorum</strong></span> <span class='ocrx_word' id='word_1_140' title='bbox 3184 574 3418 642; x_wconf 87' lang='lat' dir='ltr'><strong>liberati,</strong></span> 
     </span>
    </p>
   </div>
   <div class='ocr_carea' id='block_1_20' title="bbox 1823 667 3427 739">
    <p class='ocr_par' dir='ltr' id='par_1_20' title="bbox 1823 667 3427 739">
     <span class='ocr_line' id='line_1_20' title="bbox 1823 667 3427 739; baseline 0 -17"><span class='ocrx_word' id='word_1_141' title='bbox 1823 668 2123 723; x_wconf 87' lang='lat' dir='ltr'><strong>serviamus</strong></span> <span class='ocrx_word' id='word_1_142' title='bbox 2156 667 2230 721; x_wconf 91' lang='lat' dir='ltr'><strong>illi</strong></span> <span class='ocrx_word' id='word_1_143' title='bbox 2255 668 2309 722; x_wconf 93' lang='lat' dir='ltr'><strong>in</strong></span> <span class='ocrx_word' id='word_1_144' title='bbox 2338 669 2627 724; x_wconf 82' lang='lat' dir='ltr'><strong>sanctitate</strong></span> <span class='ocrx_word' id='word_1_145' title='bbox 2647 677 2702 724; x_wconf 93' lang='lat' dir='ltr'><strong>et</strong></span> <span class='ocrx_word' id='word_1_146' title='bbox 2718 667 2933 737; x_wconf 90' lang='lat' dir='ltr'><strong>justitia</strong></span> <span class='ocrx_word' id='word_1_147' title='bbox 2957 684 3142 724; x_wconf 91' lang='lat' dir='ltr'><strong>coram</strong></span> <span class='ocrx_word' id='word_1_148' title='bbox 3167 669 3285 739; x_wconf 91' lang='lat' dir='ltr'><strong>ipso</strong></span> <span class='ocrx_word' id='word_1_149' title='bbox 3308 684 3427 723; x_wconf 83' lang='lat' dir='ltr'><strong>om-</strong></span> 
     </span>
    </p>
   </div>
   <div class='ocr_carea' id='block_1_21' title="bbox 1822 758 3424 832">
    <p class='ocr_par' dir='ltr' id='par_1_21' title="bbox 1822 758 3424 832">
     <span class='ocr_line' id='line_1_21' title="bbox 1822 758 3424 832; baseline 0.002 -18"><span class='ocrx_word' id='word_1_150' title='bbox 1822 758 1982 814; x_wconf 86' lang='lat' dir='ltr'><strong>nibus</strong></span> <span class='ocrx_word' id='word_1_151' title='bbox 2017 758 2207 814; x_wconf 88' lang='lat' dir='ltr'><strong>diebus</strong></span> <span class='ocrx_word' id='word_1_152' title='bbox 2230 761 2450 815; x_wconf 90' lang='lat' dir='ltr'><strong>nostris.</strong></span> <span class='ocrx_word' id='word_1_153' title='bbox 2490 780 2509 813; x_wconf 84' lang='grc'><strong>›</strong></span> <span class='ocrx_word' id='word_1_154' title='bbox 2546 761 2826 828; x_wconf 83' lang='lat' dir='ltr'><strong>Quomodo</strong></span> <span class='ocrx_word' id='word_1_155' title='bbox 2845 761 2992 816; x_wconf 91' lang='lat' dir='ltr'><strong>enim</strong></span> <span class='ocrx_word' id='word_1_156' title='bbox 3015 761 3224 832; x_wconf 91' lang='lat' dir='ltr'><strong>primus</strong></span> <span class='ocrx_word' id='word_1_157' title='bbox 3250 761 3424 818; x_wconf 83' lang='lat' dir='ltr'><strong>Adam</strong></span> 
     </span>
    </p>
   </div>
   <div class='ocr_carea' id='block_1_22' title="bbox 1822 837 3426 924">
    <p class='ocr_par' dir='ltr' id='par_1_22' title="bbox 1822 837 3426 924">
     <span class='ocr_line' id='line_1_22' title="bbox 1822 837 3426 924; baseline 0.002 -19"><span class='ocrx_word' id='word_1_158' title='bbox 1822 859 1877 905; x_wconf 93' lang='lat' dir='ltr'><strong>et</strong></span> <span class='ocrx_word' id='word_1_159' title='bbox 1907 852 2176 907; x_wconf 90' lang='lat' dir='ltr'><strong>secundus</strong></span> <span class='ocrx_word' id='word_1_160' title='bbox 2202 850 2375 906; x_wconf 89' lang='lat' dir='ltr'><strong>Adam</strong></span> <span class='ocrx_word' id='word_1_161' title='bbox 2411 853 2723 908; x_wconf 91' lang='lat' dir='ltr'><strong>scribuntur</strong></span> <span class='ocrx_word' id='word_1_162' title='bbox 2758 837 2912 924; x_wconf 86' lang='lat' dir='ltr'><strong>juxta</strong></span> <span class='ocrx_word' id='word_1_163' title='bbox 2952 855 3198 924; x_wconf 92' lang='lat' dir='ltr'><strong>corporis</strong></span> <span class='ocrx_word' id='word_1_164' title='bbox 3226 854 3426 909; x_wconf 88' lang='lat' dir='ltr'><strong>verita-</strong></span> 
     </span>
    </p>
   </div>
   <div class='ocr_carea' id='block_1_23' title="bbox 1825 942 3426 1018">
    <p class='ocr_par' dir='ltr' id='par_1_23' title="bbox 1825 942 3426 1018">
     <span class='ocr_line' id='line_1_23' title="bbox 1825 942 3426 1018; baseline 0.005 -23"><span class='ocrx_word' id='word_1_165' title='bbox 1825 949 1965 996; x_wconf 86' lang='lat' dir='ltr'><strong>tem:</strong></span> <span class='ocrx_word' id='word_1_166' title='bbox 1991 942 2072 998; x_wconf 92' lang='lat' dir='ltr'><strong>sic</strong></span> <span class='ocrx_word' id='word_1_167' title='bbox 2095 951 2150 998; x_wconf 91' lang='lat' dir='ltr'><strong>et</strong></span> <span class='ocrx_word' id='word_1_168' title='bbox 2176 943 2345 998; x_wconf 86' lang='lat' dir='ltr'><strong>David</strong></span> <span class='ocrx_word' id='word_1_169' title='bbox 2368 944 2627 1001; x_wconf 87' lang='lat' dir='ltr'><strong>Dominus</strong></span> <span class='ocrx_word' id='word_1_170' title='bbox 2650 953 2813 1016; x_wconf 91' lang='lat' dir='ltr'><strong>atque</strong></span> <span class='ocrx_word' id='word_1_171' title='bbox 2835 947 3104 1014; x_wconf 84' lang='lat' dir='ltr'><strong>Salvator,</strong></span> <span class='ocrx_word' id='word_1_172' title='bbox 3128 948 3254 1018; x_wconf 84' lang='lat' dir='ltr'><strong>quia</strong></span> <span class='ocrx_word' id='word_1_173' title='bbox 3267 946 3426 1017; x_wconf 82' lang='lat' dir='ltr'><strong>juxta</strong></span> 
     </span>
    </p>
   </div>
   <div class='ocr_carea' id='block_1_24' title="bbox 1824 1033 3426 1094">
    <p class='ocr_par' dir='ltr' id='par_1_24' title="bbox 1824 1033 3426 1094">
     <span class='ocr_line' id='line_1_24' title="bbox 1824 1033 3426 1094; baseline 0.005 -8"><span class='ocrx_word' id='word_1_174' title='bbox 1824 1047 2045 1089; x_wconf 87' lang='lat' dir='ltr'><strong>carnem</strong></span> <span class='ocrx_word' id='word_1_175' title='bbox 2066 1049 2134 1090; x_wconf 88' lang='lat' dir='ltr'><strong>ex</strong></span> <span class='ocrx_word' id='word_1_176' title='bbox 2159 1033 2331 1089; x_wconf 90' lang='lat' dir='ltr'><strong>David</strong></span> <span class='ocrx_word' id='word_1_177' title='bbox 2355 1043 2528 1090; x_wconf 92' lang='lat' dir='ltr'><strong>totum</strong></span> <span class='ocrx_word' id='word_1_178' title='bbox 2557 1036 2612 1091; x_wconf 92' lang='lat' dir='ltr'><strong>in</strong></span> <span class='ocrx_word' id='word_1_179' title='bbox 2641 1051 2706 1092; x_wconf 91' lang='lat' dir='ltr'><strong>eo</strong></span> <span class='ocrx_word' id='word_1_180' title='bbox 2725 1047 2916 1092; x_wconf 87' lang='lat' dir='ltr'><strong>sancta</strong></span> <span class='ocrx_word' id='word_1_181' title='bbox 2946 1038 3114 1093; x_wconf 87' lang='lat' dir='ltr'><strong>Maria</strong></span> <span class='ocrx_word' id='word_1_182' title='bbox 3136 1038 3426 1094; x_wconf 89' lang='lat' dir='ltr'><strong>conferen-</strong></span> 
     </span>
    </p>
   </div>
   <div class='ocr_carea' id='block_1_25' title="bbox 1825 1125 3424 1202">
    <p class='ocr_par' dir='ltr' id='par_1_25' title="bbox 1825 1125 3424 1202">
     <span class='ocr_line' id='line_1_25' title="bbox 1825 1125 3424 1202; baseline 0.004 -23"><span class='ocrx_word' id='word_1_183' title='bbox 1825 1131 1900 1190; x_wconf 87' lang='lat' dir='ltr'><strong>te,</strong></span> <span class='ocrx_word' id='word_1_184' title='bbox 1916 1126 2180 1196; x_wconf 88' lang='lat' dir='ltr'><strong>quidquid</strong></span> <span class='ocrx_word' id='word_1_185' title='bbox 2205 1125 2307 1181; x_wconf 88' lang='lat' dir='ltr'><strong>fuit</strong></span> <span class='ocrx_word' id='word_1_186' title='bbox 2329 1141 2396 1182; x_wconf 88' lang='lat' dir='ltr'><strong>ex</strong></span> <span class='ocrx_word' id='word_1_187' title='bbox 2422 1128 2591 1199; x_wconf 88' lang='lat' dir='ltr'><strong>stirpe</strong></span> <span class='ocrx_word' id='word_1_188' title='bbox 2614 1129 2805 1196; x_wconf 88' lang='lat' dir='ltr'><strong>David,</strong></span> <span class='ocrx_word' id='word_1_189' title='bbox 2829 1137 2884 1186; x_wconf 91' lang='lat' dir='ltr'><strong>et</strong></span> <span class='ocrx_word' id='word_1_190' title='bbox 2903 1130 3134 1186; x_wconf 88' lang='lat' dir='ltr'><strong>habente</strong></span> <span class='ocrx_word' id='word_1_191' title='bbox 3159 1131 3424 1202; x_wconf 78' lang='lat' dir='ltr'><strong>originem</strong></span> 
     </span>
    </p>
   </div>
   <div class='ocr_carea' id='block_1_26' title="bbox 1826 1213 3422 1291">
    <p class='ocr_par' dir='ltr' id='par_1_26' title="bbox 1826 1213 3422 1291">
     <span class='ocr_line' id='line_1_26' title="bbox 1826 1213 3422 1291; baseline 0.004 -23"><span class='ocrx_word' id='word_1_192' title='bbox 1826 1221 1989 1285; x_wconf 88' lang='lat' dir='ltr'><strong>atque</strong></span> <span class='ocrx_word' id='word_1_193' title='bbox 2036 1226 2356 1286; x_wconf 84' lang='lat' dir='ltr'><strong>conceptum</strong></span> <span class='ocrx_word' id='word_1_194' title='bbox 2384 1217 2453 1273; x_wconf 91' lang='lat' dir='ltr'><strong>de</strong></span> <span class='ocrx_word' id='word_1_195' title='bbox 2491 1218 2697 1289; x_wconf 85' lang='lat' dir='ltr'><strong>Spiritu</strong></span> <span class='ocrx_word' id='word_1_196' title='bbox 2749 1213 2957 1276; x_wconf 90' lang='lat' dir='ltr'><strong>saneto.</strong></span> <span class='ocrx_word' id='word_1_197' title='bbox 2997 1220 3259 1291; x_wconf 83' lang='lat' dir='ltr'><strong>Quodque</strong></span> <span class='ocrx_word' id='word_1_198' title='bbox 3304 1221 3422 1276; x_wconf 85' lang='lat' dir='ltr'><strong>ait:</strong></span> 
     </span>
    </p>
   </div>
   <div class='ocr_carea' id='block_1_27' title="bbox 1833 1297 3426 1379">
    <p class='ocr_par' dir='ltr' id='par_1_27' title="bbox 1833 1297 3426 1379">
     <span class='ocr_line' id='line_1_27' title="bbox 1833 1297 3426 1379; baseline 0.008 -22"><span class='ocrx_word' id='word_1_199' title='bbox 1833 1320 1851 1354; x_wconf 86' lang='grc'><strong><em>‹</em></strong></span> <span class='ocrx_word' id='word_1_200' title='bbox 1888 1303 2180 1360; x_wconf 86' lang='lat' dir='ltr'><strong>Conteram</strong></span> <span class='ocrx_word' id='word_1_201' title='bbox 2201 1304 2391 1378; x_wconf 76' lang='lat' dir='ltr'><strong>iugum</strong></span> <span class='ocrx_word' id='word_1_202' title='bbox 2417 1307 2535 1379; x_wconf 89' lang='lat' dir='ltr'><strong>ejus</strong></span> <span class='ocrx_word' id='word_1_203' title='bbox 2564 1310 2630 1365; x_wconf 89' lang='lat' dir='ltr'><strong>de</strong></span> <span class='ocrx_word' id='word_1_204' title='bbox 2652 1310 2791 1366; x_wconf 89' lang='lat' dir='ltr'><strong>collo</strong></span> <span class='ocrx_word' id='word_1_205' title='bbox 2819 1319 2930 1378; x_wconf 92' lang='lat' dir='ltr'><strong>tuo,</strong></span> <span class='ocrx_word' id='word_1_206' title='bbox 2964 1319 3020 1366; x_wconf 90' lang='lat' dir='ltr'><strong>et</strong></span> <span class='ocrx_word' id='word_1_207' title='bbox 3043 1297 3258 1366; x_wconf 87' lang='lat' dir='ltr'><strong>vincula</strong></span> <span class='ocrx_word' id='word_1_208' title='bbox 3282 1312 3426 1369; x_wconf 90' lang='lat' dir='ltr'><strong>illius</strong></span> 
     </span>
    </p>
   </div>
   <div class='ocr_carea' id='block_1_28' title="bbox 1825 1391 3424 1475">
    <p class='ocr_par' dir='ltr' id='par_1_28' title="bbox 1825 1391 3424 1475">
     <span class='ocr_line' id='line_1_28' title="bbox 1825 1391 3424 1475; baseline 0.009 -28"><span class='ocrx_word' id='word_1_209' title='bbox 1825 1391 2192 1466; x_wconf 89' lang='lat' dir='ltr'><strong>disrumpam,</strong></span> <span class='ocrx_word' id='word_1_210' title='bbox 2235 1417 2254 1450; x_wconf 73' lang='grc' dir='ltr'><strong><em>ι</em></strong></span> <span class='ocrx_word' id='word_1_211' title='bbox 2290 1413 2399 1453; x_wconf 89' lang='lat' dir='ltr'><strong>non</strong></span> <span class='ocrx_word' id='word_1_212' title='bbox 2429 1400 2650 1455; x_wconf 91' lang='lat' dir='ltr'><strong>dubium</strong></span> <span class='ocrx_word' id='word_1_213' title='bbox 2679 1404 2810 1471; x_wconf 91' lang='lat' dir='ltr'><strong>quin</strong></span> <span class='ocrx_word' id='word_1_214' title='bbox 2846 1402 2946 1458; x_wconf 89' lang='lat' dir='ltr'><strong>sub</strong></span> <span class='ocrx_word' id='word_1_215' title='bbox 2977 1412 3103 1475; x_wconf 83' lang='lat' dir='ltr'><strong>typo</strong></span> <span class='ocrx_word' id='word_1_216' title='bbox 3134 1403 3424 1463; x_wconf 87' lang='lat' dir='ltr'><strong>Nabucho-</strong></span> 
     </span>
    </p>
   </div>
   <div class='ocr_carea' id='block_1_29' title="bbox 1826 1482 2920 1548">
    <p class='ocr_par' dir='ltr' id='par_1_29' title="bbox 1826 1482 2920 1548">
     <span class='ocr_line' id='line_1_29' title="bbox 1826 1482 2920 1548; baseline 0.008 -10"><span class='ocrx_word' id='word_1_217' title='bbox 1826 1482 2064 1540; x_wconf 89' lang='lat' dir='ltr'><strong>donosor</strong></span> <span class='ocrx_word' id='word_1_218' title='bbox 2102 1487 2170 1542; x_wconf 93' lang='lat' dir='ltr'><strong>de</strong></span> <span class='ocrx_word' id='word_1_219' title='bbox 2213 1486 2428 1544; x_wconf 91' lang='lat' dir='ltr'><strong>diabolo</strong></span> <span class='ocrx_word' id='word_1_220' title='bbox 2457 1490 2800 1546; x_wconf 89' lang='lat' dir='ltr'><strong>sentiendum</strong></span> <span class='ocrx_word' id='word_1_221' title='bbox 2830 1493 2920 1548; x_wconf 86' lang='lat' dir='ltr'><strong>sit.</strong></span> 
     </span>
    </p>
   </div>
   <div class='ocr_carea' id='block_1_30' title="bbox 1903 1575 3426 1653">
    <p class='ocr_par' dir='ltr' id='par_1_30' title="bbox 1903 1575 3426 1653">
     <span class='ocr_line' id='line_1_30' title="bbox 1903 1575 3426 1653; baseline 0.014 -28"><span class='ocrx_word' id='word_1_222' title='bbox 1903 1593 1922 1625; x_wconf 75' lang='grc' dir='ltr'><strong>ε</strong></span> <span class='ocrx_word' id='word_1_223' title='bbox 1970 1575 2049 1630; x_wconf 86' lang='lat' dir='ltr'><strong>Tu</strong></span> <span class='ocrx_word' id='word_1_224' title='bbox 2077 1592 2208 1648; x_wconf 87' lang='lat' dir='ltr'><strong>ergo</strong></span> <span class='ocrx_word' id='word_1_225' title='bbox 2242 1593 2310 1634; x_wconf 90' lang='lat' dir='ltr'><strong>ne</strong></span> <span class='ocrx_word' id='word_1_226' title='bbox 2338 1580 2549 1649; x_wconf 86' lang='lat' dir='ltr'><strong>timeas,</strong></span> <span class='ocrx_word' id='word_1_227' title='bbox 2584 1597 2742 1638; x_wconf 86' lang='lat' dir='ltr'><strong>serve</strong></span> <span class='ocrx_word' id='word_1_228' title='bbox 2783 1600 2939 1640; x_wconf 92' lang='lat' dir='ltr'><strong>meus</strong></span> <span class='ocrx_word' id='word_1_229' title='bbox 2965 1585 3154 1653; x_wconf 83' lang='lat' dir='ltr'><strong>Jacob,</strong></span> <span class='ocrx_word' id='word_1_230' title='bbox 3193 1591 3268 1644; x_wconf 90' lang='lat' dir='ltr'><strong>ait</strong></span> <span class='ocrx_word' id='word_1_231' title='bbox 3317 1592 3426 1645; x_wconf 74' lang='lat' dir='ltr'><strong>Do-</strong></span> 
     </span>
    </p>
   </div>
   <div class='ocr_carea' id='block_1_31' title="bbox 1831 1665 3423 1752">
    <p class='ocr_par' dir='ltr' id='par_1_31' title="bbox 1831 1665 3423 1752">
     <span class='ocr_line' id='line_1_31' title="bbox 1831 1665 3423 1752; baseline 0.014 -37"><span class='ocrx_word' id='word_1_232' title='bbox 1831 1680 1850 1714; x_wconf 86' lang='grc'><strong><em>‹</em></strong></span> <span class='ocrx_word' id='word_1_233' title='bbox 1893 1665 2095 1735; x_wconf 89' lang='lat' dir='ltr'><strong>minus,</strong></span> <span class='ocrx_word' id='word_1_234' title='bbox 2122 1683 2299 1739; x_wconf 88' lang='lat' dir='ltr'><strong>neque</strong></span> <span class='ocrx_word' id='word_1_235' title='bbox 2327 1677 2551 1745; x_wconf 77' lang='lat' dir='ltr'><strong>paveas;</strong></span> <span class='ocrx_word' id='word_1_236' title='bbox 2578 1672 2741 1729; x_wconf 88' lang='lat' dir='ltr'><strong>lsrael</strong></span> <span class='ocrx_word' id='word_1_237' title='bbox 2762 1692 2774 1728; x_wconf 93' lang='lat'><strong>:</strong></span> <span class='ocrx_word' id='word_1_238' title='bbox 2795 1675 2920 1746; x_wconf 86' lang='lat' dir='ltr'><strong>quia</strong></span> <span class='ocrx_word' id='word_1_239' title='bbox 2945 1693 3073 1733; x_wconf 90' lang='lat' dir='ltr'><strong>ecce</strong></span> <span class='ocrx_word' id='word_1_240' title='bbox 3094 1694 3195 1752; x_wconf 90' lang='lat' dir='ltr'><strong>ego</strong></span> <span class='ocrx_word' id='word_1_241' title='bbox 3218 1681 3423 1738; x_wconf 86' lang='lat' dir='ltr'><strong>salvum</strong></span> 
     </span>
    </p>
   </div>
   <div class='ocr_carea' id='block_1_32' title="bbox 1832 1756 3428 1837">
    <p class='ocr_par' dir='ltr' id='par_1_32' title="bbox 1832 1756 3428 1837">
     <span class='ocr_line' id='line_1_32' title="bbox 1832 1756 3428 1837; baseline 0.014 -29"><span class='ocrx_word' id='word_1_242' title='bbox 1832 1774 1851 1807; x_wconf 70' lang='grc' dir='ltr'>ς</span> <span class='ocrx_word' id='word_1_243' title='bbox 1896 1763 1949 1811; x_wconf 92' lang='lat' dir='ltr'><strong>te</strong></span> <span class='ocrx_word' id='word_1_244' title='bbox 1987 1756 2184 1814; x_wconf 84' lang='lat' dir='ltr'><strong>faciam</strong></span> <span class='ocrx_word' id='word_1_245' title='bbox 2224 1761 2289 1815; x_wconf 90' lang='lat' dir='ltr'><strong>de</strong></span> <span class='ocrx_word' id='word_1_246' title='bbox 2330 1770 2474 1817; x_wconf 92' lang='lat' dir='ltr'><strong>terra</strong></span> <span class='ocrx_word' id='word_1_247' title='bbox 2505 1763 2798 1837; x_wconf 83' lang='lat' dir='ltr'><strong>longinqua</strong></span> <span class='ocrx_word' id='word_1_248' title='bbox 2823 1808 2837 1834; x_wconf 94' lang='lat'><strong>,</strong></span> <span class='ocrx_word' id='word_1_249' title='bbox 2868 1778 2923 1823; x_wconf 88' lang='lat' dir='ltr'><strong>et</strong></span> <span class='ocrx_word' id='word_1_250' title='bbox 2957 1785 3143 1827; x_wconf 89' lang='lat' dir='ltr'><strong>semen</strong></span> <span class='ocrx_word' id='word_1_251' title='bbox 3181 1781 3329 1828; x_wconf 90' lang='lat' dir='ltr'><strong>tuum</strong></span> <span class='ocrx_word' id='word_1_252' title='bbox 3361 1776 3428 1830; x_wconf 89' lang='lat' dir='ltr'><strong>de</strong></span> 
     </span>
    </p>
   </div>
   <div class='ocr_carea' id='block_1_33' title="bbox 209 1847 3429 1930">
    <p class='ocr_par' dir='ltr' id='par_1_33' title="bbox 209 1847 3429 1930">
     <span class='ocr_line' id='line_1_33' title="bbox 209 1847 3429 1930; baseline 0.006 -30"><span class='ocrx_word' id='word_1_253' title='bbox 209 1881 228 1912; x_wconf 63' lang='grc' dir='ltr'><strong>ε</strong></span> <span class='ocrx_word' id='word_1_254' title='bbox 253 1863 319 1916; x_wconf 75' lang='grc' dir='ltr'>Ει</span> <span class='ocrx_word' id='word_1_255' title='bbox 345 1863 460 1916; x_wconf 56' lang='grc' dir='ltr'><strong>δερ</strong></span> <span class='ocrx_word' id='word_1_256' title='bbox 487 1861 649 1916; x_wconf 64' lang='lat' dir='ltr'><strong>verba</strong></span> <span class='ocrx_word' id='word_1_257' title='bbox 681 1874 806 1929; x_wconf 43' lang='lat' dir='ltr'><strong>qua;</strong></span> <span class='ocrx_word' id='word_1_258' title='bbox 826 1859 1036 1927; x_wconf 65' lang='lat' dir='ltr'><strong>loculus</strong></span> <span class='ocrx_word' id='word_1_259' title='bbox 1069 1866 1154 1914; x_wconf 67' lang='grc' dir='ltr'><strong>εει</strong></span> <span class='ocrx_word' id='word_1_260' title='bbox 1179 1857 1441 1913; x_wconf 75' lang='lat' dir='ltr'><strong>Dominus</strong></span> <span class='ocrx_word' id='word_1_261' title='bbox 1466 1857 1724 1914; x_wconf 66' lang='lat' dir='ltr'><strong>adlsmel</strong></span> <span class='ocrx_word' id='word_1_262' title='bbox 1752 1847 1799 1907; x_wconf 89' lang='grc' dir='ltr'>Β</span> <span class='ocrx_word' id='word_1_263' title='bbox 1833 1862 1852 1896; x_wconf 75' lang='grc' dir='ltr'>ι</span> <span class='ocrx_word' id='word_1_264' title='bbox 1901 1855 2045 1902; x_wconf 89' lang='lat' dir='ltr'><strong>terra</strong></span> <span class='ocrx_word' id='word_1_265' title='bbox 2076 1851 2405 1921; x_wconf 86' lang='lat' dir='ltr'><strong>captivitatis</strong></span> <span class='ocrx_word' id='word_1_266' title='bbox 2433 1869 2622 1910; x_wconf 89' lang='lat' dir='ltr'><strong>eorum</strong></span> <span class='ocrx_word' id='word_1_267' title='bbox 2660 1875 2672 1910; x_wconf 91' lang='lat'><strong>:</strong></span> <span class='ocrx_word' id='word_1_268' title='bbox 2707 1866 2765 1913; x_wconf 90' lang='lat' dir='ltr'><strong>et</strong></span> <span class='ocrx_word' id='word_1_269' title='bbox 2799 1870 3106 1916; x_wconf 87' lang='lat' dir='ltr'><strong>revertetur</strong></span> <span class='ocrx_word' id='word_1_270' title='bbox 3150 1862 3337 1930; x_wconf 83' lang='lat' dir='ltr'><strong>Jacob,</strong></span> <span class='ocrx_word' id='word_1_271' title='bbox 3372 1875 3429 1920; x_wconf 90' lang='lat' dir='ltr'><strong>et</strong></span> 
     </span>
    </p>
   </div>
   <div class='ocr_carea' id='block_1_34' title="bbox 131 1949 1726 2018">
    <p class='ocr_par' dir='ltr' id='par_1_34' title="bbox 131 1949 1726 2018">
     <span class='ocr_line' id='line_1_34' title="bbox 131 1949 1726 2018; baseline -0.001 -13"><span class='ocrx_word' id='word_1_272' title='bbox 131 1970 154 2005; x_wconf 73' lang='grc' dir='ltr'>ι</span> <span class='ocrx_word' id='word_1_273' title='bbox 193 1960 251 2008; x_wconf 90' lang='lat' dir='ltr'><strong>et</strong></span> <span class='ocrx_word' id='word_1_274' title='bbox 271 1952 336 2006; x_wconf 88' lang='lat' dir='ltr'><strong>ad</strong></span> <span class='ocrx_word' id='word_1_275' title='bbox 358 1951 571 2006; x_wconf 71' lang='lat' dir='ltr'><strong>ludam.</strong></span> <span class='ocrx_word' id='word_1_276' title='bbox 600 1950 864 2018; x_wconf 87' lang='lat' dir='ltr'><strong>Quoniam</strong></span> <span class='ocrx_word' id='word_1_277' title='bbox 897 1951 1014 2005; x_wconf 74' lang='lat' dir='ltr'><strong>haec</strong></span> <span class='ocrx_word' id='word_1_278' title='bbox 1042 1949 1175 2005; x_wconf 89' lang='lat' dir='ltr'><strong>dicit</strong></span> <span class='ocrx_word' id='word_1_279' title='bbox 1200 1950 1460 2006; x_wconf 89' lang='lat' dir='ltr'><strong>Dominus</strong></span> <span class='ocrx_word' id='word_1_280' title='bbox 1485 1968 1497 2003; x_wconf 90' lang='lat'><strong>:</strong></span> <span class='ocrx_word' id='word_1_281' title='bbox 1525 1949 1726 2006; x_wconf 81' lang='lat' dir='ltr'><strong>Vocem</strong></span> 
     </span>
    </p>
   </div>
   <div class='ocr_carea' id='block_1_35' title="bbox 132 2041 1726 2114">
    <p class='ocr_par' dir='ltr' id='par_1_35' title="bbox 132 2041 1726 2114">
     <span class='ocr_line' id='line_1_35' title="bbox 132 2041 1726 2114; baseline 0.002 -18"><span class='ocrx_word' id='word_1_282' title='bbox 132 2062 154 2096; x_wconf 76' lang='grc' dir='ltr'>ι</span> <span class='ocrx_word' id='word_1_283' title='bbox 197 2042 564 2114; x_wconf 79' lang='lat' dir='ltr'><strong>terroris(sive</strong></span> <span class='ocrx_word' id='word_1_284' title='bbox 599 2042 844 2111; x_wconf 89' lang='lat' dir='ltr'><strong>timoris)</strong></span> <span class='ocrx_word' id='word_1_285' title='bbox 876 2043 1200 2108; x_wconf 89' lang='lat' dir='ltr'><strong>audivimus,</strong></span> <span class='ocrx_word' id='word_1_286' title='bbox 1243 2041 1495 2110; x_wconf 88' lang='lat' dir='ltr'><strong>formido,</strong></span> <span class='ocrx_word' id='word_1_287' title='bbox 1535 2051 1726 2099; x_wconf 91' lang='lat' dir='ltr'><strong>etnon</strong></span> 
     </span>
    </p>
   </div>
   <div class='ocr_carea' id='block_1_36' title="bbox 127 2122 1724 2205">
    <p class='ocr_par' dir='ltr' id='par_1_36' title="bbox 127 2122 1724 2205">
     <span class='ocr_line' id='line_1_36' title="bbox 127 2122 1724 2205; baseline 0.001 -19"><span class='ocrx_word' id='word_1_288' title='bbox 127 2151 154 2186; x_wconf 82' lang='grc'><em>‹</em></span> <span class='ocrx_word' id='word_1_289' title='bbox 199 2142 286 2190; x_wconf 88' lang='lat' dir='ltr'><strong>est</strong></span> <span class='ocrx_word' id='word_1_290' title='bbox 313 2149 436 2205; x_wconf 88' lang='lat' dir='ltr'><strong>pax.</strong></span> <span class='ocrx_word' id='word_1_291' title='bbox 466 2122 795 2205; x_wconf 84' lang='lat' dir='ltr'><strong>Interrogate</strong></span> <span class='ocrx_word' id='word_1_292' title='bbox 821 2141 878 2188; x_wconf 87' lang='lat' dir='ltr'><strong>et</strong></span> <span class='ocrx_word' id='word_1_293' title='bbox 909 2133 1086 2190; x_wconf 90' lang='lat' dir='ltr'><strong>videte</strong></span> <span class='ocrx_word' id='word_1_294' title='bbox 1107 2133 1152 2189; x_wconf 89' lang='lat' dir='ltr'><strong>si</strong></span> <span class='ocrx_word' id='word_1_295' title='bbox 1178 2142 1401 2204; x_wconf 86' lang='lat' dir='ltr'><strong>generat</strong></span> <span class='ocrx_word' id='word_1_296' title='bbox 1435 2135 1724 2190; x_wconf 89' lang='lat' dir='ltr'><strong>masculus.</strong></span> 
     </span>
    </p>
   </div>
   <div class='ocr_carea' id='block_1_37' title="bbox 128 2225 1728 2297">
    <p class='ocr_par' dir='ltr' id='par_1_37' title="bbox 128 2225 1728 2297">
     <span class='ocr_line' id='line_1_37' title="bbox 128 2225 1728 2297; baseline 0.003 -19"><span class='ocrx_word' id='word_1_297' title='bbox 128 2245 151 2278; x_wconf 75' lang='grc' dir='ltr'>ι</span> <span class='ocrx_word' id='word_1_298' title='bbox 192 2226 379 2293; x_wconf 81' lang='lat' dir='ltr'><strong>Quare</strong></span> <span class='ocrx_word' id='word_1_299' title='bbox 397 2241 527 2297; x_wconf 90' lang='lat' dir='ltr'><strong>ergo</strong></span> <span class='ocrx_word' id='word_1_300' title='bbox 568 2225 680 2280; x_wconf 93' lang='lat' dir='ltr'><strong>vidi</strong></span> <span class='ocrx_word' id='word_1_301' title='bbox 707 2226 884 2280; x_wconf 93' lang='lat' dir='ltr'><strong>omnis</strong></span> <span class='ocrx_word' id='word_1_302' title='bbox 927 2226 1032 2280; x_wconf 89' lang='lat' dir='ltr'><strong>viri</strong></span> <span class='ocrx_word' id='word_1_303' title='bbox 1061 2241 1281 2282; x_wconf 90' lang='lat' dir='ltr'><strong>manum</strong></span> <span class='ocrx_word' id='word_1_304' title='bbox 1321 2241 1482 2296; x_wconf 90' lang='lat' dir='ltr'><strong>super</strong></span> <span class='ocrx_word' id='word_1_305' title='bbox 1516 2226 1728 2282; x_wconf 89' lang='lat' dir='ltr'><strong>lumbos</strong></span> 
     </span>
    </p>
   </div>
   <div class='ocr_carea' id='block_1_38' title="bbox 127 2317 1728 2387">
    <p class='ocr_par' dir='ltr' id='par_1_38' title="bbox 127 2317 1728 2387">
     <span class='ocr_line' id='line_1_38' title="bbox 127 2317 1728 2387; baseline 0.003 -17"><span class='ocrx_word' id='word_1_306' title='bbox 127 2337 150 2370; x_wconf 72' lang='grc' dir='ltr'><strong><em>ι</em></strong></span> <span class='ocrx_word' id='word_1_307' title='bbox 187 2334 340 2384; x_wconf 87' lang='lat' dir='ltr'><strong>suos,</strong></span> <span class='ocrx_word' id='word_1_308' title='bbox 361 2319 516 2387; x_wconf 90' lang='lat' dir='ltr'><strong>quasi</strong></span> <span class='ocrx_word' id='word_1_309' title='bbox 540 2317 920 2387; x_wconf 86' lang='lat' dir='ltr'><strong>parturientis:</strong></span> <span class='ocrx_word' id='word_1_310' title='bbox 946 2326 1287 2374; x_wconf 73' lang='lat' dir='ltr'><strong>etconversa:</strong></span> <span class='ocrx_word' id='word_1_311' title='bbox 1311 2329 1440 2373; x_wconf 91' lang='lat' dir='ltr'><strong>sunt</strong></span> <span class='ocrx_word' id='word_1_312' title='bbox 1459 2320 1728 2375; x_wconf 71' lang='lat' dir='ltr'><strong>universa:</strong></span> 
     </span>
    </p>
   </div>
   <div class='ocr_carea' id='block_1_39' title="bbox 128 2408 1730 2478">
    <p class='ocr_par' dir='ltr' id='par_1_39' title="bbox 128 2408 1730 2478">
     <span class='ocr_line' id='line_1_39' title="bbox 128 2408 1730 2478; baseline 0.002 -17"><span class='ocrx_word' id='word_1_313' title='bbox 128 2428 153 2461; x_wconf 87' lang='grc'><em>‹</em></span> <span class='ocrx_word' id='word_1_314' title='bbox 194 2410 365 2465; x_wconf 83' lang='lat' dir='ltr'><strong>facies</strong></span> <span class='ocrx_word' id='word_1_315' title='bbox 390 2410 444 2464; x_wconf 84' lang='lat' dir='ltr'><strong>in</strong></span> <span class='ocrx_word' id='word_1_316' title='bbox 469 2409 871 2478; x_wconf 68' lang='lat' dir='ltr'><strong>auruginemip</strong></span> <span class='ocrx_word' id='word_1_317' title='bbox 914 2408 1158 2462; x_wconf 90' lang='lat' dir='ltr'><strong>Primum</strong></span> <span class='ocrx_word' id='word_1_318' title='bbox 1189 2409 1364 2463; x_wconf 90' lang='lat' dir='ltr'><strong>tristia</strong></span> <span class='ocrx_word' id='word_1_319' title='bbox 1405 2411 1730 2466; x_wconf 91' lang='lat' dir='ltr'><strong>annuntian-</strong></span> 
     </span>
    </p>
   </div>
   <div class='ocr_carea' id='block_1_40' title="bbox 119 2502 1722 2575">
    <p class='ocr_par' dir='ltr' id='par_1_40' title="bbox 119 2502 1722 2575">
     <span class='ocr_line' id='line_1_40' title="bbox 119 2502 1722 2575; baseline 0.002 -16"><span class='ocrx_word' id='word_1_320' title='bbox 119 2513 233 2567; x_wconf 90' lang='lat' dir='ltr'><strong>tur,</strong></span> <span class='ocrx_word' id='word_1_321' title='bbox 265 2513 325 2558; x_wconf 93' lang='lat' dir='ltr'><strong>ut</strong></span> <span class='ocrx_word' id='word_1_322' title='bbox 360 2513 481 2575; x_wconf 88' lang='lat' dir='ltr'><strong>post</strong></span> <span class='ocrx_word' id='word_1_323' title='bbox 507 2503 771 2559; x_wconf 90' lang='lat' dir='ltr'><strong>malorum</strong></span> <span class='ocrx_word' id='word_1_324' title='bbox 803 2502 1227 2573; x_wconf 90' lang='lat' dir='ltr'><strong>magnitudinem</strong></span> <span class='ocrx_word' id='word_1_325' title='bbox 1258 2503 1378 2557; x_wconf 85' lang='lat' dir='ltr'><strong>laeta</strong></span> <span class='ocrx_word' id='word_1_326' title='bbox 1400 2505 1722 2564; x_wconf 87' lang='lat' dir='ltr'><strong>succedant:</strong></span> 
     </span>
    </p>
   </div>
   <div class='ocr_carea' id='block_1_41' title="bbox 117 2581 1729 2670">
    <p class='ocr_par' dir='ltr' id='par_1_41' title="bbox 117 2581 1729 2670">
     <span class='ocr_line' id='line_1_41' title="bbox 117 2581 1729 2670; baseline -0.001 -20"><span class='ocrx_word' id='word_1_327' title='bbox 117 2597 339 2670; x_wconf 81' lang='lat' dir='ltr'><strong>gratior</strong></span> <span class='ocrx_word' id='word_1_328' title='bbox 386 2597 586 2666; x_wconf 90' lang='lat' dir='ltr'><strong>quippe</strong></span> <span class='ocrx_word' id='word_1_329' title='bbox 632 2603 717 2650; x_wconf 91' lang='lat' dir='ltr'><strong>est</strong></span> <span class='ocrx_word' id='word_1_330' title='bbox 761 2581 968 2650; x_wconf 84' lang='lat' dir='ltr'><strong>sanitas</strong></span> <span class='ocrx_word' id='word_1_331' title='bbox 1007 2595 1358 2666; x_wconf 72' lang='lat' dir='ltr'><strong>aegrotatione</strong></span> <span class='ocrx_word' id='word_1_332' title='bbox 1391 2595 1644 2666; x_wconf 85' lang='lat' dir='ltr'><strong>depulsa:</strong></span> <span class='ocrx_word' id='word_1_333' title='bbox 1674 2603 1729 2651; x_wconf 80' lang='lat' dir='ltr'><strong>et</strong></span> 
     </span>
    </p>
   </div>
   <div class='ocr_carea' id='block_1_42' title="bbox 116 2686 1730 2760">
    <p class='ocr_par' dir='ltr' id='par_1_42' title="bbox 116 2686 1730 2760">
     <span class='ocr_line' id='line_1_42' title="bbox 116 2686 1730 2760; baseline 0.002 -18"><span class='ocrx_word' id='word_1_334' title='bbox 116 2686 330 2743; x_wconf 84' lang='lat' dir='ltr'><strong>doloris</strong></span> <span class='ocrx_word' id='word_1_335' title='bbox 357 2688 692 2758; x_wconf 86' lang='lat' dir='ltr'><strong>magnitudo,</strong></span> <span class='ocrx_word' id='word_1_336' title='bbox 717 2689 769 2742; x_wconf 93' lang='lat' dir='ltr'><strong>in</strong></span> <span class='ocrx_word' id='word_1_337' title='bbox 793 2686 1219 2759; x_wconf 85' lang='lat' dir='ltr'><strong>magnitudinem</strong></span> <span class='ocrx_word' id='word_1_338' title='bbox 1254 2688 1485 2742; x_wconf 90' lang='lat' dir='ltr'><strong>vertitur</strong></span> <span class='ocrx_word' id='word_1_339' title='bbox 1510 2689 1730 2760; x_wconf 89' lang='lat' dir='ltr'><strong>gaudio-</strong></span> 
     </span>
    </p>
   </div>
   <div class='ocr_carea' id='block_1_43' title="bbox 122 2766 1726 2849">
    <p class='ocr_par' dir='ltr' id='par_1_43' title="bbox 122 2766 1726 2849">
     <span class='ocr_line' id='line_1_43' title="bbox 122 2766 1726 2849; baseline 0.001 -14"><span class='ocrx_word' id='word_1_340' title='bbox 122 2797 271 2836; x_wconf 88' lang='lat' dir='ltr'><strong>rum.</strong></span> <span class='ocrx_word' id='word_1_341' title='bbox 301 2781 455 2848; x_wconf 90' lang='lat' dir='ltr'><strong>Quod</strong></span> <span class='ocrx_word' id='word_1_342' title='bbox 483 2790 664 2837; x_wconf 86' lang='lat' dir='ltr'><strong>autem</strong></span> <span class='ocrx_word' id='word_1_343' title='bbox 692 2780 846 2846; x_wconf 91' lang='lat' dir='ltr'><strong>dicit,</strong></span> <span class='ocrx_word' id='word_1_344' title='bbox 870 2781 972 2836; x_wconf 88' lang='lat' dir='ltr'><strong>hoc</strong></span> <span class='ocrx_word' id='word_1_345' title='bbox 1014 2766 1118 2836; x_wconf 85' lang='lat' dir='ltr'><strong>est.</strong></span> <span class='ocrx_word' id='word_1_346' title='bbox 1153 2780 1358 2836; x_wconf 90' lang='lat' dir='ltr'><strong>Tantus</strong></span> <span class='ocrx_word' id='word_1_347' title='bbox 1407 2781 1511 2836; x_wconf 91' lang='lat' dir='ltr'><strong>erit</strong></span> <span class='ocrx_word' id='word_1_348' title='bbox 1541 2782 1726 2849; x_wconf 90' lang='lat' dir='ltr'><strong>timor,</strong></span> 
     </span>
    </p>
   </div>
   <div class='ocr_carea' id='block_1_44' title="bbox 121 2862 1729 2945">
    <p class='ocr_par' dir='ltr' id='par_1_44' title="bbox 121 2862 1729 2945">
     <span class='ocr_line' id='line_1_44' title="bbox 121 2862 1729 2945; baseline 0.002 -19"><span class='ocrx_word' id='word_1_349' title='bbox 121 2880 386 2942; x_wconf 87' lang='lat' dir='ltr'><strong>tantaque</strong></span> <span class='ocrx_word' id='word_1_350' title='bbox 415 2871 664 2937; x_wconf 88' lang='lat' dir='ltr'><strong>formido,</strong></span> <span class='ocrx_word' id='word_1_351' title='bbox 700 2882 761 2924; x_wconf 91' lang='lat' dir='ltr'><strong>ut</strong></span> <span class='ocrx_word' id='word_1_352' title='bbox 793 2870 974 2941; x_wconf 84' lang='lat' dir='ltr'><strong>fugata</strong></span> <span class='ocrx_word' id='word_1_353' title='bbox 997 2862 1154 2941; x_wconf 83' lang='lat' dir='ltr'><strong>pace,</strong></span> <span class='ocrx_word' id='word_1_354' title='bbox 1183 2872 1337 2927; x_wconf 85' lang='lat' dir='ltr'><strong>bellis</strong></span> <span class='ocrx_word' id='word_1_355' title='bbox 1375 2882 1428 2927; x_wconf 88' lang='lat' dir='ltr'><strong>et</strong></span> <span class='ocrx_word' id='word_1_356' title='bbox 1465 2874 1729 2945; x_wconf 85' lang='lat' dir='ltr'><strong>sanguine</strong></span> 
     </span>
    </p>
   </div>
   <div class='ocr_carea' id='block_1_45' title="bbox 120 2948 1726 3035">
    <p class='ocr_par' dir='ltr' id='par_1_45' title="bbox 120 2948 1726 3035">
     <span class='ocr_line' id='line_1_45' title="bbox 120 2948 1726 3035; baseline 0.001 -17"><span class='ocrx_word' id='word_1_357' title='bbox 120 2964 312 3018; x_wconf 87' lang='lat' dir='ltr'><strong>omnia</strong></span> <span class='ocrx_word' id='word_1_358' title='bbox 365 2963 756 3034; x_wconf 88' lang='lat' dir='ltr'><strong>compleantur,</strong></span> <span class='ocrx_word' id='word_1_359' title='bbox 798 2972 853 3018; x_wconf 91' lang='lat' dir='ltr'><strong>et</strong></span> <span class='ocrx_word' id='word_1_360' title='bbox 875 2963 1020 3019; x_wconf 90' lang='lat' dir='ltr'><strong>viros</strong></span> <span class='ocrx_word' id='word_1_361' title='bbox 1065 2978 1281 3034; x_wconf 91' lang='lat' dir='ltr'><strong>quoque</strong></span> <span class='ocrx_word' id='word_1_362' title='bbox 1328 2948 1559 3033; x_wconf 85' lang='lat' dir='ltr'><strong>quorum</strong></span> <span class='ocrx_word' id='word_1_363' title='bbox 1597 2981 1726 3035; x_wconf 76' lang='lat' dir='ltr'><strong>pro-</strong></span> 
     </span>
    </p>
   </div>
   <div class='ocr_carea' id='block_1_46' title="bbox 117 3040 1728 3126">
    <p class='ocr_par' dir='ltr' id='par_1_46' title="bbox 117 3040 1728 3126">
     <span class='ocr_line' id='line_1_46' title="bbox 117 3040 1728 3126; baseline 0.001 -18"><span class='ocrx_word' id='word_1_364' title='bbox 117 3056 308 3126; x_wconf 87' lang='lat' dir='ltr'><strong>prium</strong></span> <span class='ocrx_word' id='word_1_365' title='bbox 357 3063 441 3110; x_wconf 90' lang='lat' dir='ltr'><strong>est</strong></span> <span class='ocrx_word' id='word_1_366' title='bbox 492 3062 683 3110; x_wconf 89' lang='lat' dir='ltr'><strong>contra</strong></span> <span class='ocrx_word' id='word_1_367' title='bbox 731 3053 1072 3109; x_wconf 88' lang='lat' dir='ltr'><strong>adversarios</strong></span> <span class='ocrx_word' id='word_1_368' title='bbox 1122 3054 1403 3120; x_wconf 89' lang='lat' dir='ltr'><strong>dimicare,</strong></span> <span class='ocrx_word' id='word_1_369' title='bbox 1449 3040 1728 3110; x_wconf 84' lang='lat' dir='ltr'><strong>muliebris</strong></span> 
     </span>
    </p>
   </div>
   <div class='ocr_carea' id='block_1_47' title="bbox 123 3147 1722 3217">
    <p class='ocr_par' dir='ltr' id='par_1_47' title="bbox 123 3147 1722 3217">
     <span class='ocr_line' id='line_1_47' title="bbox 123 3147 1722 3217; baseline -0.001 -16"><span class='ocrx_word' id='word_1_370' title='bbox 123 3156 310 3201; x_wconf 89' lang='lat' dir='ltr'><strong>terror</strong></span> <span class='ocrx_word' id='word_1_371' title='bbox 357 3147 638 3209; x_wconf 89' lang='lat' dir='ltr'><strong>obtineat,</strong></span> <span class='ocrx_word' id='word_1_372' title='bbox 688 3161 986 3215; x_wconf 87' lang='lat' dir='ltr'><strong>manusque</strong></span> <span class='ocrx_word' id='word_1_373' title='bbox 1039 3152 1381 3217; x_wconf 85' lang='lat' dir='ltr'><strong>nequaquam</strong></span> <span class='ocrx_word' id='word_1_374' title='bbox 1441 3147 1508 3201; x_wconf 91' lang='lat' dir='ltr'><strong>ad</strong></span> <span class='ocrx_word' id='word_1_375' title='bbox 1554 3162 1722 3210; x_wconf 88' lang='lat' dir='ltr'><strong>arma,</strong></span> 
     </span>
    </p>
   </div>
   <div class='ocr_carea' id='block_1_48' title="bbox 1835 1938 3427 2026">
    <p class='ocr_par' dir='ltr' id='par_1_48' title="bbox 1835 1938 3427 2026">
     <span class='ocr_line' id='line_1_48' title="bbox 1835 1938 3427 2026; baseline 0.014 -38"><span class='ocrx_word' id='word_1_376' title='bbox 1835 1954 1854 1988; x_wconf 71' lang='grc' dir='ltr'><strong>ε</strong></span> <span class='ocrx_word' id='word_1_377' title='bbox 1900 1938 2163 2026; x_wconf 84' lang='lat' dir='ltr'><strong>quiescet,</strong></span> <span class='ocrx_word' id='word_1_378' title='bbox 2190 1951 2244 1996; x_wconf 87' lang='lat' dir='ltr'><strong>et</strong></span> <span class='ocrx_word' id='word_1_379' title='bbox 2282 1947 2492 2000; x_wconf 89' lang='lat' dir='ltr'><strong>cunctis</strong></span> <span class='ocrx_word' id='word_1_380' title='bbox 2516 1946 2698 2003; x_wconf 84' lang='lat' dir='ltr'><strong>atiluet</strong></span> <span class='ocrx_word' id='word_1_381' title='bbox 2720 1950 2897 2015; x_wconf 90' lang='lat' dir='ltr'><strong>bonis,</strong></span> <span class='ocrx_word' id='word_1_382' title='bbox 2924 1962 2977 2006; x_wconf 91' lang='lat' dir='ltr'><strong>et</strong></span> <span class='ocrx_word' id='word_1_383' title='bbox 3003 1969 3111 2010; x_wconf 94' lang='lat' dir='ltr'><strong>non</strong></span> <span class='ocrx_word' id='word_1_384' title='bbox 3133 1954 3238 2010; x_wconf 80' lang='lat' dir='ltr'><strong>erit</strong></span> <span class='ocrx_word' id='word_1_385' title='bbox 3266 1971 3427 2026; x_wconf 91' lang='lat' dir='ltr'><strong>quem</strong></span> 
     </span>
    </p>
   </div>
   <div class='ocr_carea' id='block_1_49' title="bbox 1836 2025 3430 2110">
    <p class='ocr_par' dir='ltr' id='par_1_49' title="bbox 1836 2025 3430 2110">
     <span class='ocr_line' id='line_1_49' title="bbox 1836 2025 3430 2110; baseline 0.015 -32"><span class='ocrx_word' id='word_1_386' title='bbox 1836 2043 1856 2077; x_wconf 73' lang='grc' dir='ltr'><strong><em>ι</em></strong></span> <span class='ocrx_word' id='word_1_387' title='bbox 1900 2025 2176 2097; x_wconf 82' lang='lat' dir='ltr'><strong>formidet,</strong></span> <span class='ocrx_word' id='word_1_388' title='bbox 2214 2029 2472 2101; x_wconf 88' lang='lat' dir='ltr'><strong>quoniam</strong></span> <span class='ocrx_word' id='word_1_389' title='bbox 2517 2045 2696 2091; x_wconf 88' lang='lat' dir='ltr'><strong>tecum</strong></span> <span class='ocrx_word' id='word_1_390' title='bbox 2735 2053 2882 2106; x_wconf 86' lang='lat' dir='ltr'><strong>sum,</strong></span> <span class='ocrx_word' id='word_1_391' title='bbox 2917 2041 2994 2095; x_wconf 91' lang='lat' dir='ltr'><strong>ait</strong></span> <span class='ocrx_word' id='word_1_392' title='bbox 3040 2042 3335 2110; x_wconf 87' lang='lat' dir='ltr'><strong>Dominus,</strong></span> <span class='ocrx_word' id='word_1_393' title='bbox 3368 2055 3430 2102; x_wconf 89' lang='lat' dir='ltr'><strong>ut</strong></span> 
     </span>
    </p>
   </div>
   <div class='ocr_carea' id='block_1_50' title="bbox 1836 2119 3428 2196">
    <p class='ocr_par' dir='ltr' id='par_1_50' title="bbox 1836 2119 3428 2196">
     <span class='ocr_line' id='line_1_50' title="bbox 1836 2119 3428 2196; baseline 0.016 -26"><span class='ocrx_word' id='word_1_394' title='bbox 1836 2137 1854 2170; x_wconf 73' lang='grc' dir='ltr'><strong>α</strong></span> <span class='ocrx_word' id='word_1_395' title='bbox 1900 2119 2104 2176; x_wconf 87' lang='lat' dir='ltr'><strong>salvem</strong></span> <span class='ocrx_word' id='word_1_396' title='bbox 2163 2131 2234 2178; x_wconf 91' lang='lat' dir='ltr'><strong>te.</strong></span> <span class='ocrx_word' id='word_1_397' title='bbox 2303 2125 2526 2182; x_wconf 80' lang='lat' dir='ltr'><strong>Faciam</strong></span> <span class='ocrx_word' id='word_1_398' title='bbox 2576 2131 2721 2184; x_wconf 90' lang='lat' dir='ltr'><strong>enim</strong></span> <span class='ocrx_word' id='word_1_399' title='bbox 2776 2137 3305 2194; x_wconf 87' lang='lat' dir='ltr'><strong>consummationem</strong></span> <span class='ocrx_word' id='word_1_400' title='bbox 3373 2141 3428 2196; x_wconf 90' lang='lat' dir='ltr'><strong>in</strong></span> 
     </span>
    </p>
   </div>
   <div class='ocr_carea' id='block_1_51' title="bbox 1836 2215 3428 2294">
    <p class='ocr_par' dir='ltr' id='par_1_51' title="bbox 1836 2215 3428 2294">
     <span class='ocr_line' id='line_1_51' title="bbox 1836 2215 3428 2294; baseline 0.017 -33"><span class='ocrx_word' id='word_1_401' title='bbox 1836 2227 1855 2260; x_wconf 88' lang='grc'><strong><em>‹</em></strong></span> <span class='ocrx_word' id='word_1_402' title='bbox 1899 2215 2111 2269; x_wconf 90' lang='lat' dir='ltr'><strong>cunctis</strong></span> <span class='ocrx_word' id='word_1_403' title='bbox 2145 2217 2398 2285; x_wconf 85' lang='lat' dir='ltr'><strong>gentibus</strong></span> <span class='ocrx_word' id='word_1_404' title='bbox 2435 2220 2491 2274; x_wconf 91' lang='lat' dir='ltr'><strong>in</strong></span> <span class='ocrx_word' id='word_1_405' title='bbox 2521 2223 2717 2291; x_wconf 90' lang='lat' dir='ltr'><strong>quibus</strong></span> <span class='ocrx_word' id='word_1_406' title='bbox 2763 2225 2992 2294; x_wconf 88' lang='lat' dir='ltr'><strong>dispersi</strong></span> <span class='ocrx_word' id='word_1_407' title='bbox 3025 2237 3079 2284; x_wconf 90' lang='lat' dir='ltr'><strong>te</strong></span> <span class='ocrx_word' id='word_1_408' title='bbox 3109 2243 3124 2282; x_wconf 92' lang='lat'><strong>:</strong></span> <span class='ocrx_word' id='word_1_409' title='bbox 3157 2239 3208 2285; x_wconf 90' lang='lat' dir='ltr'><strong>te</strong></span> <span class='ocrx_word' id='word_1_410' title='bbox 3246 2241 3428 2288; x_wconf 89' lang='lat' dir='ltr'><strong>autem</strong></span> 
     </span>
    </p>
   </div>
   <div class='ocr_carea' id='block_1_52' title="bbox 1836 2305 3429 2396">
    <p class='ocr_par' dir='ltr' id='par_1_52' title="bbox 1836 2305 3429 2396">
     <span class='ocr_line' id='line_1_52' title="bbox 1836 2305 3429 2396; baseline 0.017 -41"><span class='ocrx_word' id='word_1_411' title='bbox 1836 2319 1854 2352; x_wconf 74' lang='grc' dir='ltr'><strong><em>ι</em></strong></span> <span class='ocrx_word' id='word_1_412' title='bbox 1903 2319 2012 2359; x_wconf 91' lang='lat' dir='ltr'><strong>non</strong></span> <span class='ocrx_word' id='word_1_413' title='bbox 2049 2305 2248 2361; x_wconf 82' lang='lat' dir='ltr'><strong>faciam</strong></span> <span class='ocrx_word' id='word_1_414' title='bbox 2279 2309 2334 2362; x_wconf 92' lang='lat' dir='ltr'><strong>in</strong></span> <span class='ocrx_word' id='word_1_415' title='bbox 2391 2315 2939 2384; x_wconf 87' lang='lat' dir='ltr'><strong>consummationem,</strong></span> <span class='ocrx_word' id='word_1_416' title='bbox 2998 2321 3094 2376; x_wconf 89' lang='lat' dir='ltr'><strong>sed</strong></span> <span class='ocrx_word' id='word_1_417' title='bbox 3147 2324 3429 2396; x_wconf 88' lang='lat' dir='ltr'><strong>castigabo</strong></span> 
     </span>
    </p>
   </div>
   <div class='ocr_carea' id='block_1_53' title="bbox 1834 2396 3431 2476">
    <p class='ocr_par' dir='ltr' id='par_1_53' title="bbox 1834 2396 3431 2476">
     <span class='ocr_line' id='line_1_53' title="bbox 1834 2396 3431 2476; baseline 0.018 -30"><span class='ocrx_word' id='word_1_418' title='bbox 1834 2412 1855 2446; x_wconf 85' lang='grc'><em>‹</em></span> <span class='ocrx_word' id='word_1_419' title='bbox 1902 2396 2031 2468; x_wconf 82' lang='lat' dir='ltr'><strong>(sive</strong></span> <span class='ocrx_word' id='word_1_420' title='bbox 2057 2399 2324 2473; x_wconf 82' lang='lat' dir='ltr'><strong>erudiam)</strong></span> <span class='ocrx_word' id='word_1_421' title='bbox 2364 2410 2418 2456; x_wconf 89' lang='lat' dir='ltr'><strong>te</strong></span> <span class='ocrx_word' id='word_1_422' title='bbox 2461 2404 2516 2459; x_wconf 92' lang='lat' dir='ltr'><strong>in</strong></span> <span class='ocrx_word' id='word_1_423' title='bbox 2551 2403 2794 2475; x_wconf 71' lang='lat' dir='ltr'><strong>judicio,</strong></span> <span class='ocrx_word' id='word_1_424' title='bbox 2825 2420 2881 2464; x_wconf 92' lang='lat' dir='ltr'><strong>ut</strong></span> <span class='ocrx_word' id='word_1_425' title='bbox 2910 2426 3018 2468; x_wconf 92' lang='lat' dir='ltr'><strong>non</strong></span> <span class='ocrx_word' id='word_1_426' title='bbox 3060 2415 3154 2470; x_wconf 91' lang='lat' dir='ltr'><strong>tibi</strong></span> <span class='ocrx_word' id='word_1_427' title='bbox 3196 2417 3431 2476; x_wconf 82' lang='lat' dir='ltr'><strong>videaris</strong></span> 
     </span>
    </p>
   </div>
   <div class='ocr_carea' id='block_1_54' title="bbox 1836 2486 3427 2579">
    <p class='ocr_par' dir='ltr' id='par_1_54' title="bbox 1836 2486 3427 2579">
     <span class='ocr_line' id='line_1_54' title="bbox 1836 2486 3427 2579; baseline 0.02 -43"><span class='ocrx_word' id='word_1_428' title='bbox 1836 2503 1854 2535; x_wconf 85' lang='grc'><strong>‹</strong></span> <span class='ocrx_word' id='word_1_429' title='bbox 1903 2486 2158 2545; x_wconf 86' lang='lat' dir='ltr'><strong>innoxius</strong></span> <span class='ocrx_word' id='word_1_430' title='bbox 2187 2490 2313 2565; x_wconf 75' lang='lat' dir='ltr'><strong>(sive</strong></span> <span class='ocrx_word' id='word_1_431' title='bbox 2332 2501 2388 2547; x_wconf 91' lang='lat' dir='ltr'><strong>et</strong></span> <span class='ocrx_word' id='word_1_432' title='bbox 2409 2497 2677 2552; x_wconf 85' lang='lat' dir='ltr'><strong>mundans</strong></span> <span class='ocrx_word' id='word_1_433' title='bbox 2701 2515 2807 2554; x_wconf 89' lang='lat' dir='ltr'><strong>non</strong></span> <span class='ocrx_word' id='word_1_434' title='bbox 2833 2505 3105 2560; x_wconf 89' lang='lat' dir='ltr'><strong>mundabo</strong></span> <span class='ocrx_word' id='word_1_435' title='bbox 3128 2507 3223 2579; x_wconf 88' lang='lat' dir='ltr'><strong>te).</strong></span> <span class='ocrx_word' id='word_1_436' title='bbox 3254 2529 3273 2562; x_wconf 74' lang='grc' dir='ltr'><strong><em>ι</em></strong></span> <span class='ocrx_word' id='word_1_437' title='bbox 3300 2508 3427 2567; x_wconf 82' lang='lat' dir='ltr'><strong>Haec</strong></span> 
     </span>
    </p>
   </div>
   <div class='ocr_carea' id='block_1_55' title="bbox 1829 2581 3431 2670">
    <p class='ocr_par' dir='ltr' id='par_1_55' title="bbox 1829 2581 3431 2670">
     <span class='ocr_line' id='line_1_55' title="bbox 1829 2581 3431 2670; baseline 0.017 -40"><span class='ocrx_word' id='word_1_438' title='bbox 1829 2585 2086 2654; x_wconf 70' lang='grc' dir='ltr'><strong>περικρπή</strong></span> <span class='ocrx_word' id='word_1_439' title='bbox 2137 2581 2191 2635; x_wconf 93' lang='lat' dir='ltr'><strong>in</strong></span> <span class='ocrx_word' id='word_1_440' title='bbox 2243 2581 2389 2637; x_wconf 79' lang='lat' dir='ltr'><strong>LXX</strong></span> <span class='ocrx_word' id='word_1_441' title='bbox 2440 2601 2547 2642; x_wconf 89' lang='lat' dir='ltr'><strong>non</strong></span> <span class='ocrx_word' id='word_1_442' title='bbox 2588 2589 2837 2658; x_wconf 89' lang='lat' dir='ltr'><strong>habetur,</strong></span> <span class='ocrx_word' id='word_1_443' title='bbox 2871 2603 2927 2648; x_wconf 93' lang='lat' dir='ltr'><strong>et</strong></span> <span class='ocrx_word' id='word_1_444' title='bbox 2952 2596 3005 2648; x_wconf 91' lang='lat' dir='ltr'><strong>in</strong></span> <span class='ocrx_word' id='word_1_445' title='bbox 3033 2596 3307 2670; x_wconf 90' lang='lat' dir='ltr'><strong>plerisque</strong></span> <span class='ocrx_word' id='word_1_446' title='bbox 3339 2616 3431 2657; x_wconf 89' lang='lat' dir='ltr'><strong>co-</strong></span> 
     </span>
    </p>
   </div>
   <div class='ocr_carea' id='block_1_56' title="bbox 1830 2670 3430 2747">
    <p class='ocr_par' dir='ltr' id='par_1_56' title="bbox 1830 2670 3430 2747">
     <span class='ocr_line' id='line_1_56' title="bbox 1830 2670 3430 2747; baseline 0.015 -24"><span class='ocrx_word' id='word_1_447' title='bbox 1830 2670 2043 2726; x_wconf 88' lang='lat' dir='ltr'><strong>dicibus</strong></span> <span class='ocrx_word' id='word_1_448' title='bbox 2066 2670 2294 2744; x_wconf 83' lang='lat' dir='ltr'><strong>vulgatae</strong></span> <span class='ocrx_word' id='word_1_449' title='bbox 2328 2675 2582 2732; x_wconf 85' lang='lat' dir='ltr'><strong>editionis</strong></span> <span class='ocrx_word' id='word_1_450' title='bbox 2609 2681 2708 2734; x_wconf 91' lang='lat' dir='ltr'><strong>sub</strong></span> <span class='ocrx_word' id='word_1_451' title='bbox 2747 2683 3022 2740; x_wconf 90' lang='lat' dir='ltr'><strong>asteriscis</strong></span> <span class='ocrx_word' id='word_1_452' title='bbox 3068 2688 3136 2742; x_wconf 91' lang='lat' dir='ltr'><strong>de</strong></span> <span class='ocrx_word' id='word_1_453' title='bbox 3183 2689 3430 2747; x_wconf 85' lang='lat' dir='ltr'><strong>Theodo-</strong></span> 
     </span>
    </p>
   </div>
   <div class='ocr_carea' id='block_1_57' title="bbox 1831 2761 3426 2851">
    <p class='ocr_par' dir='ltr' id='par_1_57' title="bbox 1831 2761 3426 2851">
     <span class='ocr_line' id='line_1_57' title="bbox 1831 2761 3426 2851; baseline 0.016 -36"><span class='ocrx_word' id='word_1_454' title='bbox 1831 2761 1979 2833; x_wconf 85' lang='lat' dir='ltr'><strong>tione</strong></span> <span class='ocrx_word' id='word_1_455' title='bbox 2008 2764 2196 2820; x_wconf 88' lang='lat' dir='ltr'><strong>addita</strong></span> <span class='ocrx_word' id='word_1_456' title='bbox 2241 2775 2342 2823; x_wconf 90' lang='lat' dir='ltr'><strong>est.</strong></span> <span class='ocrx_word' id='word_1_457' title='bbox 2376 2768 2672 2828; x_wconf 90' lang='lat' dir='ltr'><strong>Pollicetur</strong></span> <span class='ocrx_word' id='word_1_458' title='bbox 2714 2785 2896 2832; x_wconf 89' lang='lat' dir='ltr'><strong>autem</strong></span> <span class='ocrx_word' id='word_1_459' title='bbox 2939 2795 3119 2836; x_wconf 89' lang='lat' dir='ltr'><strong>sermo</strong></span> <span class='ocrx_word' id='word_1_460' title='bbox 3164 2783 3379 2839; x_wconf 88' lang='lat' dir='ltr'><strong>divinus</strong></span> <span class='ocrx_word' id='word_1_461' title='bbox 3412 2825 3426 2851; x_wconf 96' lang='lat'><strong>,</strong></span> 
     </span>
    </p>
   </div>
   <div class='ocr_carea' id='block_1_58' title="bbox 1831 2855 3424 2947">
    <p class='ocr_par' dir='ltr' id='par_1_58' title="bbox 1831 2855 3424 2947">
     <span class='ocr_line' id='line_1_58' title="bbox 1831 2855 3424 2947; baseline 0.014 -36"><span class='ocrx_word' id='word_1_462' title='bbox 1831 2866 1886 2912; x_wconf 90' lang='lat' dir='ltr'><strong>et</strong></span> <span class='ocrx_word' id='word_1_463' title='bbox 1910 2855 2257 2916; x_wconf 85' lang='lat' dir='ltr'><strong>familiariter</strong></span> <span class='ocrx_word' id='word_1_464' title='bbox 2283 2873 2442 2918; x_wconf 88' lang='lat' dir='ltr'><strong>vocat</strong></span> <span class='ocrx_word' id='word_1_465' title='bbox 2468 2880 2685 2924; x_wconf 89' lang='lat' dir='ltr'><strong>servum</strong></span> <span class='ocrx_word' id='word_1_466' title='bbox 2725 2887 2883 2927; x_wconf 89' lang='lat' dir='ltr'><strong>suum</strong></span> <span class='ocrx_word' id='word_1_467' title='bbox 2928 2873 3098 2932; x_wconf 87' lang='lat' dir='ltr'><strong>Jacob</strong></span> <span class='ocrx_word' id='word_1_468' title='bbox 3130 2886 3184 2932; x_wconf 90' lang='lat' dir='ltr'><strong>et</strong></span> <span class='ocrx_word' id='word_1_469' title='bbox 3231 2878 3424 2947; x_wconf 83' lang='lat' dir='ltr'><strong>Israel,</strong></span> 
     </span>
    </p>
   </div>
   <div class='ocr_carea' id='block_1_59' title="bbox 1830 2950 3426 3030">
    <p class='ocr_par' dir='ltr' id='par_1_59' title="bbox 1830 2950 3426 3030">
     <span class='ocr_line' id='line_1_59' title="bbox 1830 2950 3426 3030; baseline 0.014 -26"><span class='ocrx_word' id='word_1_470' title='bbox 1830 2950 1970 3008; x_wconf 90' lang='lat' dir='ltr'><strong>sicut</strong></span> <span class='ocrx_word' id='word_1_471' title='bbox 1999 2952 2297 3021; x_wconf 88' lang='lat' dir='ltr'><strong>Abraham,</strong></span> <span class='ocrx_word' id='word_1_472' title='bbox 2328 2955 2501 3023; x_wconf 85' lang='lat' dir='ltr'><strong>Isaac,</strong></span> <span class='ocrx_word' id='word_1_473' title='bbox 2527 2968 2583 3014; x_wconf 90' lang='lat' dir='ltr'><strong>et</strong></span> <span class='ocrx_word' id='word_1_474' title='bbox 2602 2958 2789 3030; x_wconf 86' lang='lat' dir='ltr'><strong>Jacob,</strong></span> <span class='ocrx_word' id='word_1_475' title='bbox 2822 2977 3087 3021; x_wconf 88' lang='lat' dir='ltr'><strong>vocantur</strong></span> <span class='ocrx_word' id='word_1_476' title='bbox 3117 2971 3258 3024; x_wconf 82' lang='lat' dir='ltr'><strong>servi</strong></span> <span class='ocrx_word' id='word_1_477' title='bbox 3306 2971 3426 3027; x_wconf 90' lang='lat' dir='ltr'><strong>Dei.</strong></span> 
     </span>
    </p>
   </div>
   <div class='ocr_carea' id='block_1_60' title="bbox 1830 3039 3429 3130">
    <p class='ocr_par' dir='ltr' id='par_1_60' title="bbox 1830 3039 3429 3130">
     <span class='ocr_line' id='line_1_60' title="bbox 1830 3039 3429 3130; baseline 0.016 -34"><span class='ocrx_word' id='word_1_478' title='bbox 1830 3039 2005 3099; x_wconf 86' lang='lat' dir='ltr'><strong>Moses</strong></span> <span class='ocrx_word' id='word_1_479' title='bbox 2033 3059 2248 3116; x_wconf 91' lang='lat' dir='ltr'><strong>quoque</strong></span> <span class='ocrx_word' id='word_1_480' title='bbox 2297 3058 2353 3102; x_wconf 92' lang='lat' dir='ltr'><strong>et</strong></span> <span class='ocrx_word' id='word_1_481' title='bbox 2392 3049 2480 3104; x_wconf 89' lang='lat' dir='ltr'><strong>alii</strong></span> <span class='ocrx_word' id='word_1_482' title='bbox 2518 3055 2814 3123; x_wconf 65' lang='lat' dir='ltr'><strong>prophetae,</strong></span> <span class='ocrx_word' id='word_1_483' title='bbox 2862 3067 2916 3113; x_wconf 90' lang='lat' dir='ltr'><strong>et</strong></span> <span class='ocrx_word' id='word_1_484' title='bbox 2967 3062 3244 3130; x_wconf 88' lang='lat' dir='ltr'><strong>apostolus</strong></span> <span class='ocrx_word' id='word_1_485' title='bbox 3290 3064 3429 3120; x_wconf 88' lang='lat' dir='ltr'><strong>Pau-</strong></span> 
     </span>
    </p>
   </div>
   <div class='ocr_carea' id='block_1_61' title="bbox 1829 3132 3429 3215">
    <p class='ocr_par' dir='ltr' id='par_1_61' title="bbox 1829 3132 3429 3215">
     <span class='ocr_line' id='line_1_61' title="bbox 1829 3132 3429 3215; baseline 0.018 -28"><span class='ocrx_word' id='word_1_486' title='bbox 1829 3132 1914 3190; x_wconf 91' lang='lat' dir='ltr'><strong>lus</strong></span> <span class='ocrx_word' id='word_1_487' title='bbox 1959 3136 2014 3191; x_wconf 92' lang='lat' dir='ltr'><strong>in</strong></span> <span class='ocrx_word' id='word_1_488' title='bbox 2074 3139 2343 3210; x_wconf 90' lang='lat' dir='ltr'><strong>principio</strong></span> <span class='ocrx_word' id='word_1_489' title='bbox 2398 3143 2764 3212; x_wconf 89' lang='lat' dir='ltr'><strong>Epistolarum</strong></span> <span class='ocrx_word' id='word_1_490' title='bbox 2830 3167 3051 3209; x_wconf 88' lang='lat' dir='ltr'><strong>suarum</strong></span> <span class='ocrx_word' id='word_1_491' title='bbox 3115 3158 3218 3213; x_wconf 86' lang='lat' dir='ltr'><strong>hoc</strong></span> <span class='ocrx_word' id='word_1_492' title='bbox 3274 3159 3429 3215; x_wconf 83' lang='lat' dir='ltr'><strong>titulo</strong></span> 
     </span>
    </p>
   </div>
   <div class='ocr_carea' id='block_1_62' title="bbox 118 3214 3427 3313">
    <p class='ocr_par' dir='ltr' id='par_1_62' title="bbox 118 3214 3427 3313">
     <span class='ocr_line' id='line_1_62' title="bbox 118 3214 3427 3313; baseline 0.018 -64"><span class='ocrx_word' id='word_1_493' title='bbox 118 3238 222 3294; x_wconf 70' lang='lat' dir='ltr'><strong>sed</strong></span> <span class='ocrx_word' id='word_1_494' title='bbox 260 3238 327 3292; x_wconf 68' lang='lat' dir='ltr'>ad</span> <span class='ocrx_word' id='word_1_495' title='bbox 358 3253 517 3292; x_wconf 62' lang='lat' dir='ltr'><strong>renes</strong></span> <span class='ocrx_word' id='word_1_496' title='bbox 554 3238 815 3293; x_wconf 52' lang='lat' dir='ltr'><strong>“mendos</strong></span> <span class='ocrx_word' id='word_1_497' title='bbox 874 3214 1174 3303; x_wconf 47' lang='lat' dir='ltr'><strong>c&#39;onferan‘t’</strong></span> <span class='ocrx_word' id='word_1_498' title='bbox 1229 3214 1387 3309; x_wconf 45' lang='lat' dir='ltr'><strong>{magi</strong></span> <span class='ocrx_word' id='word_1_499' title='bbox 1433 3238 1478 3293; x_wconf 70' lang='lat' dir='ltr'><strong>si</strong></span> <span class='ocrx_word' id='word_1_500' title='bbox 1526 3238 1723 3294; x_wconf 65' lang='lat' dir='ltr'><strong>mulier</strong></span> <span class='ocrx_word' id='word_1_501' title='bbox 1753 3214 1797 3276; x_wconf 91' lang='lat' dir='ltr'><strong>C</strong></span> <span class='ocrx_word' id='word_1_502' title='bbox 1830 3228 2095 3300; x_wconf 82' lang='lat' dir='ltr'><strong>gloriatur</strong></span> <span class='ocrx_word' id='word_1_503' title='bbox 2137 3251 2150 3285; x_wconf 92' lang='lat'><strong>:</strong></span> <span class='ocrx_word' id='word_1_504' title='bbox 2188 3243 2249 3288; x_wconf 93' lang='lat' dir='ltr'><strong>ut</strong></span> <span class='ocrx_word' id='word_1_505' title='bbox 2275 3243 2330 3288; x_wconf 89' lang='lat' dir='ltr'><strong>et</strong></span> <span class='ocrx_word' id='word_1_506' title='bbox 2354 3236 2474 3292; x_wconf 69' lang='lat' dir='ltr'><strong>dua:</strong></span> <span class='ocrx_word' id='word_1_507' title='bbox 2501 3247 2556 3293; x_wconf 92' lang='lat' dir='ltr'><strong>et</strong></span> <span class='ocrx_word' id='word_1_508' title='bbox 2591 3241 2778 3297; x_wconf 90' lang='lat' dir='ltr'><strong>decem</strong></span> <span class='ocrx_word' id='word_1_509' title='bbox 2810 3245 3004 3313; x_wconf 92' lang='lat' dir='ltr'><strong>tribus,</strong></span> <span class='ocrx_word' id='word_1_510' title='bbox 3061 3248 3115 3304; x_wconf 89' lang='lat' dir='ltr'><strong>id</strong></span> <span class='ocrx_word' id='word_1_511' title='bbox 3153 3260 3238 3306; x_wconf 92' lang='lat' dir='ltr'><strong>est</strong></span> <span class='ocrx_word' id='word_1_512' title='bbox 3288 3254 3427 3310; x_wconf 89' lang='lat' dir='ltr'><strong>duo-</strong></span> 
     </span>
    </p>
   </div>
   <div class='ocr_carea' id='block_1_63' title="bbox 113 3329 1723 3400">
    <p class='ocr_par' dir='ltr' id='par_1_63' title="bbox 113 3329 1723 3400">
     <span class='ocr_line' id='line_1_63' title="bbox 113 3329 1723 3400; baseline 0.002 -16"><span class='ocrx_word' id='word_1_513' title='bbox 113 3331 347 3400; x_wconf 83' lang='lat' dir='ltr'><strong>pariens</strong></span> <span class='ocrx_word' id='word_1_514' title='bbox 382 3329 474 3384; x_wconf 89' lang='lat' dir='ltr'><strong>ilia</strong></span> <span class='ocrx_word' id='word_1_515' title='bbox 507 3329 828 3400; x_wconf 89' lang='lat' dir='ltr'><strong>lumbosque</strong></span> <span class='ocrx_word' id='word_1_516' title='bbox 873 3331 1163 3386; x_wconf 87' lang='lat' dir='ltr'><strong>contineat.</strong></span> <span class='ocrx_word' id='word_1_517' title='bbox 1219 3329 1371 3386; x_wconf 90' lang='lat' dir='ltr'><strong>Unde</strong></span> <span class='ocrx_word' id='word_1_518' title='bbox 1395 3339 1450 3385; x_wconf 91' lang='lat' dir='ltr'><strong>et</strong></span> <span class='ocrx_word' id='word_1_519' title='bbox 1503 3339 1723 3387; x_wconf 87' lang='lat' dir='ltr'><strong>cuncto-</strong></span> 
     </span>
    </p>
   </div>
   <div class='ocr_carea' id='block_1_64' title="bbox 113 3421 1723 3494">
    <p class='ocr_par' dir='ltr' id='par_1_64' title="bbox 113 3421 1723 3494">
     <span class='ocr_line' id='line_1_64' title="bbox 113 3421 1723 3494; baseline 0.002 -19"><span class='ocrx_word' id='word_1_520' title='bbox 113 3437 249 3475; x_wconf 82' lang='lat' dir='ltr'><strong>rum</strong></span> <span class='ocrx_word' id='word_1_521' title='bbox 279 3421 445 3478; x_wconf 84' lang='lat' dir='ltr'><strong>facies</strong></span> <span class='ocrx_word' id='word_1_522' title='bbox 479 3431 758 3478; x_wconf 88' lang='lat' dir='ltr'><strong>vertentur</strong></span> <span class='ocrx_word' id='word_1_523' title='bbox 783 3422 838 3478; x_wconf 90' lang='lat' dir='ltr'><strong>in</strong></span> <span class='ocrx_word' id='word_1_524' title='bbox 868 3424 1207 3494; x_wconf 88' lang='lat' dir='ltr'><strong>auruginem,</strong></span> <span class='ocrx_word' id='word_1_525' title='bbox 1235 3437 1491 3492; x_wconf 90' lang='lat' dir='ltr'><strong>pavorem</strong></span> <span class='ocrx_word' id='word_1_526' title='bbox 1541 3423 1723 3478; x_wconf 84' lang='lat' dir='ltr'><strong>cordis</strong></span> 
     </span>
    </p>
   </div>
   <div class='ocr_carea' id='block_1_65' title="bbox 112 3513 1720 3584">
    <p class='ocr_par' dir='ltr' id='par_1_65' title="bbox 112 3513 1720 3584">
     <span class='ocr_line' id='line_1_65' title="bbox 112 3513 1720 3584; baseline 0.003 -16"><span class='ocrx_word' id='word_1_527' title='bbox 112 3513 308 3569; x_wconf 76' lang='lat' dir='ltr'><strong>vultus</strong></span> <span class='ocrx_word' id='word_1_528' title='bbox 332 3514 536 3584; x_wconf 87' lang='lat' dir='ltr'><strong>pallore</strong></span> <span class='ocrx_word' id='word_1_529' title='bbox 567 3525 844 3571; x_wconf 85' lang='lat' dir='ltr'><strong>testantes.</strong></span> <span class='ocrx_word' id='word_1_530' title='bbox 885 3515 1114 3584; x_wconf 86' lang='lat' dir='ltr'><strong>Quidam</strong></span> <span class='ocrx_word' id='word_1_531' title='bbox 1136 3518 1279 3572; x_wconf 90' lang='lat' dir='ltr'><strong>hunc</strong></span> <span class='ocrx_word' id='word_1_532' title='bbox 1301 3517 1478 3572; x_wconf 90' lang='lat' dir='ltr'><strong>locum</strong></span> <span class='ocrx_word' id='word_1_533' title='bbox 1524 3533 1720 3574; x_wconf 89' lang='lat' dir='ltr'><strong>secun-</strong></span> 
     </span>
    </p>
   </div>
   <div class='ocr_carea' id='block_1_66' title="bbox 114 3602 1723 3678">
    <p class='ocr_par' dir='ltr' id='par_1_66' title="bbox 114 3602 1723 3678">
     <span class='ocr_line' id='line_1_66' title="bbox 114 3602 1723 3678; baseline 0.002 -17"><span class='ocrx_word' id='word_1_534' title='bbox 114 3606 254 3661; x_wconf 85' lang='lat' dir='ltr'><strong>dum</strong></span> <span class='ocrx_word' id='word_1_535' title='bbox 284 3605 638 3678; x_wconf 89' lang='lat' dir='ltr'><strong>tr0pologiam</strong></span> <span class='ocrx_word' id='word_1_536' title='bbox 680 3607 758 3662; x_wconf 91' lang='lat' dir='ltr'><strong>sic</strong></span> <span class='ocrx_word' id='word_1_537' title='bbox 789 3602 1232 3677; x_wconf 85' lang='lat' dir='ltr'><strong>interpretantur,</strong></span> <span class='ocrx_word' id='word_1_538' title='bbox 1264 3616 1324 3662; x_wconf 92' lang='lat' dir='ltr'><strong>ut</strong></span> <span class='ocrx_word' id='word_1_539' title='bbox 1363 3616 1554 3678; x_wconf 88' lang='lat' dir='ltr'><strong>putent</strong></span> <span class='ocrx_word' id='word_1_540' title='bbox 1592 3608 1723 3664; x_wconf 93' lang='lat' dir='ltr'><strong>illud</strong></span> 
     </span>
    </p>
   </div>
   <div class='ocr_carea' id='block_1_67' title="bbox 113 3696 1724 3768">
    <p class='ocr_par' dir='ltr' id='par_1_67' title="bbox 113 3696 1724 3768">
     <span class='ocr_line' id='line_1_67' title="bbox 113 3696 1724 3768; baseline 0.002 -17"><span class='ocrx_word' id='word_1_541' title='bbox 113 3696 531 3752; x_wconf 77' lang='lat' dir='ltr'><strong>testimonium:</strong></span> <span class='ocrx_word' id='word_1_542' title='bbox 555 3697 628 3751; x_wconf 81' lang='grc' dir='ltr'><strong>«Α</strong></span> <span class='ocrx_word' id='word_1_543' title='bbox 650 3699 842 3752; x_wconf 81' lang='lat' dir='ltr'><strong>timore</strong></span> <span class='ocrx_word' id='word_1_544' title='bbox 874 3707 982 3762; x_wconf 91' lang='lat' dir='ltr'><strong>tuo,</strong></span> <span class='ocrx_word' id='word_1_545' title='bbox 1010 3697 1251 3763; x_wconf 87' lang='lat' dir='ltr'><strong>Domine,</strong></span> <span class='ocrx_word' id='word_1_546' title='bbox 1279 3699 1646 3768; x_wconf 88' lang='lat' dir='ltr'><strong>concepimus,</strong></span> <span class='ocrx_word' id='word_1_547' title='bbox 1670 3709 1724 3755; x_wconf 88' lang='lat' dir='ltr'><strong>et</strong></span> 
     </span>
    </p>
   </div>
   <div class='ocr_carea' id='block_1_68' title="bbox 113 3789 1724 3861">
    <p class='ocr_par' dir='ltr' id='par_1_68' title="bbox 113 3789 1724 3861">
     <span class='ocr_line' id='line_1_68' title="bbox 113 3789 1724 3861; baseline 0.002 -18"><span class='ocrx_word' id='word_1_548' title='bbox 113 3789 536 3861; x_wconf 88' lang='lat' dir='ltr'><strong>parturivimus,</strong></span> <span class='ocrx_word' id='word_1_549' title='bbox 572 3799 627 3844; x_wconf 92' lang='lat' dir='ltr'><strong>et</strong></span> <span class='ocrx_word' id='word_1_550' title='bbox 655 3791 981 3860; x_wconf 90' lang='lat' dir='ltr'><strong>peperimus,</strong></span> <span class='ocrx_word' id='word_1_551' title='bbox 1013 3790 1260 3859; x_wconf 89' lang='lat' dir='ltr'><strong>spiritum</strong></span> <span class='ocrx_word' id='word_1_552' title='bbox 1290 3790 1480 3845; x_wconf 90' lang='lat' dir='ltr'><strong>salutis</strong></span> <span class='ocrx_word' id='word_1_553' title='bbox 1509 3799 1613 3845; x_wconf 82' lang='lat' dir='ltr'><strong>tuae</strong></span> <span class='ocrx_word' id='word_1_554' title='bbox 1649 3789 1724 3846; x_wconf 84' lang='lat' dir='ltr'><strong>fe-</strong></span> 
     </span>
    </p>
   </div>
   <div class='ocr_carea' id='block_1_69' title="bbox 114 3874 1722 3952">
    <p class='ocr_par' dir='ltr' id='par_1_69' title="bbox 114 3874 1722 3952">
     <span class='ocr_line' id='line_1_69' title="bbox 114 3874 1722 3952; baseline 0 -16"><span class='ocrx_word' id='word_1_555' title='bbox 114 3874 302 3936; x_wconf 83' lang='lat' dir='ltr'><strong>cimus</strong></span> <span class='ocrx_word' id='word_1_556' title='bbox 348 3896 511 3952; x_wconf 91' lang='lat' dir='ltr'><strong>super</strong></span> <span class='ocrx_word' id='word_1_557' title='bbox 540 3889 738 3935; x_wconf 90' lang='lat' dir='ltr'><strong>terram</strong></span> <span class='ocrx_word' id='word_1_558' title='bbox 769 3880 903 3952; x_wconf 84' lang='lat' dir='ltr'><strong>(Isa.</strong></span> <span class='ocrx_word' id='word_1_559' title='bbox 932 3881 1197 3952; x_wconf 60' lang='lat' dir='ltr'><strong>xxxvn),)</strong></span> <span class='ocrx_word' id='word_1_560' title='bbox 1227 3891 1280 3936; x_wconf 92' lang='lat' dir='ltr'><strong>et</strong></span> <span class='ocrx_word' id='word_1_561' title='bbox 1309 3882 1437 3935; x_wconf 90' lang='lat' dir='ltr'><strong>illud</strong></span> <span class='ocrx_word' id='word_1_562' title='bbox 1468 3883 1722 3951; x_wconf 88' lang='lat' dir='ltr'><strong>apostoli-</strong></span> 
     </span>
    </p>
   </div>
   <div class='ocr_carea' id='block_1_70' title="bbox 113 3972 1719 4046">
    <p class='ocr_par' dir='ltr' id='par_1_70' title="bbox 113 3972 1719 4046">
     <span class='ocr_line' id='line_1_70' title="bbox 113 3972 1719 4046; baseline 0.002 -18"><span class='ocrx_word' id='word_1_563' title='bbox 113 3989 272 4038; x_wconf 89' lang='lat' dir='ltr'><strong>cum,</strong></span> <span class='ocrx_word' id='word_1_564' title='bbox 301 3974 357 4028; x_wconf 92' lang='lat' dir='ltr'><strong>in</strong></span> <span class='ocrx_word' id='word_1_565' title='bbox 381 3990 488 4043; x_wconf 91' lang='lat' dir='ltr'><strong>quo</strong></span> <span class='ocrx_word' id='word_1_566' title='bbox 513 3974 671 4028; x_wconf 88' lang='lat' dir='ltr'><strong>dicit:</strong></span> <span class='ocrx_word' id='word_1_567' title='bbox 696 3992 713 4024; x_wconf 87' lang='grc'><strong><em>‹</em></strong></span> <span class='ocrx_word' id='word_1_568' title='bbox 741 3972 917 4028; x_wconf 86' lang='lat' dir='ltr'><strong>Filioli</strong></span> <span class='ocrx_word' id='word_1_569' title='bbox 944 3974 1067 4039; x_wconf 88' lang='lat' dir='ltr'><strong>mei,</strong></span> <span class='ocrx_word' id='word_1_570' title='bbox 1096 3976 1440 4043; x_wconf 89' lang='lat' dir='ltr'><strong>quositerum</strong></span> <span class='ocrx_word' id='word_1_571' title='bbox 1456 3977 1719 4046; x_wconf 90' lang='lat' dir='ltr'><strong>parturio,</strong></span> 
     </span>
    </p>
   </div>
   <div class='ocr_carea' id='block_1_71' title="bbox 119 4063 1723 4138">
    <p class='ocr_par' dir='ltr' id='par_1_71' title="bbox 119 4063 1723 4138">
     <span class='ocr_line' id='line_1_71' title="bbox 119 4063 1723 4138; baseline 0.001 -18"><span class='ocrx_word' id='word_1_572' title='bbox 119 4067 304 4120; x_wconf 89' lang='lat' dir='ltr'><strong>donec</strong></span> <span class='ocrx_word' id='word_1_573' title='bbox 353 4063 601 4120; x_wconf 80' lang='lat' dir='ltr'><strong>ChriStus</strong></span> <span class='ocrx_word' id='word_1_574' title='bbox 632 4063 897 4120; x_wconf 85' lang='lat' dir='ltr'><strong>formetur</strong></span> <span class='ocrx_word' id='word_1_575' title='bbox 924 4065 980 4118; x_wconf 93' lang='lat' dir='ltr'><strong>in</strong></span> <span class='ocrx_word' id='word_1_576' title='bbox 1025 4065 1178 4120; x_wconf 89' lang='lat' dir='ltr'><strong>vobis</strong></span> <span class='ocrx_word' id='word_1_577' title='bbox 1213 4064 1354 4135; x_wconf 82' lang='lat' dir='ltr'><strong>(Gal.</strong></span> <span class='ocrx_word' id='word_1_578' title='bbox 1393 4065 1493 4138; x_wconf 86' lang='lat' dir='ltr'><strong>1v),</strong></span> <span class='ocrx_word' id='word_1_579' title='bbox 1531 4086 1550 4118; x_wconf 76' lang='grc' dir='ltr'><strong><em>ι</em></strong></span> <span class='ocrx_word' id='word_1_580' title='bbox 1599 4068 1723 4122; x_wconf 87' lang='lat' dir='ltr'><strong>huic</strong></span> 
     </span>
    </p>
   </div>
   <div class='ocr_carea' id='block_1_72' title="bbox 115 4155 1724 4227">
    <p class='ocr_par' dir='ltr' id='par_1_72' title="bbox 115 4155 1724 4227">
     <span class='ocr_line' id='line_1_72' title="bbox 115 4155 1724 4227; baseline -0.001 -14"><span class='ocrx_word' id='word_1_581' title='bbox 115 4156 380 4227; x_wconf 88' lang='lat' dir='ltr'><strong>exemplo</strong></span> <span class='ocrx_word' id='word_1_582' title='bbox 411 4155 736 4225; x_wconf 87' lang='lat' dir='ltr'><strong>comparari,</strong></span> <span class='ocrx_word' id='word_1_583' title='bbox 766 4156 910 4225; x_wconf 93' lang='lat' dir='ltr'><strong>quod</strong></span> <span class='ocrx_word' id='word_1_584' title='bbox 940 4156 1286 4211; x_wconf 87' lang='lat' dir='ltr'><strong>manifestum</strong></span> <span class='ocrx_word' id='word_1_585' title='bbox 1301 4166 1505 4212; x_wconf 90' lang='lat' dir='ltr'><strong>estnon</strong></span> <span class='ocrx_word' id='word_1_586' title='bbox 1527 4159 1595 4213; x_wconf 89' lang='lat' dir='ltr'><strong>ad</strong></span> <span class='ocrx_word' id='word_1_587' title='bbox 1615 4167 1724 4214; x_wconf 86' lang='lat' dir='ltr'><strong>ter-</strong></span> 
     </span>
    </p>
   </div>
   <div class='ocr_carea' id='block_1_73' title="bbox 115 4247 1722 4327">
    <p class='ocr_par' dir='ltr' id='par_1_73' title="bbox 115 4247 1722 4327">
     <span class='ocr_line' id='line_1_73' title="bbox 115 4247 1722 4327; baseline 0.001 -23"><span class='ocrx_word' id='word_1_588' title='bbox 115 4264 330 4313; x_wconf 87' lang='lat' dir='ltr'><strong>rorem,</strong></span> <span class='ocrx_word' id='word_1_589' title='bbox 383 4248 475 4302; x_wconf 90' lang='lat' dir='ltr'><strong>sed</strong></span> <span class='ocrx_word' id='word_1_590' title='bbox 536 4247 600 4301; x_wconf 92' lang='lat' dir='ltr'><strong>ad</strong></span> <span class='ocrx_word' id='word_1_591' title='bbox 652 4247 905 4319; x_wconf 88' lang='lat' dir='ltr'><strong>gaudium</strong></span> <span class='ocrx_word' id='word_1_592' title='bbox 953 4249 1256 4317; x_wconf 87' lang='lat' dir='ltr'><strong>pertinere:</strong></span> <span class='ocrx_word' id='word_1_593' title='bbox 1310 4265 1434 4327; x_wconf 88' lang='lat' dir='ltr'><strong>cum</strong></span> <span class='ocrx_word' id='word_1_594' title='bbox 1482 4265 1722 4320; x_wconf 82' lang='lat' dir='ltr'><strong>praesens</strong></span> 
     </span>
    </p>
   </div>
   <div class='ocr_carea' id='block_1_74' title="bbox 117 4339 1718 4414">
    <p class='ocr_par' dir='ltr' id='par_1_74' title="bbox 117 4339 1718 4414">
     <span class='ocr_line' id='line_1_74' title="bbox 117 4339 1718 4414; baseline 0.002 -20"><span class='ocrx_word' id='word_1_595' title='bbox 117 4339 415 4409; x_wconf 87' lang='lat' dir='ltr'><strong>Scriptura</strong></span> <span class='ocrx_word' id='word_1_596' title='bbox 429 4339 923 4396; x_wconf 85' lang='lat' dir='ltr'><strong>vastationislsrael</strong></span> <span class='ocrx_word' id='word_1_597' title='bbox 939 4349 993 4396; x_wconf 91' lang='lat' dir='ltr'><strong>et</strong></span> <span class='ocrx_word' id='word_1_598' title='bbox 1012 4343 1182 4396; x_wconf 75' lang='lat' dir='ltr'><strong>ruinae</strong></span> <span class='ocrx_word' id='word_1_599' title='bbox 1205 4351 1417 4412; x_wconf 89' lang='lat' dir='ltr'><strong>tempus</strong></span> <span class='ocrx_word' id='word_1_600' title='bbox 1433 4343 1718 4414; x_wconf 87' lang='lat' dir='ltr'><strong>signiticet.</strong></span> 
     </span>
    </p>
   </div>
   <div class='ocr_carea' id='block_1_75' title="bbox 197 4430 1721 4505">
    <p class='ocr_par' dir='ltr' id='par_1_75' title="bbox 197 4430 1721 4505">
     <span class='ocr_line' id='line_1_75' title="bbox 197 4430 1721 4505; baseline 0.005 -23"><span class='ocrx_word' id='word_1_601' title='bbox 197 4450 216 4482; x_wconf 73' lang='grc' dir='ltr'>ι</span> <span class='ocrx_word' id='word_1_602' title='bbox 243 4431 361 4495; x_wconf 81' lang='lat' dir='ltr'><strong>Vae,</strong></span> <span class='ocrx_word' id='word_1_603' title='bbox 388 4430 512 4499; x_wconf 89' lang='lat' dir='ltr'><strong>quia</strong></span> <span class='ocrx_word' id='word_1_604' title='bbox 529 4445 722 4498; x_wconf 85' lang='lat' dir='ltr'><strong>magna</strong></span> <span class='ocrx_word' id='word_1_605' title='bbox 737 4431 852 4486; x_wconf 91' lang='lat' dir='ltr'><strong>dies</strong></span> <span class='ocrx_word' id='word_1_606' title='bbox 867 4431 980 4497; x_wconf 90' lang='lat' dir='ltr'><strong>illa,</strong></span> <span class='ocrx_word' id='word_1_607' title='bbox 1003 4448 1103 4488; x_wconf 91' lang='lat' dir='ltr'><strong>nec</strong></span> <span class='ocrx_word' id='word_1_608' title='bbox 1117 4437 1199 4488; x_wconf 86' lang='lat' dir='ltr'><strong>est</strong></span> <span class='ocrx_word' id='word_1_609' title='bbox 1218 4434 1410 4488; x_wconf 90' lang='lat' dir='ltr'><strong>similis</strong></span> <span class='ocrx_word' id='word_1_610' title='bbox 1429 4435 1569 4505; x_wconf 91' lang='lat' dir='ltr'><strong>ejus,</strong></span> <span class='ocrx_word' id='word_1_611' title='bbox 1587 4444 1721 4490; x_wconf 89' lang='lat' dir='ltr'><strong>tem-</strong></span> 
     </span>
    </p>
   </div>
   <div class='ocr_carea' id='block_1_76' title="bbox 119 4521 1719 4598">
    <p class='ocr_par' dir='ltr' id='par_1_76' title="bbox 119 4521 1719 4598">
     <span class='ocr_line' id='line_1_76' title="bbox 119 4521 1719 4598; baseline 0.006 -24"><span class='ocrx_word' id='word_1_612' title='bbox 119 4543 137 4574; x_wconf 89' lang='grc'><strong><em>‹</em></strong></span> <span class='ocrx_word' id='word_1_613' title='bbox 175 4537 400 4592; x_wconf 85' lang='lat' dir='ltr'><strong>pusque</strong></span> <span class='ocrx_word' id='word_1_614' title='bbox 429 4521 788 4577; x_wconf 89' lang='lat' dir='ltr'><strong>tribulationis</strong></span> <span class='ocrx_word' id='word_1_615' title='bbox 815 4532 900 4578; x_wconf 90' lang='lat' dir='ltr'><strong>est</strong></span> <span class='ocrx_word' id='word_1_616' title='bbox 932 4524 1100 4580; x_wconf 86' lang='lat' dir='ltr'><strong>Jacob</strong></span> <span class='ocrx_word' id='word_1_617' title='bbox 1127 4544 1139 4580; x_wconf 91' lang='lat'><strong>:</strong></span> <span class='ocrx_word' id='word_1_618' title='bbox 1166 4536 1309 4583; x_wconf 85' lang='lat' dir='ltr'><strong>etex</strong></span> <span class='ocrx_word' id='word_1_619' title='bbox 1343 4528 1459 4598; x_wconf 91' lang='lat' dir='ltr'><strong>ipso</strong></span> <span class='ocrx_word' id='word_1_620' title='bbox 1485 4525 1719 4586; x_wconf 85' lang='lat' dir='ltr'><strong>salvabi-</strong></span> 
     </span>
    </p>
   </div>
   <div class='ocr_carea' id='block_1_77' title="bbox 118 4610 1720 4692">
    <p class='ocr_par' dir='ltr' id='par_1_77' title="bbox 118 4610 1720 4692">
     <span class='ocr_line' id='line_1_77' title="bbox 118 4610 1720 4692; baseline 0.009 -30"><span class='ocrx_word' id='word_1_621' title='bbox 118 4631 136 4662; x_wconf 72' lang='grc' dir='ltr'>ι</span> <span class='ocrx_word' id='word_1_622' title='bbox 178 4621 295 4665; x_wconf 90' lang='lat' dir='ltr'><strong>tur.</strong></span> <span class='ocrx_word' id='word_1_623' title='bbox 331 4630 350 4661; x_wconf 74' lang='grc' dir='ltr'><strong><em>ι</em></strong></span> <span class='ocrx_word' id='word_1_624' title='bbox 385 4610 636 4667; x_wconf 66' lang='lat' dir='ltr'><strong>Praedicit</strong></span> <span class='ocrx_word' id='word_1_625' title='bbox 675 4620 884 4684; x_wconf 88' lang='lat' dir='ltr'><strong>tempus</strong></span> <span class='ocrx_word' id='word_1_626' title='bbox 915 4615 1169 4682; x_wconf 63' lang='lat' dir='ltr'><strong>miseria},</strong></span> <span class='ocrx_word' id='word_1_627' title='bbox 1198 4627 1257 4671; x_wconf 90' lang='lat' dir='ltr'><strong>ut</strong></span> <span class='ocrx_word' id='word_1_628' title='bbox 1289 4617 1485 4674; x_wconf 83' lang='lat' dir='ltr'><strong>inferat</strong></span> <span class='ocrx_word' id='word_1_629' title='bbox 1508 4629 1720 4692; x_wconf 86' lang='lat' dir='ltr'><strong>tempus</strong></span> 
     </span>
    </p>
   </div>
   <div class='ocr_carea' id='block_1_78' title="bbox 1826 3322 3427 3416">
    <p class='ocr_par' dir='ltr' id='par_1_78' title="bbox 1826 3322 3427 3416">
     <span class='ocr_line' id='line_1_78' title="bbox 1826 3322 3427 3416; baseline 0.018 -41"><span class='ocrx_word' id='word_1_630' title='bbox 1826 3322 2022 3406; x_wconf 81' lang='lat' dir='ltr'><strong>decim,</strong></span> <span class='ocrx_word' id='word_1_631' title='bbox 2053 3326 2229 3380; x_wconf 91' lang='lat' dir='ltr'><strong>sciant</strong></span> <span class='ocrx_word' id='word_1_632' title='bbox 2257 3343 2315 3383; x_wconf 90' lang='lat' dir='ltr'><strong>se</strong></span> <span class='ocrx_word' id='word_1_633' title='bbox 2348 3330 2414 3384; x_wconf 90' lang='lat' dir='ltr'><strong>de</strong></span> <span class='ocrx_word' id='word_1_634' title='bbox 2442 3340 2588 3386; x_wconf 89' lang='lat' dir='ltr'><strong>terra</strong></span> <span class='ocrx_word' id='word_1_635' title='bbox 2631 3335 2926 3410; x_wconf 89' lang='lat' dir='ltr'><strong>longinqua</strong></span> <span class='ocrx_word' id='word_1_636' title='bbox 2957 3356 3075 3397; x_wconf 88' lang='lat' dir='ltr'><strong>esse</strong></span> <span class='ocrx_word' id='word_1_637' title='bbox 3103 3345 3389 3404; x_wconf 89' lang='lat' dir='ltr'><strong>salvaudas</strong></span> <span class='ocrx_word' id='word_1_638' title='bbox 3411 3390 3427 3416; x_wconf 94' lang='lat'><strong>,</strong></span> 
     </span>
    </p>
   </div>
   <div class='ocr_carea' id='block_1_79' title="bbox 1825 3417 3428 3507">
    <p class='ocr_par' dir='ltr' id='par_1_79' title="bbox 1825 3417 3428 3507">
     <span class='ocr_line' id='line_1_79' title="bbox 1825 3417 3428 3507; baseline 0.017 -38"><span class='ocrx_word' id='word_1_639' title='bbox 1825 3424 1880 3469; x_wconf 89' lang='lat' dir='ltr'><strong>et</strong></span> <span class='ocrx_word' id='word_1_640' title='bbox 1907 3417 2220 3474; x_wconf 89' lang='lat' dir='ltr'><strong>solvendam</strong></span> <span class='ocrx_word' id='word_1_641' title='bbox 2254 3422 2624 3492; x_wconf 87' lang='lat' dir='ltr'><strong>captivitatem</strong></span> <span class='ocrx_word' id='word_1_642' title='bbox 2653 3431 3094 3506; x_wconf 88' lang='lat' dir='ltr'><strong>reddendamque</strong></span> <span class='ocrx_word' id='word_1_643' title='bbox 3123 3453 3340 3507; x_wconf 85' lang='lat' dir='ltr'><strong>pacem,</strong></span> <span class='ocrx_word' id='word_1_644' title='bbox 3375 3450 3428 3497; x_wconf 93' lang='lat' dir='ltr'><strong>et</strong></span> 
     </span>
    </p>
   </div>
   <div class='ocr_carea' id='block_1_80' title="bbox 1825 3509 3429 3604">
    <p class='ocr_par' dir='ltr' id='par_1_80' title="bbox 1825 3509 3429 3604">
     <span class='ocr_line' id='line_1_80' title="bbox 1825 3509 3429 3604; baseline 0.018 -44"><span class='ocrx_word' id='word_1_645' title='bbox 1825 3509 1974 3604; x_wconf 71' lang='lat' dir='ltr'><strong>omni</strong></span> <span class='ocrx_word' id='word_1_646' title='bbox 2018 3525 2113 3604; x_wconf 89' lang='lat' dir='ltr'><strong>eas</strong></span> <span class='ocrx_word' id='word_1_647' title='bbox 2156 3513 2447 3583; x_wconf 89' lang='lat' dir='ltr'><strong>replendas</strong></span> <span class='ocrx_word' id='word_1_648' title='bbox 2495 3519 2868 3604; x_wconf 76' lang='lat' dir='ltr'><strong>abundantia,</strong></span> <span class='ocrx_word' id='word_1_649' title='bbox 2916 3526 3072 3595; x_wconf 85' lang='lat' dir='ltr'><strong>juxta</strong></span> <span class='ocrx_word' id='word_1_650' title='bbox 3123 3529 3253 3585; x_wconf 89' lang='lat' dir='ltr'><strong>illud</strong></span> <span class='ocrx_word' id='word_1_651' title='bbox 3282 3533 3429 3604; x_wconf 89' lang='lat' dir='ltr'><strong>quod</strong></span> 
     </span>
    </p>
   </div>
   <div class='ocr_carea' id='block_1_81' title="bbox 1825 3601 3430 3692">
    <p class='ocr_par' dir='ltr' id='par_1_81' title="bbox 1825 3601 3430 3692">
     <span class='ocr_line' id='line_1_81' title="bbox 1825 3601 3430 3692; baseline 0.018 -38"><span class='ocrx_word' id='word_1_652' title='bbox 1825 3601 1880 3654; x_wconf 89' lang='lat' dir='ltr'><strong>in</strong></span> <span class='ocrx_word' id='word_1_653' title='bbox 1925 3601 2369 3682; x_wconf 54' lang='lat' dir='ltr'><strong>Psalmo‘dicitur</strong></span> <span class='ocrx_word' id='word_1_654' title='bbox 2405 3626 2420 3663; x_wconf 92' lang='lat'><strong>:</strong></span> <span class='ocrx_word' id='word_1_655' title='bbox 2459 3628 2478 3660; x_wconf 70' lang='grc' dir='ltr'>ι</span> <span class='ocrx_word' id='word_1_656' title='bbox 2523 3611 2644 3668; x_wconf 88' lang='lat' dir='ltr'><strong>Fiat</strong></span> <span class='ocrx_word' id='word_1_657' title='bbox 2689 3601 2811 3685; x_wconf 24' lang='lat' dir='ltr'><strong>pax&quot;</strong></span> <span class='ocrx_word' id='word_1_658' title='bbox 2843 3617 2897 3690; x_wconf 86' lang='lat' dir='ltr'><strong>in</strong></span> <span class='ocrx_word' id='word_1_659' title='bbox 2952 3619 3151 3678; x_wconf 90' lang='lat' dir='ltr'><strong>virtute</strong></span> <span class='ocrx_word' id='word_1_660' title='bbox 3201 3601 3330 3692; x_wconf 54' lang='lat' dir='ltr'><strong>tua,</strong></span> <span class='ocrx_word' id='word_1_661' title='bbox 3372 3635 3430 3682; x_wconf 86' lang='lat' dir='ltr'><strong>et</strong></span> 
     </span>
    </p>
   </div>
   <div class='ocr_carea' id='block_1_82' title="bbox 1827 3692 3426 3785">
    <p class='ocr_par' dir='ltr' id='par_1_82' title="bbox 1827 3692 3426 3785">
     <span class='ocr_line' id='line_1_82' title="bbox 1827 3692 3426 3785; baseline 0.019 -39"><span class='ocrx_word' id='word_1_662' title='bbox 1827 3694 2160 3752; x_wconf 88' lang='lat' dir='ltr'><strong>abundantia</strong></span> <span class='ocrx_word' id='word_1_663' title='bbox 2195 3701 2249 3754; x_wconf 90' lang='lat' dir='ltr'><strong>in</strong></span> <span class='ocrx_word' id='word_1_664' title='bbox 2285 3705 2527 3762; x_wconf 91' lang='lat' dir='ltr'><strong>turribus</strong></span> <span class='ocrx_word' id='word_1_665' title='bbox 2569 3707 2675 3762; x_wconf 92' lang='lat' dir='ltr'><strong>tuis</strong></span> <span class='ocrx_word' id='word_1_666' title='bbox 2709 3708 2884 3780; x_wconf 81' lang='lat' dir='ltr'><strong>(Psal.</strong></span> <span class='ocrx_word' id='word_1_667' title='bbox 2927 3692 3096 3785; x_wconf 70' lang='lat' dir='ltr'><strong>cxxr).</strong></span> <span class='ocrx_word' id='word_1_668' title='bbox 3130 3735 3149 3768; x_wconf 79' lang='grc' dir='ltr'><strong><em>ι</em></strong></span> <span class='ocrx_word' id='word_1_669' title='bbox 3179 3715 3296 3774; x_wconf 80' lang='lat' dir='ltr'><strong>Hoc</strong></span> <span class='ocrx_word' id='word_1_670' title='bbox 3327 3734 3426 3775; x_wconf 90' lang='lat' dir='ltr'><strong>au-</strong></span> 
     </span>
    </p>
   </div>
   <div class='ocr_carea' id='block_1_83' title="bbox 1827 3787 3427 3877">
    <p class='ocr_par' dir='ltr' id='par_1_83' title="bbox 1827 3787 3427 3877">
     <span class='ocr_line' id='line_1_83' title="bbox 1827 3787 3427 3877; baseline 0.018 -40"><span class='ocrx_word' id='word_1_671' title='bbox 1827 3794 1936 3839; x_wconf 90' lang='lat' dir='ltr'><strong>tem</strong></span> <span class='ocrx_word' id='word_1_672' title='bbox 1966 3787 2090 3854; x_wconf 84' lang='lat' dir='ltr'><strong>erit,</strong></span> <span class='ocrx_word' id='word_1_673' title='bbox 2108 3789 2234 3859; x_wconf 92' lang='lat' dir='ltr'><strong>quia</strong></span> <span class='ocrx_word' id='word_1_674' title='bbox 2263 3796 2553 3862; x_wconf 65' lang='lat' dir='ltr'><strong>praesentia</strong></span> <span class='ocrx_word' id='word_1_675' title='bbox 2577 3797 2790 3854; x_wconf 91' lang='lat' dir='ltr'><strong>Domini</strong></span> <span class='ocrx_word' id='word_1_676' title='bbox 2814 3801 3184 3872; x_wconf 86' lang='lat' dir='ltr'><strong>perfruentur,</strong></span> <span class='ocrx_word' id='word_1_677' title='bbox 3209 3811 3427 3877; x_wconf 93' lang='lat' dir='ltr'><strong>quando</strong></span> 
     </span>
    </p>
   </div>
   <div class='ocr_carea' id='block_1_84' title="bbox 1827 3882 3431 3970">
    <p class='ocr_par' dir='ltr' id='par_1_84' title="bbox 1827 3882 3431 3970">
     <span class='ocr_line' id='line_1_84' title="bbox 1827 3882 3431 3970; baseline 0.017 -38"><span class='ocrx_word' id='word_1_678' title='bbox 1827 3886 1882 3932; x_wconf 91' lang='lat' dir='ltr'><strong>et</strong></span> <span class='ocrx_word' id='word_1_679' title='bbox 1917 3889 2104 3949; x_wconf 88' lang='lat' dir='ltr'><strong>gentes</strong></span> <span class='ocrx_word' id='word_1_680' title='bbox 2132 3882 2478 3952; x_wconf 77' lang='lat' dir='ltr'><strong>adversariae,</strong></span> <span class='ocrx_word' id='word_1_681' title='bbox 2512 3904 2632 3959; x_wconf 66' lang='lat' dir='ltr'><strong>qua:</strong></span> <span class='ocrx_word' id='word_1_682' title='bbox 2658 3907 2754 3945; x_wconf 90' lang='lat' dir='ltr'><strong>eos</strong></span> <span class='ocrx_word' id='word_1_683' title='bbox 2778 3905 3055 3964; x_wconf 90' lang='lat' dir='ltr'><strong>ceperant,</strong></span> <span class='ocrx_word' id='word_1_684' title='bbox 3088 3899 3431 3970; x_wconf 89' lang='lat' dir='ltr'><strong>disperibunt</strong></span> 
     </span>
    </p>
   </div>
   <div class='ocr_carea' id='block_1_85' title="bbox 1827 3970 3430 4063">
    <p class='ocr_par' dir='ltr' id='par_1_85' title="bbox 1827 3970 3430 4063">
     <span class='ocr_line' id='line_1_85' title="bbox 1827 3970 3430 4063; baseline 0.017 -40"><span class='ocrx_word' id='word_1_685' title='bbox 1827 3979 1881 4024; x_wconf 92' lang='lat' dir='ltr'><strong>et</strong></span> <span class='ocrx_word' id='word_1_686' title='bbox 1905 3970 1994 4025; x_wconf 92' lang='lat' dir='ltr'><strong>isti</strong></span> <span class='ocrx_word' id='word_1_687' title='bbox 2024 3973 2402 4032; x_wconf 90' lang='lat' dir='ltr'><strong>liberabuntur</strong></span> <span class='ocrx_word' id='word_1_688' title='bbox 2431 3995 2462 4033; x_wconf 92' lang='lat' dir='ltr'><strong>a</strong></span> <span class='ocrx_word' id='word_1_689' title='bbox 2492 3982 2765 4051; x_wconf 88' lang='lat' dir='ltr'><strong>gentibus.</strong></span> <span class='ocrx_word' id='word_1_690' title='bbox 2801 3979 3078 4058; x_wconf 88' lang='lat' dir='ltr'><strong>Docetque</strong></span> <span class='ocrx_word' id='word_1_691' title='bbox 3100 4006 3195 4046; x_wconf 91' lang='lat' dir='ltr'><strong>eos</strong></span> <span class='ocrx_word' id='word_1_692' title='bbox 3223 4009 3430 4063; x_wconf 89' lang='lat' dir='ltr'><strong>nequa-</strong></span> 
     </span>
    </p>
   </div>
   <div class='ocr_carea' id='block_1_86' title="bbox 1827 4069 3429 4148">
    <p class='ocr_par' dir='ltr' id='par_1_86' title="bbox 1827 4069 3429 4148">
     <span class='ocr_line' id='line_1_86' title="bbox 1827 4069 3429 4148; baseline 0.016 -34"><span class='ocrx_word' id='word_1_693' title='bbox 1827 4077 1993 4131; x_wconf 90' lang='lat' dir='ltr'><strong>quam</strong></span> <span class='ocrx_word' id='word_1_694' title='bbox 2016 4080 2214 4134; x_wconf 72' lang='lat' dir='ltr'><strong>pteuae,</strong></span> <span class='ocrx_word' id='word_1_695' title='bbox 2246 4069 2338 4123; x_wconf 90' lang='lat' dir='ltr'><strong>sed</strong></span> <span class='ocrx_word' id='word_1_696' title='bbox 2369 4072 2657 4127; x_wconf 89' lang='lat' dir='ltr'><strong>eruditioni</strong></span> <span class='ocrx_word' id='word_1_697' title='bbox 2687 4076 2934 4143; x_wconf 89' lang='lat' dir='ltr'><strong>traditos,</strong></span> <span class='ocrx_word' id='word_1_698' title='bbox 2971 4079 3429 4148; x_wconf 80' lang='lat' dir='ltr'><strong>ut&#39;judicareutur</strong></span> 
     </span>
    </p>
   </div>
   <div class='ocr_carea' id='block_1_87' title="bbox 1827 4153 3426 4243">
    <p class='ocr_par' dir='ltr' id='par_1_87' title="bbox 1827 4153 3426 4243">
     <span class='ocr_line' id='line_1_87' title="bbox 1827 4153 3426 4243; baseline 0.016 -37"><span class='ocrx_word' id='word_1_699' title='bbox 1827 4153 1983 4222; x_wconf 84' lang='lat' dir='ltr'><strong>quasi</strong></span> <span class='ocrx_word' id='word_1_700' title='bbox 2020 4158 2257 4226; x_wconf 88' lang='lat' dir='ltr'><strong>proprii,</strong></span> <span class='ocrx_word' id='word_1_701' title='bbox 2306 4175 2410 4215; x_wconf 90' lang='lat' dir='ltr'><strong>non</strong></span> <span class='ocrx_word' id='word_1_702' title='bbox 2437 4163 2796 4231; x_wconf 87' lang='lat' dir='ltr'><strong>perderentur</strong></span> <span class='ocrx_word' id='word_1_703' title='bbox 2844 4170 2998 4237; x_wconf 87' lang='lat' dir='ltr'><strong>quasi</strong></span> <span class='ocrx_word' id='word_1_704' title='bbox 3026 4171 3186 4227; x_wconf 88' lang='lat' dir='ltr'><strong>alieni</strong></span> <span class='ocrx_word' id='word_1_705' title='bbox 3215 4189 3231 4228; x_wconf 92' lang='lat'><strong>:</strong></span> <span class='ocrx_word' id='word_1_706' title='bbox 3267 4195 3286 4226; x_wconf 83' lang='grc'><em>‹</em></span> <span class='ocrx_word' id='word_1_707' title='bbox 3322 4175 3426 4243; x_wconf 89' lang='lat' dir='ltr'><strong>Qui</strong></span> 
     </span>
    </p>
   </div>
   <div class='ocr_carea' id='block_1_88' title="bbox 1826 4246 3421 4340">
    <p class='ocr_par' dir='ltr' id='par_1_88' title="bbox 1826 4246 3421 4340">
     <span class='ocr_line' id='line_1_88' title="bbox 1826 4246 3421 4340; baseline 0.016 -43"><span class='ocrx_word' id='word_1_708' title='bbox 1826 4246 1971 4340; x_wconf 77' lang='lat' dir='ltr'><strong>enim</strong></span> <span class='ocrx_word' id='word_1_709' title='bbox 2024 4263 2131 4302; x_wconf 90' lang='lat' dir='ltr'><strong>non</strong></span> <span class='ocrx_word' id='word_1_710' title='bbox 2185 4251 2376 4316; x_wconf 87' lang='lat' dir='ltr'><strong>credit,</strong></span> <span class='ocrx_word' id='word_1_711' title='bbox 2426 4251 2538 4320; x_wconf 89' lang='lat' dir='ltr'><strong>jam</strong></span> <span class='ocrx_word' id='word_1_712' title='bbox 2582 4254 2860 4323; x_wconf 88' lang='lat' dir='ltr'><strong>judicatus</strong></span> <span class='ocrx_word' id='word_1_713' title='bbox 2891 4269 2976 4316; x_wconf 90' lang='lat' dir='ltr'><strong>est</strong></span> <span class='ocrx_word' id='word_1_714' title='bbox 3015 4260 3198 4333; x_wconf 80' lang='lat' dir='ltr'><strong>(Joan.</strong></span> <span class='ocrx_word' id='word_1_715' title='bbox 3239 4268 3357 4340; x_wconf 89' lang='lat' dir='ltr'><strong>m);</strong></span> <span class='ocrx_word' id='word_1_716' title='bbox 3402 4292 3421 4322; x_wconf 72' lang='grc' dir='ltr'><strong><em>ι</em></strong></span> 
     </span>
    </p>
   </div>
   <div class='ocr_carea' id='block_1_89' title="bbox 1827 4336 3417 4423">
    <p class='ocr_par' dir='ltr' id='par_1_89' title="bbox 1827 4336 3417 4423">
     <span class='ocr_line' id='line_1_89' title="bbox 1827 4336 3417 4423; baseline 0.017 -34"><span class='ocrx_word' id='word_1_717' title='bbox 1827 4336 1930 4390; x_wconf 90' lang='lat' dir='ltr'><strong>hoc</strong></span> <span class='ocrx_word' id='word_1_718' title='bbox 1976 4347 2061 4392; x_wconf 81' lang='lat' dir='ltr'><strong>est</strong></span> <span class='ocrx_word' id='word_1_719' title='bbox 2103 4340 2244 4393; x_wconf 89' lang='lat' dir='ltr'><strong>enim</strong></span> <span class='ocrx_word' id='word_1_720' title='bbox 2290 4341 2674 4411; x_wconf 67' lang='lat' dir='ltr'><strong>praeiudicatus</strong></span> <span class='ocrx_word' id='word_1_721' title='bbox 2719 4348 2772 4402; x_wconf 94' lang='lat' dir='ltr'><strong>in</strong></span> <span class='ocrx_word' id='word_1_722' title='bbox 2801 4350 3102 4409; x_wconf 89' lang='lat' dir='ltr'><strong>interitum.</strong></span> <span class='ocrx_word' id='word_1_723' title='bbox 3139 4336 3417 4423; x_wconf 31' lang='lat' dir='ltr'><strong>Quod&#39;au-</strong></span> 
     </span>
    </p>
   </div>
   <div class='ocr_carea' id='block_1_90' title="bbox 1827 4430 3422 4520">
    <p class='ocr_par' dir='ltr' id='par_1_90' title="bbox 1827 4430 3422 4520">
     <span class='ocr_line' id='line_1_90' title="bbox 1827 4430 3422 4520; baseline 0.018 -38"><span class='ocrx_word' id='word_1_724' title='bbox 1827 4436 1935 4520; x_wconf 80' lang='lat' dir='ltr'><strong>tem</strong></span> <span class='ocrx_word' id='word_1_725' title='bbox 1986 4430 2206 4487; x_wconf 89' lang='lat' dir='ltr'><strong>intulit:</strong></span> <span class='ocrx_word' id='word_1_726' title='bbox 2243 4451 2260 4482; x_wconf 87' lang='grc'>‹</span> <span class='ocrx_word' id='word_1_727' title='bbox 2300 4433 2371 4490; x_wconf 91' lang='lat' dir='ltr'><strong>Ut</strong></span> <span class='ocrx_word' id='word_1_728' title='bbox 2395 4451 2500 4491; x_wconf 84' lang='lat' dir='ltr'><strong>non</strong></span> <span class='ocrx_word' id='word_1_729' title='bbox 2534 4439 2627 4494; x_wconf 87' lang='lat' dir='ltr'><strong>tibi</strong></span> <span class='ocrx_word' id='word_1_730' title='bbox 2669 4442 2907 4500; x_wconf 82' lang='lat' dir='ltr'><strong>videaris</strong></span> <span class='ocrx_word' id='word_1_731' title='bbox 2931 4447 3206 4516; x_wconf 83' lang='lat' dir='ltr'><strong>innoxius,</strong></span> <span class='ocrx_word' id='word_1_732' title='bbox 3245 4471 3262 4502; x_wconf 79' lang='grc' dir='ltr'><strong><em>ι</em></strong></span> <span class='ocrx_word' id='word_1_733' title='bbox 3289 4453 3422 4520; x_wconf 87' lang='lat' dir='ltr'><strong>sive,</strong></span> 
     </span>
    </p>
   </div>
   <div class='ocr_carea' id='block_1_91' title="bbox 1821 4519 3425 4606">
    <p class='ocr_par' dir='ltr' id='par_1_91' title="bbox 1821 4519 3425 4606">
     <span class='ocr_line' id='line_1_91' title="bbox 1821 4519 3425 4606; baseline 0.017 -33"><span class='ocrx_word' id='word_1_734' title='bbox 1821 4519 1976 4588; x_wconf 86' lang='lat' dir='ltr'><strong>juxta</strong></span> <span class='ocrx_word' id='word_1_735' title='bbox 2035 4521 2422 4595; x_wconf 89' lang='lat' dir='ltr'><strong>Symmachum</strong></span> <span class='ocrx_word' id='word_1_736' title='bbox 2451 4571 2465 4595; x_wconf 93' lang='lat'><strong>,</strong></span> <span class='ocrx_word' id='word_1_737' title='bbox 2498 4549 2516 4580; x_wconf 72' lang='grc' dir='ltr'><strong>ε</strong></span> <span class='ocrx_word' id='word_1_738' title='bbox 2563 4536 2942 4606; x_wconf 90' lang='lat' dir='ltr'><strong>et_mundans</strong></span> <span class='ocrx_word' id='word_1_739' title='bbox 2993 4554 3103 4594; x_wconf 91' lang='lat' dir='ltr'><strong>non</strong></span> <span class='ocrx_word' id='word_1_740' title='bbox 3148 4544 3425 4601; x_wconf 91' lang='lat' dir='ltr'><strong>mundabo</strong></span> 
     </span>
    </p>
   </div>
   <div class='ocr_carea' id='block_1_92' title="bbox 1829 4615 3428 4704">
    <p class='ocr_par' dir='ltr' id='par_1_92' title="bbox 1829 4615 3428 4704">
     <span class='ocr_line' id='line_1_92' title="bbox 1829 4615 3428 4704; baseline 0.016 -38"><span class='ocrx_word' id='word_1_741' title='bbox 1829 4621 1910 4678; x_wconf 89' lang='lat' dir='ltr'><strong>te;</strong></span> <span class='ocrx_word' id='word_1_742' title='bbox 1948 4634 1966 4666; x_wconf 75' lang='grc' dir='ltr'><strong><em>ι</em></strong></span> <span class='ocrx_word' id='word_1_743' title='bbox 2004 4616 2090 4670; x_wconf 88' lang='lat' dir='ltr'><strong>vel</strong></span> <span class='ocrx_word' id='word_1_744' title='bbox 2133 4615 2292 4684; x_wconf 82' lang='lat' dir='ltr'><strong>juxta</strong></span> <span class='ocrx_word' id='word_1_745' title='bbox 2348 4619 2599 4688; x_wconf 85' lang='lat' dir='ltr'><strong>Aquilam</strong></span> <span class='ocrx_word' id='word_1_746' title='bbox 2632 4640 2645 4675; x_wconf 95' lang='lat'><strong>:</strong></span> <span class='ocrx_word' id='word_1_747' title='bbox 2680 4643 2698 4674; x_wconf 87' lang='grc'><strong><em>‹</em></strong></span> <span class='ocrx_word' id='word_1_748' title='bbox 2733 4623 2868 4680; x_wconf 88' lang='lat' dir='ltr'><strong>Cum</strong></span> <span class='ocrx_word' id='word_1_749' title='bbox 2919 4635 2972 4683; x_wconf 91' lang='lat' dir='ltr'><strong>te</strong></span> <span class='ocrx_word' id='word_1_750' title='bbox 3024 4631 3280 4688; x_wconf 88' lang='lat' dir='ltr'><strong>erudiero</strong></span> <span class='ocrx_word' id='word_1_751' title='bbox 3327 4650 3428 4704; x_wconf 90' lang='lat' dir='ltr'><strong>per</strong></span> 
     </span>
    </p>
   </div>
   <div class='ocr_carea' id='block_1_93' title="bbox 112 4703 1721 4789">
    <p class='ocr_par' dir='ltr' id='par_1_93' title="bbox 112 4703 1721 4779">
     <span class='ocr_line' id='line_1_93' title="bbox 112 4703 1721 4779; baseline 0.007 -23"><span class='ocrx_word' id='word_1_752' title='bbox 112 4703 330 4774; x_wconf 81' lang='lat' dir='ltr'><strong>gaudii.</strong></span> <span class='ocrx_word' id='word_1_753' title='bbox 385 4704 536 4768; x_wconf 79' lang='lat' dir='ltr'><strong>Cum,</strong></span> <span class='ocrx_word' id='word_1_754' title='bbox 593 4705 790 4774; x_wconf 90' lang='lat' dir='ltr'><strong>inquit,</strong></span> <span class='ocrx_word' id='word_1_755' title='bbox 839 4714 985 4762; x_wconf 90' lang='lat' dir='ltr'><strong>tanta</strong></span> <span class='ocrx_word' id='word_1_756' title='bbox 1035 4711 1417 4779; x_wconf 68' lang='lat' dir='ltr'><strong>praacesserint</strong></span> <span class='ocrx_word' id='word_1_757' title='bbox 1466 4713 1608 4767; x_wconf 90' lang='lat' dir='ltr'><strong>mala</strong></span> <span class='ocrx_word' id='word_1_758' title='bbox 1661 4723 1721 4769; x_wconf 91' lang='lat' dir='ltr'><strong>ut</strong></span> 
     </span>
    </p>
   </div>
   <div class='ocr_carea' id='block_1_94' title="bbox 1831 4703 3426 4789">
    <p class='ocr_par' dir='ltr' id='par_1_94' title="bbox 1831 4703 3426 4789">
     <span class='ocr_line' id='line_1_94' title="bbox 1831 4703 3426 4789; baseline 0.016 -31"><span class='ocrx_word' id='word_1_759' title='bbox 1831 4704 2084 4771; x_wconf 82' lang='lat' dir='ltr'><strong>iudicium</strong></span> <span class='ocrx_word' id='word_1_760' title='bbox 2114 4746 2129 4771; x_wconf 93' lang='lat'><strong>,</strong></span> <span class='ocrx_word' id='word_1_761' title='bbox 2167 4722 2512 4779; x_wconf 89' lang='lat' dir='ltr'><strong>nequaquam</strong></span> <span class='ocrx_word' id='word_1_762' title='bbox 2562 4712 2910 4773; x_wconf 90' lang='lat' dir='ltr'><strong>innocentem</strong></span> <span class='ocrx_word' id='word_1_763' title='bbox 2951 4718 3181 4789; x_wconf 86' lang='lat' dir='ltr'><strong>faciam;</strong></span> <span class='ocrx_word' id='word_1_764' title='bbox 3223 4743 3242 4776; x_wconf 76' lang='grc' dir='ltr'><strong><em>ι</em></strong></span> <span class='ocrx_word' id='word_1_765' title='bbox 3292 4703 3426 4784; x_wconf 81' lang='lat' dir='ltr'><strong>illud</strong></span> 
     </span>
    </p>
   </div>
   <div class='ocr_carea' id='block_1_95' title="bbox 114 4793 1721 4871">
    <p class='ocr_par' dir='ltr' id='par_1_95' title="bbox 114 4793 1721 4871">
     <span class='ocr_line' id='line_1_95' title="bbox 114 4793 1721 4871; baseline 0.007 -21"><span class='ocrx_word' id='word_1_766' title='bbox 114 4795 286 4850; x_wconf 90' lang='lat' dir='ltr'><strong>dolor</strong></span> <span class='ocrx_word' id='word_1_767' title='bbox 318 4793 557 4849; x_wconf 86' lang='lat' dir='ltr'><strong>virorum</strong></span> <span class='ocrx_word' id='word_1_768' title='bbox 611 4799 852 4852; x_wconf 90' lang='lat' dir='ltr'><strong>omnium</strong></span> <span class='ocrx_word' id='word_1_769' title='bbox 903 4799 1086 4854; x_wconf 84' lang='lat' dir='ltr'><strong>dolori</strong></span> <span class='ocrx_word' id='word_1_770' title='bbox 1120 4803 1471 4871; x_wconf 88' lang='lat' dir='ltr'><strong>parturientis</strong></span> <span class='ocrx_word' id='word_1_771' title='bbox 1507 4805 1721 4860; x_wconf 65' lang='lat' dir='ltr'><strong>feminae</strong></span> 
     </span>
    </p>
   </div>
   <div class='ocr_carea' id='block_1_96' title="bbox 112 4892 1724 4962">
    <p class='ocr_par' dir='ltr' id='par_1_96' title="bbox 112 4892 1724 4962">
     <span class='ocr_line' id='line_1_96' title="bbox 112 4892 1724 4962; baseline 0.006 -20"><span class='ocrx_word' id='word_1_772' title='bbox 112 4896 498 4956; x_wconf 83' lang='lat' dir='ltr'><strong>comparetur,</strong></span> <span class='ocrx_word' id='word_1_773' title='bbox 529 4897 708 4944; x_wconf 89' lang='lat' dir='ltr'><strong>tamen</strong></span> <span class='ocrx_word' id='word_1_774' title='bbox 736 4897 947 4960; x_wconf 85' lang='lat' dir='ltr'><strong>tempus</strong></span> <span class='ocrx_word' id='word_1_775' title='bbox 987 4892 1352 4949; x_wconf 85' lang='lat' dir='ltr'><strong>tribulationis</strong></span> <span class='ocrx_word' id='word_1_776' title='bbox 1385 4893 1569 4962; x_wconf 87' lang='lat' dir='ltr'><strong>Jacob,</strong></span> <span class='ocrx_word' id='word_1_777' title='bbox 1619 4898 1724 4960; x_wconf 89' lang='lat' dir='ltr'><strong>hoc</strong></span> 
     </span>
    </p>
   </div>
   <div class='ocr_carea' id='block_1_97' title="bbox 112 4979 1723 5059">
    <p class='ocr_par' dir='ltr' id='par_1_97' title="bbox 112 4979 1723 5059">
     <span class='ocr_line' id='line_1_97' title="bbox 112 4979 1723 5059; baseline 0.008 -27"><span class='ocrx_word' id='word_1_778' title='bbox 112 4989 225 5044; x_wconf 86' lang='lat' dir='ltr'><strong>est,</strong></span> <span class='ocrx_word' id='word_1_779' title='bbox 262 4979 447 5049; x_wconf 89' lang='lat' dir='ltr'><strong>populi</strong></span> <span class='ocrx_word' id='word_1_780' title='bbox 481 4979 597 5045; x_wconf 89' lang='lat' dir='ltr'><strong>Dei,</strong></span> <span class='ocrx_word' id='word_1_781' title='bbox 622 4983 917 5038; x_wconf 89' lang='lat' dir='ltr'><strong>mutabitur</strong></span> <span class='ocrx_word' id='word_1_782' title='bbox 951 4983 1006 5037; x_wconf 93' lang='lat' dir='ltr'><strong>in</strong></span> <span class='ocrx_word' id='word_1_783' title='bbox 1051 5001 1340 5056; x_wconf 90' lang='lat' dir='ltr'><strong>prospera:</strong></span> <span class='ocrx_word' id='word_1_784' title='bbox 1385 4996 1438 5043; x_wconf 91' lang='lat' dir='ltr'><strong>et</strong></span> <span class='ocrx_word' id='word_1_785' title='bbox 1487 5003 1553 5044; x_wconf 88' lang='lat' dir='ltr'><strong>ex</strong></span> <span class='ocrx_word' id='word_1_786' title='bbox 1607 4990 1723 5059; x_wconf 91' lang='lat' dir='ltr'><strong>ipso</strong></span> 
     </span>
    </p>
   </div>
   <div class='ocr_carea' id='block_1_98' title="bbox 112 5068 1721 5149">
    <p class='ocr_par' dir='ltr' id='par_1_98' title="bbox 112 5068 1721 5149">
     <span class='ocr_line' id='line_1_98' title="bbox 112 5068 1721 5149; baseline 0.008 -26"><span class='ocrx_word' id='word_1_787' title='bbox 112 5083 348 5140; x_wconf 86' lang='lat' dir='ltr'><strong>quoque</strong></span> <span class='ocrx_word' id='word_1_788' title='bbox 377 5068 693 5139; x_wconf 88' lang='lat' dir='ltr'><strong>salvabitur,</strong></span> <span class='ocrx_word' id='word_1_789' title='bbox 718 5072 1038 5139; x_wconf 80' lang='lat' dir='ltr'><strong>subauditur</strong></span> <span class='ocrx_word' id='word_1_790' title='bbox 1055 5084 1316 5146; x_wconf 73' lang='lat' dir='ltr'><strong>tempore,</strong></span> <span class='ocrx_word' id='word_1_791' title='bbox 1341 5079 1406 5134; x_wconf 91' lang='lat' dir='ltr'><strong>de</strong></span> <span class='ocrx_word' id='word_1_792' title='bbox 1421 5095 1526 5149; x_wconf 92' lang='lat' dir='ltr'><strong>quo</strong></span> <span class='ocrx_word' id='word_1_793' title='bbox 1539 5095 1721 5136; x_wconf 88' lang='lat' dir='ltr'><strong>sermo</strong></span> 
     </span>
    </p>
   </div>
   <div class='ocr_carea' id='block_1_99' title="bbox 112 5163 1718 5246">
    <p class='ocr_par' dir='ltr' id='par_1_99' title="bbox 112 5163 1718 5246">
     <span class='ocr_line' id='line_1_99' title="bbox 112 5163 1718 5246; baseline 0.007 -27"><span class='ocrx_word' id='word_1_794' title='bbox 112 5171 493 5238; x_wconf 84' lang='lat' dir='ltr'><strong>processerat.</strong></span> <span class='ocrx_word' id='word_1_795' title='bbox 523 5163 692 5221; x_wconf 87' lang='lat' dir='ltr'><strong>Jacob</strong></span> <span class='ocrx_word' id='word_1_796' title='bbox 715 5177 896 5224; x_wconf 90' lang='lat' dir='ltr'><strong>autem</strong></span> <span class='ocrx_word' id='word_1_797' title='bbox 926 5170 1210 5226; x_wconf 87' lang='lat' dir='ltr'><strong>duodecim</strong></span> <span class='ocrx_word' id='word_1_798' title='bbox 1241 5174 1410 5229; x_wconf 90' lang='lat' dir='ltr'><strong>tribus</strong></span> <span class='ocrx_word' id='word_1_799' title='bbox 1437 5174 1674 5246; x_wconf 92' lang='lat' dir='ltr'><strong>iutellige</strong></span> <span class='ocrx_word' id='word_1_800' title='bbox 1705 5186 1718 5230; x_wconf 72' lang='grc' dir='ltr'><strong>ξ</strong></span> 
     </span>
    </p>
   </div>
   <div class='ocr_carea' id='block_1_100' title="bbox 115 5259 1724 5328">
    <p class='ocr_par' dir='ltr' id='par_1_100' title="bbox 115 5259 1724 5328">
     <span class='ocr_line' id='line_1_100' title="bbox 115 5259 1724 5328; baseline 0.006 -16"><span class='ocrx_word' id='word_1_801' title='bbox 115 5273 252 5328; x_wconf 80' lang='lat' dir='ltr'><strong>quae</strong></span> <span class='ocrx_word' id='word_1_802' title='bbox 308 5271 656 5326; x_wconf 85' lang='lat' dir='ltr'><strong>nequaquam</strong></span> <span class='ocrx_word' id='word_1_803' title='bbox 705 5259 805 5313; x_wconf 90' lang='lat' dir='ltr'><strong>sub</strong></span> <span class='ocrx_word' id='word_1_804' title='bbox 849 5259 1167 5328; x_wconf 85' lang='lat' dir='ltr'><strong>Zorobabel,</strong></span> <span class='ocrx_word' id='word_1_805' title='bbox 1208 5271 1267 5317; x_wconf 93' lang='lat' dir='ltr'><strong>ut</strong></span> <span class='ocrx_word' id='word_1_806' title='bbox 1305 5264 1547 5319; x_wconf 91' lang='lat' dir='ltr'><strong>nonnulli</strong></span> <span class='ocrx_word' id='word_1_807' title='bbox 1587 5265 1724 5321; x_wconf 89' lang='lat' dir='ltr'><strong>falso</strong></span> 
     </span>
    </p>
   </div>
   <div class='ocr_carea' id='block_1_101' title="bbox 111 5348 1646 5424">
    <p class='ocr_par' dir='ltr' id='par_1_101' title="bbox 111 5348 1646 5424">
     <span class='ocr_line' id='line_1_101' title="bbox 111 5348 1646 5424; baseline 0.003 -19"><span class='ocrx_word' id='word_1_808' title='bbox 111 5355 349 5424; x_wconf 64' lang='lat' dir='ltr'><strong>putant,</strong></span> <span class='ocrx_word' id='word_1_809' title='bbox 385 5349 478 5403; x_wconf 84' lang='lat' dir='ltr'><strong>sed</strong></span> <span class='ocrx_word' id='word_1_810' title='bbox 503 5349 567 5403; x_wconf 86' lang='lat' dir='ltr'><strong>de</strong></span> <span class='ocrx_word' id='word_1_811' title='bbox 598 5348 918 5421; x_wconf 87' lang='lat' dir='ltr'><strong>Evangelica</strong></span> <span class='ocrx_word' id='word_1_812' title='bbox 942 5354 1224 5409; x_wconf 89' lang='lat' dir='ltr'><strong>vocatione</strong></span> <span class='ocrx_word' id='word_1_813' title='bbox 1253 5354 1474 5410; x_wconf 67' lang='lat' dir='ltr'><strong>salvataa</strong></span> <span class='ocrx_word' id='word_1_814' title='bbox 1499 5365 1646 5412; x_wconf 89' lang='lat' dir='ltr'><strong>sunt.</strong></span> 
     </span>
    </p>
   </div>
   <div class='ocr_carea' id='block_1_102' title="bbox 199 5442 1720 5510">
    <p class='ocr_par' dir='ltr' id='par_1_102' title="bbox 199 5442 1720 5510">
     <span class='ocr_line' id='line_1_102' title="bbox 199 5442 1720 5510; baseline 0.006 -14"><span class='ocrx_word' id='word_1_815' title='bbox 199 5463 222 5496; x_wconf 83' lang='grc'><strong><em>‹</em></strong></span> <span class='ocrx_word' id='word_1_816' title='bbox 277 5442 348 5496; x_wconf 86' lang='lat' dir='ltr'><strong>Et</strong></span> <span class='ocrx_word' id='word_1_817' title='bbox 382 5443 485 5496; x_wconf 90' lang='lat' dir='ltr'><strong>erit</strong></span> <span class='ocrx_word' id='word_1_818' title='bbox 526 5443 578 5496; x_wconf 92' lang='lat' dir='ltr'><strong>in</strong></span> <span class='ocrx_word' id='word_1_819' title='bbox 627 5442 715 5497; x_wconf 91' lang='lat' dir='ltr'><strong>die</strong></span> <span class='ocrx_word' id='word_1_820' title='bbox 767 5443 880 5510; x_wconf 88' lang='lat' dir='ltr'><strong>illa,</strong></span> <span class='ocrx_word' id='word_1_821' title='bbox 911 5445 988 5499; x_wconf 91' lang='lat' dir='ltr'><strong>ait</strong></span> <span class='ocrx_word' id='word_1_822' title='bbox 1034 5447 1292 5502; x_wconf 89' lang='lat' dir='ltr'><strong>Dominus</strong></span> <span class='ocrx_word' id='word_1_823' title='bbox 1351 5449 1720 5505; x_wconf 83' lang='lat' dir='ltr'><strong>exercituum:</strong></span> 
     </span>
    </p>
   </div>
   <div class='ocr_carea' id='block_1_103' title="bbox 126 5534 1723 5612">
    <p class='ocr_par' dir='ltr' id='par_1_103' title="bbox 126 5534 1723 5612">
     <span class='ocr_line' id='line_1_103' title="bbox 126 5534 1723 5612; baseline 0.004 -22"><span class='ocrx_word' id='word_1_824' title='bbox 126 5554 161 5612; x_wconf 45' lang='grc' dir='ltr'><strong>ι,</strong></span> <span class='ocrx_word' id='word_1_825' title='bbox 191 5541 482 5590; x_wconf 82' lang='lat' dir='ltr'><strong>conteram</strong></span> <span class='ocrx_word' id='word_1_826' title='bbox 518 5534 706 5605; x_wconf 85' lang='lat' dir='ltr'><strong>jugum</strong></span> <span class='ocrx_word' id='word_1_827' title='bbox 736 5534 850 5603; x_wconf 89' lang='lat' dir='ltr'><strong>ejus</strong></span> <span class='ocrx_word' id='word_1_828' title='bbox 876 5536 943 5591; x_wconf 94' lang='lat' dir='ltr'><strong>de</strong></span> <span class='ocrx_word' id='word_1_829' title='bbox 968 5538 1107 5594; x_wconf 90' lang='lat' dir='ltr'><strong>collo</strong></span> <span class='ocrx_word' id='word_1_830' title='bbox 1133 5548 1246 5604; x_wconf 91' lang='lat' dir='ltr'><strong>tuo,</strong></span> <span class='ocrx_word' id='word_1_831' title='bbox 1279 5547 1335 5593; x_wconf 91' lang='lat' dir='ltr'><strong>et</strong></span> <span class='ocrx_word' id='word_1_832' title='bbox 1355 5540 1723 5596; x_wconf 80' lang='lat' dir='ltr'><strong>vinculaillius</strong></span> 
     </span>
    </p>
   </div>
   <div class='ocr_carea' id='block_1_104' title="bbox 131 5627 1721 5705">
    <p class='ocr_par' dir='ltr' id='par_1_104' title="bbox 131 5627 1721 5705">
     <span class='ocr_line' id='line_1_104' title="bbox 131 5627 1721 5705; baseline 0.006 -27"><span class='ocrx_word' id='word_1_833' title='bbox 131 5646 150 5678; x_wconf 78' lang='grc' dir='ltr'>ι</span> <span class='ocrx_word' id='word_1_834' title='bbox 200 5627 562 5693; x_wconf 86' lang='lat' dir='ltr'><strong>disrumpam,</strong></span> <span class='ocrx_word' id='word_1_835' title='bbox 579 5635 634 5682; x_wconf 72' lang='lat' dir='ltr'><strong>et</strong></span> <span class='ocrx_word' id='word_1_836' title='bbox 648 5644 751 5681; x_wconf 91' lang='lat' dir='ltr'><strong>non</strong></span> <span class='ocrx_word' id='word_1_837' title='bbox 770 5629 1186 5686; x_wconf 85' lang='lat' dir='ltr'><strong>dominabuntur</strong></span> <span class='ocrx_word' id='word_1_838' title='bbox 1202 5633 1280 5687; x_wconf 85' lang='lat' dir='ltr'><strong>eis</strong></span> <span class='ocrx_word' id='word_1_839' title='bbox 1295 5633 1721 5705; x_wconf 70' lang='lat' dir='ltr'><strong>ampliusalieni,</strong></span> 
     </span>
    </p>
   </div>
   <div class='ocr_carea' id='block_1_105' title="bbox 131 5714 1721 5792">
    <p class='ocr_par' dir='ltr' id='par_1_105' title="bbox 131 5714 1721 5792">
     <span class='ocr_line' id='line_1_105' title="bbox 131 5714 1721 5792; baseline 0.005 -23"><span class='ocrx_word' id='word_1_840' title='bbox 131 5735 152 5769; x_wconf 72' lang='grc' dir='ltr'>ι</span> <span class='ocrx_word' id='word_1_841' title='bbox 203 5727 262 5771; x_wconf 80' lang='lat' dir='ltr'><strong>et</strong></span> <span class='ocrx_word' id='word_1_842' title='bbox 298 5714 542 5770; x_wconf 89' lang='lat' dir='ltr'><strong>servient</strong></span> <span class='ocrx_word' id='word_1_843' title='bbox 573 5718 696 5784; x_wconf 80' lang='lat' dir='ltr'><strong>(sive</strong></span> <span class='ocrx_word' id='word_1_844' title='bbox 745 5719 1136 5792; x_wconf 87' lang='lat' dir='ltr'><strong>operabuntur)</strong></span> <span class='ocrx_word' id='word_1_845' title='bbox 1186 5718 1422 5776; x_wconf 46' lang='lat' dir='ltr'><strong>Domino&quot;</strong></span> <span class='ocrx_word' id='word_1_846' title='bbox 1466 5723 1572 5777; x_wconf 82' lang='lat' dir='ltr'><strong>Deo</strong></span> <span class='ocrx_word' id='word_1_847' title='bbox 1602 5739 1721 5780; x_wconf 87' lang='lat' dir='ltr'><strong>suo.</strong></span> 
     </span>
    </p>
   </div>
   <div class='ocr_carea' id='block_1_106' title="bbox 136 5803 1721 5883">
    <p class='ocr_par' dir='ltr' id='par_1_106' title="bbox 136 5803 1721 5883">
     <span class='ocr_line' id='line_1_106' title="bbox 136 5803 1721 5883; baseline 0.009 -25"><span class='ocrx_word' id='word_1_848' title='bbox 136 5813 154 5858; x_wconf 89' lang='lat' dir='ltr'><strong>t</strong></span> <span class='ocrx_word' id='word_1_849' title='bbox 195 5816 252 5860; x_wconf 86' lang='lat' dir='ltr'><strong>et</strong></span> <span class='ocrx_word' id='word_1_850' title='bbox 268 5803 440 5860; x_wconf 82' lang='lat' dir='ltr'><strong>David</strong></span> <span class='ocrx_word' id='word_1_851' title='bbox 457 5806 565 5870; x_wconf 74' lang='lat' dir='ltr'><strong>regi</strong></span> <span class='ocrx_word' id='word_1_852' title='bbox 579 5823 697 5866; x_wconf 81' lang='lat' dir='ltr'><strong>suo.</strong></span> <span class='ocrx_word' id='word_1_853' title='bbox 714 5825 871 5877; x_wconf 80' lang='lat' dir='ltr'><strong>quem</strong></span> <span class='ocrx_word' id='word_1_854' title='bbox 886 5811 1157 5869; x_wconf 87' lang='lat' dir='ltr'><strong>suscitabo</strong></span> <span class='ocrx_word' id='word_1_855' title='bbox 1173 5813 1268 5871; x_wconf 88' lang='lat' dir='ltr'><strong>eis.</strong></span> <span class='ocrx_word' id='word_1_856' title='bbox 1285 5833 1302 5868; x_wconf 68' lang='grc' dir='ltr'><strong><em>ι</em></strong></span> <span class='ocrx_word' id='word_1_857' title='bbox 1322 5813 1426 5871; x_wconf 85' lang='lat' dir='ltr'><strong>Iste</strong></span> <span class='ocrx_word' id='word_1_858' title='bbox 1437 5818 1518 5872; x_wconf 83' lang='lat' dir='ltr'><strong>est</strong></span> <span class='ocrx_word' id='word_1_859' title='bbox 1533 5815 1721 5883; x_wconf 89' lang='lat' dir='ltr'><strong>David,</strong></span> 
     </span>
    </p>
   </div>
   <div class='ocr_carea' id='block_1_107' title="bbox 1824 4799 3425 4881">
    <p class='ocr_par' dir='ltr' id='par_1_107' title="bbox 1824 4799 3425 4881">
     <span class='ocr_line' id='line_1_107' title="bbox 1824 4799 3425 4881; baseline 0.013 -28"><span class='ocrx_word' id='word_1_860' title='bbox 1824 4799 2094 4870; x_wconf 79' lang='lat' dir='ltr'><strong>significat</strong></span> <span class='ocrx_word' id='word_1_861' title='bbox 2128 4804 2270 4872; x_wconf 89' lang='lat' dir='ltr'><strong>quod</strong></span> <span class='ocrx_word' id='word_1_862' title='bbox 2298 4806 2479 4860; x_wconf 92' lang='lat' dir='ltr'><strong>omnis</strong></span> <span class='ocrx_word' id='word_1_863' title='bbox 2505 4809 2738 4863; x_wconf 87' lang='lat' dir='ltr'><strong>mundus</strong></span> <span class='ocrx_word' id='word_1_864' title='bbox 2766 4810 3006 4881; x_wconf 87' lang='lat' dir='ltr'><strong>indigeat</strong></span> <span class='ocrx_word' id='word_1_865' title='bbox 3046 4814 3425 4875; x_wconf 89' lang='lat' dir='ltr'><strong>misericordia</strong></span> 
     </span>
    </p>
   </div>
   <div class='ocr_carea' id='block_1_108' title="bbox 1827 4893 3424 4981">
    <p class='ocr_par' dir='ltr' id='par_1_108' title="bbox 1827 4893 3424 4981">
     <span class='ocr_line' id='line_1_108' title="bbox 1827 4893 3424 4981; baseline 0.013 -35"><span class='ocrx_word' id='word_1_866' title='bbox 1827 4893 1947 4958; x_wconf 89' lang='lat' dir='ltr'><strong>Dei,</strong></span> <span class='ocrx_word' id='word_1_867' title='bbox 1978 4902 2034 4948; x_wconf 91' lang='lat' dir='ltr'><strong>et</strong></span> <span class='ocrx_word' id='word_1_868' title='bbox 2055 4894 2274 4960; x_wconf 88' lang='lat' dir='ltr'><strong>nullus,-</strong></span> <span class='ocrx_word' id='word_1_869' title='bbox 2291 4899 2539 4966; x_wconf 91' lang='lat' dir='ltr'><strong>quamvis</strong></span> <span class='ocrx_word' id='word_1_870' title='bbox 2567 4911 2791 4955; x_wconf 88' lang='lat' dir='ltr'><strong>sanctus</strong></span> <span class='ocrx_word' id='word_1_871' title='bbox 2837 4902 2929 4969; x_wconf 90' lang='lat' dir='ltr'><strong>sit,</strong></span> <span class='ocrx_word' id='word_1_872' title='bbox 2978 4920 3208 4963; x_wconf 91' lang='lat' dir='ltr'><strong>securus</strong></span> <span class='ocrx_word' id='word_1_873' title='bbox 3231 4918 3424 4981; x_wconf 85' lang='lat' dir='ltr'><strong>pergat</strong></span> 
     </span>
    </p>
   </div>
   <div class='ocr_carea' id='block_1_109' title="bbox 1827 4983 3426 5072">
    <p class='ocr_par' dir='ltr' id='par_1_109' title="bbox 1827 4983 3426 5072">
     <span class='ocr_line' id='line_1_109' title="bbox 1827 4983 3426 5072; baseline 0.014 -35"><span class='ocrx_word' id='word_1_874' title='bbox 1827 4984 1893 5038; x_wconf 91' lang='lat' dir='ltr'><strong>ad</strong></span> <span class='ocrx_word' id='word_1_875' title='bbox 1913 4983 2152 5061; x_wconf 75' lang='lat' dir='ltr'><strong>j’udieem</strong></span> <span class='ocrx_word' id='word_1_876' title='bbox 2182 5005 2193 5039; x_wconf 94' lang='lat'><strong>:</strong></span> <span class='ocrx_word' id='word_1_877' title='bbox 2227 4997 2419 5042; x_wconf 88' lang='lat' dir='ltr'><strong>contra</strong></span> <span class='ocrx_word' id='word_1_878' title='bbox 2464 5004 2658 5044; x_wconf 89' lang='lat' dir='ltr'><strong>novam</strong></span> <span class='ocrx_word' id='word_1_879' title='bbox 2689 5007 2756 5046; x_wconf 83' lang='lat' dir='ltr'><strong>ex</strong></span> <span class='ocrx_word' id='word_1_880' title='bbox 2781 4995 2956 5050; x_wconf 89' lang='lat' dir='ltr'><strong>veteri</strong></span> <span class='ocrx_word' id='word_1_881' title='bbox 2997 4997 3270 5066; x_wconf 59' lang='lat' dir='ltr'><strong>haeresim,</strong></span> <span class='ocrx_word' id='word_1_882' title='bbox 3303 5018 3426 5072; x_wconf 63' lang='lat' dir='ltr'><strong>quae.</strong></span> 
     </span>
    </p>
   </div>
   <div class='ocr_carea' id='block_1_110' title="bbox 1823 5077 3423 5166">
    <p class='ocr_par' dir='ltr' id='par_1_110' title="bbox 1823 5077 3423 5166">
     <span class='ocr_line' id='line_1_110' title="bbox 1823 5077 3423 5166; baseline 0.014 -38"><span class='ocrx_word' id='word_1_883' title='bbox 1823 5084 1976 5146; x_wconf 89' lang='lat' dir='ltr'><strong>putat</strong></span> <span class='ocrx_word' id='word_1_884' title='bbox 2017 5077 2071 5131; x_wconf 92' lang='lat' dir='ltr'><strong>iu</strong></span> <span class='ocrx_word' id='word_1_885' title='bbox 2101 5078 2207 5132; x_wconf 93' lang='lat' dir='ltr'><strong>isto</strong></span> <span class='ocrx_word' id='word_1_886' title='bbox 2245 5080 2442 5135; x_wconf 76' lang='lat' dir='ltr'><strong>saeculo</strong></span> <span class='ocrx_word' id='word_1_887' title='bbox 2464 5090 2519 5136; x_wconf 89' lang='lat' dir='ltr'><strong>et</strong></span> <span class='ocrx_word' id='word_1_888' title='bbox 2538 5083 2644 5138; x_wconf 90' lang='lat' dir='ltr'><strong>ista</strong></span> <span class='ocrx_word' id='word_1_889' title='bbox 2671 5099 2835 5141; x_wconf 91' lang='lat' dir='ltr'><strong>carne</strong></span> <span class='ocrx_word' id='word_1_890' title='bbox 2864 5089 3102 5157; x_wconf 91' lang='lat' dir='ltr'><strong>mortali,</strong></span> <span class='ocrx_word' id='word_1_891' title='bbox 3135 5101 3423 5166; x_wconf 85' lang='lat' dir='ltr'><strong>antequam</strong></span> 
     </span>
    </p>
   </div>
   <div class='ocr_carea' id='block_1_111' title="bbox 1825 5169 3425 5248">
    <p class='ocr_par' dir='ltr' id='par_1_111' title="bbox 1825 5169 3425 5248">
     <span class='ocr_line' id='line_1_111' title="bbox 1825 5169 3425 5248; baseline 0.012 -26"><span class='ocrx_word' id='word_1_892' title='bbox 1825 5169 2195 5236; x_wconf 89' lang='lat' dir='ltr'><strong>corruptivum</strong></span> <span class='ocrx_word' id='word_1_893' title='bbox 2224 5169 2328 5225; x_wconf 84' lang='lat' dir='ltr'><strong>hoc</strong></span> <span class='ocrx_word' id='word_1_894' title='bbox 2357 5171 2545 5227; x_wconf 90' lang='lat' dir='ltr'><strong>induat</strong></span> <span class='ocrx_word' id='word_1_895' title='bbox 2572 5175 3058 5248; x_wconf 91' lang='lat' dir='ltr'><strong>incorruptionem,</strong></span> <span class='ocrx_word' id='word_1_896' title='bbox 3090 5191 3147 5237; x_wconf 90' lang='lat' dir='ltr'><strong>et</strong></span> <span class='ocrx_word' id='word_1_897' title='bbox 3194 5187 3425 5240; x_wconf 88' lang='lat' dir='ltr'><strong>mortale</strong></span> 
     </span>
    </p>
   </div>
   <div class='ocr_carea' id='block_1_112' title="bbox 1825 5259 3426 5346">
    <p class='ocr_par' dir='ltr' id='par_1_112' title="bbox 1825 5259 3426 5346">
     <span class='ocr_line' id='line_1_112' title="bbox 1825 5259 3426 5346; baseline 0.012 -33"><span class='ocrx_word' id='word_1_898' title='bbox 1825 5259 2016 5313; x_wconf 89' lang='lat' dir='ltr'><strong>induat</strong></span> <span class='ocrx_word' id='word_1_899' title='bbox 2061 5260 2526 5318; x_wconf 88' lang='lat' dir='ltr'><strong>immortalitatem</strong></span> <span class='ocrx_word' id='word_1_900' title='bbox 2551 5305 2566 5331; x_wconf 98' lang='lat'><strong>,</strong></span> <span class='ocrx_word' id='word_1_901' title='bbox 2605 5265 2994 5334; x_wconf 88' lang='lat' dir='ltr'><strong>perfectionem</strong></span> <span class='ocrx_word' id='word_1_902' title='bbox 3044 5286 3164 5328; x_wconf 89' lang='lat' dir='ltr'><strong>esse</strong></span> <span class='ocrx_word' id='word_1_903' title='bbox 3206 5274 3262 5329; x_wconf 93' lang='lat' dir='ltr'><strong>in</strong></span> <span class='ocrx_word' id='word_1_904' title='bbox 3295 5293 3426 5346; x_wconf 93' lang='lat' dir='ltr'><strong>quo-</strong></span> 
     </span>
    </p>
   </div>
   <div class='ocr_carea' id='block_1_113' title="bbox 1829 5354 3424 5434">
    <p class='ocr_par' dir='ltr' id='par_1_113' title="bbox 1829 5354 3424 5434">
     <span class='ocr_line' id='line_1_113' title="bbox 1829 5354 3424 5434; baseline 0.011 -29"><span class='ocrx_word' id='word_1_905' title='bbox 1829 5367 2014 5422; x_wconf 91' lang='lat' dir='ltr'><strong>quam,</strong></span> <span class='ocrx_word' id='word_1_906' title='bbox 2053 5359 2110 5407; x_wconf 88' lang='lat' dir='ltr'><strong>et</strong></span> <span class='ocrx_word' id='word_1_907' title='bbox 2142 5367 2332 5409; x_wconf 89' lang='lat' dir='ltr'><strong>omnes</strong></span> <span class='ocrx_word' id='word_1_908' title='bbox 2377 5354 2538 5410; x_wconf 89' lang='lat' dir='ltr'><strong>simul</strong></span> <span class='ocrx_word' id='word_1_909' title='bbox 2565 5355 2774 5426; x_wconf 90' lang='lat' dir='ltr'><strong>justum</strong></span> <span class='ocrx_word' id='word_1_910' title='bbox 2811 5374 2977 5429; x_wconf 83' lang='lat' dir='ltr'><strong>posse</strong></span> <span class='ocrx_word' id='word_1_911' title='bbox 3032 5362 3263 5434; x_wconf 84' lang='lat' dir='ltr'><strong>implere</strong></span> <span class='ocrx_word' id='word_1_912' title='bbox 3315 5367 3424 5422; x_wconf 85' lang='lat' dir='ltr'><strong>vir-</strong></span> 
     </span>
    </p>
   </div>
   <div class='ocr_carea' id='block_1_114' title="bbox 1830 5454 1993 5500">
    <p class='ocr_par' dir='ltr' id='par_1_114' title="bbox 1830 5454 1993 5500">
     <span class='ocr_line' id='line_1_114' title="bbox 1830 5454 1993 5500; baseline 0.012 -2"><span class='ocrx_word' id='word_1_913' title='bbox 1830 5454 1886 5498; x_wconf 89' lang='lat' dir='ltr'><strong>tu</strong></span> <span class='ocrx_word' id='word_1_914' title='bbox 1895 5454 1993 5500; x_wconf 91' lang='lat' dir='ltr'><strong>tes.</strong></span> 
     </span>
    </p>
   </div>
   <div class='ocr_carea' id='block_1_115' title="bbox 1909 5537 3456 5620">
    <p class='ocr_par' dir='ltr' id='par_1_115' title="bbox 1909 5537 3456 5620">
     <span class='ocr_line' id='line_1_115' title="bbox 1909 5537 3456 5620; baseline 0.014 -31"><span class='ocrx_word' id='word_1_915' title='bbox 1909 5556 1927 5588; x_wconf 85' lang='grc'><strong><em>‹</em></strong></span> <span class='ocrx_word' id='word_1_916' title='bbox 1972 5537 2109 5606; x_wconf 85' lang='lat' dir='ltr'><strong>Quia</strong></span> <span class='ocrx_word' id='word_1_917' title='bbox 2160 5540 2277 5595; x_wconf 70' lang='lat' dir='ltr'><strong>hmc</strong></span> <span class='ocrx_word' id='word_1_918' title='bbox 2323 5542 2455 5597; x_wconf 90' lang='lat' dir='ltr'><strong>dicit</strong></span> <span class='ocrx_word' id='word_1_919' title='bbox 2495 5543 2797 5601; x_wconf 90' lang='lat' dir='ltr'><strong>Dominus:</strong></span> <span class='ocrx_word' id='word_1_920' title='bbox 2829 5549 3148 5605; x_wconf 76' lang='lat' dir='ltr'><strong>.usanabilis</strong></span> <span class='ocrx_word' id='word_1_921' title='bbox 3185 5550 3456 5620; x_wconf 48' lang='lat' dir='ltr'><strong>fracturar</strong></span> 
     </span>
    </p>
   </div>
   <div class='ocr_carea' id='block_1_116' title="bbox 1841 5633 3423 5715">
    <p class='ocr_par' dir='ltr' id='par_1_116' title="bbox 1841 5633 3423 5715">
     <span class='ocr_line' id='line_1_116' title="bbox 1841 5633 3423 5715; baseline 0.012 -33"><span class='ocrx_word' id='word_1_922' title='bbox 1841 5647 1858 5678; x_wconf 86' lang='grc'><strong>‹</strong></span> <span class='ocrx_word' id='word_1_923' title='bbox 1905 5639 2016 5696; x_wconf 88' lang='lat' dir='ltr'><strong>tua,</strong></span> <span class='ocrx_word' id='word_1_924' title='bbox 2044 5633 2277 5700; x_wconf 85' lang='lat' dir='ltr'><strong>pessima</strong></span> <span class='ocrx_word' id='word_1_925' title='bbox 2312 5634 2466 5704; x_wconf 81' lang='lat' dir='ltr'><strong>plaga</strong></span> <span class='ocrx_word' id='word_1_926' title='bbox 2503 5644 2612 5690; x_wconf 85' lang='lat' dir='ltr'><strong>tua.</strong></span> <span class='ocrx_word' id='word_1_927' title='bbox 2656 5635 2774 5692; x_wconf 86' lang='lat' dir='ltr'><strong>Non</strong></span> <span class='ocrx_word' id='word_1_928' title='bbox 2801 5650 2886 5695; x_wconf 89' lang='lat' dir='ltr'><strong>est</strong></span> <span class='ocrx_word' id='word_1_929' title='bbox 2913 5643 3004 5711; x_wconf 92' lang='lat' dir='ltr'><strong>qui</strong></span> <span class='ocrx_word' id='word_1_930' title='bbox 3042 5641 3252 5710; x_wconf 88' lang='lat' dir='ltr'><strong>judicet</strong></span> <span class='ocrx_word' id='word_1_931' title='bbox 3273 5645 3423 5715; x_wconf 89' lang='lat' dir='ltr'><strong>judi-</strong></span> 
     </span>
    </p>
   </div>
   <div class='ocr_carea' id='block_1_117' title="bbox 1842 5723 3427 5799">
    <p class='ocr_par' dir='ltr' id='par_1_117' title="bbox 1842 5723 3427 5799">
     <span class='ocr_line' id='line_1_117' title="bbox 1842 5723 3427 5799; baseline 0.011 -24"><span class='ocrx_word' id='word_1_932' title='bbox 1842 5739 1860 5771; x_wconf 70' lang='grc' dir='ltr'>ί</span> <span class='ocrx_word' id='word_1_933' title='bbox 1903 5723 2049 5778; x_wconf 90' lang='lat' dir='ltr'><strong>cium</strong></span> <span class='ocrx_word' id='word_1_934' title='bbox 2098 5732 2248 5778; x_wconf 90' lang='lat' dir='ltr'><strong>tuum</strong></span> <span class='ocrx_word' id='word_1_935' title='bbox 2286 5725 2354 5780; x_wconf 89' lang='lat' dir='ltr'><strong>ad</strong></span> <span class='ocrx_word' id='word_1_936' title='bbox 2401 5727 2764 5799; x_wconf 84' lang='lat' dir='ltr'><strong>alligandum,</strong></span> <span class='ocrx_word' id='word_1_937' title='bbox 2821 5734 3163 5789; x_wconf 87' lang='lat' dir='ltr'><strong>curationum</strong></span> <span class='ocrx_word' id='word_1_938' title='bbox 3221 5736 3427 5793; x_wconf 80' lang='lat' dir='ltr'><strong>utilitas</strong></span> 
     </span>
    </p>
   </div>
   <div class='ocr_carea' id='block_1_118' title="bbox 1845 5815 3425 5886">
    <p class='ocr_par' dir='ltr' id='par_1_118' title="bbox 1845 5815 3425 5886">
     <span class='ocr_line' id='line_1_118' title="bbox 1845 5815 3425 5886; baseline 0.012 -19"><span class='ocrx_word' id='word_1_939' title='bbox 1845 5833 1862 5867; x_wconf 87' lang='grc'><em>‹</em></span> <span class='ocrx_word' id='word_1_940' title='bbox 1906 5832 2011 5873; x_wconf 90' lang='lat' dir='ltr'><strong>non</strong></span> <span class='ocrx_word' id='word_1_941' title='bbox 2029 5825 2113 5873; x_wconf 88' lang='lat' dir='ltr'><strong>cst</strong></span> <span class='ocrx_word' id='word_1_942' title='bbox 2136 5817 2251 5872; x_wconf 90' lang='lat' dir='ltr'><strong>tibi.</strong></span> <span class='ocrx_word' id='word_1_943' title='bbox 2278 5815 2476 5875; x_wconf 81' lang='lat' dir='ltr'><strong>Omnes</strong></span> <span class='ocrx_word' id='word_1_944' title='bbox 2498 5831 2770 5880; x_wconf 86' lang='lat' dir='ltr'><strong>amatores</strong></span> <span class='ocrx_word' id='word_1_945' title='bbox 2794 5825 2867 5881; x_wconf 91' lang='lat' dir='ltr'><strong>tui</strong></span> <span class='ocrx_word' id='word_1_946' title='bbox 2892 5825 3045 5883; x_wconf 87' lang='lat' dir='ltr'><strong>obliti</strong></span> <span class='ocrx_word' id='word_1_947' title='bbox 3069 5834 3194 5882; x_wconf 86' lang='lat' dir='ltr'><strong>sunt</strong></span> <span class='ocrx_word' id='word_1_948' title='bbox 3221 5832 3297 5883; x_wconf 91' lang='lat' dir='ltr'><strong>tui</strong></span> <span class='ocrx_word' id='word_1_949' title='bbox 3326 5842 3338 5881; x_wconf 87' lang='lat'><strong>:</strong></span> <span class='ocrx_word' id='word_1_950' title='bbox 3371 5835 3425 5886; x_wconf 78' lang='lat' dir='ltr'><strong>te</strong></span> 
     </span>
    </p>
   </div>
  </div>
