3926 6356
532 449 669 504 £037
1131 448 1192 502 Β.
1232 447 1489 505 RABAN!
1527 447 1748 505 MAURI
1782 446 2105 505 ARCHIEP.
2148 449 2457 524 MOGUNT.
2498 449 2783 540 OPERUM
2814 452 2996 510 PARS
3043 442 3131 510 111.
3645 456 3782 517 Im

529 582 553 621 1
599 579 703 621 11011
757 571 1020 632 quaerent.
1064 561 1226 635 Plaga
1269 564 1412 618 enim
1464 565 1671 621 inimici
1717 568 1961 637 percussi
2006 576 2060 623 te
2086 608 2099 633 ,
2130 571 2185 633 Α
2208 566 2513 637 linquentes
2539 568 2766 638 p0pulos
2792 569 2957 635 videt,
2988 581 3125 639 quos
3154 582 3261 622 non
3285 569 3400 639 jam
3425 572 3527 625 sub
3550 568 3783 640 discipli-

527 672 552 712 ι
595 656 948 727 casngatioue
981 655 1185 710 crudeli
1232 657 1357 729 (sive
1396 655 1564 727 forti).
1609 656 1835 727 Propter
1861 658 2104 714 multitu-
2209 675 2276 715 na
2304 660 2464 724 filios,
2494 660 2588 715 sed
2612 661 2712 715 sub
2747 661 2996 717 districta
3021 661 3370 731 percussione
3400 664 3587 718 hostes
3611 662 3783 718 intue-

526 764 553 803 ι
595 750 772 805 dinem
828 744 1129 816 iniquitatis
1181 755 1285 802 tute
1348 747 1479 813 dura
1543 746 1686 805 facta
1745 748 1881 821 (sive
1922 749 2104 805 multi-
2208 749 2557 821 tur:«Plaga
2578 741 3037 822 inimicipercussi
3056 760 3129 816 te,
3150 750 3503 821 castigatione
3522 754 3774 809 creduli.»

525 854 550 895 α
589 836 810 910 plicata)
850 847 979 893 sunt
1014 845 1244 907 peccata
1295 845 1403 893 tua.
1459 838 1599 906 Quid
1648 840 1852 897 clamas
1896 842 1963 897 ad
2015 857 2102 898 me
2203 841 2271 897 Et
2296 840 2438 911 quod
2470 841 2557 897 hic
2583 841 2782 897 dicitur
2810 860 2829 893 1
2859 857 2965 897 11011
2988 850 3196 913 parcet,
3225 861 3245 893 ›
3272 841 3346 895 ibi
3366 858 3585 913 quoque
3603 844 3779 900 verbis

525 947 547 984 ι
592 945 754 1000 super
778 929 1101 985 contritione
1127 929 1262 983 tua?
1303 929 1623 986 lnsanabilis
1647 939 1731 987 est
1774 931 1927 987 dolor
1954 941 2097 997 tuus,
2203 933 2323 989 aliis
2346 932 2655 989 declaratur
2689 952 2701 989 :
2735 954 2754 987 1
2782 933 2923 1001 Quid
2956 934 3158 990 clamas
3181 933 3249 989 ad
3275 948 3362 991 me
3389 949 3553 1005 super
3580 938 3779 993 contri-

523 1041 546 1077 ι
588 1031 806 1094 prepter
850 1019 1247 1077 multitudinem
1291 1020 1594 1091 iniquitatis
1621 1031 1727 1077 tua:
1748 1063 1764 1088 ,
1800 1030 1855 1077 et
1879 1033 2102 1094 propter
2203 1024 2345 1080 tione
2368 1026 2493 1079 tua?
2513 1024 2830 1080 lnsanabilis
2851 1032 2935 1080 est
2951 1024 3104 1080 dolor
3124 1034 3267 1081 tuus.
3302 1043 3321 1077 1
3348 1013 3504 1081 Unde
3524 1026 3779 1084 boe‘sem-

523 1130 543 1166 1
585 1113 717 1169 dura
744 1121 963 1182 peccata
993 1120 1085 1169 tua
1106 1112 1209 1169 feci
1234 1113 1522 1168 1110011111.»
1541 1112 1706 1180 Quasi
1719 1116 1785 1171 ad
1800 1115 2097 1184 speciosam
2198 1128 2297 1185 per
2331 1113 2491 1169 electi
2511 1151 2516 1155 -
2538 1114 2845 1183 provident,
2890 1123 2953 1170 ut
2989 1122 3115 1169 ante
3142 1115 3211 1169 ad
3228 1114 3499 1183 justitiam
3529 1115 3775 1182 redeant,

515 1207 797 1263 mulierem
826 1205 1094 1277 loquitur,
1120 1206 1209 1263 cui
1236 1222 1399 1276 supra
1418 1207 1664 1263 dixerat:
1696 1226 1716 1259 ι
1745 1210 2062 1279 castigabot

2198 1220 2357 1274 quam
2391 1220 2512 1262 sese
2552 1205 2633 1260 ira
2651 1204 2852 1274 judicis
2891 1205 3374 1276 inextinguibiliter
3401 1207 3685 1273 accendat,
3710 1223 3775 1263 ne

512 1295 993 1366 injudicio,utnon
1012 1295 1109 1350 tibi
1132 1296 1363 1351 videaris
1380 1296 1772 1368 innoxius(u've
1792 1298 2089 1372 innoxia)»
2195 1294 2388 1351 ultimo
2407 1295 2615 1366 ﬂagello
2638 1296 2961 1367 deprehensi
2982 1296 3143 1352 simul
3167 1298 3247 1354 eis
3267 1300 3489 1355 ﬁniatur
3516 1301 3627 1357 vita
3656 1316 3774 1357 cum

510 1387 581 1443 Et
598 1403 695 1463 per
715 1390 1084 1459 metaphoram
1117 1388 1357 1458 loquitur
1381 1389 1448 1444 ad
1476 1388 1803 1467 Jerusalem,
1830 1394 1973 1462 quod
1998 1394 2092 1450 Dei
2195 1386 2370 1458 culpa.
2418 1388 2713 1460 Flagellum
2762 1403 2998 1459 namque
3042 1396 3172 1445 tunc
3210 1388 3383 1445 diluet
3424 1392 3609 1461 culpa,
3655 1408 3773 1447 cum

503 1477 709 1549 judicio
729 1480 965 1549 pessime
993 1479 1277 1536 vulnerata
1301 1482 1471 1536 sit:et
1493 1496 1839 1551 nequaquam
1863 1484 2091 1542 alionisi
2191 1480 2484 1535 mulaveril
2523 1480 2710 1535 Vilam-
2759 1479 2895 1535 Nam
2951 1480 3106 1551 cuius
3151 1495 3331 1538 mores
3377 1482 3633 1540 immutat
3671 1500 3772 1540 non

507 1570 623 1640 ipso
640 1572 732 1641 qui
748 1580 1091 1643 percusserat
1108 1573 1725 1643 possitcurantesamari
1745 1573 2092 1646 [curantesa-
2190 1572 2369 1641 expiat
2426 1571 2687 1627 actiones.
2735 1570 2924 1626 Omnis
2951 1586 3080 1642 ergo
3117 1572 3300 1629 divina
3335 1574 3643 1647 percussio,
3684 1582 3772 1630 aut

506 1661 672 1733 nari].
709 1681 727 1713 1
774 1661 889 1717 Non
917 1670 1021 1728 est,
1059 1664 1136 1715 ait
1166 1662 1445 1727 Dominus,
1476 1654 1567 1731 qui
1593 1661 1799 1731 judicet
1823 1665 2086 1734 judicium
2189 1662 2438 1733 purgatio
2476 1663 2530 1717 in
2560 1661 2718 1718 nobis
2762 1662 2884 1717 vitae
2934 1664 3216 1733 pmseutis
3254 1672 3357 1730 est,
3414 1675 3511 1719 aut
3560 1668 3766 1722 initium

504 1759 677 1817 tuum,
712 1772 731 1805 1
763 1767 862 1808 nec
886 1752 1149 1821 altissimo
1170 1751 1384 1808 vulneri
1416 1753 1593 1808 valeat
1615 1743 1793 1809 cutem
1815 1754 2087 1811 cicatricis
2186 1765 2363 1822 paena
2403 1753 2703 1823 sequentis.
2751 1751 2979 1822 Propter
3008 1768 3103 1807 eos
3140 1752 3282 1807 enim
3327 1755 3421 1822 qui
3451 1771 3523 1810 ex
3566 1755 3767 1826 ﬂagello

500 1842 791 1908 obducere,
827 1852 1149 1913 quotunque
1175 1850 1229 1900 te
1262 1843 1614 1910 converteris,
1636 1843 1843 1900 utilitas
1862 1860 1967 1899 non
2001 1853 2087 1900 est
2186 1843 2479 1911 proﬁciunt
2497 1843 2701 1900 dictum
2726 1852 2846 1899 est:
2888 1862 2906 1894 1
2934 1841 3036 1909 Qui
3077 1843 3236 1914 lingis
3277 1844 3521 1900 dolorem
3553 1847 3607 1901 in
3638 1863 3765 1917 pra:-

500 1935 596 1991 tibi
615 1950 630 1989 :
649 1936 773 2004 quia
790 1934 1058 1991 oﬂ‘endisti
1078 1920 1201 1991 eum
1222 1936 1491 2006 quiverus
1505 1944 1609 2002 est,
1627 1944 1683 1992 et
1701 1936 1848 1993 solus
1868 1946 1954 1993 est
1968 1954 2081 1994 me-
2111 1922 2157 1982 Β
2185 1944 2343 2007 cepto
2381 1934 2554 2008 (Psal.
2585 1935 2760 2009 xctn),
2796 1954 2815 1989 1
2847 1936 2972 2005 quia
3003 1936 3127 1990 dum
3156 1935 3453 2006 ﬂagellatur
3481 1938 3699 2009 iniquus
3714 1948 3764 1994 et

497 2027 668 2083 dictis.
682 2047 699 2077 1
727 2027 929 2083 Omnes
942 2035 1214 2083 amatores
1227 2026 1306 2082 tui
1326 2027 1475 2083 obliti
1501 2038 1626 2083 sunt
1645 2029 1744 2094 t‘ui,
1766 2048 1785 2081 1
1803 2029 1888 2085 vel
1903 2044 2081 2085 sacer-

408 2188 411 2191 ,
494 2121 672 2187 dotes,
711 2120 793 2175 vel
827 2119 1119 2191 principes,
1162 2132 1258 2177 aut
1296 2129 1446 2178 certe
1474 2124 1784 2194 angelorum
1808 2124 2076 2192 prmsidia,

494 2212 691 2282 quibus
730 2210 1043 2283 priusquam
1084 2212 1388 2270 oﬂ‘enderes
1415 2215 1723 2280 Dominum,
1765 2215 2075 2271 vallabaris.

500 2324 518 2358 ι
538 2304 615 2359 Te
636 2320 742 2359 non
770 2312 1037 2373 qurerent,
1062 2322 1080 2355 1
1107 2303 1370 2361 facientes
1399 2304 1703 2373 apostolum
1724 2303 1971 2370 Paulum,
1987 2305 2078 2374 qui

492 2396 766 2466 quaerebat
792 2396 1095 2461 credentes,
1112 2404 1168 2450 et
1188 2410 1294 2451 non
1314 2410 1400 2461 ea,
1429 2410 1551 2464 qua:
1570 2404 1727 2449 erant
1744 2395 2076 2450 credentium

491 2486 574 2559 (Il
600 2484 705 2540 Cor
730 2488 851 2554 xu).
878 2506 894 2538 1
922 2485 1083 2556 Plaga
1107 2488 1249 2542 enim
1273 2488 1473 2542 inimici
1492 2488 1734 2557 percussi
1753 2497 1825 2551 te,
1839 2488 2075 2557 castiga-

491 2577 637 2631 tione
661 2574 866 2631 creduli
901 2614 913 2630 .
930 2594 949 2627 1
976 2574 1153 2630 Aliter
1170 2575 1398 2641 amicus,
1416 2576 1574 2632 aliter
1603 2576 1855 2632 inimicus
1885 2592 2078 2645 percu-

488 2666 583 2732 tit;
612 2666 770 2720 aliter
791 2674 969 2734 pater,
1003 2664 1159 2719 aliter
1190 2666 1383 2722 hostis.
1416 2666 1508 2721 Ille
1533 2668 1696 2723 caedit
1726 2676 1786 2723 ut
1817 2668 2074 2737 corrigat,

490 2756 591 2811 iste
620 2756 853 2825 percutit
880 2763 940 2809 ut
974 2755 1203 2811 occidat.
1236 2756 1388 2811 Unde
1424 2766 1478 2811 et
1516 2758 1777 2828 propheta
1809 2758 2077 2830 lacryina-

486 2846 666 2901 biliter
687 2846 854 2901 dicit:
894 2863 913 2897 1
953 2845 1202 2911 Domine,
1236 2862 1301 2900 ne
1329 2847 1381 2900 in
1410 2846 1591 2901 furore
1622 2856 1713 2902 tuo
1738 2863 1934 2918 arguas
1963 2864 2069 2915 me,

485 2955 660 3007 neque
685 2939 738 2993 in
781 2938 860 2991 ira
894 2947 983 2992 tua
1021 2938 1286 3007 corripias
1326 2951 1413 2992 me
1440 2936 1613 3009 (Psal.
1640 2940 1738 3010 vr).
1780 2960 1797 2991 1
1833 2941 1946 2995 Hoc
1982 2956 2073 2994 au-

490 3040 596 3087 tem
623 3030 823 3085 factum
848 3039 950 3095 est,
982 3030 1106 3099 quia
1137 3038 1357 3100 propter
1388 3030 1784 3086 multitudinem
1816 3032 2073 3102 iniquita-

484 3124 555 3181 tis
598 3132 701 3178 tute
739 3124 873 3179 dura
916 3122 1059 3176 facta
1103 3132 1227 3183 sunt
1265 3132 1486 3192 peccata
1530 3132 1639 3176 tua.
1685 3123 1947 3194 Quodque
1988 3139 2073 3179 se-

482 3222 705 3293 quitur:
739 3238 759 3272 (
796 3219 936 3287 Quid
977 3219 1179 3273 clamas
1210 3203 1372 3287 super
1409 3219 1732 3273 contritione
1765 3218 1898 3271 tua?
1924 3218 2071 3272 lusa—

483 3314 677 3371 nabilis
704 3320 787 3369 est
814 3312 967 3367 dolor
996 3321 1137 3375 tuus,
1167 3320 1389 3381 propter
1427 3311 1825 3365 multitudinem
1864 3311 2065 3380 iniqui-

482 3406 608 3460 tatis
634 3411 759 3468 tum,
795 3421 811 3452 1
842 3402 895 3456 111
937 3400 1076 3455 LXX
1098 3415 1206 3464 non
1243 3401 1493 3465 habetur,
1525 3400 1774 3456 videlicet
1811 3402 1937 3469 quia
1977 3417 2066 3456 se-

480 3495 657 3551 cundo
672 3493 891 3559 dicitur,
912 3513 931 3543 1
950 3501 1169 3563 propter
1183 3493 1579 3548 multitudinem
1612 3494 1913 3562 iniquitatis
1936 3502 2063 3560 tuae,

476 3593 531 3641 et
560 3585 695 3639 dura
720 3592 943 3654 peccata
968 3593 1081 3649 tua,
1130 3604 1148 3636 1
1189 3590 1243 3638 et
1265 3583 1355 3653 qui
1397 3583 1710 3639 scribebant
1736 3601 1766 3637 a
1798 3585 2064 3655 principio

478 3678 723 3733 additum
762 3682 1105 3746 putaverunt.
1160 3675 1227 3729 Et
1266 3684 1349 3730 est
1378 3680 1606 3731 sensus:
1643 3676 1712 3731 Ut
1756 3676 1958 3731 inimici
2013 3685 2063 3731 te

475 3770 633 3842 plaga
658 3777 1024 3839 percuterem,
1052 3776 1107 3821 et
1145 3768 1406 3823 caederem
1445 3770 1801 3839 castigatione
1831 3770 2060 3837 crudeli,

474 3858 606 3915 fecit
629 3857 917 3913 multitudo
951 3858 1253 3927 iniquitatis
1284 3868 1409 3924 tuae,
1446 3868 1499 3914 et
1527 3859 1663 3914 dura
1698 3870 1921 3931 peccata
1950 3869 2059 3927 tua,

475 3966 594 4022 qua:
622 3949 805 4033 sanari
842 3965 947 4002 non
984 3957 1254 4018 poterant,
1289 3950 1391 4005 nisi
1432 3951 1842 4007 mordacissimo
1894 3952 2062 4007 medi-

476 4044 687 4099 camino
728 4041 972 4115 [pulvere
1016 4051 1071 4097 et
1108 4043 1316 4097 ardenti
1367 4044 1611 4100 cauterio
1652 4052 1705 4099 et
1746 4044 1892 4099 ferro
1930 4061 2060 4100 acu-

474 4133 729 4205 tissimo],
763 4149 871 4203 quo
893 4134 1137 4204 putridas
1165 4150 1356 4190 carnes
1378 4147 1432 4189 et
1460 4135 1788 4191 insanabiles
1810 4144 2059 4205 amputa-

474 4240 591 4280 rem
614 4232 668 4279 et
697 4232 875 4278 tamen
910 4215 1131 4294 propter
1167 4224 1564 4279 multitudinem
1600 4227 1899 4295 iniquitatis
1933 4236 2057 4293 ture,

472 4326 528 4372 et
545 4317 676 4372 dura
703 4310 925 4387 peccata
948 4324 1059 4379 tua,
1085 4315 1184 4370 l‘eci
1212 4316 1314 4370 hoc
1331 4316 1451 4380 tibi,
1474 4331 1579 4370 non
1611 4332 1729 4371 mea
1754 4316 2056 4384 voluntate,

473 4411 568 4467 sed
613 4410 895 4465 medicina:
935 4409 1141 4463 ratione
1183 4416 1430 4478 cogente.
1467 4405 1669 4479 (Greg.)
1722 4407 1857 4463 Hinc
1905 4418 1961 4463 et
2002 4410 2056 4463 in

470 4499 574 4558 Job
598 4501 858 4570 scriptum
885 4506 995 4554 est:
1036 4516 1055 4549 ί
1094 4499 1315 4552 Emittet
1349 4514 1509 4566 super
1535 4513 1678 4563 eum,
1709 4508 1763 4552 et
1790 4514 1894 4552 non
1927 4514 2055 4567 par-

473 4602 561 4647 cet
590 4590 732 4664 (Job.
768 4591 879 4660 xx).
935 4611 952 4642 1
996 4588 1343 4643 Peccatorem
1381 4587 1525 4642 Deus
1566 4590 1778 4657 quoties
1817 4590 2057 4656 feriendo
2087 4615 2136 4674 υ

473 4682 800 4754 corrigit,ad
824 4683 926 4737 hoc
945 4680 1210 4751 ﬂagellum
1231 4680 1450 4745 emittit,
1472 4688 1531 4734 ut
1563 4690 1771 4749 parcat,
1790 4698 1910 4735 cum
1930 4698 2058 4739 vero

472 4776 590 4846 cjus
617 4777 781 4830 vitam
813 4776 864 4829 in
892 4785 1117 4845 peccato
1144 4781 1550 4842 permanentem
1576 4770 1819 4827 l‘cricndo
1840 4774 2060 4829 conclu-

472 4866 872 4938 dit,ﬂagellum
918 4865 1151 4930 emittit,
1189 4865 1285 4920 sed
1332 4879 1672 4934 nequaquam
1715 4866 1910 4935 parcit.
1956 4867 2057 4933 Qui

473 4961 617 5015 enim
647 4960 912 5029 ﬂagellum
958 4958 1148 5013 emisit‘
1182 4966 1241 5012 ut
1276 4966 1558 5027 parceret,
1607 4957 1674 5011 ad
1715 4958 1815 5011 hoc
1860 4958 2062 5012 emittit

474 5056 797 5127 quandoque
826 5070 889 5108 ue
920 5064 1122 5122 parcat.
1157 5054 1213 5107 111
1257 5054 1356 5109 hac
1390 5069 1617 5123 namque
1655 5055 1763 5107 vita
1796 5053 2057 5109 Dominus

473 5158 626 5203 tanto
661 5150 831 5219 inagis
870 5146 1047 5201 studet
1076 5154 1134 5199 ut
1162 5156 1370 5215 parcat,
1398 5156 1598 5214 quanto
1627 5148 1796 5218 magis
1826 5164 2052 5217 exspec-

475 5241 637 5295 tando
664 5238 919 5308 ﬂagellat.
961 5236 1111 5292 Sicut
1152 5237 1264 5307 ipse
1302 5251 1435 5291 voce
1484 5238 1657 5307 angeli
1690 5237 1756 5291 ad
1794 5236 2053 5317 Joannem

474 5338 591 5390 ait:
629 5357 644 5387 ‹
696 5336 807 5406 Ego
856 5350 991 5405 quos
1035 5349 1158 5388 amo
1208 5333 1472 5403 redarguo
1521 5340 1574 5385 et
1612 5332 1816 5403 castigo
1867 5333 2050 5403 (Apoc.

472 5426 578 5496 111).
614 5445 629 5476 1
663 5425 728 5478 Et
760 5426 902 5480 sicut
932 5424 1065 5478 alias
1094 5422 1294 5477 dicitur
1327 5440 1338 5475 :
1371 5420 1539 5487 Quem
1567 5422 1711 5477 enim
1748 5421 1920 5491 diligit
1953 5422 2053 5476 [)0-

472 5519 671 5581 minus,
697 5518 920 5585 castigat
950 5535 964 5568 :
999 5516 1227 5586 ﬂagellat
1252 5524 1431 5568 autem
1458 5530 1671 5569 omnem
1707 5512 1869 5566 lilium
1892 5530 2052 5583 quem

472 5608 665 5677 recipit
696 5606 881 5679 (Hebr.
915 5606 1034 5677 xu).
1060 5628 1076 5657 1
1106 5608 1337 5660 Econtra
1368 5615 1546 5659 autem
1574 5607 1638 5659 de
1668 5605 1876 5673 ﬂagello
1905 5606 2052 5658 dam-

471 5698 707 5755 nationis
747 5696 1012 5766 scriptum
1039 5705 1160 5750 est:
1192 5715 1210 5747 1
1250 5696 1306 5750 111
1349 5697 1608 5766 operibus
1640 5712 1895 5750 manuum
1923 5714 2049 5751 sua-

470 5805 592 5847 rum
616 5790 1040 5860 comprehensus
1080 5798 1164 5843 est
1190 5800 1443 5859 peccator
1478 5789 1631 5860 (Psal
1656 5791 1751 5860 Ix).
1792 5811 1808 5841 1
1855 5791 1927 5844 Dc
1948 5807 2052 5859 quo

469 5895 559 5940 uer
585 5881 872 5941 Jeremiaui
892 5882 1152 5940 Dominus
1175 5883 1322 5941 dicit.
1349 5882 1475 5939 dum
1500 5884 1936 5944 iucorriuibiliter
1962 5883 2056 5936 de-

2180 2024 2491 2096 corrigitur,
2507 2033 2834 2097 praeceptum
2860 2025 3048 2080 audire
3070 2025 3264 2093 noluit,
3279 2029 3483 2083 audivit
3506 2030 3759 2091 dolorem.

2180 2117 2341 2173 Dolor
2368 2133 2499 2189 ergo
2526 2114 2581 2173 in
2603 2127 2874 2190 praecepto
2904 2118 3123 2189 tingitur
3146 2119 3218 2185 ei,
3245 2120 3336 2189 qui
3360 2136 3393 2175 a
3412 2121 3570 2176 malis
3598 2123 3764 2193 operi-

2179 2212 2301 2275 bus,
2330 2210 2487 2280 quasi
2527 2211 2784 2283 praecepti
2830 2212 2949 2266 vice
2979 2211 3163 2267 dolore
3206 2211 3514 2268 cohibetur.
3560 2214 3637 2268 De
3682 2214 3762 2269 his

2179 2315 2308 2355 vero
2336 2315 2474 2371 quos
2501 2301 2759 2363 damnant
2783 2299 3012 2371 ﬂagella,
3043 2308 3097 2355 et
3117 2315 3225 2357 non
3245 2300 3499 2365 liberant,
3529 2303 3755 2357 dicitur:

2188 2409 2205 2442 1
2245 2390 2573 2447 Percussisti
2610 2406 2725 2457 eos,
2774 2406 2877 2447 nec
2902 2392 3219 2457 doluerunt;
3262 2393 3521 2449 attrivisti
3565 2408 3680 2459 eos,
3708 2401 3759 2449 et

2177 2494 2475 2541 renuerunt
2504 2486 2753 2557 accipere
2786 2486 3132 2555 disciplinam
3165 2484 3301 2556 (Jer.
3332 2487 3411 2559 v).
3451 2507 3467 2537 1
3511 2486 3635 2542 Haec
3666 2486 3756 2540 ﬂa-

2177 2577 2313 2650 gella
2346 2576 2415 2631 ab
2446 2578 2547 2632 hac
2571 2577 2683 2631 vita
2714 2576 2991 2640 inchoant,
3020 2584 3074 2631 et
3104 2577 3159 2631 in
3178 2581 3391 2632 interna
3416 2578 3756 2647 percussione

2176 2670 2494 2740 perdurant.
2535 2667 2691 2726 Unde
2716 2681 2814 2738 per
2842 2667 3027 2723 Mosen
3068 2665 3331 2723 Dominus
3354 2669 3521 2723 dicit:
3561 2687 3579 2717 1
3618 2668 3757 2740 Ignis

2176 2764 2380 2818 exarsit
2406 2763 2459 2816 in
2492 2762 2573 2816 ira
2600 2776 2741 2824 mea,
2765 2771 2818 2816 et
2847 2761 3058 2816 ardebit
3092 2775 3261 2830 usque
3285 2761 3353 2815 ad
3382 2761 3579 2816 inferos
3601 2762 3757 2815 deor-

2175 2871 2292 2910 sum
2326 2854 2503 2925 (Deut.
2535 2853 2729 2924 xxxii).
2768 2872 2786 2905 1
2822 2851 3095 2921 Quantum
3121 2852 3187 2908 ad
3214 2862 3534 2923 praesentem
3556 2852 3756 2906 etenim

2173 2945 2579 3016 percussionem
2602 2951 3004 3019 spectat,‘recte
3027 2943 3241 3006 dicitur,
3267 2961 3286 2992 1
3320 2943 3456 3014 ignis
3476 2943 3681 2997 exarsit
3703 2944 3753 2997 in

2172 3038 2253 3093 ira
2284 3052 2421 3099 mea,
2449 3056 2468 3087 1
2494 3046 2755 3107 quantum
2792 3050 2922 3090 vero
2951 3034 3019 3088 ad
3048 3042 3305 3089 aeternam
3333 3035 3751 3099 damnationem,

2174 3136 2296 3198 apte
2326 3142 2451 3183 mox
2499 3126 2765 3190 subditur,
2814 3144 2832 3175 1
2874 3132 2929 3179 et
2971 3122 3181 3179 ardebit
3229 3140 3402 3195 usque
3442 3125 3505 3181 ad
3546 3124 3754 3179 inferos

2173 3220 2443 3274 deorsum.
2478 3237 2496 3270 )
2528 3216 2675 3272 Licet
2698 3233 2728 3270 a
2749 3216 3070 3286 quibusdam
3094 3215 3201 3270 dici
3228 3216 3402 3270 soleat
3428 3215 3576 3280 illud,
3609 3215 3754 3284 quod

2172 3309 2433 3379 scriptum
2456 3317 2575 3364 est:
2599 3327 2617 3357 σ
2641 3306 2757 3361 Non
2774 3306 2984 3375 judicat
3006 3306 3149 3361 Deus
3162 3306 3246 3361 bis
3270 3306 3322 3359 in
3341 3305 3591 3377 iilipsum,
3620 3325 3639 3357 1
3662 3305 3752 3374 qui

2171 3410 2349 3455 tamen
2371 3401 2515 3470 quod
2537 3414 2634 3469 per
2653 3398 2971 3468 prophetam
2996 3396 3067 3454 de
3090 3398 3286 3467 iniquis
3308 3397 3524 3462 dicitur,
3543 3412 3649 3451 non
3669 3408 3750 3461 at-

2168 3494 2439 3547 tendunt:
2483 3510 2500 3544 (
2536 3492 2604 3547 Et
2650 3491 2847 3559 duplici
2888 3490 3203 3548 confusione
3233 3499 3456 3545 contere
3481 3505 3591 3554 eos,
3633 3510 3653 3541 )
3702 3500 3755 3543 et

2167 3586 2221 3640 id
2280 3584 2423 3655 quod
2467 3585 2602 3638 alias
2654 3585 2914 3654 scriptum
2964 3591 3071 3649 est,
3123 3601 3141 3634 1
3185 3581 3345 3637 Jesus
3390 3581 3646 3653 populum
3689 3582 3752 3637 de

2167 3683 2312 3727 terra
2344 3671 2561 3744 rEgypti
2594 3672 2832 3747 salvans,
2863 3673 3100 3728 secundo
3136 3686 3230 3727 eos
3252 3672 3345 3740 qui
3368 3687 3473 3725 non
3502 3670 3748 3726 credide-

2165 3774 2292 3820 runt
2318 3765 2571 3835 perdidit.
2614 3785 2633 3817 1
2675 3764 2880 3830 Quibus
2904 3772 3082 3817 tamen
3120 3764 3164 3816 si
3191 3777 3514 3817 consensum
3542 3763 3747 3831 praebe-

2164 3871 2316 3921 mus,
2347 3854 2641 3925 quamlibet
2674 3854 2885 3923 culpam
2915 3853 2999 3908 bis
3020 3852 3173 3907 feriri
3208 3868 3314 3907 non
3342 3867 3520 3922 posse,
3548 3853 3653 3906 hoc
3682 3868 3747 3906 ex

2162 3954 2384 4015 peccato
2426 3945 2697 4014 percussis
2735 3954 2898 4014 atque
2931 3945 2986 3999 in
3012 3952 3234 4015 peccato
3262 3960 3362 3999 suo
3394 3944 3748 3998 morientibus

2164 4036 2323 4091 debet
2343 4036 2620 4100 aestimari,
2639 4037 2763 4106 quia
2798 4051 2983 4091 eorum
3008 4037 3288 4106 percussio
3310 4037 3398 4091 hic
3421 4046 3614 4106 empta,
3644 4037 3748 4089 illic

2161 4123 2472 4192 perficitur,
2498 4131 2559 4175 ut
2610 4122 2931 4176 incorrectis
2964 4137 3128 4174 unum
3161 4120 3427 4190 ﬂagellum
3479 4121 3567 4183 sit,
3601 4121 3744 4187 quod

2166 4213 2534 4284 temporaliter
2554 4213 2760 4283 incipit,
2784 4214 2876 4268 sed
2896 4215 2946 4267 in
2963 4214 3180 4267 aeternis
3197 4211 3475 4282 suppliciis
3490 4226 3745 4266 consum-

2163 4307 2361 4373 matur,
2403 4316 2669 4375 quatenus
2710 4308 2789 4361 cis
2836 4306 2927 4374 qui
2973 4307 3194 4360 omnino
3242 4304 3442 4373 corrigi
3486 4311 3742 4365 renuunt,

2156 4398 2270 4468 jam
2316 4398 2663 4467 praesentium
2704 4394 3034 4466 ﬂagellorum
3071 4394 3371 4464 percussio,
3407 4394 3743 4461 sequentium

2161 4491 2231 4545 sit
2259 4489 2468 4543 initium
2500 4496 2909 4541 tormentorum.

2240 4600 2257 4633 ι
2295 4580 2585 4651 Propterea
2606 4578 2895 4648 omnesqni
2918 4577 3204 4632 comedunt
3226 4585 3298 4642 te,
3324 4576 3741 4632 devorabuntnr.

2170 4693 2188 4723 (
2236 4681 2291 4727 et
2327 4670 2561 4725 universi
2610 4671 2792 4725 hostes
2832 4671 2905 4723 tui
2955 4660 3007 4723 in
3047 4669 3418 4739 captivitatem
3463 4669 3739 4729 ducentur,

2170 4786 2187 4815 1
2232 4772 2287 4817 et
2312 4762 2401 4833 qui
2442 4772 2492 4816 te
2518 4769 2733 4816 vastant
2759 4763 3134 4826 vastabantur,
3165 4770 3498 4830 cunctosque
3532 4760 3739 4829 ptanda-

2172 4872 2189 4903 (
2237 4864 2381 4906 tores
2417 4861 2537 4906 tuos
2567 4852 2708 4906 dabo
2747 4852 2799 4905 in
2828 4852 3083 4920 praedam.
3116 4850 3394 4905 Obducam
3428 4850 3573 4904 enim
3595 4850 3738 4902 eira-

2170 4966 2186 4995 ‹
2234 4944 2422 4999 tricem
2466 4945 2585 5009 tibi,
2618 4953 2673 4998 et
2709 4960 2739 4997 a
2788 4943 3101 4999 vulneribus
3135 4944 3240 4997 tuis
3270 4944 3473 4995 sanabo
3500 4950 3576 5006 te,
3613 4940 3741 4994 dicit

2168 5057 2185 5087 ί
2233 5036 2510 5098 Duniiuns,
2548 5037 2671 5104 quia
2707 5036 2935 5106 ejectum
2982 5037 3107 5106 (sive
3151 5034 3471 5104 dispersam)
3512 5048 3737 5089 vocave-

2167 5149 2184 5181 1
2233 5140 2358 5184 runt
2384 5140 2434 5184 te
2463 5130 2591 5184 Sion
2626 5148 2639 5183 :
2675 5132 2789 5185 tunc
2814 5139 2897 5185 cst
2920 5146 3039 5199 qua:
3066 5145 3170 5183 non
3197 5128 3431 5182 habebat
3460 5131 3740 5198 requiren-

2167 5245 2184 5275 (
2234 5235 2360 5279 tem.
2394 5245 2412 5276 1
2442 5225 2508 5277 Et
2540 5225 2638 5279 sub
2665 5222 2964 5297 Zorobabel
3007 5224 3123 5277 haec
3153 5220 3293 5277 facta
3334 5223 3732 5293 cognoscimus,

2160 5318 2370 5388 quando
2407 5317 2670 5386 Assyrios,
2697 5317 2798 5370 hoc
2826 5322 2908 5369 est
2939 5304 3487 5380 Ninivcn,vastavere
3522 5314 3739 5384 Babylo-

2158 5398 2231 5462 nii
2256 5417 2416 5478 atque
2438 5408 2692 5470 Chaldaei,
2711 5418 2765 5462 et
2789 5423 2999 5462 rursum
3024 5407 3348 5478 Babylonios
3370 5417 3426 5461 et
3464 5406 3735 5461 Chaldiws

2162 5503 2300 5557 Medi
2334 5501 2618 5572 Pcrsmque
2657 5512 2935 5570 ceperunt,
2970 5508 3025 5553 et
3055 5499 3293 5570 Babylon
3337 5498 3612 5553 destructa
3635 5508 3731 5560 est,

2161 5604 2288 5648 tunc
2315 5592 2443 5647 Sion
2473 5595 2636 5662 cmpit
2668 5592 2867 5645 habere
2916 5590 3200 5644 Dominum
3250 5588 3641 5657 requirentem,
3686 5600 3734 5642 (ιιι

2157 5686 2385 5742 obducta
2408 5695 2491 5741 est
2512 5685 2740 5740 cicatrix
2761 5682 2966 5737 vulneri
2988 5682 3151 5744 illius,
3170 5689 3225 5734 et
3246 5691 3437 5735 sanata
3461 5690 3546 5735 est
3568 5697 3596 5734 a
3629 5682 3735 5750 pla-

2156 5787 2238 5854 gis
2280 5787 2412 5850 suis,
2442 5785 2585 5855 quod
2609 5780 2817 5852 plenius
2846 5789 3009 5849 atque
3032 5776 3328 5849 perfectius
3356 5777 3657 5847 completur
3688 5775 3735 5828 in

2156 5878 2390 5934 Christo.

3670 6342 3713 6356 Ξ
