3926 6320
144 412 289 471 I029

1068 356 1436 467 EXPOSITIO
1476 403 1704 463 SUPER
1739 398 2107 459 JEREMIAM.
2148 428 2218 441 --
2250 398 2380 456 LIB.
2425 393 2515 457 XI.

3278 394 3420 457 I030

218 548 239 579 ‹
288 527 415 582 Ilaec
435 523 570 580 dicit
592 523 852 580 Dominus
879 536 895 577 :
925 523 1064 578 Ecce
1105 538 1206 592 ego
1241 529 1553 577 convertam
1595 535 1727 575 con-
1754 522 1805 583 Α
1832 515 2199 588 circumdetur
2211 514 2450 570 exercitu
2467 512 2824 579 Hierusalem,
2843 521 2899 569 et
2916 514 3132 584 penitus
3152 512 3415 572 deleatur.

150 638 168 663 ι
214 619 524 673 versionem
565 614 1036 670 tabernaculorum
1082 613 1267 677 Iacob,
1306 622 1361 667 et
1405 612 1566 668 tectis
1604 610 1730 683 (sive

149 728 169 761 ι
212 705 533 777 captivitati)
548 720 736 761 eorum
754 705 1080 760 miserebor:
1100 713 1152 759 et
1166 702 1523 759 aediﬁcabitur
1538 703 1732 758 civitas

153 818 172 849 ε
219 799 273 852 in
313 796 527 852 excelso
554 811 671 861 suo,
704 803 758 851 et
795 795 1053 864 templum
1087 792 1244 863 juxta
1281 793 1527 849 ordinem
1574 808 1731 864 suum

154 910 173 944 ς
221 889 558 946 fundabitur.
593 889 662 943 Et
691 888 999 959 egredietur
1023 886 1091 943 de
1132 888 1213 942 eis
1238 887 1379 951 laus,
1410 902 1624 958 voxque
1650 888 1733 942 lu-

155 1002 173 1033 ι
219 982 484 1044 dentium,
514 986 571 1035 et
598 977 968 1049 multiplicabo
996 992 1111 1044 eos,
1148 985 1204 1033 et
1230 992 1337 1033 non
1365 979 1726 1034 minuentur.»

152 1070 409 1141 Quodque
434 1070 691 1141 sequitur,
724 1088 743 1121 ‹
788 1069 857 1123 Et
889 1068 1204 1140 gloriﬁcabo
1226 1084 1321 1125 eos
1354 1077 1551 1125 etnon
1591 1077 1731 1127 atte-

157 1180 176 1213 ι
216 1161 547 1227 nuabuntur,
569 1181 587 1213 ι
606 1162 660 1215 in
683 1158 1022 1231 Septuaginta
1036 1177 1141 1215 non
1160 1160 1399 1219 habetur.
1427 1180 1446 1213 ‹
1468 1160 1536 1217 Et
1552 1173 1725 1230 erunt,

156 1273 173 1304 ι
223 1251 423 1322 ipquit,
452 1251 547 1307 ﬁlii
585 1251 703 1321 ejus
742 1252 884 1306 sicut
919 1267 951 1306 a
992 1252 1278 1324 principio,
1321 1260 1377 1308 et
1411 1264 1586 1309 coetus
1619 1254 1736 1325 ejus

156 1365 173 1396 ι
220 1360 405 1400 curam
441 1359 528 1400 me
557 1343 913 1415 permanebit.
944 1342 1011 1397 Et
1040 1344 1271 1400 visitabo
1300 1345 1583 1400 adversum
1613 1360 1729 1400 om-

156 1456 175 1487 ‹
218 1452 316 1491 nes
352 1437 444 1507 qui
482 1436 740 1507 tribulant
764 1450 909 1500 eum,
946 1442 1000 1491 et
1033 1436 1139 1490 erit
1165 1435 1276 1492 dux
1303 1437 1420 1508 ejus
1457 1453 1525 1493 ex
1558 1454 1644 1503 eo,
1682 1445 1737 1493 et

156 1550 173 1581 ι
222 1530 477 1601 princeps
510 1530 577 1585 de
615 1528 793 1584 medio
822 1528 939 1601 ejus
973 1529 1322 1599 producetur,
1371 1537 1426 1585 et
1453 1530 1736 1602 applicabo

156 1640 173 1671 ι
218 1635 366 1684 cum,
399 1628 454 1675 et
478 1619 698 1696 accedet
722 1619 790 1674 ad
810 1634 917 1673 me.
946 1618 1080 1686 Quis
1100 1618 1243 1673 enim
1273 1619 1377 1675 iste
1396 1628 1500 1686 est,
1531 1621 1622 1690 qui
1650 1636 1738 1691 ap-

159 1728 176 1760 i
222 1709 387 1778 plicet
416 1723 510 1764 cor
536 1723 714 1775 suum,
755 1716 815 1763 ut
841 1708 1240 1779 appmpinquet
1261 1709 1416 1775 mihi,
1451 1709 1528 1764 ait
1554 1710 1739 1764 Domi-

160 1819 177 1849 ι
218 1798 439 1852 minus?
472 1817 491 1849 ι
511 1796 779 1869 (meram)
809 1797 1049 1864 Quorum
1071 1807 1229 1868 typus
1248 1799 1527 1868 praacessit
1554 1799 1609 1854 in
1635 1799 1737 1855 Zo-

1832 606 2112 674 Quomodo
2126 617 2313 661 autem
2334 606 2527 661 artifex
2542 623 2649 663 non
2667 615 2842 678 potest
2865 608 3115 681 intelligi,
3138 608 3238 664 nisi
3256 622 3422 681 Opere

1830 697 2122 768 completo,
2170 711 2271 752 nec
2315 697 2597 753 medicina:
2645 698 2941 765 industria,~
2980 701 3083 755 nisi
3131 710 3418 772 postquam

1831 786 1997 844 fuerit
2019 788 2226 843 sanitas
2251 796 2561 853 consecuta,
2599 789 2675 843 ita
2706 805 2830 844 cum
2862 791 3072 845 eversio
3102 790 3267 846 fuerit
3297 791 3422 847 Ilie-

1832 880 2089 948 rusalem,
2123 890 2178 936 et
2219 881 2420 952 prioris
2443 880 2627 951 populi
2658 880 2919 950 abjectio,
2962 892 3093 937 tunc
3122 884 3422 954 intelligent

1832 960 2133 1039 credentes,
2176 972 2320 1042 quod
2361 971 2598 1043 repulsio
2630 969 2960 1041 Iudaeorum,
2997 981 3199 1032 nostra:
3234 974 3424 1032 salutis

1831 1064 2049 1121 occasio
2070 1064 2162 1120 sit.

2401 1171 2630 1232 CAPUT
2667 1176 2842 1234 XXXI

1836 1280 1969 1357 Post
1986 1272 2366 1357 plenitudiitem
2393 1286 2625 1355 gentium
2644 1285 2810 1339 intrat
2836 1285 3009 1343 Israel
3037 1288 3106 1344 ad
3133 1288 3294 1357 ﬁdem
3319 1302 3337 1342 :
3358 1288 3427 1345 de

1907 1353 2103 1427 Christi
2146 1353 2435 1427 nativitate,
2482 1365 2529 1408 et
2570 1366 2898 1410 sacramento
2937 1353 3170 1427 corporis
3210 1369 3258 1412 et
3301 1376 3427 1413 san-

1905 1424 2079 1495 guinis
2106 1423 2220 1494 ejus
2246 1438 2266 1478 :
2290 1425 2431 1495 quod
2457 1427 2814 1497 unusquisque
2840 1423 3096 1513 morietur
3132 1428 3188 1482 in
3217 1440 3427 1499 peccato

1906 1510 2025 1550 ειιο.

1915 1625 1935 1659 ι
1978 1606 2035 1661 In
2060 1615 2303 1677 tempore
2332 1607 2425 1663 illo
2446 1608 2577 1664 dicit
2598 1607 2858 1665 Dominus
2884 1627 2897 1662 :
2923 1610 3031 1667 Ero
3053 1610 3196 1668 Deus
3216 1614 3431 1669 univcr-

1843 1716 1866 1749 ι
1900 1696 1975 1753 sis
2003 1698 2415 1768 cognatiod’ibus
2442 1698 2608 1755 Israel
2648 1700 2773 1765 (sive
2798 1703 2984 1773 generi
3008 1702 3220 1776 Israel),
3243 1713 3299 1759 et
3327 1705 3428 1775 ipsi

1847 1805 1865 1839 ι
1901 1786 2059 1842 erunt
2097 1788 2229 1844 mihi
2269 1788 2326 1843 in
2361 1790 2619 1860 populum
2652 1810 2670 1842 ι
2704 1789 2997 1864 (Ηὶενοη.).
3027 1791 3139 1865 Nisi
3172 1795 3431 1874 cogitatio

156 1888 377 1943 mbabel
419 1898 473 1943 et
509 1889 670 1955 Επεὶ,
722 1889 937 1958 quando
978 1891 1229 1947 reversus
1275 1897 1360 1945 est
1388 1890 1640 1968 populus,
1682 1898 1738 1946 et
1766 1878 1813 1937 Β
1841 1875 2053 1933 Domini
2084 1877 2250 1933 fuerit
2287 1878 2529 1948 impleta,
2562 1890 2618 1936 et
2653 1881 2806 1936 furor
2834 1880 2951 1950 ejus
2984 1885 3313 1954 requieverit
3341 1903 3431 1942 su-

155 1990 334 2049 cmpta
356 1989 440 2035 est
461 1980 713 2037 aediﬁcari
740 1980 933 2036 civitas
969 1981 1022 2035 in
1052 1981 1268 2036 excelso
1299 1997 1417 2048 suo,
1447 1982 1739 2052 templique

157 2072 433 2126 observari
456 2071 628 2142 legem
655 2068 911 2144 [religio],
940 2079 995 2131 et
1019 2080 1216 2127 caetera
1239 2087 1362 2141 qua:
1395 2072 1564 2143 ipsius
1587 2073 1740 2129 Ezrtc

160 2161 431 2218 volumine
450 2162 812 2218 continentur.
834 2162 1049 2217 Plenius
1069 2171 1249 2218 autem
1267 2172 1431 2234 atque
1449 2162 1740 2232 perfectius

159 2251 212 2306 in
258 2250 485 2306 Domino
520 2250 831 2318 Salvatore,
873 2251 1239 2321 apostolisque
1264 2252 1589 2320 completum
1634 2261 1737 2319 est,

155 2344 374 2414 quando
412 2344 675 2399 aediﬁcata
705 2352 789 2399 est
825 2344 1018 2399 civitas
1046 2344 1099 2397 in
1128 2345 1343 2399 excelso
1381 2360 1508 2410 suo,
1546 2345 1610 2399 de
1634 2361 1740 2415 qua

156 2436 419 2506 scriptum
460 2445 543 2491 est
575 2454 597 2491 :-
628 2456 646 2488 ι
676 2434 791 2490 Non
822 2444 1001 2507 potest
1033 2438 1288 2517 abscondi
1319 2439 1510 2493 civitas
1535 2453 1655 2508 qua:
1684 2439 1740 2493 in

157 2538 344 2583 monte
365 2529 539 2600 posita
564 2526 649 2584 est
675 2528 891 2601 (Matth.
922 2529 997 2600 v).
1037 2549 1055 2581 ι
1085 2530 1151 2585 Et
1178 2531 1439 2601 templum
1467 2530 1625 2600 juxta
1650 2547 1742 2585 or-

157 2620 341 2675 dinem
371 2636 557 2685 suum,
590 2622 1045 2692 cacremoniasque
1065 2622 1367 2688 fundatum,
1399 2631 1458 2677 ut
1482 2623 1741 2694 quidquid

159 2709 215 2763 in
245 2710 412 2778 priori
441 2710 635 2781 populo
658 2711 821 2766 ﬁebat
842 2712 1149 2779 carnaliter,
1176 2713 1230 2767 in
1258 2713 1497 2768 Ecclesia
1525 2714 1741 2784 spirita-

156 2798 285 2855 liter
310 2801 686 2872 compleretur.
715 2803 867 2859 Tunc
892 2820 1109 2875 egressa
1137 2815 1220 2860 est
1242 2806 1380 2872 laus,
1407 2806 1521 2860 sive
1543 2806 1743 2876 gratia-

162 2909 283 2948 rum
315 2895 479 2961 actio,
517 2896 619 2951 hoc
643 2898 785 2951 enim
817 2897 1089 2969 signiﬁcat
1124 2907 1281 2964 mm.
1311 2907 1369 2953 ut
1392 2913 1583 2953 omnes
1607 2914 1740 2970 apo-

162 2986 291 3040 stoli
326 2987 571 3042 dicerent
600 3006 612 3041 :
651 3005 672 3039 c
720 2987 907 3043 Gratia
936 2989 1091 3045 vobis
1117 2999 1171 3043 et
1205 2992 1327 3059 pax"
1349 2988 1401 3060 (I
1438 2988 1561 3043 Cor.
1602 2990 1665 3060 ι).
1716 3011 1735 3042 ι

163 3076 389 3147 Voxque
410 3077 730 3145 ludentium,
752 3095 859 3135 non
888 3078 979 3134 illo
1004 3078 1128 3134 ludo
1150 3093 1257 3148 quo
1279 3079 1622 3135 manducavit
1641 3094 1740 3148 po-

159 3169 339 3241 pulus,
365 3178 420 3225 et
456 3170 607 3236 bibit,
638 3178 696 3226 et
722 3172 962 3227 surrexit
990 3180 1051 3225 ut
1087 3171 1293 3226 luderet
1317 3170 1513 3241 (Exod.
1541 3170 1740 3242 xxxn),

1840 1984 1938 2041 per
1959 1968 2249 2039 impiorum
2295 1978 2480 2040 caput,
2524 1971 2897 2027 universitatis
2926 1974 3188 2030 Dominus
3226 1991 3429 2050 cogna-

1841 2061 2078 2137 tionibus
2117 2061 2284 2141 Israel
2326 2061 2472 2117 Deus
2503 2078 2626 2118 esse
2673 2079 2782 2139 non
2823 2067 3026 2135 poterit
3059 2086 3071 2121 :
3106 2069 3212 2123 hoc
3249 2080 3432 2126 autem

1841 2154 1975 2209 dicit
2005 2151 2270 2224 reliquiis,
2300 2170 2422 2224 qua:
2457 2155 2619 2211 salva:
2647 2155 2805 2212 facta:
2833 2168 2978 2214 sunt.
3007 2159 3161 2226 Quod
3195 2163 3241 2216 si
3266 2176 3433 2232 Oppo-

1840 2248 1988 2302 nitur
2013 2248 2169 2303 nobis
2191 2248 2247 2303 id
2275 2249 2419 2318 quod
2448 2250 2654 2305 dictum
2683 2260 2807 2305 est:
2846 2270 2865 2303 ι
2908 2252 3016 2309 Ero
3065 2254 3208 2310 Dens
3248 2256 3433 2326 generi

1839 2336 2026 2404 Israel,
2065 2357 2084 2391 ι
2119 2338 2233 2394 sive
2268 2356 2287 2390 t
2318 2338 2589 2411 universis
2626 2342 3040 2412 cognationibus
3058 2344 3245 2411 Israel,
3291 2366 3310 2397 ι
3348 2362 3433 2401 as-

1841 2443 2120 2485 sumamus
2136 2430 2477 2501 exemplum:
2506 2450 2526 2483 t
2560 2430 2618 2487 Si
2642 2432 2736 2487 ﬁlii
2763 2433 3263 2502 essetisAbraham,
3291 2436 3434 2494 face-

1843 2520 1977 2575 retis
2002 2534 2169 2591 opera
2203 2522 2374 2591 patris
2425 2522 2591 2577 vestri
2640 2522 2822 2595 (Joan.
2867 2529 3013 2598 vni),
3049 2547 3069 2578 ι
3105 2535 3160 2581 et
3196 2527 3433 2599 Aposto-

1842 2611 1927 2666 lus
1944 2612 2172 2667 scribit:
2201 2630 2219 2661 ε
2251 2611 2439 2669 Videte
2460 2613 2623 2669 Israel
2645 2615 2801 2685 juxta
2829 2632 3050 2673 carnem
3072 2617 3125 2689 (I
3145 2618 3269 2675 Cor.
3294 2620 3372 2693 x).
3410 2641 3429 2673 ι

1840 2703 1921 2758 Ex
1945 2718 2054 2774 quo
2074 2703 2234 2760 docet
2256 2718 2378 2761 esse
2396 2704 2561 2761 alium
2584 2706 2748 2763 Israel
2762 2708 2920 2775 juxta
2943 2709 3213 2779 spiritum.
3242 2710 3335 2766 Ille
3353 2720 3434 2766 es'

1841 2793 2011 2865 igitur
2037 2795 2201 2852 Israel
2220 2796 2312 2865 qui
2333 2806 2516 2853 mente
2540 2800 2717 2853 cernit
2743 2798 2932 2866 Deum,
2957 2801 3073 2855 sive
3100 2794 3437 2859 rectissimus

1842 2885 2058 2943 Domini
2085 2897 2169 2943 est
2194 2906 2207 2941 :
2238 2898 2293 2945 et
2320 2889 2696 2959 hujuscemodi
2723 2890 2889 2947 Israel
2918 2893 3024 2947 erit
3060 2893 3289 2965 populus
3313 2896 3430 2951 Dei.

1917 2996 1934 3027 ι
1965 2976 2092 3032 Haec
2130 2978 2261 3033 dicit
2287 2978 2546 3035 Dominus
2576 2995 2591 3033 :
2625 2980 2835 3036 Invenit
2861 2975 3189 3053 gratiamin
3219 2985 3436 3042 deserto

1849 3086 1868 3120 ι
1896 3068 2270 3139 populus,qui
2301 3080 2636 3126 remanserat
2665 3071 2875 3143 gladio,
2907 3075 3068 3133 vadat
3095 3076 3163 3131 ad
3192 3077 3436 3147 requiem

1852 3180 1870 3212 ι
1901 3177 2055 3216 suam
2084 3162 2271 3217 Israel.
2295 3182 2314 3214 ι
2335 3162 2719 3234 Septuaginta:
2755 3183 2773 3215 ι
2796 3164 2888 3220 Sic
2903 3166 3436 3225 dicitDominus:In-

160 3229 259 3317 sed
381 3275 489 3329 quo
516 3229 697 3315 coram
742 3276 869 3315 arca
908 3260 1119 3315 Domini
1144 3260 1273 3315 lusit
1300 3229 1468 3315 David
1496 3260 1580 3333 (III
1768 3229 1813 3291 C
1850 3270 1869 3303 ί
1916 3252 2038 3307 veni
2060 3253 2294 3309 calidum
2323 3253 2377 3327 in
2401 3229 2620 3309 deserto
2651 3271 2774 3310 cum
2802 3256 2888 3311 bis
2911 3258 3003 3326 qui
3026 3259 3304 3329 perierant
3324 3262 3437 3333 gla-

160 3347 262 3421 τι).
298 3368 317 3400 ι
353 3348 421 3403 Ει
449 3349 743 3419 mulplieati
767 3359 892 3404 sunt
920 3358 975 3404 et
1001 3365 1105 3404 non
1133 3349 1424 3415 imminuti,
1458 3369 1477 3402 ι
1509 3361 1568 3405 ιιι
1596 3360 1741 3409 totus

162 3440 314 3495 orbis
338 3441 586 3496 crederet
610 3441 664 3494 in
695 3441 862 3496 Deum
896 3441 1237 3498 salvatorem.
1280 3441 1580 3499 Gloriﬁcati
1617 3453 1745 3500 sunt

167 3539 227 3585 ut
264 3530 575 3601 impleretur
614 3532 757 3602 quod
810 3532 1071 3604 scriptum
1099 3541 1180 3588 est
1218 3552 1231 3587 :
1271 3553 1289 3585 ‹
1325 3532 1569 3591 Glariosa
1598 3535 1742 3592 dicta

164 3634 291 3681 sunt
315 3626 383 3680 de
418 3634 491 3691 te,
524 3625 713 3680 civitas
741 3625 837 3680 Dei
866 3625 1038 3697 (Psal.
1062 3625 1305 3697 Lxxxvt).
1346 3645 1364 3677 ι
1398 3625 1745 3706 Fueruntque

164 3715 262 3771 ﬁlii
290 3714 561 3783 ejus,'hoc
585 3721 667 3770 est
703 3712 951 3785 apostoli,
1002 3715 1140 3769 sicut
1166 3714 1383 3769 fuerunt
1414 3734 1442 3770 a
1482 3718 1746 3788 principio

164 3807 459 3869 Abraham,
484 3806 659 3871 Isaac,
696 3813 751 3859 et
770 3804 957 3871 Iacob,
988 3805 1262 3877 principes
1285 3807 1502 3877 generis
1530 3808 1744 3863 Israeli-

166 3897 280 3951 tici.
316 3897 357 3950 Τ
364 3911 469 3950 unc
509 3896 747 3950 visitavit
789 3896 1046 3950 Dominus
1105 3896 1391 3951 adversum
1425 3913 1614 3952 omnes
1654 3899 1749 3968 qui

166 3988 563 4042 tribulaverunt
593 3986 844 4057 populum
870 3987 987 4052 Dei,
1016 3986 1353 4042 adversarias
1378 3987 1626 4043 videlicet
1654 4004 1749 4058 po-

170 4085 419 4132 testates.
446 4077 514 4131 Et
544 4077 643 4129 fuit
685 4076 793 4130 dux
823 4074 937 4143 ejus
972 4092 1037 4131 ex
1082 4090 1167 4140 eo,
1194 4076 1337 4130 haud
1364 4076 1585 4137 dubium
1618 4079 1748 4147 quin

166 4168 433 4223 Dominus
459 4176 513 4221 et
564 4167 812 4221 Salvator
853 4166 1146 4221 secundum
1194 4182 1413 4221 carnem
1456 4183 1522 4221 ex
1552 4158 1750 4238 genere

164 4259 358 4324 Israel,
386 4267 441 4313 et
471 4260 723 4329 princeps
752 4258 817 4313 de
840 4258 1014 4312 medio
1040 4255 1177 4325 ejus,
1195 4257 1490 4326 productus
1510 4266 1612 4313 est.
1641 4259 1751 4330 Ap-

163 4354 389 4424 plicavit
415 4367 535 4407 eum
559 4350 719 4409 Pater
743 4349 809 4404 ad
834 4365 912 4415 se,
940 4356 995 4403 et
1023 4349 1252 4404 accessit
1273 4349 1341 4403 ad
1363 4364 1508 4414 eum,
1530 4358 1589 4404 ut
1608 4349 1754 4404 diee-

165 4452 254 4500 ret
294 4441 463 4497 Filius
515 4441 679 4511 ejus:
738 4460 757 4491 (
812 4440 925 4511 Ego
983 4440 1038 4493 in
1088 4439 1269 4505 Patre,
1299 4447 1354 4493 ct
1375 4438 1538 4494 Pater
1586 4439 1640 4494 in
1666 4456 1753 4497 me

1845 3361 1866 3394 i
1918 3342 2029 3398 dio.
2073 3343 2149 3398 Ite
2177 3353 2234 3399 et
2260 3343 2429 3400 nolite
2472 3345 2779 3400 interﬁcere
2808 3345 2991 3401 Israel.
3028 3367 3046 3399 ι
3097 3348 3345 3406 Ridicule
3381 3352 3436 3407 in

1842 3435 1948 3489 hoc
1984 3435 2102 3489 loco
2125 3433 2306 3490 Latini
2328 3435 2543 3491 codices
2571 3436 2922 3507 ambiguitate
2949 3438 3098 3493 verbi
3120 3439 3315 3507 Grteci,
3339 3457 3440 3511 pro

1847 3525 2039 3593 calido,
2057 3528 2107 3581 lu
2112 3528 2288 3599 pinos,
2308 3528 2646 3616 interpretati
2667 3537 2817 3583 sunt.
2842 3528 3088 3587 Graecum
3102 3532 3246 3587 enim
3259 3534 3438 3611 θερμὸν

1846 3626 2136 3689 utrumque
2166 3619 2478 3692 signiﬁcat:
2513 3621 2658 3689 quod
2694 3628 2750 3675 et
2778 3622 2955 3691 ipsum
2982 3639 3089 3679 non
3124 3625 3356 3681 habetur
3381 3626 3436 3681 in

1846 3711 2093 3771 Hebraeo.
2266 3714 2409 3768 enim
2453 3722 2800 3804 scnptumjn
2834 3718 2977 3784 quod
3019 3716 3233 3787 Aquila,
3277 3718 3438 3789 Sym-

1847 3805 2073 3858 machus
2106 3812 2163 3858 et
2203 3803 2500 3860 Theodotio
2529 3808 2710 3882 χὰριν,
2743 3806 2846 3863 hoc
2866 3814 2967 3873 est,
3004 3809 3233 3877 gratiam
3264 3810 3436 3863 inter-

1846 3892 2043 3962 pretati
2069 3901 2215 3947 sunt.
2251 3892 2362 3947 Soli
2392 3892 2743 3963 Septuaginta
2779 3911 3012 3965 posuere
3047 3896 3301 3962 calidum,
3332 3914 3436 3968 pu-

1850 3995 2025 4041 tantes
2056 3986 2301 4041 ultimam
2333 3987 2572 4042 litteram
2600 3998 2643 4048 D
2674 3988 2903 4053 εδει,ὃί
2918 3991 3061 4046 enim
3092 3990 3336 4063 legamus
3374 4002 3439 4079 In

1847 4091 1947 4146 per
1986 4076 2271 4167 Iittcram"
2302 4078 2475 4148 gratia
2514 4078 2711 4134 dicitur
2740 4096 2753 4140 :
2791 4079 2849 4134 Si
2878 4095 2978 4150 per
3005 4092 3048 4143 ω
3083 4081 3232 4135 calor
3270 4076 3439 4136 inter-

1848 4176 2118 4239 pretatur.
2144 4170 2246 4231 Est
2272 4179 2455 4225 autem
2492 4174 2683 4227 sensus
2704 4169 2859 4239 juxta
2897 4170 3225 4228 IIebt-aicum
3255 4189 3267 4227 :
3301 4172 3435 4227 Cum

1850 4260 2079 4331 populus
2108 4260 2436 4326 Judzeorum,
2468 4263 2557 4331 qui
2592 4262 2839 4316 Romano
2884 4272 3224 4320 remanserat
3259 4264 3438 4335 gladio

1851 4351 1935 4404 vel
1962 4361 2118 4423 certe
2145 4352 2285 4406 iram
2312 4352 2515 4407 furoris
2546 4352 2758 4408 Domini
2788 4362 3041 4425 potuerat
3067 4358 3323 4424 evadere,
3350 4359 3437 4413 in-

1852 4444 2001 4497 venit
2028 4445 2258 4512 gratiam
2302 4445 2355 4499 in
2385 4444 2603 4500 deserto
2630 4446 2870 4516 gentium
2894 4486 2908 4512 ,
2944 4456 3004 4501 ut
3037 4449 3180 4503 inter
3221 4450 3441 4506 turbam

161 4537 355 4609 (Joan.
419 4536 532 4605 xiv)
559 4576 574 4601 ,
619 4553 638 4585 ι
696 4534 821 4602 quia
886 4532 1062 4587 nullus
1110 4540 1286 4601 potest
1329 4533 1408 4586 sic
1447 4548 1601 4587 suum
1656 4548 1750 4588 cor
1774 4576 1829 4637 Β
1855 4532 2132 4588 nationum
2168 4534 2221 4589 in
2253 4534 2491 4590 Ecclesia
2517 4535 2774 4590 salvetur.
2819 4535 2972 4591 Unde
3000 4539 3161 4593 vadet
3188 4550 3245 4594 et
3283 4541 3436 4596 inve-

161 4629 439 4700 applicare
472 4628 717 4691 Domino,
762 4641 861 4680 nec
896 4627 972 4680 ita
1014 4636 1074 4679 ut
1108 4625 1274 4679 Filius
1300 4624 1449 4679 Patri
1473 4642 1593 4681 esse
1613 4641 1743 4682 con-

157 4722 407 4789 junctus.
435 4718 693 4789 Quodque
714 4718 1079 4788 diciturjuxta
1101 4715 1273 4772 LXX:
1301 4738 1317 4768 ί
1342 4718 1409 4772 Et
1426 4719 1581 4773 eritis
1610 4720 1741 4774 mihi

165 4814 220 4866 in
244 4810 524 4881 populum,
536 4818 590 4863 et
604 4825 698 4865 ero
714 4825 814 4880 ego
830 4808 978 4863 vobis
995 4809 1045 4862 in
1063 4809 1227 4863 Deum
1239 4849 1254 4875 ,
1267 4810 1565 4864 )CCl‘nImlIS
1578 4824 1744 4879 opere

163 4903 495 4972 completum
535 4918 603 4958 ex
648 4910 804 4972 parte
856 4901 910 4955 in
946 4901 1133 4967 Israel,
1171 4909 1226 4957 et
1261 4916 1328 4956 ex
1369 4910 1481 4957 toto
1523 4901 1578 4956 in
1608 4916 1741 4974 gen-

167 5000 316 5058 tium
344 4996 705 5051 multitudine.

246 5107 263 5139 ι
312 5087 450 5142 Ecce
496 5088 648 5141 turbo
697 5086 930 5152 Domini,
960 5085 1111 5141 furor
1153 5087 1457 5157 egrediens,
1507 5087 1743 5157 procella

171 5201 189 5233 ι
240 5195 405 5234 ruens
451 5180 504 5232 in
557 5178 731 5248 capite
779 5178 1063 5248 impiorum
1108 5178 1472 5248 conquiescet.
1517 5179 1586 5233 Et
1636 5195 1742 5235 non

172 5291 193 5327 ι
237 5278 451 5328 avertet
476 5271 610 5325 iram
647 5268 1028 5340 indignationis
1056 5270 1331 5335 Dominus,
1379 5272 1551 5325 donec
1581 5270 1744 5325 faciat

167 5384 193 5422 1
238 5375 299 5423 et
322 5362 588 5432 compleat
615 5362 991 5432 cogitationem
1021 5362 1199 5415 cordis
1230 5361 1331 5415 sui.
1361 5360 1416 5413 In
1448 5362 1745 5415 novissimo

170 5481 193 5515 ι
238 5460 447 5517 dierum
476 5456 780 5525 intelligetis
806 5470 889 5509 ea.
930 5474 947 5505 ›
985 5455 1165 5509 Turbo
1193 5454 1390 5508 furoris
1422 5452 1654 5515 Domini,
1688 5461 1743 5508 et

166 5551 407 5624 procella
438 5562 600 5602 ruens
627 5554 787 5616 atque
818 5554 1107 5615 tempestas
1136 5545 1436 5615 requiescet
1464 5545 1518 5597 in
1562 5545 1741 5614 capite

165 5656 380 5703 eorum,
404 5639 489 5693 vel
504 5638 799 5691 daemonum
811 5677 825 5701 ,
842 5636 926 5689 vel
942 5650 1151 5702 eorum,
1168 5635 1263 5706 qui
1276 5636 1370 5690 Dei
1386 5634 1583 5689 Filium
1597 5635 1742 5691 blas—

166 5732 585 5802 phemaverunt,
605 5745 623 5777 ι
645 5736 816 5782 etnon
832 5735 1040 5782 avertet
1054 5728 1187 5781 iram
1206 5727 1590 5797 indignationis
1604 5744 1736 5793 suae,

171 5824 347 5881 donec
362 5821 529 5876 faciat
554 5829 607 5876 et
629 5821 890 5891 compleat
907 5820 1290 5892 cegitationem
1306 5821 1489 5877 cordis
1514 5822 1620 5890 sui,
1644 5841 1665 5875 ›
1687 5828 1743 5877 et

1852 4626 1961 4680 niet
1989 4627 2229 4697 requiem
2258 4642 2412 4681 suam
2438 4626 2621 4692 Israel,
2647 4626 2819 4697 |quam
2862 4644 3077 4699 semper
3102 4640 3437 4702 speraverat,

1850 4718 2012 4790 quam
2042 4720 2091 4775 ei
2118 4720 2502 4789 prophetarum
2546 4721 2914 4789 promiserant
2947 4722 3219 4777 vaticinia.
3269 4704 3440 4778 Porro

1844 4813 1999 4883 juxta
2048 4812 2400 4883 Septuaginta
2459 4813 2576 4866 haec
2613 4811 2973 4883 intelligentia
3010 4821 3095 4867 est
3129 4830 3162 4883 :_
3178 4813 3438 4869 Dominus

1852 4902 2060 4956 invenit
2086 4902 2292 4956 calidos
2337 4909 2499 4972 atque
2539 4902 2784 4956 viventes
2831 4902 3139 4971 apostolos,’
3177 4912 3233 4956 et
3260 4903 3438 4958 socius

1850 5009 2036 5049 eorum
2070 4994 2124 5046 in
2169 4993 2384 5047 deserto
2418 4991 2680 5062 gentium,
2709 4991 2852 5046 inter
2879 5007 2973 5048 eos
3000 4992 3092 5062 qui
3122 4992 3437 5048 inﬁdelitate

1854 5100 1949 5138 sua
1990 5083 2257 5138 interfecti
2303 5081 2541 5146 fuerant,
2571 5096 2671 5137 nec
2706 5082 2982 5138 habebunt
3008 5084 3246 5140 calorem
3287 5082 3431 5139 vitm.

1853 5175 2007 5231 Unde
2036 5175 2344 5244 praccipitur
2371 5173 2594 5244 angelis,
2626 5184 2679 5229 et
2703 5173 2788 5228 his
2817 5176 2906 5243 qui
2934 5176 2987 5227 in
3016 5175 3315 5229 ministerio
3336 5176 3435 5232 Dei

1852 5273 1999 5330 sunt,
2036 5280 2102 5319 ne
2132 5279 2319 5319 omnes
2350 5264 2701 5329 interﬁciant,
2728 5278 2795 5317 ne
2819 5262 2980 5316 Israel
3006 5263 3220 5332 penitus
3249 5262 3433 5318 delea-

1852 5372 1961 5428 tur,
2006 5364 2310 5434 dieiturque
2375 5364 2476 5428 eis,
2523 5382 2542 5415 ι
2585 5360 2664 5417 Ite
2712 5368 2767 5415 et
2803 5359 2969 5414 nolite
3009 5359 3312 5414 interﬁcere
3350 5360 3433 5416 Is-

1855 5459 1983 5525 rael,
2014 5478 2033 5512 ι
2067 5459 2176 5512 sint
2199 5458 2389 5527 aliqui,
2411 5456 2502 5526 qui
2527 5456 2729 5516 vivant,
2753 5453 2863 5506 sint
2886 5452 2978 5522 qui
3004 5452 3217 5507 caleant
3238 5454 3437 5511 ardore

1852 5549 1997 5614 ﬁdei,
2040 5548 2146 5602 sint
2168 5548 2259 5617 qui
2288 5546 2457 5616 frigus
2488 5544 2824 5599 inﬁdelitatis
2844 5552 2901 5598 et
2926 5545 3118 5600 mortis
3154 5543 3432 5613 eti'ugiant,

1851 5654 1988 5710 quos
2008 5638 2269 5693 Dominus
2300 5636 2540 5690 inveniat
2564 5636 2619 5689 in
2649 5636 2883 5691 deserto.

1926 5748 1943 5780 ε
1986 5728 2170 5795 Longe
2200 5727 2456 5782 Dominus
2497 5727 2747 5796 apparuit
2796 5727 2929 5782 mihi
2981 5728 3107 5795 (sive
3151 5725 3247 5798 ei),
3275 5734 3330 5781 et
3376 5726 3431 5781 in

1855 5838 1874 5873 ι
1918 5820 2183 5875 charitate
2206 5826 2465 5890 perpetua
2496 5817 2658 5874 dilexi
2687 5827 2740 5875 te
2771 5837 2784 5873 :
2813 5820 2936 5877 ideo
2960 5820 3163 5876 attraxi
3186 5826 3237 5874 te
3269 5818 3432 5873 mise-
