3926 6348
441 380 576 437 1051

1067 378 1129 433 Β.
1167 376 1424 436 RABANI
1463 376 1687 435 MAURI
1723 378 2047 436 ARCHIEP.
2086 376 2400 436 MOGUNT.
2441 379 2733 437 OPERUM
2771 379 2955 436 PARS
2991 382 3081 437 Ill.

3604 379 3761 441 105$

446 511 464 547 ι
499 506 659 547 rans.
688 489 928 546 Rursum
959 491 1239 546 aediﬁcabo
1290 498 1363 556 te,
1400 499 1455 546 et
1488 491 1844 548 aediﬁcaberis
1881 492 2036 563 virgo
2062 495 2116 554 Α
2142 499 2246 558 tos,
2285 511 2304 544 ι
2338 491 2392 546 ἰη
2423 491 2689 549 Hebraico
2731 510 2840 550 non
2868 494 3117 560 habetur,
3148 493 3240 550 sed
3269 495 3325 550 in
3365 494 3514 552 LXX
3537 505 3755 558 tantum

445 602 463 635 ι
511 584 675 639 Israel
702 583 894 661 Adhuc
916 582 1266 639 coronaberis
1294 583 1564 654 tympanis
1596 585 1702 640 tuis
1728 583 1853 655 (sive
1880 600 2038 640 assu-

445 694 465 727 ‹
521 691 636 732 mes
673 685 929 749 tympana
973 684 1087 740 tua,
1119 683 1176 730 et
1209 675 1509 746 egredieris
1557 674 1610 730 in
1651 676 1822 732 choro
1855 675 2044 731 luden-

446 787 464 821 ι
513 770 666 826 tium.
695 769 885 823 Adhuc
925 765 1200 837 plantabis
1226 767 1416 823 vineas
1450 767 1507 822 in
1552 767 1827 822 montibus
1857 765 2046 821 Sama-

445 878 464 913 ι
495 861 608 916 τίω.
634 859 882 924 Plantate
901 860 1166 931 plantaria
1191 866 1247 915 et
1271 859 1621 925 vindemiate,
1638 859 1746 914 erit
1763 857 1904 912 enim
1930 858 2046 912 dies

443 972 462 1005 ς
507 954 561 1008 in
583 969 690 1023 qua
712 952 1024 1009 clamabunt
1044 953 1299 1010 custodes
1322 952 1377 1006 in
1399 959 1582 1006 monte
1605 951 1886 1021 Ephraim,
1907 948 2047 1004 Sur-

443 1063 462 1098 ‹
510 1046 622 1117 gite
664 1055 720 1102 et
772 1047 1131 1104 ascendamus
1177 1047 1232 1099 in
1273 1044 1404 1099 Sion
1443 1047 1509 1100 ad
1549 1045 1844 1099 Dominum
1873 1044 2043 1098 Deum

443 1158 463 1191 ‹
510 1148 780 1195 nostrum.
823 1159 842 1193 ι
895 1139 1032 1208 Quia
1075 1138 1376 1194 offenderat
1415 1137 1582 1193 Israel
1628 1137 1953 1204 Dominum,
1990 1145 2046 1192 et

439 1229 692 1285 dixerat:
726 1230 872 1286 «Non
900 1232 1166 1286 habemus
1187 1245 1391 1300 regem,
1417 1229 1521 1286 nisi
1552 1229 1824 1285 Caesarem
1858 1229 2039 1303 (Joan.
2083 1269 2090 1312 ,

436 1321 575 1394 xu),
608 1340 628 1374 ι
653 1330 712 1378 et
735 1317 1061 1378 clVenite'et
1081 1322 1475 1379 interﬁciamus
1501 1338 1648 1389 eum,
1673 1331 1926 1378 etnostra
1940 1321 2046 1377 erit
2083 1313 2088 1338 ¹

437 1414 726 1471 liaereditas
754 1415 950 1490 (Marc.
993 1417 1116 1490 xu),
1151 1436 1170 1468 ι
1219 1425 1274 1472 et
1321 1418 1480 1489 longe
1508 1427 1815 1474 recesserat
1851 1433 1882 1471 a
1910 1418 2042 1483 Deo,

435 1519 728 1580 propterea
774 1509 1036 1567 Dominus
1081 1519 1204 1582 post
1247 1511 1481 1566 multum
1535 1520 1747 1582 tempus
1797 1510 2045 1582 apparuit

436 1601 509 1668 ei,
535 1619 640 1658 non
673 1612 920 1673 tempore
958 1604 1282 1671 Zorobabel,
1310 1613 1365 1660 et
1391 1604 1887 1674 Ezra-postquam
1926 1619 2046 1657 rur-

437 1711 557 1752 sum
576 1698 720 1767 capti
746 1705 893 1762 sunt,
918 1699 1014 1752 sed
1037 1698 1089 1752 in
1112 1698 1378 1752 charitate
1400 1705 1662 1767 perpetua
1687 1695 1875 1750 dilexit
1897 1708 2041 1760 eum,

438 1802 560 1858 qua:
588 1786 736 1842 nullo
783 1785 890 1842 ﬁne
912 1787 1210 1851 delebitur,
1253 1796 1309 1842 et
1335 1788 1560 1844 attraxit
1592 1803 1716 1842 eum
1755 1787 2044 1842 miserans.

435 1875 790 1948 Nequaquam
818 1878 964 1933 enim
993 1879 1210 1944 merito,
1234 1879 1328 1933 sed
1359 1878 1648 1935 clementia
1673 1878 1912 1933 salvatus
1934 1886 2035 1932 est.

437 1967 783 2041 Rursumque
805 1971 898 2036 ait,
924 1989 944 2022 ι
973 1969 1279 2026 Ᾰςάἰῆοεὼο
1304 1980 1376 2038 te,
1398 1980 1454 2027 et
1483 1971 1858 2037 :ediﬁcaberis,
1885 1971 2040 2040 virgo

435 2058 621 2114 Israel.
650 2045 804 2124 iHIoc
818 2061 1036 2131 proprie
1061 2061 1424 2130 intelligamus
1442 2062 1495 2116 in
1515 2047 2040 2138 Ecclesia.[l)elirant

434 2153 580 2208 enim
607 2153 700 2224 qui
724 2167 946 2209 auream
975 2160 1140 2223 atque
1165 2161 1493 2225 gemmatam
1521 2154 1820 2225 suscipiant
1847 2153 2040 2208 Hieru-

439 2245 626 2309 salem,
673 2261 826 2301 suam
873 2246 1163 2300 avaritiam
1216 2247 1268 2300 iu
1322 2247 1583 2317 mysterio
1622 2246 1774 2301 urbis
1826 2245 2038 2300 Domini

436 2346 845 2394 consecrautes.
875 2337 1068 2393 Adhuc
1090 2337 1374 2392 ornaberis
1406 2335 1692 2409 tympanis’
1711 2338 1837 2400 tuis,
1865 2345 1924 2390 ut
1949 2352 2039 2390 ca-

438 2444 538 2484 nas
558 2429 787 2484 Domino
810 2429 864 2483 in
896 2427 1156 2484 Ecclesiis
1177 2429 1323 2483 omni
1352 2429 1408 2483 in
1437 2437 1488 2483 te
1519 2425 1785 2484 malorum
1813 2442 2037 2498 operum

439 2535 606 2578 carne
627 2529 970 2590 consumpta.
1013 2518 1087 2574 Et
1124 2520 1422 2592 egredieris
1455 2521 1508 2575 in
1540 2523 1710 2576 choro
1737 2520 2037 2575 ludentium

439 2628 563 2669 cum
606 2615 849 2685 gentium
897 2613 1108 2669 turbis:
1143 2615 1413 2684 plantabis
1437 2615 1648 2670 vineas
1671 2614 1728 2668 in
1766 2614 2040 2668 montibus

439 2705 724 2772 Samariae,
757 2720 1098 2783 nequaquam
1132 2706 1186 2760 in
1221 2705 1454 2762 vallibus
1480 2714 1534 2762 et
1558 2706 1853 2761 humilibus
1883 2705 2037 2772 locis,

434 2796 530 2850 sed
559 2796 615 2850 in
643 2795 921 2850 montibus
954 2793 1216 2850 Samaria:
1255 2796 1348 2866 qui
1387 2804 1510 2867 post
1546 2796 1918 2866 captivitatem
1944 2810 2042 2866 po-

433 2885 546 2957 puli
583 2886 748 2941 Israel
792 2886 861 2941 ab
889 2884 1104 2956 -alienis
1133 2888 1370 2958 possessi
1411 2897 1558 2953 sunt,
1590 2874 1788 2958 quibus
1817 2888 2037 2953 dicitur,

444 2993 464 3027 ι
507 2976 756 3052 Plantate
783 2978 1054 3048 plantaria
1090 2989 1147 3034 et
1170 2980 1518 3036 vindemiate.
1559 2999 1578 3032 ι
1615 2979 1770 3035 Tunc
1797 2979 1898 3040 fuit
1925 2981 2039 3036 dies

436 3066 676 3135 Domini,
709 3070 762 3125 in
803 3086 909 3140 qua
953 3071 1331 3127 clamaverunt
1367 3073 1652 3137 custodes,
1694 3073 1923 3141 apostoli
1954 3073 2034 3126 vi-

434 3159 632 3216 delicet
671 3171 726 3216 et
755 3163 1035 3238 apostolici
1080 3163 1182 3218 viri
1227 3164 1282 3217 in
1327 3171 1514 3218 monte
1556 3162 1838 3230 Samariaa,
1877 3173 1933 3218 et
1980 3165 2035 3218 in

2147 583 2364 653 legitur.
2399 583 2505 638 Pro
2536 599 2644 654 quo
2678 586 2820 656 apud
2845 585 3103 642 Hebmos
3126 587 3386 657 scriptum
3409 599 3494 645 est
3524 609 3536 644 :

2225 697 2243 729 ‹
2266 677 2413 731 Inter
2441 693 2578 746 quos
2611 688 2773 733 erunt
2797 694 2991 745 aecus,
3009 688 3065 733 et
3091 679 3336 747 claudus,
3363 693 3418 738 et
3437 701 3754 756 praegnans,

2156 787 2174 820 ι
2197 776 2251 824 et
2264 769 2482 840 pariens
2496 769 2678 834 simul,
2696 769 2939 827 Ecclesia
2955 787 3150 844 magna
3167 776 3556 830 revertentium
3574 776 3701 833 huc.
3727 799 3750 830 ι

2149 861 2562 934 Congregantur
2610 863 2867 934 reliquiae,
2901 866 3085 936 populi
3130 865 3296 921 Israel
3342 883 3442 938 per
3475 872 3762 939 apostolos

2149 961 2204 1009 et
2233 953 2560 1023 apostolicos
2585 955 2755 1022 viros,
2785 957 2850 1012 de
2880 957 3077 1027 quibus
3097 972 3260 1028 supra
3283 957 3517 1029 legimus
3546 979 3558 1014 :
3592 982 3611 1012 ι
3631 960 3761 1016 Cla—

2149 1043 2375 1099 mabunt
2397 1046 2650 1101 custodes
2672 1047 2730 1101 in
2756 1057 2964 1113 monte,
3002 1068 3022 1100 ι
3067 1057 3123 1104 et
3163 1049 3361 1119 quibus
3391 1053 3710 1126 praecipitur
3739 1072 3755 1108 :

2153 1153 2171 1186 ‹
2219 1135 2516 1192 Personate
2556 1147 2612 1192 et
2638 1139 2818 1194 canite
2846 1149 2903 1195 et.
2924 1139 3111 1206 dicite,
3149 1159 3167 1192 ›
3201 1152 3263 1196 ut
3292 1143 3454 1199 salva:
3486 1143 3622 1199 ﬁant
3664 1161 3762 1202 re-

2147 1225 2327 1296 liquiae
2376 1228 2562 1284 Israel.
2602 1229 2830 1300 Ipseque
2852 1231 3114 1287 Dominus
3159 1233 3450 1302 pollicetur
3490 1249 3549 1288 se
3592 1235 3762 1289 redu-

2147 1325 2363 1373 cturum
2387 1334 2484 1375 eos
2509 1321 2576 1376 de
2613 1323 2758 1375 terra
2787 1321 3092 1392 Aquilonis,
3127 1323 3220 1394 qui
3243 1333 3326 1380 est
3353 1334 3550 1380 ventus
3567 1325 3759 1381 duris-

2147 1411 2340 1478 simus,
2393 1414 2614 1468 nomine
2645 1423 2826 1469 autem
2874 1415 3063 1470 dexter
3101 1425 3348 1484 vocatur,
3403 1418 3469 1472 de
3500 1419 3759 1474 incredu-

2146 1501 2322 1570 litate,
2353 1505 2418 1560 de
2445 1503 2647 1576 frigore
2667 1505 2965 1562 Dominicae
2994 1509 3300 1576 cliaritatis,
3333 1521 3389 1566 et
3416 1526 3757 1583 congregare

2147 1609 2240 1650 eos
2270 1596 2338 1650 ab
2361 1597 2621 1651 extremis
2653 1606 2831 1663 terrae,
2870 1614 2978 1653 non
3017 1593 3070 1653 in
3098 1601 3204 1655 alio
3244 1609 3510 1672 tempore,
3554 1604 3652 1658 sed
3697 1605 3755 1658 in

2148 1685 2492 1747 solemnitate
2511 1687 2746 1758 paschae,
2778 1689 2881 1744 hoc
2912 1698 3017 1755 est,
3039 1691 3188 1746 feriis
3215 1691 3509 1748 Dominicae
3537 1695 3756 1764 passio-

2152 1779 2236 1834 nis
2259 1780 2474 1848 quando
2501 1780 2794 1836 cruciﬁxus
2813 1795 2899 1837 est
2932 1783 3194 1838 Dominus
3221 1802 3232 1836 :
3269 1783 3659 1853 impletumque
3690 1785 3757 1838 il-

2110 1868 2116 1921 l
2145 1868 2237 1924 lud
2275 1869 2419 1939 quod
2445 1871 2560 1940 ipse
2590 1871 2645 1926 in
2679 1872 2969 1944 Evangelio
2999 1876 3311 1944 repromisit
3343 1894 3354 1926 :
3388 1894 3404 1926 ι
3437 1874 3566 1930 Cum
3599 1877 3759 1930 exal-

2145 1969 2292 2016 tatus
2316 1961 2491 2029 fuero,
2517 1961 2699 2017 omnia
2728 1964 2944 2018 traham
2972 1965 3040 2020 ad
3063 1980 3150 2019 me
3179 1964 3364 2037 (Joan.
3389 1964 3508 2036 xu).
3545 1985 3564 2016 ι
3593 1965 3758 2021 Tunc

2143 2058 2423 2127 generavit
2473 2057 2703 2112 multum
2751 2059 3009 2129 populum
3041 2100 3057 2124 ,
3117 2067 3178 2114 ut
3237 2059 3367 2114 illud
3433 2059 3758 2128 impleretur

2142 2147 2330 2204 Isaiae:
2372 2167 2392 2200 ‹
2430 2148 2564 2217 Quia
2595 2159 2720 2206 nata
2752 2161 2836 2207 est
2882 2166 3014 2224 gens
3062 2151 3229 2208 semel
3277 2151 3415 2223 (lea.
3446 2168 3587 2218 var,
3641 2170 3752 2207 sec.

2141 2240 2339 2314 LXX).
2393 2261 2414 2296 ι
2443 2243 2561 2299 Uua
2593 2243 2740 2298 enim
2769 2243 2856 2299 die
2890 2245 2992 2299 tria
3021 2244 3187 2299 millia
3219 2255 3273 2298 et
3303 2245 3539 2314 quinque
3570 2244 3752 2298 millia

2142 2329 2424 2386 hominum
2471 2333 2820 2388 crediderunt
2859 2335 2998 2405 (Act.
3059 2350 3095 2388 ιι
3154 2344 3202 2388 et
3243 2335 3341 2405 IV).
3383 2334 3644 2405 Quodque
3697 2336 3756 2389 in

2143 2417 2411 2476 IIebraico
2441 2421 2730 2476 scribitur:
2758 2440 2775 2472 ι
2807 2421 2955 2478 Inter
2980 2438 3118 2493 quos
3145 2431 3308 2477 erunt
3333 2438 3508 2478 caecus
3528 2433 3581 2478 et
3604 2424 3758 2478 clau-

2144 2509 2263 2576 dus,
2308 2519 2365 2566 et
2396 2526 2702 2582 praegnans,
2735 2520 2790 2567 et
2817 2513 3036 2582 parie’ns
3077 2512 3260 2579 simul,
3293 2513 3520 2569 ecclesia
3550 2530 3756 2585 magna

2144 2602 2534 2657 revertentium
2573 2603 2700 2669 huc,
2737 2623 2754 2655 ι
2791 2593 3100 2674 quanquam
3125 2613 3180 2659 et
3204 2603 3359 2672 juxta
3388 2603 3624 2658 litteram
3657 2605 3757 2658 im-

2142 2694 2345 2764 pletum
2381 2695 2474 2762 sit,
2503 2696 2649 2766 quod
2667 2697 2796 2751 ca2ci
2823 2696 3080 2763 viderint,
3107 2696 3288 2751 claudi
3322 2698 3752 2764 ambulaverint,

2144 2795 2326 2843 tamen
2371 2787 2565 2844 melius
2592 2788 2749 2859 juxta
2775 2803 3054 2860 anagogen
3091 2787 3315 2859 intelligi
3346 2785 3526 2859 potest
3552 2803 3567 2843 :
3594 2789 3753 2866 quod

2143 2879 2235 2949 qui
2264 2880 2417 2949 prius
2437 2879 2566 2934 caeci
2589 2887 2746 2934 erant
2766 2880 3016 2950 perﬁdia,
3044 2888 3234 2951 postea
3259 2881 3605 2937 crediderunt
3627 2882 3756 2937 Sal—

2143 2974 2362 3028 vatori:
2401 2982 2454 3030 et
2489 2974 2580 3042 qui
2626 2973 2820 3037 claudi,
2876 2974 3074 3044 quibus
3110 2975 3381 3044 quondam
3421 2974 3753 3045 loquebatur

2143 3063 2288 3135 Elias
2314 3080 2327 3118 :
2371 3083 2389 3116 ι
2431 3064 2726 3135 Usquequo
2746 3064 3066 3121 claudicatis
3091 3074 3324 3136 utroque
3350 3068 3530 3137 pede?
3566 3089 3585 3121 ο
3622 3069 3750 3139 (III

2144 3154 2272 3226 Reg.
2297 3156 2455 3228 xvtu)
2481 3165 2667 3226 postea
2689 3156 3201 3230 ambulaverint.‘Et
3233 3176 3252 3208 ε
3280 3157 3517 3228 Populus
3542 3161 3635 3230 qui
3662 3177 3751 3216 se-

434 3238 621 3309 mome
657 3217 939 3325 Εριιιῖθίωξ
987 3271 1221 3326 quorum
1253 3257 1487 3313 alterum
1525 3258 1850 3323 custodiam,
1893 3258 2033 3312 aue-
2063 3217 2108 3280 Ο
2142 3249 2304 3313 debat
2328 3249 2380 3302 in
2408 3249 2647 3305 tenebris
2667 3249 2926 3305 etumbra
2952 3226 3144 3306 mortis
3171 3265 3426 3321 magnum
3453 3252 3634 3308 lumen
3659 3271 3752 3309 as-

435 3359 555 3398 rum
583 3345 887 3400 ubertatem
911 3356 1086 3402 sonat.
1114 3347 1253 3414 Quid
1284 3363 1412 3403 vero
1441 3349 1628 3404 dicunt
1658 3350 1910 3404 custodes
1933 3348 2036 3407 Sa-

433 3441 621 3494 maria:
647 3459 658 3494 :
693 3441 802 3495 imo
831 3442 961 3510 quid
991 3442 1227 3497 clamant
1256 3443 1308 3497 in
1348 3451 1532 3509 monte
1568 3443 1827 3514 Ephraim
1851 3444 1874 3497 ?
1903 3442 2035 3498 Sur-

437 3531 548 3602 gite
576 3533 666 3602 qui
690 3532 906 3602 jacetis,
942 3533 1166 3588 humilia
1212 3535 1524 3604 relinquite,
1565 3535 1910 3589 victimarum
1938 3535 2036 3590 ho-

433 3623 569 3678 stias
600 3625 841 3694 spernite
871 3643 883 3678 :
916 3644 932 3676 ι
961 3619 1301 3680 Sacriﬁciqu
1327 3627 1438 3682 Deo
1461 3627 1684 3696 spiritus
1705 3627 2036 3682 contribula-

437 3722 524 3769 tus
557 3715 729 3786 (Paul.
756 3716 844 3790 L);
875 3738 893 3768 ι
926 3719 1286 3774 ascendamus
1319 3719 1372 3773 in
1405 3718 1558 3786 Sion,
1589 3721 1692 3775 hoc
1730 3729 1817 3781 est
1851 3721 1904 3774 in
1929 3720 2036 3776 Ec-

439 3807 685 3875 clesiam,
717 3809 810 3863 ubi
849 3817 934 3864 est
961 3809 1262 3880 speculatio
1289 3819 1343 3866 et
1376 3810 1601 3866 intuitus
1644 3811 1757 3865 Dei.
1793 3811 2037 3881 Cumque

435 3898 700 3956 fuerimus
723 3901 776 3956 in
801 3900 931 3956 Sion
951 3943 964 3969 ,
996 3903 1106 3960 imo
1131 3903 1538 3957 ascenderimus
1567 3903 1774 3972 pariter
1802 3903 2033 3976 adeam,

435 3983 793 4049 ascendemus
839 3993 908 4048 ad
943 3993 1230 4049 Dominum
1261 3994 1431 4049 Deum
1463 4003 1729 4050 nostrum.

514 4144 548 4194 c_
571 4126 705 4193 Quia
745 4127 864 4206 haec
901 4125 1033 4183 dicit
1082 4128 1340 4184 Dominus
1371 4147 1384 4183 :
1418 4129 1697 4184 Exsultate
1737 4129 1789 4183 in
1825 4129 2033 4194 laetitia,

442 4234 460 4267 ε
506 4213 697 4282 Jacob,
719 4217 997 4272 ethinnite
1024 4227 1213 4273 contra
1237 4227 1401 4289 caput
1427 4219 1688 4290 gentium.
1715 4217 2034 4286 Personate,

442 4325 461 4359 ‹
504 4308 682 4362 canite
708 4308 835 4362 tuba
862 4317 919 4362 et
947 4309 1107 4364 dicite
1137 4328 1148 4362 :
1195 4309 1412 4364 Salvum
1446 4308 1532 4364 fac
1573 4309 1829 4380 populum
1860 4319 2035 4375 tuum,

443 4415 462 4448 ι
509 4396 756 4461 Domine,
796 4396 1054 4465 reliquias
1091 4397 1276 4451 Israel.
1324 4417 1344 4448 ›
1379 4393 1762 4468 Signiﬁcanter
1793 4415 1900 4454 non
1953 4408 2035 4453 to-

436 4494 524 4542 tus
554 4486 799 4541 salvatur
821 4485 1005 4549 Israel,
1038 4485 1135 4541 sed
1169 4485 1412 4554 reliquiae
1454 4486 1618 4542 Israel
1639 4528 1654 4552 ,
1685 4489 2033 4558 prmcipiente

437 4580 668 4636 Domino
712 4589 876 4652 atque
910 4580 1160 4636 dicente:
1198 4599 1217 4630 ε
1255 4579 1537 4634 Exsultate
1585 4581 1640 4635 in
1672 4579 1892 4647 laetitia,
1940 4583 2032 4650 qui
2058 4597 2112 4658 ι)

437 4672 570 4726 estis
619 4675 686 4725 de
733 4665 942 4736 Jacob,
1000 4679 1055 4725 et
1102 4670 1331 4737 hinnite,
1389 4692 1407 4724 ι
1467 4673 1534 4727 ad
1583 4681 1746 4741 caput
1787 4673 2032 4743 gentium

440 4772 638 4818 cuncta
688 4763 986 4818 referentes
1025 4779 1037 4814 :
1074 4762 1200 4830 quia
1249 4764 1421 4817 cauda
1457 4764 1730 4832 quondam
1772 4780 2033 4819 conversa

438 4863 522 4910 est
574 4856 630 4909 in
660 4864 840 4925 caput.
877 4875 894 4906 ι
929 4855 1228 4911 Personate
1271 4865 1326 4910 et
1353 4855 1532 4911 cauite
1562 4865 1617 4911 et
1660 4857 1823 4912 dicite
1857 4876 1868 4910 :
1903 4859 2032 4926 quid

437 4954 523 5002 est
561 4946 689 5001 illud
727 4946 875 5024 quod
906 4946 1168 5013 jubentur
1207 4947 1433 5002 dicere?
1477 4967 1494 4998 ι
1535 4946 1754 5002 Salvum
1792 4949 1900 5013 fac,
1929 4949 2032 5004 Do-

439 5041 608 5110 mine,
634 5037 890 5111 populum
911 5047 1082 5093 tuum.
1107 5060 1124 5092 ι
1156 5039 1327 5106 Quem
1349 5039 1641 5110 populum?
1672 5041 1878 5110 utique,
1899 5061 1914 5091 ι
1941 5055 2029 5096 re-

441 5133 640 5202 liquias
693 5130 896 5198 Israel,
951 5151 969 5184 »
1005 5147 1126 5203 qua:
1169 5133 1467 5188 secundum
1512 5132 1832 5188 electionem
1872 5134 2034 5188 salvae

445 5222 600 5279 factae
630 5231 758 5279 sunt
789 5241 802 5278 :
837 5224 905 5278 de
934 5225 1131 5293 quibus
1158 5233 1213 5280 et
1251 5223 1452 5279 Paulus
1480 5241 1764 5280 assumens
1793 5226 2035 5281 testimo-

443 5316 593 5370 nium
618 5317 771 5372 Isaia:
786 5317 1056 5387 loquitur:
1082 5336 1100 5369 ‹
1121 5317 1234 5372 Nisi
1259 5319 1520 5374 Dominus
1542 5319 1766 5374 sabaoth
1793 5319 2036 5388 reliquis-

442 5415 526 5463 set
544 5408 699 5462 nobis
723 5422 930 5473 semen,
957 5407 1098 5464 sicut
1117 5406 1350 5464 Sodoma
1379 5408 1506 5465 facti
1529 5425 1792 5474 essemus,
1818 5419 1872 5466 et
1895 5410 2036 5466 sicut

442 5497 754 5554 Gomorrha
777 5498 981 5555 similes
1007 5499 1299 5556 fuissemus
1323 5501 1456 5573 (13a.
1491 5517 1530 5568 ι,
1564 5500 1714 5556 Rom.
1750 5500 1845 5570 rx).

525 5653 544 5687 ‹
590 5635 729 5692 Ecce
756 5651 888 5708 ergo
931 5636 1194 5692 adducam
1237 5653 1331 5694 eos
1360 5638 1428 5694 de
1467 5647 1612 5694 terra
1645 5639 1948 5709 Aquilonis,
1978 5649 2034 5695 et

456 5742 474 5778 ι
504 5727 841 5800 cougregabo
854 5743 948 5784 eos
967 5728 1036 5784 ab
1058 5733 1315 5785 extremis
1340 5739 1550 5786 terrae.)
1579 5729 1732 5798 Quod
1747 5731 2028 5802 sequitur:
2052 5775 2056 5778 .

453 5817 561 5873 tiu
617 5818 957 5877 solemnitate
1010 5819 1200 5884 Phase,
1248 5830 1304 5876 et
1361 5823 1641 5891 generabit
1699 5825 1838 5882 filios
1890 5823 2030 5880 mul-

2140 3340 2353 3410 pexerit
2405 3339 2542 3410 (Isa.
2584 3341 2683 3412 ιι),
2723 3361 2742 3395 ι
2779 3340 3067 3411 claudique
3118 3345 3483 3408 cucurreriut,
3522 3354 3576 3399 et
3604 3361 3749 3415 pra:-

2139 3450 2312 3505 gnans
2326 3433 2596 3504 pepererit
2609 3435 2767 3503 ﬁlios,
2785 3423 3071 3493 ecclesiam
3090 3453 3338 3510 magnam
3355 3448 3601 3496 revcrten
3610 3442 3745 3496 tium

2140 3525 2206 3578 ad
2236 3527 2421 3580 fidem.
2446 3521 2616 3582 Judaei
2645 3535 2842 3598 putant
2866 3529 2968 3584 hoc
2998 3545 3118 3585 esse
3148 3529 3474 3600 completum
3504 3535 3745 3602 quando,

2139 3617 2239 3671 sub
2263 3616 2397 3670 Ezra
2421 3626 2543 3688 post
2565 3618 2706 3672 diem
2731 3619 2966 3689 paschae,
2991 3621 3193 3698 egressi
3215 3632 3341 3676 sunt
3360 3621 3427 3677 de
3447 3623 3744 3695 Babylone,

2139 3723 2199 3766 ut
2229 3722 2637 3768 reverterentur
2656 3713 2710 3766 in
2739 3712 3060 3778 Jerusalem,
3087 3715 3272 3786 itfquo
3288 3724 3450 3787 typus
3476 3717 3602 3784 fuit,
3632 3735 3743 3775 non

2140 3803 2368 3858 veritas.
2409 3801 2595 3872 Neque
2621 3803 2767 3858 enim
2805 3804 2860 3858 in
2907 3804 3000 3860 illo
3032 3813 3276 3877 tempore
3319 3808 3576 3864 universa
3619 3825 3742 3879 qua:

2138 3893 2388 3965 legimus,
2426 3905 2480 3950 et
2521 3894 2718 3950 lecturi
2749 3910 2961 3962 sumus,
2986 3896 3154 3954 fuisse
3195 3900 3465 3970 completa
3491 3912 3741 3972 poterant

2139 3988 2460 4058 approbare.

2216 4096 2234 4129 ι
2281 4077 2336 4132 In
2377 4077 2502 4133 ﬁetu
2533 4080 2752 4134 venient
2801 4081 2933 4152 (sive
2977 4081 3372 4154 egredientur),
3404 4091 3460 4138 et
3493 4085 3547 4149 in
3578 4086 3740 4141 misc-

2145 4187 2164 4220 ‹
2211 4168 2447 4224 ricordia
2475 4172 2733 4226 reducam
2761 4187 2874 4238 eos,
2909 4181 2963 4226 et
2989 4172 3256 4227 adducam
3277 4189 3373 4228 eos
3399 4189 3498 4243 per
3524 4184 3729 4230 torren-

2145 4280 2164 4312 ι
2212 4271 2294 4318 tes
2334 4277 2597 4333 aquarum
2637 4264 2691 4319 in
2734 4265 2822 4319 via
2858 4274 3022 4331 recta,
3069 4275 3124 4320 et
3155 4283 3262 4323 non
3292 4266 3739 4338 impingent(siee

2145 4375 2164 4407 ‹
2205 4371 2310 4412 non
2354 4355 2635 4426 errabunt)
2666 4357 2719 4411 in
2744 4373 2828 4423 ea,
2852 4352 2976 4427 quia
3000 4358 3177 4413 factus
3204 4374 3322 4414 sum
3352 4359 3537 4414 lsraeli
3563 4369 3733 4428 pater,

2146 4465 2164 4497 α
2211 4454 2265 4501 et
2291 4446 2549 4516 Ephraim
2574 4446 2968 4518 primogenitus
2989 4463 3142 4502 meus
3170 4457 3272 4518 est.
3312 4468 3330 4500 ι
3368 4449 3424 4504 Si
3443 4448 3600 4518 juxta
3633 4449 3736 4506 lle-

2140 4537 2385 4592 braicum
2401 4536 2710 4608 legerimus,
2734 4557 2750 4588 t
2775 4538 2828 4592 in
2851 4537 2976 4594 ﬁetu
3001 4540 3237 4605 venient,
3263 4561 3280 4593 ι
3302 4542 3404 4597 hoc
3423 4543 3568 4596 enim
3593 4543 3732 4598 iudi-

2137 4634 2384 4686 cat'mm
2410 4644 2424 4692 ;
2454 4627 2696 4682 dicemus
2717 4630 2860 4698 quod
2883 4629 3151 4684 interdum
3177 4638 3231 4683 et
3255 4631 3408 4684 nimii
3439 4631 3618 4704 gaudii
3641 4630 3736 4686 ﬁe-

2138 4729 2224 4776 tus
2252 4721 2508 4775 indicium
2538 4721 2628 4785 sit,
2661 4719 2818 4790 juxta
2849 4721 2978 4776 illud
3009 4740 3021 4776 :
3054 4722 3325 4792 lacrymor
3364 4724 3600 4792 gaudio;
3649 4726 3732 4778 sin

2137 4820 2317 4866 autem
2357 4812 2513 4882 juxta
2570 4809 2924 4882 Septuaginta
2962 4813 3052 4882 qui
3107 4811 3405 4867 dixerunt:
3451 4833 3469 4864 ι
3512 4814 3570 4868 In
3605 4813 3730 4869 ﬁetu

2135 4903 2502 4973 egredientur,
2537 4911 2593 4958 et
2623 4904 2676 4956 in
2704 4902 3097 4969 misericordia,
3129 4923 3146 4956 ι
3175 4904 3310 4970 sive,
3343 4924 3362 4956 ‹
3405 4905 3460 4959 in
3486 4904 3735 4961 consola-

2135 4995 2283 5050 tione
2323 4994 2578 5048 rcducam
2610 5010 2706 5049 cos
2748 5013 2760 5048 :
2802 5015 2820 5047 ι
2859 4995 3007 5048 illum
3051 5011 3270 5050 sensum
3314 5011 3604 5067 ponemus,
3639 4997 3730 5067 qui

2093 5102 2095 5105 '
2137 5087 2266 5140 etin
2302 5085 2530 5140 Psalmis
2552 5085 2748 5140 dicitur
2777 5105 2788 5138 :
2823 5105 2840 5136 ‹
2875 5084 3077 5140 Euntes
3115 5087 3266 5141 ibant
3297 5095 3353 5141 et
3378 5087 3580 5142 ﬁebant
3607 5087 3730 5142 mit-

2137 5186 2311 5233 tentes
2340 5178 2545 5234 semina
2578 5178 2892 5250 :venientes
2923 5185 3103 5233 autem
3147 5179 3369 5234 venient
3394 5179 3451 5234 in
3490 5179 3729 5235 exsulta-

2139 5271 2285 5325 tione
2306 5258 2583 5340 portantes
2607 5268 2911 5338 manipulos
2930 5285 3056 5326 suos
3083 5268 3238 5342 (Paul
3261 5270 3446 5341 cxxv).
3487 5290 3506 5321 ι
3541 5269 3728 5335 Fleve-

2136 5371 2263 5416 runt
2288 5361 2430 5417 enim
2465 5362 2679 5431 quando
2719 5361 2915 5430 captivi
2946 5361 3092 5417 ducti
3130 5371 3276 5427 sunt,
3316 5370 3371 5415 et
3404 5361 3728 5418 consolatio-

2139 5467 2263 5507 nem
2285 5451 2574 5506 maximam
2607 5460 2956 5520 receperunt,
2983 5453 3199 5522 quando
3222 5452 3597 5508 misericordia
3625 5451 3728 5508 Do-

2136 5544 2267 5597 mini
2286 5543 2493 5598 reducti
2522 5551 2666 5606 sunt.
2693 5542 2760 5596 Et
2777 5543 3101 5600 adduxiteos
3116 5544 3380 5600 Dominus
3395 5560 3496 5615 per
3514 5553 3730 5615 aposto-

2137 5634 2216 5690 los
2240 5645 2294 5690 et
2316 5635 2639 5705 apostolicos
2664 5636 2831 5701 viros,
2853 5637 3037 5707 plenos
3073 5654 3334 5708 aquarum
3360 5649 3414 5693 et
3437 5637 3725 5701 largissiuﬁ

2135 5727 2392 5792 ﬁuminis,
2417 5727 2470 5781 in
2505 5727 2612 5792 via,
2637 5737 2800 5783 recta:
2831 5730 3082 5786 videlicet
3105 5730 3249 5796 ﬁdei,
3290 5748 3397 5786 non
3424 5732 3480 5786 in
3505 5730 3724 5803 perﬁdia

2137 5821 2464 5876 Judanrum.
2514 5817 2629 5874 tEt
2652 5835 2781 5886 non.
2817 5821 3007 5894 inquit,
3042 5821 3412 5895 impingeutiu
3438 5839 3526 5890 ea,
3553 5841 3572 5876 ι
3600 5820 3723 5892 quia
