3926 6320
169 372 316 435 1033

1076 368 1444 428 EXPOSITIO
1483 364 1706 422 SUPER
1744 364 2110 441 JEREMIAM.
2151 399 2223 412 —-
2255 369 2383 428 LIB.
2421 369 2536 428 XII.

3308 378 3445 437 1054

170 485 304 543 αεθί
341 496 465 544 esse
504 490 821 552 cessarunt,
850 482 1045 554 quibus
1086 485 1357 555 quondam
1386 483 1587 538 dictum
1632 491 1716 540 est
1743 500 1758 539 :
1788 488 1842 550 Α
1867 485 2137 558 mogenita
2168 485 2432 553 Manasse,
2462 487 2553 557 qui
2595 494 2787 545 natura
2820 490 3125 561 primitivus
3148 500 3267 549 erat
3288 493 3442 568 (Gen.

176 594 196 626 ι
232 573 291 630 Si
314 575 443 631 caeci
463 574 676 641 essetis,
700 589 810 629 non
832 574 1107 629 haberetis
1130 580 1447 645 peccatum;
1471 590 1615 629 nunc
1633 588 1763 629 vero

172 668 302 739 quia
325 667 526 733 dicitis,
544 667 1107 736 videmus,peccatum
1120 674 1358 722 vestrum
1380 674 1563 721 manet
1576 666 1757 738 (Joan.

171 762 276 830 ιι).
310 759 603 815 Possumus
628 757 773 813 viam
807 764 1012 813 rectam
1047 755 1320 813 Christum
1356 757 1677 828 intelligere,
1708 758 1762 811 in

173 866 282 923 qua
312 851 622 923 quicunque
649 848 1021 914 ambulaverit,
1054 863 1161 904 non
1188 844 1467 921 impinget.
1503 867 1523 901 ι
1563 849 1763 905 Factus

173 957 321 1009 sum,
357 942 453 1006 ait,
487 941 673 998 lsraeli
701 949 858 1012 pater
881 940 973 1010 qui
999 938 1255 995 reductus
1288 948 1392 1005 est,
1420 947 1477 995 et
1499 939 1759 1011 Ephraim

173 1032 567 1104 primogenitus
614 1044 767 1088 meus
819 1039 924 1087 est.
974 1050 992 1083 ι
1048 1048 1066 1082 ι
1096 1029 1226 1086 Ἰ]Βί
1289 1029 1433 1085 enim
1482 1030 1759 1101 quondam

174 1123 469 1194 abuiglavit
509 1132 812 1194 peccatum,
858 1119 1314 1192 superabundavit
1360 1120 1536 1192 gratia
1580 1120 1754 1191 (Rom.

172 1212 253 1283 v).
298 1196 605 1284 'Ephraim
635 1222 815 1269 autem
838 1196 1045 1284 in'typo
1065 1226 1185 1269 esse
1208 1211 1393 1283 populi
1420 1212 1486 1268 de
1508 1213 1758 1284 gentibus

172 1305 505 1376 congregati,
540 1303 822 1375 Scriptura
852 1312 1098 1359 testatur.

247 1346 539 1451 Finitbeniin
566 1346 835 1467 posterior
856 1395 999 1452 filius
1018 1346 1237 1467 Μέρη,
1282 1405 1337 1452 ει
1359 1412 1422 1453 su
1438 1411 1584 1468 mpu
1609 1396 1761 1467 tpri-

1866 578 2078 650 xum).
2109 576 2215 633 Sed
2245 577 2300 632 in
2344 579 2605 649 mysterio
2643 581 2819 637 crucis
2848 582 3145 640 decussatis
3172 584 3444 654 manibus,

1865 669 1956 738 qui
2002 668 2184 723 stabat
2211 668 2279 723 ad
2307 667 2584 725 sinistram
2609 669 2793 733 Jacob,
2851 673 3083 731 dextera:
3111 692 3303 733 manus
3328 679 3447 749 ejus

1865 760 2100 829 suscepit
2122 759 2573 829 benedictionem,
2604 771 2661 818 et
2685 763 2777 833 qui
2810 771 3035 820 steterat
3068 767 3135 822 ad
3163 769 3447 825 dexteram

1865 849 2081 905 sinistra
2097 849 2431 914 benedictus,
2452 851 2503 905 in
2520 854 2809 908 secundum
2828 853 3079 910 redactus
3090 865 3172 911 est
3184 857 3409 928 gradum
3429 878 3442 913 :

1863 941 1933 997 Et
1953 941 2221 1012 quomodo
2261 938 2429 997 Jacob
2474 942 2636 1007 Esau,
2682 944 2760 999 sic
2786 945 3043 1015 Ephraim
3076 946 3319 1004 Manasse
3361 966 3447 1004 ra-

1864 1035 1983 1102 puit
2000 1032 2376 1104 primogenita.
2409 1032 2705 1104 Omnisque
2732 1037 2957 1105 populus
2986 1038 3172 1092 decem
3208 1040 3445 1094 tribuum

1817 1182 1821 1187 ,
1866 1133 2089 1180 vocatus
2114 1132 2197 1179 est
2222 1124 2500 1196 Ephraim,
2530 1125 2657 1196 quia
2689 1124 2938 1181 Jeroham
2965 1127 3107 1183 filius
3139 1126 3349 1183 Nabath
3380 1144 3445 1184 ex

1865 1216 1969 1271 hac
1997 1215 2141 1270 tribu
2180 1230 2403 1288 regnum
2430 1216 2637 1289 primus
2665 1216 2898 1272 obtinuit
2920 1216 2972 1271 in
3001 1216 3246 1291 Samaria
3288 1217 3443 1291 (Gen.

1866 1306 2065 1377 xxvii).

1260 1616 1561 1695 LIBER
1618 1614 2321 1697 DUODECIMUS.

1605 1762 2015 1785 ᾜ

249 1838 452 1893 Partim
495 1838 777 1909 prophetia
820 1838 1099 1905 Jeretniae,
1147 1839 1360 1911 quando
1399 1840 1766 1896 reversionem
1794 1846 1841 1906 B
1872 1848 1977 1906 est,
2009 1841 2065 1897 in
2093 1841 2369 1897 Ecclesia:
2407 1861 2425 1894 ι
2458 1843 2526 1898 Ει
2564 1844 2833 1901 conﬂuent
2866 1846 2932 1900 ad
2960 1810 3099 1902 bona
3139 1849 3384 1918 Domini,
3419 1868 3446 1907 ο

172 1927 485 1985 Iudaeorum
532 1930 808 1999 praedicit,
854 1930 1172 1987 historicum
1219 1930 1451 1986 reditum
1491 1931 1609 2001 ejus
1644 1940 1770 2001 post

174 2019 547 2090 captivitatem
576 2020 627 2075 in
657 2028 856 2076 terrain
881 2013 1021 2077 'Juda
1046 2022 1418 2077 demonstrat:
1442 2021 1640 2094 partim
1663 2022 1769 2092 spi-

176 2110 394 2166 ritalem
426 2111 837 2167 conversionem
863 2110 980 2181 ejus
1008 2112 1076 2167 ad
1118 2110 1277 2167 fidem
1316 2121 1439 2184 post
1476 2112 1767 2168 adventum

176 2198 405 2266 Christi,
432 2199 647 2269 quando
677 2200 917 2271 reliquis:
948 2200 1108 2256 salva:
1131 2200 1289 2256 facta:
1308 2209 1456 2267 sunt,
1481 2200 1763 2272 designat:

176 2290 378 2361 partim
404 2290 568 2344 etiam
595 2280 920 2346 conventum
952 2290 1191 2362 gentium
1219 2290 1288 2344 ab
1324 2305 1510 2345 errore
1539 2288 1765 2345 idolola-

175 2379 302 2436 triae
328 2380 395 2435 ad
425 2378 585 2435 fidem
612 2378 837 2445 Christi,
874 2387 928 2435 et
952 2395 1138 2435 veram
1168 2380 1483 2449 religionem
1510 2394 1766 2450 prtenuu-

176 2472 309 2529 tiat.
342 2470 496 2529 Unde
528 2486 675 2526 nunc
699 2481 987 2543 postquam
1029 2468 1227 2542 prioris
1264 2470 1443 2542 populi
1482 2470 1770 2527 credulita-

177 2572 297 2622 tem
314 2564 647 2629 ostenderat,
659 2578 960 2619 sermonem
986 2564 1250 2619 convertit
1266 2564 1332 2617 ad
1346 2570 1535 2633 gentes
1552 2604 1565 2628 ,
1585 2578 1770 2619 earum

179 2654 417 2712 salutem
436 2654 707 2710 veraciter
721 2654 776 2709 in
795 2653 1011 2709 Christo
1028 2655 1140 2709 tieri
1163 2666 1523 2724 praeconatur,
1540 2654 1766 2710 dicens:

263 2765 282 2798 ι
310 2746 507 2802 Audite
536 2746 761 2802 verbum
787 2744 1022 2810 Domini,
1060 2754 1265 2817 gentes,
1290 2753 1345 2800 et
1372 2745 1687 2800 annuntiate
1716 2745 1771 2799 in

188 2858 211 2895 ι
254 2838 443 2895 insulis
485 2854 605 2910 quae
645 2837 833 2909 procul
880 2847 1037 2903 sunt,
1066 2846 1120 2893 et
1153 2838 1351 2894 dicite:
1392 2836 1495 2905 Qui
1520 2836 1773 2907 dispersit

190 2949 214 2986 α
250 2930 414 2988 Israel
464 2930 815 3001 congregabit
859 2944 1019 2995 eum,
1061 2937 1115 2984 ct
1154 2928 1424 2984 custodiet
1466 2943 1591 2983 eum
1636 2928 1776 2983 sicut

192 3042 212 3076 ι
247 3029 433 3093 pastor
456 3034 672 3092 gregem
698 3035 873 3074 suum.
897 3018 1033 3085 Quia
1053 3018 1281 3073 redemit
1310 3018 1568 3072 Dominus
1586 3016 1771 3083 Jacoh,

192 3131 215 3166 ι
246 3121 297 3170 ει
323 3112 571 3169 liberavit
593 3127 715 3166 eum
738 3111 802 3166 de
825 3126 985 3165 manu
1006 3110 1327 3181 potentioris
1342 3105 1771 3182 (sive'fortioris),

1874 1945 2057 1987 rerum
2087 1932 2330 1987 omnium
2361 1931 2767 2001 abundantiam,
2800 1951 2916 2006 qua:
2945 1952 3051 1993 non
3090 1939 3141 1993 in
3174 1938 3448 2011 frugibus,

1871 2031 1925 2079 et
1951 2022 2087 2080 cibis
2111 2022 2294 2079 carnis
2321 2024 2495 2091 istius,
2528 2026 2621 2080 sed
2660 2026 2716 2081 in
2743 2026 3004 2081 virtutum
3034 2029 3292 2084 varietate
3322 2046 3449 2086 scn-

1872 2114 2024 2169 titur.
2061 2131 2080 2165 ί
2113 2111 2287 2183 Super
2315 2113 2617 2182 frumento,
2652 2116 2856 2187 inquit,
2908 2125 2963 2173 et
3002 2118 3128 2173 vino
3157 2128 3211 2175 et
3234 2120 3383 2186 oleo;
3425 2140 3444 2173 ι
3474 2166 3491 2215 ι

1870 2205 1936 2259 de
1964 2204 2379 2273 quoconticitur
2401 2206 2556 2275 panis
2576 2205 2807 2271 Domini,
2834 2216 2887 2261 et
2912 2209 3189 2278 sanguinis
3208 2210 3322 2280 ejus
3345 2210 3449 2264 im-

1870 2294 2047 2323 ηιηοη..
2077 2301 2232 2323 «νη-ιο
2266 2312 2279 2323 .
2314 2302 2365 2323 ιη
2407 2293 2709 2323 ιυηυυιζηιεη
2744 2296 3184 2323 ηηηΑιξΩηηιεληε-
3220 2302 3422 2323 “unus:

1869 2294 2047 2364 pietur
2077 2301 2235 2365 typus
2265 2312 2279 2347 :
2312 2302 2369 2349 et
2406 2293 2712 2350 benedictio
2743 2296 3186 2353 sanctificationis
3215 2293 3493 2357 ostendi-5

1873 2395 1981 2449 tur,
2029 2383 2243 2439 dicente
2290 2382 2607 2455 Scriptura:
2645 2402 2663 2435 ι
2695 2383 2861 2440 Unxit
2906 2394 2956 2441 te
2992 2387 3134 2443 Deus
3175 2397 3300 2445 tuus
3330 2390 3453 2445 oleo

1871 2475 2069 2559 latitia:
2088 2455 2197 2546 pra:
2217 2476 2557 2533 consortibus
2580 2478 2685 2533 tuis
2706 2474 2878 2549 (Psal.
2910 2479 3076 2552 xuv).
3122 2500 3139 2532 ι
3180 2502 3197 2533 ι
3233 2483 3295 2536 Et
3318 2482 3448 2539 fmtu

1870 2579 2154 2635 pecorum,
2188 2582 2208 2617 ι
2240 2564 2333 2634 qui
2378 2566 2432 2620 in
2470 2565 2711 2625 Ecclesia
2746 2566 3015 2637 simplices
3042 2577 3186 2623 sunt.
3227 2588 3245 2620 ι
3279 2569 3343 2624 Ει
3368 2586 3450 2624 ar-

1874 2665 2205 2724 mentorum,
2236 2675 2256 2709 ι
2281 2671 2401 2727 quas
2430 2664 2657 2713 cornuta
2687 2668 2811 2713 sunt
2836 2667 2890 2715 et
2914 2661 3256 2716 adversarios
3285 2662 3453 2717 ventio

1872 2747 2007 2802 lant.
2026 2746 2099 2804 Ut
2120 2756 2297 2803 autem
2319 2748 2555 2805 sciamus
2575 2734 2975 2806 benedictiones
2994 2752 3093 2807 has
3115 2768 3453 2823 nequaquam

1875 2840 1943 2894 ad
1989 2855 2213 2911 corpus,
2264 2840 2359 2897 sed
2406 2842 2474 2896 ad
2522 2842 2758 2896 animam
2807 2843 3116 2911 pertinere,
3164 2848 3451 2915 sequitur:

1882 2951 1899 2981 ι
1934 2932 2158 3002 Eritque
2199 2933 2379 2987 anima
2408 2947 2597 2988 eorum
2643 2932 2797 3003 quasi
2827 2934 3017 2989 hortus
3046 2934 3313 3005 irriguus,
3343 2937 3458 2991 sive

1877 3023 2031 3093 quasi
2063 3023 2265 3093 lignum
2290 3021 2670 3095 fructiferum),
2712 3041 2731 3073 ι
2761 3023 2904 3093 quod
2933 3022 3235 3093 plantatum
3257 3034 3340 3079 est
3366 3041 3453 3079 se-

1880 3126 1975 3166 cus
2010 3112 2271 3167 decursus
2299 3127 2583 3181 aquarum,
2605 3119 2661 3166 et
2684 3111 2969 3181 paradisus
2998 3113 3207 3167 Domini
3232 3113 3460 3170 dilectus

194 3224 215 3258 ι
252 3214 309 3261 ει
334 3204 551 3259 venient
581 3212 633 3258 et
653 3201 945 3258 laudabunt
972 3202 1025 3256 in
1052 3210 1233 3257 monte
1256 3200 1409 3265 Sion,
1432 3211 1485 3256 ct
1507 3200 1777 3255 confluent
1804 3212 1848 3274 (ζ
1882 3206 1959 3278 [ἱη
1991 3205 2244 3279 deliciis].
2281 3226 2298 3256 ι
2333 3207 2398 3260 Ει
2426 3206 2588 3270 ultra,
2620 3206 2725 3269 ait,
2759 3221 2865 3259 non
2900 3196 3157 3261 esurient.
3196 3224 3212 3257 ι
3248 3205 3459 3277 Nequa-

198 3315 219 3348 ‹
256 3294 323 3350 ad
354 3294 493 3349 bona
522 3292 733 3348 Domini
764 3306 924 3362 super
950 3290 1251 3356 frumento,
1276 3291 1434 3356 vino,
1469 3300 1522 3345 et
1546 3290 1696 3356 oleo,
1725 3298 1779 3344 et

195 3406 215 3441 ε
254 3386 364 3443 fetu
392 3400 648 3457 pecorum
678 3391 732 3439 et
760 3394 1148 3438 armentorum.
1197 3381 1420 3451 Eritque
1468 3382 1645 3434 anima
1685 3394 1778 3433 eo.

199 3494 220 3527 ι
260 3491 376 3529 rum
404 3472 559 3546 quasi
590 3473 779 3528 hortus
805 3472 1065 3542 irriguus,
1090 3470 1219 3531 sive
1254 3470 1408 3541 quasi
1433 3469 1635 3541 lignum
1661 3469 1777 3523 frn-

199 3588 219 3621 ι
262 3566 579 3638 ctiferum),
610 3574 664 3621 et
704 3565 846 3620 ultra
894 3579 1001 3619 non
1032 3564 1290 3619 esurient.
1323 3563 1473 3643 Tunc
1510 3562 1780 3617 laetabitur

200 3680 220 3714 ι
260 3662 414 3731 virgo
462 3659 516 3713 in
553 3658 720 3714 choro
760 3657 883 3730 (sive
920 3657 1200 3728 virgines),
1241 3655 1501 3726 juvenes,
1532 3670 1597 3709 ac
1624 3670 1780 3711 senes

200 3773 222 3804 ι
264 3752 422 3807 simul
449 3769 463 3805 :
494 3758 549 3807 et
573 3757 884 3805 convertam
910 3749 1113 3805 luctum
1134 3763 1321 3803 eorum
1344 3749 1399 3802 in
1423 3748 1699 3820 gaudium,
1727 3756 1782 3803 et

202 3863 223 3896 ‹
262 3842 583 3899 consolabor
613 3855 729 3907 eos,
762 3848 817 3897 et
852 3839 1165 3895 laetiﬁcabor
1195 3854 1225 3893 a
1253 3838 1435 3895 dolore
1460 3854 1577 3905 suo,
1608 3849 1664 3894 et
1700 3840 1782 3895 in-

202 3954 222 3987 ‹
260 3932 482 3989 ebriabo
512 3932 747 3987 animam
794 3930 1133 3986 sacerdotum
1188 3930 1313 4002 (sive
1358 3930 1595 4003 filiorum
1628 3931 1779 4004 Levi)

202 4042 224 4075 ι
265 4022 607 4093 pinguedine,
632 4030 685 4075 et
707 4022 933 4092 populus
958 4034 1111 4075 meus
1131 4020 1286 4075 bonis
1310 4020 1443 4075 meis
1464 4019 1781 4089 adimplcbi-

202 4134 223 4167 ι
261 4122 378 4179 tur,
421 4113 496 4165 ait
541 4111 816 4166 Dominus.
857 4130 875 4162 ι
923 4108 1211 4181 (_Ilieron.)
1241 4109 1529 4179 Perspicue
1570 4108 1783 4163 vocatio

196 4202 443 4274 gentium
475 4202 904 4265 demonstratur,
937 4199 1148 4255 dicente
1178 4199 1454 4267 Scriptura
1485 4217 1496 4252 :
1542 4218 1559 4250 ι
1590 4200 1782 4254 Audite

195 4294 428 4349 verbum
463 4290 696 4357 Domini,
727 4300 932 4362 gentes,
952 4299 1005 4344 et
1028 4290 1340 4344 annuntiate
1371 4290 1423 4343 in
1452 4289 1642 4345 insulis
1663 4306 1785 4360 qua:

196 4381 391 4454 procul
418 4375 563 4447 sunt,
583 4388 637 4435 et
658 4381 839 4436 dicite.
876 4400 895 4432 ι
928 4378 1065 4447 Quid
1088 4381 1406 4435 annuntient
1433 4380 1642 4446 insulis,
1666 4396 1785 4451 qua:

198 4474 393 4547 procul
419 4473 535 4528 sita:
558 4473 723 4528 sunt?
751 4471 893 4542 quod
922 4472 1181 4526 Dominus
1205 4472 1297 4541 qui
1324 4472 1575 4541 dispersit
1596 4472 1775 4537 Israel,

1880 3311 2041 3366 quam
2090 3310 2154 3350 ea
2201 3295 2378 3353 esurie
2423 3295 2490 3349 de
2538 3310 2642 3363 qua
2687 3295 2947 3364 scriptum
2976 3303 3093 3349 est:
3137 3313 3154 3345 ι
3191 3296 3337 3350 Beati
3366 3298 3460 3366 qui

1881 3388 2125 3444 esuriunt
2152 3394 2206 3440 et
2230 3386 2415 3440 sitiunt
2436 3385 2700 3456 justitiam
2728 3384 2943 3456 (Matth.
2973 3386 3047 3457 v),
3085 3406 3103 3438 ι
3134 3388 3228 3441 sed
3255 3404 3317 3442 ea
3339 3404 3461 3457 quas

1881 3477 2169 3532 saturitate
2198 3485 2457 3541 mutatur,
2486 3484 2541 3530 et
2566 3490 2747 3531 rerum
2772 3476 3011 3530 omnium
3035 3477 3271 3531 excludit
3294 3495 3460 3548 penu-

1880 3572 2037 3625 riam.
2069 3588 2087 3621 ‹
2118 3568 2269 3623 Tunc
2298 3568 2567 3623 laetabitur
2590 3569 2741 3639 virgo
2762 3569 2815 3622 in
2839 3570 3001 3623 choro
3037 3589 3082 3635 ι,
3115 3571 3180 3625 de
3201 3587 3307 3640 qua
3327 3572 3460 3627 scri-

1880 3661 1959 3715 bit
1984 3658 2309 3730 Apostolus:
2349 3678 2366 3710 (
2408 3658 2675 3728 Despondi
2707 3658 2852 3713 enim
2884 3673 2979 3713 vos
3022 3660 3113 3712 uni
3155 3660 3269 3713 viro
3297 3662 3506 3750 γει-εἰη

1880 3760 2020 3805 nem'
2036 3758 2243 3805 castam
2270 3749 2523 3804 exhibere
2543 3748 2759 3803 Christo
2781 3746 2867 3818 (II
2894 3746 3016 3802 Cor.
3043 3748 3140 3819 ιι).
3172 3768 3190 3799 ι
3222 3750 3287 3803 Ει
3307 3750 3459 3819 juve-

2036 3790 2243 3805 πεπυ..
2271 3790 2523 3804 “nunc...
2548 3790 2757 3803 υ.....,.ν
2782 3790 2859 3818 κ-.
2896 3790 3016 3802 νυ..
3044 3790 3140 3819 -.,.
3172 3790 3187 3799 .
3222 3790 3287 3803 υ.
3307 3790 3455 3819 ,μην

1883 3855 1981 3895 nes
2012 3840 2079 3895 ad
2103 3854 2240 3909 quos
2262 3838 2498 3908 loquitur
2521 3836 2787 3894 Joannes:
2827 3857 2846 3890 ι
2881 3838 3073 3893 Seribo
3099 3838 3273 3905 vobis,
3299 3790 3486 3911 ῇυνε-1

1882 3945 2001 3996 nes,
2032 3930 2287 4001 quoniam
2329 3929 2536 3991 vicistis
2572 3928 2867 4000 malignum
2913 3928 2975 3999 (I
3003 3930 3163 3983 Joan.
3196 3930 3269 4001 ιι)
3298 3947 3311 3996 ;
3352 3949 3370 3983 ›
3406 3910 3489 3991 ειι

1882 4036 2071 4085 senes,
2122 4020 2190 4074 ad
2236 4034 2371 4089 quos
2423 4020 2565 4074 idem
2617 4020 2841 4090 mystico
2892 4033 3138 4076 sermone
3191 4029 3455 4077 testatur:
3503 4064 3507 4068 .

1888 4130 1907 4162 ι
1947 4110 2139 4165 Scribo
2163 4110 2336 4173 vobis,
2364 4115 2565 4179 patres,
2589 4110 2841 4179 quoniam
2868 4111 3195 4181 cognovistis
3220 4128 3341 4167 eum
3366 4114 3457 4183 qui
3488 4108 3502 4147 ⁵

1884 4202 1952 4257 ab
1983 4202 2135 4257 initio
2164 4210 2243 4255 est
2278 4200 2487 4273 (Ibid)
2513 4219 2531 4252 υ
2566 4218 2584 4252 ‹
2606 4201 2673 4255 Ει
2695 4210 3028 4265 convertam,
3048 4202 3457 4271 inquit,luctnm

1885 4309 2073 4351 eorum
2099 4294 2150 4347 in
2175 4292 2426 4364 gaudium
2455 4309 2473 4342 ι
2504 4306 2519 4357 ;
2551 4299 2611 4345 ιιι
2631 4306 2766 4360 quos
2796 4300 3066 4347 torruerat
3090 4309 3239 4357 crux,
3280 4295 3457 4349 laetiﬁ-

1830 4436 1835 4440 .
1886 4392 1972 4437 cet
1997 4381 2345 4437 resurrectio.
2389 4399 2407 4431 ι
2445 4380 2512 4435 Ει
2550 4380 2871 4437 consolabor
2912 4395 3038 4449 eos,
3074 4394 3128 4439 et
3174 4384 3458 4442 laetificabo

1884 4492 1915 4531 a
1944 4476 2125 4532 dolore'
2152 4492 2267 4543 suo,
2308 4496 2325 4529 ι
2352 4477 2506 4547 juxta
2535 4476 2665 4531 illud
2692 4478 2835 4547 quod
2879 4476 3137 4531 Dominus
3179 4477 3415 4547 loquitur
3442 4496 3455 4531 :

198 4568 324 4639 ipse
350 4564 697 4637 congregabit
720 4578 863 4619 eum.
900 4561 1250 4633 Nequaquam
1292 4579 1449 4635 ergo,
1484 4574 1543 4618 ut
1570 4564 1777 4635 disper-
1808 4558 1859 4618 D
1891 4587 1909 4620 ι
1939 4567 2091 4622 Beati
2120 4567 2656 4638 1ugentcs,quoniam
2682 4567 2782 4637 ipsi
2806 4565 3454 4636 consolabuntur(Mauh.

200 4664 485 4729 gerentur,
518 4653 771 4723 potentiae
814 4652 915 4707 fuit
959 4654 1421 4719 adversariorum,
1452 4655 1545 4709 sed
1573 4653 1783 4709 Domini

200 4744 495 4801 voluntas:
531 4763 548 4795 ‹
585 4744 651 4797 Ει
697 4744 963 4799 custodiet
1000 4759 1123 4799 eum
1170 4744 1311 4799 sicut
1349 4752 1533 4814 pastor
1566 4760 1784 4815 gregem

200 4851 385 4891 suum.
416 4853 436 4887 ι
462 4833 655 4890 Pastor
675 4834 819 4888 enim
844 4833 1014 4888 bonus
1037 4834 1215 4904 posuit
1244 4834 1476 4888 animam
1508 4850 1660 4889 suam
1683 4849 1781 4905 pro

202 4927 400 4983 ovibus
420 4926 534 4982 suis
549 4925 824 4997 (Joan.x).
850 4946 868 4978 ‹
892 4927 1027 4993 Quia
1047 4927 1275 4981 redemit
1290 4927 1546 4983 Dominus
1568 4927 1734 4984 Jacob
1756 4948 1775 4982 ι

204 5019 382 5091 pretio
410 5019 819 5089 sanguinissui,
853 5038 871 5070 ι
900 5029 955 5075 ει
976 5021 1223 5076 liberavit
1246 5038 1368 5076 eum
1400 5022 1464 5077 de
1500 5037 1661 5077 manu
1690 5038 1783 5094 po-

206 5108 457 5166 tentioris
470 5108 595 5181 (sive
620 5101 902 5181 fortioriS).
917 5131 935 5163 ›
953 5111 1056 5167 Per
1077 5128 1196 5182 quae
1220 5114 1577 5168 ostenduntur
1599 5114 1784 5170 fortio-

206 5217 303 5261 res
331 5202 653 5256 adversaria
678 5210 1006 5272 potestates,
1036 5212 1225 5259 natura
1255 5204 1560 5275 fragilitatis
1596 5208 1785 5260 huma-

208 5300 387 5358 na,et
413 5300 673 5361 quantum
704 5292 758 5346 in
780 5294 1023 5363 utrisque
1049 5296 1240 5349 virium
1270 5303 1369 5360 est,
1390 5296 1506 5350 illas
1534 5296 1786 5352 fortiores

210 5395 336 5440 esse
357 5389 589 5437 natura:
630 5383 725 5438 sed
757 5398 857 5438 nos
884 5383 1133 5439 fortiores
1164 5385 1287 5449 fide,
1310 5386 1353 5438 si
1379 5393 1555 5437 tamen
1582 5400 1786 5440 merea«

213 5490 337 5531 mur
376 5474 598 5529 liberari
645 5476 711 5529 ab
754 5489 852 5540 eo,
882 5476 969 5543 qui
1006 5483 1181 5544 potest
1226 5475 1445 5545 alligare
1492 5475 1705 5540 fortem,
1734 5485 1788 5531 et

216 5566 437 5621 domum
465 5563 581 5633 ejus
628 5565 874 5634 diripere.
928 5585 945 5617 ‹
978 5566 1043 5619 Ει
1072 5566 1307 5629 venient,
1347 5584 1364 5616 ι
1407 5565 1607 5634 inquit,
1644 5567 1785 5621 haud

220 5655 441 5710 dubium
484 5656 613 5725 quin
656 5655 864 5709 liberati
896 5655 960 5709 de
997 5672 1153 5709 manu
1184 5656 1498 5725 potentium,
1538 5674 1555 5705 ι
1594 5666 1646 5710 et
1677 5656 1789 5709 lau-

1887 4657 1962 4729 v).
2001 4677 2019 4711 ι
2058 4675 2075 4709 ι
2110 4657 2178 4711 Ει
2205 4656 2483 4712 inebriabo
2528 4657 2762 4710 animam
2808 4655 3144 4710 sacerdotum
3185 4674 3202 4706 ι
3234 4655 3324 4724 qui
3356 4656 3458 4708 ha-

1885 4750 2015 4803 bent
2042 4747 2320 4802 scientiam
2361 4746 2477 4811 Dei,
2505 4746 2572 4802 de
2600 4760 2830 4814 quorum
2860 4759 2955 4799 ore
3001 4744 3333 4814 interrogant
3377 4742 3456 4799 le-‘

1889 4855 2009 4911 gem
2036 4839 2247 4893 Domini
2272 4838 2363 4907 qui
2392 4838 2617 4893 credunt
2647 4838 2698 4891 in
2726 4852 2847 4891 eum
2868 4875 2882 4900 ,
2915 4836 2981 4889 ad
3010 4851 3166 4905 quem
3188 4835 3454 4903 Propheta

1889 4927 2070 4985 canit:
2113 4947 2131 4981 ι
2176 4928 2255 4982 Tu
2292 4942 2352 4983 es
2381 4929 2631 4983 sacerdos
2674 4927 2725 4980 in
2755 4934 3016 4981 aeternum
3043 4927 3333 4981 secundum
3367 4925 3468 4981 or.)

1888 5021 2067 5075 dinem
2106 5018 2495 5075 Melchisedech
2525 5016 2696 5090 (Psal.
2735 5018 2869 5087 cur).
2924 5037 2943 5070 ι
2975 5016 3126 5084 Quod
3163 5026 3341 5071 autem
3371 5004 3467 5073 δελ

1889 5114 2072 5184 quitur
2091 5110 2246 5181 juxta
2280 5110 2442 5175 LXX,
2476 5129 2494 5161 ι
2529 5110 2759 5164 filiorum
2782 5108 2910 5163 Levi
2941 5127 2959 5160 ›
2988 5109 3041 5162 in
3063 5107 3325 5163 Hebraico
3347 5117 3483 5179 nent

1889 5202 2144 5266 habetur;
2170 5211 2225 5256 et
2249 5202 2588 5270 perspicuum
2626 5207 2707 5253 est
2752 5212 3083 5267 nequaquam
3113 5199 3200 5251 hic
3225 5197 3326 5251 dici
3346 5238 3361 5262 ,
3392 5199 3459 5253 de

1890 5291 1973 5345 his
2015 5291 2384 5345 sacerdotibus
2408 5289 2499 5357 qui
2541 5297 2665 5342 sunt
2696 5288 2788 5341 ﬁlii
2832 5286 2994 5351 Levi,
3040 5287 3133 5341 sed
3164 5286 3229 5341 de
3269 5288 3352 5342 his
3402 5288 3457 5343 in

1890 5397 2117 5451 quorum
2147 5391 2327 5451 typum
2355 5380 2631 5449 praecessit
2653 5378 3058 5433 Melchisedech.
3085 5379 3333 5434 Ebrietas
3361 5396 3458 5434 au-

1897 5484 2001 5527 tem
2032 5474 2366 5528 sacerdotum
2389 5483 2443 5528 et
2464 5473 2518 5526 in
2539 5472 2806 5541 Apostolis
2832 5472 3459 5542 comprobatur,quando

1897 5560 2173 5617 fervebant
2208 5563 2309 5618 fide
2338 5571 2394 5617 et
2430 5571 2607 5616 musto
2645 5562 2785 5631 pleni
2834 5561 3146 5616 dicebantur
3187 5560 3330 5629 (Act.
3364 5562 3461 5632 ιι).

1898 5656 2048 5710 Unde
2092 5666 2147 5709 et
2185 5656 2331 5709 locus
2375 5655 2427 5706 in
2473 5668 2579 5722 quo
2608 5655 3027 5722 comprehensus
3056 5660 3139 5707 est
3166 5653 3459 5720 Dominus,

221 5698 441 5710 πων...
486 5698 613 5725 ιν...
657 5698 864 5709 ...ινωη
897 5698 960 5709 .-ν
1184 5698 1498 5725 νν.ν....ι....,
1540 5698 1554 5705 -
1594 5698 1646 5710 ν.
1677 5698 1762 5709 η...
2092 5698 2147 5709 ν-
2185 5698 2330 5709 ων..-
2475 5698 2575 5722 γη
2611 5698 3027 5722 W...,..-..-..-_-
3059 5698 3138 5707 ν--

221 5742 427 5807 dabunt
458 5766 473 5799 ι
509 5746 848 5799 liberatorem
892 5762 1046 5799 suum
1080 5767 1095 5797 ι
1132 5747 1183 5799 in
1230 5756 1409 5801 monte
1439 5746 1589 5811 Sion,
1632 5767 1647 5797 ι
1689 5698 1827 5831 hoc\
1897 5753 2118 5800 vocatur
2142 5744 2672 5812 Getlisetnani,qnod
2708 5744 2878 5813 lingua
2916 5752 3097 5797 nostra
3129 5744 3306 5797 vallem
3344 5747 3433 5814 pin

543 5838 815 5897 l’aruoc.
872 5837 1030 5897 CXI.

2950 5834 3025 5893 33
