3926 6318
451 334 588 392 11155

1098 332 1158 386 Β.
1199 328 1452 386 RABANI
1489 325 1709 383 MAURI
1749 321 2046 378 ARCillEP
2112 319 2421 380 MOGUNT.
2462 323 2749 384 OPERUM
2786 324 2967 382 PARS
3004 325 3091 382 Ill.

3602 327 3742 387 {0'56

447 446 684 518 guedinis
725 451 900 501 sonat.
942 443 1186 514 Cumque
1217 442 1524 498 sacerdotes
1561 441 1786 511 pingues
1835 436 2039 490 fuerint
2064 436 2118 497 Α
2150 457 2167 487 ι
2200 438 2416 494 minus:
2449 448 2503 495 et
2529 448 2872 496 revertentur
2903 440 2997 494 ﬁlii
3021 442 3089 495 ad
3115 441 3379 499 terminos
3399 458 3545 500 suos.
3579 465 3598 498 ι
3630 445 3743 506 Hoc

448 536 696 589 doctrina
743 533 990 600 Domini,
1036 542 1092 589 et
1150 531 1399 587 inebriati
1440 531 1493 586 in
1539 529 1786 585 convivio
1836 526 2038 596 Ioseph

451 628 688 683 dixerint
723 645 737 681 :
778 648 794 678 ι
831 627 982 682 Calix
1026 635 1149 681 tuus
1195 624 1500 689 inebrians,
1531 637 1694 692 quam
1743 620 2040 692 praeclarus

451 714 625 787 (Psal.
659 715 833 788 mi)!
880 735 899 768 ›
941 725 1070 770 tunc
1094 714 1198 770 erit
1223 721 1278 768 et
1306 713 1408 767 boc
1437 711 1579 782 quod
1612 726 1755 766 nunc
1781 709 2041 765 Dominus

450 808 775 880 pollicetur:
813 827 831 860 ι
868 808 933 862 Et
960 806 1186 879 populus
1215 821 1368 861 meus
1394 805 1550 860 bonis
1577 803 1976 874 adimplebitur.
2013 820 2033 854 ι

451 900 582 970 Qua:
606 899 787 955 omnia
823 913 969 953 nunc
1004 905 1252 967 exparte
1279 897 1626 951 tribuuntur:
1682 901 1810 948 tunc
1855 901 2040 947 autem

453 993 726 1050 dabuntur
763 991 814 1046 in
844 991 1036 1061 pleno,
1066 988 1280 1060 quando
1319 986 1618 1042 viderimus
1658 983 1797 1041 facie
1843 983 1911 1038 ad
1953 981 2039 1037 fa-

453 1083 694 1148 cicm,et
732 1096 928 1151 corpus
976 1078 1293 1134 humilitatis
1340 1084 1539 1132 nostra:
1579 1072 1744 1130 fuerit
1796 1083 2040 1129 resurre-

453 1173 650 1228 ctionis
674 1172 842 1243 gloria
865 1178 1274 1226 commutatum.
1459 1225 1463 1234 ,

531 1282 550 1313 ‹
588 1261 713 1317 llaec
747 1261 876 1317 dicit
911 1260 1206 1314 Dominus:
1246 1257 1361 1313 Vox
1392 1259 1446 1313 in
1476 1257 1695 1312 excelso
1735 1255 1919 1310 audita
1958 1262 2044 1310 est

461 1375 478 1404 ι
517 1351 947 1416 lamentationis,
979 1351 1157 1405 luctus
1197 1358 1252 1405 et
1290 1348 1478 1413 ﬁctus,
1528 1347 1731 1402 Rachel
1779 1345 2042 1416 plorantis

462 1465 478 1495 ι
518 1445 655 1499 lilios
676 1451 894 1509 suos,et
919 1443 1094 1496 noluit
1121 1440 1390 1496 consolari
1418 1454 1580 1510 super
1607 1437 1732 1492 ﬁliis
1760 1437 1895 1502 suis,
1916 1451 2044 1505 quo-

462 1558 480 1588 ι
520 1539 664 1592 niam
685 1552 804 1602 _non
832 1546 976 1590 sunt.
1013 1554 1031 1586 ι
1063 1533 1453 1603 Septuaginta:
1511 1553 1528 1580 ι
1585 1530 1676 1585 Sic
1701 1529 1828 1584 dicit
1857 1529 2044 1583 Domi-

463 1649 479 1680 ι
510 1645 611 1684 nus
637 1646 649 1681 :
680 1628 798 1682 Vox
831 1627 884 1681 in
913 1625 1084 1680 Rama
1111 1624 1292 1678 audita
1324 1631 1430 1687 est,
1466 1619 1782 1675 lamentatio
1806 1626 1862 1673 et
1888 1615 2045 1672 ﬁctus

461 1741 479 1772 ι
514 1728 570 1775 ct
617 1719 795 1774 luctus
830 1715 1035 1772 Rachel
1082 1713 1346 1786 plorantis
1392 1711 1532 1766 ﬁlios
1579 1721 1736 1775 suos,
1786 1716 1842 1763 et
1874 1707 2046 1762 noluit

2141 529 2297 598 juxta
2325 530 2561 586 litteram
2613 532 2844 588 necdum
2875 529 3073 587 factum
3100 543 3185 589 est
3210 553 3222 587 :
3263 551 3439 606 neque
3461 537 3607 592 enim
3640 537 3742 594 de-

2146 639 2264 680 cem
2298 624 2473 681 tribus
2498 641 2619 694 qua:
2642 625 2701 680 in
2720 624 3026 682 civitatibus
3046 625 3325 682 Medorum
3353 629 3624 695 exsulant,
3652 636 3742 686 at-

2145 729 2252 784 que
2279 713 2594 781 Persarum,
2624 729 2876 771 reversos
2903 717 2956 771 in
2987 725 3189 772 terram
3221 715 3462 774 Iudaeam
3490 720 3740 790 legimus.

2149 804 2255 861 Sed
2272 803 2425 875 juxta
2455 806 2725 876 spiritum,
2753 815 2808 861 et
2830 807 2884 861 in
2905 807 3155 877 passione
3177 793 3391 862 Domini
3416 809 3744 880 completum

2147 905 2251 961 est,
2288 905 2344 953 et
2381 899 2661 968 hucusque
2706 899 3045 970 completur:
3089 899 3306 970 quando
3350 900 3418 956 de
3466 909 3580 956 toto
3609 904 3745 959 orbe

2148 987 2389 1043 salvatur
2423 988 2612 1044 Israel.
2655 989 2722 1044 Et
2761 989 2982 1045 Rachcli
3031 990 3267 1046 dicitur:
3302 1009 3321 1044 ι
3358 992 3616 1060 Quiescat
3644 1010 3743 1050 vox

2148 1088 2241 1134 tua
2272 1095 2302 1132 a
2328 1079 2562 1150 ploratu,
2589 1087 2644 1134 et
2693 1080 2832 1136 oculi
2863 1081 2937 1135 tui
2973 1096 3002 1134 a
3041 1080 3314 1152 lacrymis.
3350 1101 3369 1134 ›
3404 1084 3472 1138 Et
3507 1094 3592 1140 est
3619 1101 3746 1140 sen-

2148 1185 2278 1224 sus:
2313 1169 2534 1225 Plorare
2577 1170 2778 1227 desiste
2804 1191 2815 1225 :
2858 1172 3040 1242 priora
3069 1172 3215 1228 enim
3241 1187 3410 1243 opera
3439 1182 3530 1228 tua
3562 1189 3745 1244 respe-

2148 1261 2228 1316 xit
2261 1262 2561 1316 Dominus:
2605 1281 2624 1313 ί
2664 1262 2729 1317 Et
2756 1271 3098 1318 revertentur
3135 1263 3231 1319 ﬁlii
3259 1265 3335 1320 tui
3375 1265 3444 1320 de
3471 1273 3619 1321 terra
3650 1266 3741 1319 ini-

2151 1352 2300 1416 miei,
2339 1373 2358 1405 ι
2395 1368 2462 1408 ne
2485 1353 2737 1422 praesenti
2767 1353 2951 1410 dolore
2979 1355 3248 1410 tenearis:
3284 1376 3303 1407 ‹
3339 1368 3426 1411 est
3447 1356 3596 1412 enim
3628 1372 3748 1426 spes

2149 1443 2459 1499 novissimis
2499 1444 2622 1507 tuis,
2653 1443 2729 1498 ait
2763 1443 3058 1499 Dominus:
3091 1452 3146 1498 et
3172 1452 3519 1500 revertentur
3545 1443 3640 1499 ﬁlii
3674 1445 3744 1497 Ini

2151 1534 2217 1588 ad
2250 1535 2512 1590 terminos
2553 1549 2712 1600 suos,
2747 1556 2764 1587 ι
2799 1551 2935 1605 quos
2966 1536 3270 1591 habuerunt
3307 1547 3494 1607 patres
3523 1553 3744 1602 eorum,

2149 1625 2462 1691 Abraham,
2498 1625 2649 1681 Isaac
2679 1637 2732 1681 et
2761 1625 2946 1683 Iacob.
2979 1627 3167 1684 Melius
3209 1637 3391 1684 autem
3417 1628 3486 1684 de
3510 1631 3748 1699 parmlis

2151 1717 2521 1789 intelligimus,
2553 1719 2695 1788 quod
2717 1721 3022 1776 mercedem
3045 1719 3280 1775 habeant
3301 1720 3454 1775 eﬁ‘usi
3479 1737 3579 1790 pro
3599 1723 3750 1778 Chri-

461 1831 478 1861 ι
517 1808 934 1880 conquiescere.
959 1805 1085 1876 quia
1114 1820 1220 1860 non
1252 1813 1396 1858 Sum-
1436 1821 1454 1854 ι
1487 1800 1598 1856 Nec
1626 1800 1782 1870 inﬂa
1821 1797 2047 1852 Hebrai'
2073 1816 2122 1876 Β
2152 1815 2236 1862 sto
2267 1809 2575 1880 sanguinis,
2610 1820 2664 1864 et
2688 1824 2788 1879 pro
2833 1819 2978 1864 terra
3026 1810 3252 1867 Herodis
3292 1812 3498 1866 inimici
3532 1821 3748 1867 teneant

456 1915 604 1964 cum,
637 1913 737 1953 nec
765 1898 921 1968 juxta
949 1894 1303 1965 Septuaginta
1324 1933 1338 1959 ,
1382 1891 1666 1945 Mattbzeus
1705 1888 1934 1956 sumpsit
1961 1894 2043 1940 te—

456 1991 788 2046 stimonium.
820 1988 1074 2060 Legimus
1101 1985 1246 2040 enim
1291 1983 1344 2037 in
1379 1997 1444 2036 eo
1478 1989 1601 2052 post
1628 1978 2046 2049 descriptionem

457 2079 743 2134 infantium
770 2078 948 2132 necis:
995 2096 1012 2126 ι
1047 2073 1198 2130 Tune
1226 2071 1502 2144 impletum
1544 2079 1629 2124 est
1661 2069 1806 2138 quod
1844 2069 2045 2123 dictum

454 2182 538 2229 est
558 2188 656 2242 per
675 2169 966 2226 Ieremiam
986 2166 1306 2239 prophetam
1335 2164 1631 2219 dicentem:
1657 2159 1774 2215 Vox
1797 2161 1849 2214 in
1875 2159 2046 2212 Rama

456 2267 638 2321 audita
660 2271 769 2332 est,
794 2263 1038 2334 ploratus
1057 2267 1112 2315 et
1133 2257 1367 2313 ululatus
1406 2255 1605 2310 multus
1641 2251 1843 2307 Rachel
1871 2251 2048 2305 ﬂentis

457 2359 597 2414 ﬁlios
626 2372 777 2423 suos,
805 2361 862 2411 e’t
891 2354 1064 2410 noluit
1090 2351 1356 2407 consolari
1384 2350 1508 2420 quia
1542 2363 1648 2402 non
1681 2355 1806 2402 sunt
1829 2343 2044 2417 (Matth.

457 2453 541 2523 ti).
583 2473 600 2503 ι
635 2450 713 2505 Ex
746 2463 854 2519 quo
879 2446 1224 2518 perspicuum
1255 2451 1340 2498 cst
1364 2439 1724 2510 evangelistas
1751 2446 1805 2492 et
1833 2445 2050 2506 aposto-

456 2543 536 2598 los
568 2555 910 2612 nequaquam
939 2554 1007 2594 ex
1033 2535 1260 2592 Hehrzeo
1295 2529 1796 2600 interpretationem
1822 2525 2049 2596 alicujus

457 2644 703 2699 secutos,
745 2632 838 2687 sed
871 2629 1027 2702 quasi
1055 2627 1311 2683 Hehrmos
1347 2640 1413 2678 ex
1446 2621 1687 2677 Hebraeis
1723 2619 1864 2689 quod
1904 2618 2051 2689 lege--

439 2729 588 2784 .bant
625 2724 888 2780 liebraice
931 2721 1045 2778 suis
1082 2716 1424 2774 sermonibus
1461 2712 1812 2782 expressisse.
1846 2707 2051 2764 Rachel

458 2827 630 2874 mater
651 2815 850 2884 Ioseph
894 2828 1016 2868 cum
1058 2810 1268 2865 veniret
1309 2806 1620 2868 Bethleem,
1654 2803 1834 2857 subito
1862 2811 2050 2871 partus

458 2909 644 2975 dolore
667 2914 919 2976 correpta
948 2902 1158 2974 peperit
1187 2900 1374 2964 ﬁlium,
1401 2912 1558 2968 quem
1591 2895 1856 2950 obstetrix
1876 2935 1889 2959 ,
1923 2894 2050 2962 quia

458 2999 792 3055 moriebatur
819 2995 1055 3068 pariens,
1084 2993 1299 3047 vocavit
1325 2989 1567 3045 Bennoni
1591 3028 1606 3053 ,
1634 2987 1738 3041 hoc
1776 2995 1880 3050 est,
1907 2985 2050 3054 [ilius

457 3090 658 3145 doloris
681 3090 814 3155 mei;
832 3095 984 3157 pater
1007 3093 1186 3140 autem
1215 3082 1384 3138 Iacob
1406 3081 1635 3136 mutavit
1655 3078 1974 3134 vocabulum
1996 3087 2050 3131 ct

2152 1916 2318 1972 regna
2341 1901 2601 1956 caelorum
2631 1919 2643 1955 :
2669 1910 2723 1956 et
2748 1902 3013 1958 reversuri
3033 1903 3140 1956 sint
3160 1902 3213 1957 in
3237 1903 3421 1958 sedem
3440 1904 3744 1976 pristinam,

2153 1992 2394 2060 quando,
2426 2006 2526 2061 pro
2563 2001 2790 2062 corpore
2835 1991 3187 2059 humilitatis,
3213 2008 3410 2063 corpus
3443 1994 3746 2062 receperint

2153 2083 2469 2156 gloriosum.
2503 2084 2610 2140 Ista
2635 2093 2716 2140 est
2747 2099 2868 2155 spes
2898 2085 3216 2149 novissima,
3241 2085 3460 2155 quando
3486 2083 3624 2152 justi
3651 2084 3746 2137 ful-

2153 2176 2356 2246 gebunt
2383 2175 2518 2240 sicui
2548 2175 2628 2230 sol
2659 2174 2808 2248 (δίῳ.
2838 2176 2942 2246 ιιι).
2971 2175 3038 2230 Et
3063 2174 3298 2230 infantes
3325 2175 3597 2246 quondam
3629 2189 3748 2244 par-

2152 2265 2262 2320 vuli
2314 2274 2477 2336 atque
2511 2266 2776 2321 lactantes
2807 2266 3012 2336 absque
3055 2275 3275 2321 :etatum
3318 2266 3653 2321 incremento
3696 2273 3748 2319 et

2154 2353 2370 2422 injuriis
2399 2371 2463 2410 ac
2491 2354 2674 2411 labore
2699 2371 2964 2425 corporeo
2991 2365 3276 2426 resurgent
3300 2355 3353 2408 in
3382 2356 3558 2408 virum
3580 2354 3749 2426 perfe-

2155 2453 2320 2521 ctum,
2356 2447 2409 2499 in
2443 2459 2752 2500 mensuram
2783 2445 3134 2516 plenitudinis
3171 2443 3373 2500 Christi
3408 2443 3624 2515 (Ephes.
3651 2442 3743 2514 tv).

2232 2557 2250 2588 ι
2297 2537 2536 2592 Audiens
2581 2537 2757 2592 audivi
2804 2537 3058 2607 Ephraim
3102 2537 3580 2607 transmigrantem
3611 2535 3746 2605 (sire

2161 2651 2179 2682 ‹
2214 2629 2653 2701 lamentantem):
2679 2629 2965 2699 castigasti
2988 2638 3158 2692 me,et
3177 2629 3426 2702 eruditus
3449 2644 3567 2682 sum
3593 2630 3746 2696 quasi

2161 2743 2178 2774 ‹
2209 2719 2473 2793 ju'vencus
2500 2721 2791 2777 indomitus
2819 2720 2944 2792 (sive
2983 2720 3122 2775 sicut
3152 2718 3408 2788 vitulus).
3449 2725 3502 2772 et
3531 2733 3634 2773 non
3674 2717 3750 2771 di-

2164 2831 2181 2863 c
2221 2811 2326 2867 dici
2355 2829 2367 2865 :
2397 2820 2652 2866 converte
2679 2827 2764 2866 me
2794 2819 2848 2866 et
2877 2820 3183 2875 convertar,
3225 2810 3349 2878 quia
3393 2821 3447 2866 tu
3467 2849 3480 2869 ,
3525 2808 3749 2863 Domine

2164 2923 2182 2955 ι
2221 2905 2363 2959 Deus
2399 2919 2568 2959 meus.
2602 2903 2892 2972 Postquam
2928 2904 3072 2958 enim
3114 2901 3429 2956 convertisti
3484 2915 3569 2954 me
3613 2899 3751 2968 (circ

2163 3015 2180 3046 ι
2219 3005 2408 3064 captus
2430 2995 2695 3065 sum),egi
2719 2994 3189 3064 pocuitcntiam,et
3209 3000 3496 3063 postquam
3522 2990 3749 3060 cognovi

2161 3106 2179 3138 ι
2221 3087 2346 3157 (sive
2374 3085 2658 3140 ostendisti
2685 3086 2861 3154 mihi),
2901 3085 3143 3154 percussi
3181 3083 3360 3138 femur
3402 3097 3585 3137 meum
3625 3081 3751 3153 (sire

459 3182 745 3253 appellavit
768 3196 893 3235 eum
920 3176 1340 3247 Benjamin,hoc
1366 3171 1628 3242 cst,ﬁlius
1653 3169 2047 3240 dextera’(Geu.
2081 3171 2126 3233 C
2166 3197 2183 3228 ι
2223 3176 2484 3247 ingemui)
2517 3195 2528 3228 :
2583 3175 2839 3230 confusus
2870 3191 3010 3240 sum,
3065 3186 3118 3230 οι
3165 3173 3356 3230 erubui
3391 3173 3517 3244 (sive
3561 3188 3625 3227 ex
3665 3172 3751 3227 dic

458 3271 924 3343 xxxv).Qua:ritur
937 3269 1119 3336 itaque
1133 3264 1404 3335 quomodo
1421 3262 1700 3319 Matthqu
1711 3259 2051 3330 Evangelista

461 3362 830 3419 testimonium
860 3359 1144 3428 Propheta:
1165 3357 1232 3410 ad
1258 3352 1697 3409 interfectionem”
1716 3349 2055 3404 transtulerit

459 3455 831 3524 parvulorum,
871 3467 992 3505 eum
1026 3447 1310 3519 perspicue
1341 3446 1408 3498 de
1436 3443 1624 3497 decem
1650 3440 1898 3495 tribubus
1921 3439 2054 3494 scri—

459 3555 614 3616 ptum
647 3545 718 3600 sit
745 3561 758 3597 :
787 3558 1016 3612 quarum
1043 3540 1298 3611 princeps
1337 3535 1438 3590 fuit
1469 3533 1742 3605 'Ephrata,
1770 3542 1824 3586 et
1851 3547 2056 3600 nequa-

459 3652 624 3705 quam
649 3636 720 3689 sit
749 3633 802 3688 in
844 3633 983 3686 tribu
1012 3631 1266 3700 Ephraim
1292 3669 1305 3692 ,
1337 3627 1430 3682 sed
1461 3626 1513 3680 in
1553 3625 1697 3678 tribu
1733 3621 1902 3677 Iuda:
1939 3623 2055 3691 ipsa

462 3739 548 3785 est
580 3729 726 3782 enim
768 3735 824 3780 et
870 3724 1142 3780 Bethleem
1170 3723 1449 3794 δυωνύμως
1476 3737 1488 3772 :
1529 3738 1546 3768 ι
1586 3718 1726 3772 unde
1754 3727 1807 3771 et
1835 3716 2056 3770 nomina

466 3822 748 3890 utriusque
779 3816 1130 3874 concordant.
1174 3813 1452 3869 Bethleem
1495 3811 1932 3867 vocalur.domus
1965 3825 2057 3880 pq-

467 3916 579 3980 uis;
605 3914 838 3983 prrata
864 3910 1208 3986 καρποφορία,
1241 3924 1403 3975 quam
1431 3921 1527 3960 nos
1559 3905 1845 3956 ubertatem
1871 3917 2058 3972 possu-

466 4025 586 4062 mus
612 4009 809 4062 dicere.
844 4004 979 4071 ριιίει
1012 4004 1173 4073 igitur
1203 3999 1404 4055 Rachel
1446 3999 1497 4052 in
1523 3997 1782 4068 Ephrata,
1819 3997 1921 4048 hoc
1951 4003 2056 4057 est,

468 4101 520 4154 in
545 4097 818 4152 Bethleem
852 4093 1064 4148 condita
1095 4101 1178 4143 est
1199 4131 1213 4154 ,
1241 4090 1380 4143 sicut
1403 4088 1682 4156 Scriptura
1709 4093 1892 4139 sancta
1917 4093 1971 4137 et
1994 4083 2058 4135 ti-

467 4188 609 4242 tulus
641 4185 870 4254 58,)lliCl‘i
907 4183 1023 4256 ejus
1055 4181 1319 4266 hoiiieque
1365 4187 1633 4233 testantur
1661 4193 1672 4228 :
1711 4177 1838 4230 llere
1863 4174 2060 4229 dicitur

466 4297 695 4352 pueros,
728 4280 820 4349 qui
841 4277 998 4347 juxta
1039 4293 1094 4330 se
1133 4284 1185 4328 et
1214 4275 1265 4328 in
1297 4275 1407 4328 suis
1440 4272 1748 4342 regionibus
1791 4269 2057 4324 interfecti

469 4382 611 4427 sunt.
647 4370 874 4438 Quidam
913 4366 1220 4421 Iutheorum
1269 4367 1410 4419 hunc
1449 4365 1627 4417 locum
1674 4363 1752 4416 sic
1795 4363 2059 4432 interpre-

469 4474 682 4526 tantur,
733 4461 875 4529 quod
911 4467 1064 4527 capta
1111 4456 1447 4512 Hierusalem
1481 4456 1580 4507 sub
1605 4454 1937 4522 Vespasiano
1963 4466 2059 4520 per

467 4557 609 4610 hanc
627 4555 764 4608 viam
788 4552 990 4606 Gazam
1005 4560 1058 4604 et
1078 4547 1460 4602 Alexandriam
1481 4545 1815 4614 captivorum
1831 4542 2058 4597 Romam
2083 4523 2138 4584 Ῑ)

469 4648 671 4700 directa
717 4644 844 4698 sint.
882 4643 985 4696 Alii
1028 4656 1154 4695 vero
1193 4639 1336 4708 quod
1371 4637 1559 4692 ultima
1602 4637 1914 4707 captivitate
1959 4637 2059 4690 sub

469 4739 734 4802 Adriano,
780 4735 995 4804 quando
1033 4741 1088 4786 et
1126 4733 1254 4787 urbs
1301 4733 1559 4785 subversa
1602 4739 1682 4784 est
1724 4729 2060 4783 Hierusalem

470 4811 881 4885 innmncFabilis
916 4825 1142 4895 populus
1177 4825 1405 4879 diversa:
1452 4822 1628 4876 :etatis
1675 4831 1730 4876 et
1780 4821 2061 4888 utriusque

473 4938 634 4976 sexus
672 4921 724 4974 iu
757 4927 998 4973 mercato
1032 4917 1318 4971 terebinthi
1352 4913 1692 4969 venundatus
1739 4913 1846 4966 sit:
1890 4922 1944 4967 et
1983 4912 2062 4965 id-

473 5015 618 5068 circo
648 5010 982 5066 exsecrabile
1027 5024 1148 5062 esse
1193 5007 1392 5060 Iudaeis
1437 5013 1731 5060 mercatum
1777 5003 2065 5058 celeberri-

477 5125 620 5164 mum
654 5108 847 5160 visere.
876 5104 1065 5158 Dicant
1096 5103 1168 5156 illi
1198 5103 1339 5172 quod
1366 5103 1569 5166 volunt,
1608 5116 1706 5156 nos
1735 5111 1880 5155 recte
1909 5102 2061 5155 testi-

480 5202 715 5254 monium
744 5198 1039 5266 sumpsisse
1064 5196 1302 5250 dicemus
1324 5195 1719 5262 Evangelistam
1749 5193 2060 5248 Matthwum

488 5308 574 5359 iro
603 5290 720 5343 loco
745 5289 798 5341 in
826 5303 932 5356 quo
973 5286 1175 5340 Rachel
1216 5288 1431 5340 condita
1459 5294 1560 5349 est,
1595 5295 1654 5339 ut
1679 5285 1976 5340 vicinarum
2007 5285 2059 5338 in

490 5384 704 5437 :ircuitu
735 5381 979 5434 villarum
1007 5380 1146 5435 ﬁlios
1169 5381 1324 5448 quasi
1354 5396 1477 5433 suos
1506 5380 1730 5433 lleverit.

556 5493 572 5524 ι
608 5472 732 5526 llaec
760 5471 890 5526 dicit
920 5468 1176 5524 Dominus
1202 5489 1213 5524 :
1245 5471 1498 5536 Quiescat
1519 5485 1622 5523 vox
1653 5479 1743 5523 tua
1772 5485 1801 5522 a
1826 5469 2059 5538 ploratu,

487 5588 501 5617 ι
537 5576 590 5620 et
620 5565 758 5620 oculi
795 5564 868 5617 tui
894 5580 922 5616 a
950 5563 1224 5633 lacrymis,
1250 5563 1376 5631 quia
1403 5574 1484 5618 est
1523 5578 1732 5618 merces
1773 5565 1920 5632 operi
1951 5571 2060 5628 tuo,

487 5677 503 5708 ι
537 5659 610 5711 ait
637 5656 894 5708 Dominus
920 5671 931 5704 :
974 5662 1027 5707 et
1055 5661 1394 5707 revertentur
1423 5654 1488 5706 de
1519 5663 1661 5706 terra
1693 5654 1894 5706 inimici
1927 5653 2064 5719 (sive

489 5770 505 5797 ε
545 5751 944 5815 inimicorum),
974 5759 1026 5802 et
1065 5756 1142 5802 est
1186 5765 1305 5814 spes
1344 5749 1651 5803 novissimis
1686 5749 1820 5813 tuis,
1856 5748 1926 5800 ait
1963 5747 2063 5795 lm—

2168 3289 2186 3320 ι
2221 3268 2598 3336 confusionis),
2630 3277 2684 3322 et
2723 3268 2934 3322 (isletldi
2971 3278 3042 3332 te,
3088 3267 3343 3338 quoniam
3385 3266 3615 3321 sustinui
3657 3280 3752 3334 op-

2168 3378 2185 3408 (
2220 3360 2500 3428 profirium
2551 3359 2620 3413 ab
2663 3359 3027 3414 adolescent-ia
3075 3373 3214 3412 mea.
3255 3379 3274 3411 ι
3309 3357 3576 3426 Loquitur
3609 3356 3752 3411 Deus

2161 3451 2303 3518 quod
2336 3451 2590 3518 prraim
2641 3450 2908 3504 dicentem
2961 3449 3194 3503 audierit
3235 3458 3292 3502 et
3339 3447 3746 3501 lamentantem.

2162 3540 2302 3595 Nulli
2325 3553 2500 3595 autem
2528 3542 2747 3596 dubium
2773 3543 2900 3610 quin
2928 3541 3114 3595 decem
3147 3541 3314 3594 tribus
3336 3537 3752 3610 signiﬁcet,qui-

2159 3632 2262 3687 bus
2287 3633 2495 3702 primus
2533 3632 2816 3702 imperavit
2861 3633 3147 3687 Ieroboam
3197 3629 3338 3685 ﬁlius
3383 3629 3626 3694 Nabath,
3659 3629 3753 3699 qui

2162 3735 2218 3778 et
2253 3724 2453 3778 vitulos
2484 3739 2679 3779 aureos
2710 3725 2837 3778 fecit
2879 3726 2931 3778 in
2962 3725 3073 3778 Dan
3117 3733 3172 3777 et
3213 3723 3423 3789 Bethel,
3447 3733 3508 3777 ut
3533 3725 3635 3778 hoc
3656 3739 3753 3795 po-

2161 3817 2318 3886 pulus
2343 3833 2530 3871 errore
2556 3818 2830 3882 sczluctns,
2862 3817 3029 3870 Deum
3057 3815 3219 3870 Israel
3249 3815 3430 3870 colere
3450 3823 3505 3870 et
3525 3813 3751 3870 adorare

2163 3909 2466 3964 desisteret.
2488 3930 2504 3960 ι
2535 3909 2820 3981 Castigasti
2851 3928 2964 3974 me,
2993 3908 3186 3978 inquit,
3211 3918 3266 3961 et
3292 3908 3539 3962 eruditus
3562 3922 3698 3962 sum.
3727 3927 3746 3958 ι

2163 4004 2351 4059 Omnis
2376 4005 2646 4074 correptio
2676 4005 2888 4074 proﬁcit
2916 4005 2969 4057 in
3001 4004 3249 4067 salutem,
3280 4017 3401 4071 qua“:
3423 4004 3493 4057 ad
3516 4017 3752 4072 pncsens

2161 4095 2377 4148 videtur
2407 4110 2526 4149 esse
2558 4095 2809 4159 tristitiae,
2841 4105 2895 4150 et
2921 4103 3106 4165 postea
3149 4095 3359 4148 iructus
3402 4093 3560 4148 affert
3590 4109 3751 4164 paca-

2164 4185 2422 4238 tissimos.
2455 4186 2734 4255 Quodque,
2761 4187 2852 4248 ait,
2889 4206 2907 4236 ‹
2943 4186 3098 4256 quasi
3121 4185 3385 4254 juvcncus
3407 4185 3699 4239 indomitus
3727 4205 3746 4236 ι

2165 4280 2278 4334 sive
2309 4278 2536 4342 vitulus,
2575 4298 2590 4329 ι
2629 4288 2684 4333 et
2730 4294 2835 4333 non
2883 4279 3078 4343 didici,
3112 4298 3128 4329 ι
3164 4277 3264 4332 hoc
3302 4276 3578 4346 signiﬁcat
3611 4275 3750 4346 quod

2167 4371 2335 4424 multo
2385 4372 2568 4426 labore.
2618 4381 2778 4441 atque
2826 4371 3140 4426 verberibus
3182 4371 3427 4426 eruditus
3466 4372 3568 4436 sit,
3603 4381 3660 4426 ut
3683 4371 3749 4425 ad

2165 4465 2538 4535 pumitentiam
2569 4474 2908 4529 verteretur,
2947 4474 3000 4519 et
3046 4481 3148 4518 non
3197 4463 3510 4534 profecerit.
3554 4483 3571 4514 ι
3608 4463 3747 4520 Cotl-

2167 4567 2336 4621 verte,
2367 4557 2561 4626 inquit,
2593 4573 2679 4612 me
2700 4567 2753 4611 et
2777 4565 3083 4612 convertar.
3117 4577 3134 4608 ι
3155 4556 3296 4627 Ergo
3323 4567 3379 4612 et
3411 4557 3585 4626 ipsum
3610 4555 3748 4626 quod

2167 4648 2378 4718 agimus
2409 4648 2803 4717 paenitentiam,
2843 4647 2945 4701 nisi
2991 4647 3082 4700 Dei
3128 4647 3368 4701 nitamur
3395 4645 3618 4710 auxilio,
3648 4646 3751 4700 im-

2165 4740 2313 4809 plere
2340 4757 2445 4793 non
2477 4755 2774 4809 possumus.
2806 4738 3095 4806 Postquam
3115 4738 3258 4791 enim
3287 4737 3624 4792 converteris
3645 4752 3750 4800 mc,

2168 4841 2221 4885 et
2253 4834 2320 4888 ad
2354 4842 2402 4887 te
2438 4847 2728 4886 conversus
2775 4830 2954 4894 fuero,
2999 4839 3123 4884 tunc
3149 4844 3472 4900 cognoscam
3503 4828 3629 4898 quia
3665 4838 3750 4892 tu,

2172 4927 2395 4980 Domine
2417 4967 2429 4989 ,
2462 4925 2602 4978 Deus
2633 4939 2781 4977 meus
2813 4938 2904 4987 es,
2936 4931 2992 4976 et
3029 4937 3368 4992 nequaquam
3399 4936 3617 4976 errores
3647 4920 3750 4975 mei

2170 5029 2330 5088 atque
2360 5028 2577 5088 peccata
2624 5016 2949 5070 interlicient
2994 5030 3116 5068 me:
3161 5032 3178 5064 ‹
3225 5022 3280 5068 et
3306 5021 3592 5083 postquam
3623 5027 3750 5065 cono

2169 5111 2374 5176 vertisti
2396 5124 2498 5171 me,
2523 5109 2604 5176 egi
2632 5107 3017 5178 pteniteutiam.
3034 5103 3195 5160 :Vide
3218 5113 3482 5174 quantum
3511 5103 3751 5158 sitauxi-

2169 5200 2295 5255 lium
2324 5199 2437 5264 Dei,
2468 5208 2521 5253 et
2545 5215 2704 5268 quam
2737 5197 2941 5267 fragilis
2967 5198 3203 5250 humana
3247 5195 3519 5260 conditio,
3559 5202 3619 5248 ut
3649 5193 3748 5247 hoc

2166 5295 2340 5362 ipsum
2375 5291 2514 5360 quod
2546 5292 2754 5360 agimus
2784 5289 3155 5358 paenitentiam
3175 5327 3190 5352 ,
3221 5287 3323 5342 nisi
3366 5285 3624 5341 Dominus
3651 5301 3750 5339 nos

2167 5392 2324 5437 antea
2378 5381 2736 5443 converterit,
2787 5395 3126 5448 nequaquam
3175 5378 3398 5448 implere
3449 5377 3746 5432 valeamus.

2173 5493 2190 5523 ‹
2225 5475 2291 5527 Ει
2321 5481 2626 5543 postquam,
2651 5472 2744 5536 ait,
2777 5469 3059 5525 ostendisti
3081 5470 3234 5533 mihi,
3273 5490 3288 5518 ι
3322 5469 3406 5523 vel
3435 5469 3607 5538 ipsam
3635 5481 3743 5536 pa:-

2169 5568 2471 5629 nitentiam,
2511 5564 2592 5618 vel
2629 5564 2702 5617 tui
2749 5563 3015 5626 notitiam,
3053 5563 3165 5616 sive
3193 5561 3418 5630 cognovi
3451 5569 3537 5624 te,
3575 5578 3594 5611 ι
3628 5574 3745 5629 per-

2167 5660 2306 5712 cussi
2333 5659 2368 5710 ft
2388 5673 2504 5710 mur
2527 5671 2727 5718 meum,
2762 5676 2777 5702 ι
2807 5653 2947 5722 quod
2976 5653 3203 5707 dolentis
3224 5660 3276 5705 et
3307 5651 3628 5722 plangentis,
3662 5665 3750 5702 su-

2168 5764 2264 5816 per
2291 5762 2478 5812 ch-ore.
2505 5747 2732 5810 pristino
2762 5743 3020 5812 piorat'tlis
3047 5742 3301 5798 indicium
3339 5750 3425 5797 est
3446 5781 3460 5806 ,
3486 5751 3542 5797 ut
3575 5740 3753 5795 feritur
