3926 6394
656 414 681 497 ῑκ
713 364 825 456 (ἶς’
888 358 988 442 \c\

222 497 244 551 I
254 494 359 550 057

1130 482 1492 541 EXPOSITIO
1531 480 1754 537 SUPER
1789 478 2155 537 JEREMIAM.
2194 510 2265 523 —
2300 482 2424 539 LIB.
2467 482 2579 539 XII.

3346 486 3482 545 1058

220 621 385 659 manu
412 600 696 674 percutiat,
734 605 783 651 et
815 595 1041 651 multum
1073 610 1131 650 se
1161 603 1289 648 ante
1333 592 1500 648 fuisse
1545 593 1800 647 fateatur.
1836 595 1878 654 Α
1905 591 2155 661 plurimis
2182 593 2458 650 beneficiis
2500 604 2555 650 et
2589 593 2743 651 donis
2789 595 3034 655 mirificis
3078 597 3219 651 inter
3261 610 3484 659 caeteras

220 696 426 767 (Creg.)
476 691 613 760 Quid
660 690 801 743 enim
843 687 1181 752 in.femore,
1220 685 1323 739 nisi
1352 684 1593 754 voluptas
1621 683 1801 738 carnis

220 785 507 855 accipitur.
540 781 607 836 Et
633 780 759 850 quid
784 788 867 834 est
902 776 1046 847 quod
1069 777 1182 829 ait:
1226 794 1243 827 ι
1285 774 1576 844 Postquam
1618 780 1802 829 osten-

218 875 346 930 disti
391 872 551 937 mihi,
579 868 819 941 percussi
850 868 1027 923 femur
1062 880 1279 929 meum;
1321 882 1340 915 ι
1376 864 1479 918 nisi
1512 872 1801 933 postquam

217 977 453 1034 superna
480 959 796 1032 Spiritaliter
821 955 985 1022 vidit,
1014 956 1193 1010 omnia
1229 955 1371 1025 quod
1402 954 1625 1009 inferius
1655 954 1707 1007 in
1740 966 1800 1007 se

218 1056 512 1117 carnaliter
537 1053 753 1107 vivebat
775 1049 1061 1105 exstinxit:
1086 1055 1144 1104 ut
1170 1056 1373 1117 quanto
1391 1044 1563 1117 magis
1590 1059 1800 1102 summa

217 1156 581 1223 patescerent,
610 1152 762 1199 tanto
802 1142 1031 1213 amplius
1074 1118 1181 1195 ima
1227 1156 1346 1210 quae
1378 1145 1665 1194 tenuerant
1691 1150 1799 1191 non

214 1237 492 1294 liherent?
528 1235 666 1290 Nam
711 1242 912 1304 quanto
942 1232 1113 1303 magis
1143 1231 1331 1302 incipit
1375 1229 1600 1298 quisque
1639 1240 1800 1295 supe-

217 1331 333 1386 rius
364 1330 572 1394 vivere,
622 1335 775 1381 tanto
824 1327 1042 1380 inchoat
1087 1323 1313 1378 inferius
1354 1320 1595 1375 interire.
1641 1317 1803 1373 Juxta

216 1419 472 1475 affectum
509 1432 741 1488 namque
780 1414 1015 1471 carnalis
1060 1412 1417 1482 operationis,
1464 1411 1641 1465 omnis
1678 1425 1804 1465 caro

215 1512 369 1566 Pauli
416 1511 574 1566 simul
618 1509 898 1564 interierat
938 1520 1061 1559 cum
1101 1503 1347 1559 dicebat:
1394 1522 1412 1554 ι
1464 1502 1598 1558 Vivo
1624 1510 1805 1557 autem

210 1599 327 1671 jam
353 1616 460 1655 non
497 1616 627 1670 ego,
663 1597 795 1651 vivit
834 1610 965 1651 vero
1004 1594 1057 1648 in
1102 1607 1186 1647 me
1217 1590 1461 1646 Christus
1488 1587 1628 1662 (Gal.
1658 1590 1739 1662 ιι).
1781 1608 1798 1641 ι

218 1692 470 1763 Hieron.)
513 1710 531 1742 ‹
562 1688 831 1746 Confusus
860 1702 1001 1752 sum,
1049 1685 1253 1755 inquit,
1284 1692 1339 1738 et
1359 1683 1549 1738 erubui
1582 1682 1707 1753 (sive
1736 1696 1805 1736 ex

214 1783 303 1839 die
318 1781 696 1854 confusionis).
722 1802 739 1833 ι
759 1779 911 1847 Quod
929 1777 1072 1834 enim
1090 1784 1297 1845 tempus
1313 1790 1418 1830 non
1435 1783 1517 1829 est
1537 1772 1806 1829 confusio-

216 1874 302 1929 nis
326 1872 559 1928 nostrae?
575 1870 632 1926 Si
648 1870 994 1925 recordemur
1006 1868 1223 1937 antiqua
1235 1874 1482 1936 peccata,
1497 1874 1551 1918 et
1563 1863 1804 1918 omnium

1907 694 2093 755 gentes
2121 684 2329 749 extulit,
2357 694 2519 756 atque
2541 689 2606 743 de
2635 686 2869 759 Eg’ypto
2904 688 2959 742 in
2999 688 3184 744 multis
3208 691 3485 750 miraculis

1906 776 2111 831 eduxit.
2157 776 2236 831 De
2257 791 2365 847 quo
2393 791 2491 847 per
2513 775 2647 833 Osee
2675 778 2873 834 dicitur
2898 797 2909 833 :
2948 796 2967 829 ε
3001 778 3137 847 Quia
3160 794 3294 850 puer
3318 781 3486 839 Israel

1908 869 2066 926 dilexi
2095 885 2243 937 eum,
2271 878 2326 924 et
2355 884 2421 925 ex
2446 868 2679 942 Egypto
2707 870 2891 927 vocavi
2923 871 3095 926 tilium
3127 887 3308 928 meum
3331 872 3487 945 (Osee

1908 961 2015 1032 ιι),
2056 978 2075 1012 ι
2104 975 2261 1031 quem
2290 959 2407 1030 lege
2442 958 2537 1015 s'ua
2566 968 2620 1013 et
2647 962 3033 1030 prophetarum
3072 963 3306 1019 oraculis
3349 966 3486 1023 satis

1909 1048 2198 1105 instruxit:
2239 1051 2334 1105 sed
2362 1049 2487 1121 quia
2521 1063 2771 1119 perversa
2808 1066 3020 1121 semper
3052 1054 3139 1107 via
3175 1062 3364 1110 contra
3390 1071 3486 1112 vo-

1907 1140 2169 1196 luntatem
2198 1142 2316 1212 ejus
2339 1143 2718 1214 gradiebatur,
2745 1157 2810 1197 ac
2852 1157 2991 1213 saepe
3025 1145 3330 1202 admonitus
3353 1147 3485 1204 obe-

1909 1231 2027 1286 dire
2060 1233 2111 1287 ei
2148 1232 2351 1287 noluit:
2399 1233 2690 1288 novissime
2718 1232 2913 1287 Filium
2949 1248 3103 1288 suum
3148 1236 3485 1306 unigenitum

1911 1322 2078 1385 misit,
2105 1323 2195 1392 qui
2230 1338 2351 1378 eum
2381 1324 2448 1378 ad
2472 1321 2843 1393 paenitentiam
2868 1333 3206 1393 provocaret,
3232 1334 3287 1380 et
3304 1327 3372 1381 ab
3399 1343 3486 1383 er-

1912 1428 2034 1467 rore
2060 1415 2385 1485 corrigeret,
2428 1414 2519 1483 qui
2558 1414 2611 1468 in
2651 1422 2859 1469 tantum
2884 1414 3001 1484 ejus
3031 1416 3263 1471 miseriae
3291 1418 3492 1473 condo-

1909 1503 2028 1569 luit,
2059 1513 2118 1558 ut
2146 1514 2200 1561 et
2213 1503 2324 1572 jam
2352 1502 2565 1559 ﬂevisse
2590 1520 2750 1574 super
2791 1504 2906 1574 ejus
2941 1507 3198 1562 duritiam
3230 1509 3283 1563 in
3314 1509 3490 1564 Evan-

1910 1594 2048 1665 gelio
2072 1594 2310 1666 legatur,
2341 1593 2527 1649 dicens
2554 1593 2620 1647 ad
2650 1593 2836 1648 illum:
2871 1615 2887 1646 ‹
2922 1595 3243 1662 Jerusalem,
3271 1597 3491 1654 Jerusa-

1909 1684 2032 1747 lem,
2061 1700 2181 1755 qnae
2204 1685 2406 1741 occidis
2433 1685 2747 1755 prophetas,
2774 1694 2828 1740 et
2867 1686 3070 1758 lapidas
3093 1705 3187 1745 eos
3213 1692 3305 1761 qui
3333 1692 3402 1745 ad
3440 1700 3492 1748 te

1909 1779 2062 1834 missi
2110 1786 2271 1833 sunt:
2322 1779 2533 1849 quoties
2580 1778 2726 1833 volui
2770 1794 3096 1851 congregare
3149 1782 3288 1838 filios
3334 1791 3489 1850 tuos,

1910 1868 2362 1936 Quemadmodum
2389 1868 2585 1941 gallina
2606 1878 2898 1939 congregat
2916 1870 3089 1940 pullos
3110 1886 3236 1927 suos
3263 1874 3362 1928 sub
3381 1874 3495 1930 alas

215 1979 341 2035 quae
378 1963 516 2019 male
557 1962 803 2033 egimus:
846 1960 1124 2029 capiamus
1149 1956 1511 2011 memoriam?
1549 1954 1809 2022 Quoqu-e
1836 1946 1885 2007 Β
1914 1972 2062 2024 suas,
2095 1965 2150 2013 et
2175 1957 2433 2013 noluisti?
2470 1954 2607 2013 Ecce
2646 1958 2979 2029 relinquetur
3003 1960 3157 2015 vobis
3183 1962 3373 2017 domus
3399 1978 3495 2019 ve-

214 2055 410 2109 dixere
438 2052 818 2123 Septuaginta:
856 2068 875 2099 ι
904 2049 973 2102 Et
993 2046 1203 2103 ostendi
1229 2054 1299 2111 te,
1333 2064 1350 2095 ι
1377 2044 1646 2115 significat
1669 2045 1813 2113 (ιιιιά

214 2157 507 2217 postquam
535 2143 815 2215 ingemuit,
842 2149 895 2196 et
935 2155 1032 2195 sua
1062 2138 1256 2193 delicta
1286 2137 1568 2209 cognovit,
1604 2146 1733 2191 tunc
1758 2136 1811 2191 in

216 2202 430 2293 lautum
450 2202 750 2307 profevctum
777 2232 1116 2289 venerit....n
1146 2229 1288 2300 quod
1313 2230 1388 2285 illi
1414 2229 1657 2285 fecerunt
1683 2229 1811 2284 irri-
1913 2202 2141 2303 apostoli
2185 2240 2240 2289 et
2286 2232 2646 2303 evangelistae,
2688 2241 2743 2287 et
2789 2234 3061 2304 primitiva
3106 2237 3159 2291 in
3201 2202 3547 2307 Jerusalem,"

216 2340 358 2397 tum,
375 2339 428 2385 et
443 2337 724 2399 prepterca
738 2326 998 2381 Dominus
1016 2323 1251 2394 neglexit
1263 2337 1376 2378 eos.
1392 2322 1547 2377 Nunc
1560 2331 1738 2376 autem
1755 2321 1811 2375 in

1916 2058 2029 2105 stra
2052 2048 2266 2121 (Matth.
2296 2046 2475 2120 xxm).
2505 2066 2523 2097 ι
2560 2047 2731 2115 Quem
2762 2058 2936 2104 tamen
2964 2052 3178 2121 penitus
3213 2068 3242 2107 a
3287 2068 3344 2109 se
3380 2061 3493 2109 non

1915 2144 2134 2214 repulit,
2160 2143 2253 2198 sed
2283 2142 2602 2197 electionem
2628 2156 2694 2196 ex
2721 2156 2785 2196 eo
2810 2145 3045 2198 servavit
3071 2164 3083 2199 :
3125 2162 3188 2201 ex
3226 2162 3333 2217 qua
3372 2155 3520 2207 sunt.

3518 2284 3527 2317 ί

1912 2323 2191 2379 Ecclesia:
2241 2342 2259 2375 ‹
2311 2321 2614 2379 Novissime
2649 2337 2863 2393 quoque
2908 2332 3191 2394 postquam
3222 2324 3526 2396 plenitudo:

216 2349 998 2399 [uln,etpl‘0ptercaw1u1uus
1016 2349 1738 2394 lmgtcxucua.uunwauwm
1755 2349 1841 2428 ua]
1912 2349 2191 2379 Leucata;
2241 2349 2258 2375 ι
2311 2349 2614 2379 nuvwauuc
2649 2349 2863 2393 quuquc
2908 2349 3191 2394 puelqualll
3223 2349 3526 2396 μιειιιιυυυξ

213 2422 511 2495 Evangelia
538 2429 662 2492 post
688 2418 1138 2475 resurrectionem
1178 2424 1233 2471 et
1273 2416 1645 2471 ascensionem
1681 2415 1811 2470 dare
1826 2349 1868 2541 ς]
1913 2415 2150 2487 gentium
2177 2412 2581 2477 subintraverit,
2601 2421 2728 2467 tunc
2741 2411 2917 2467 omnis
2938 2412 3099 2468 lsrael
3120 2415 3302 2470 salvus
3323 2416 3445 2471 erit.
3472 2404 3529 2509 ι]

215 2528 274 2541 ευ.
310 2521 529 2541 annon".
559 2524 664 2541 nnn
689 2509 742 2541 in
771 2507 964 2541 Ioh-Ilia
994 2505 1218 2541 Ioniﬂnic
1267 2506 1359 2541 anxi
1387 2506 1439 2541 in
1467 2505 1661 2541 Inhnlin
1686 2508 1827 2541 nar-“
1992 2525 2007 2541 ι
2042 2504 2231 2541 Qtnlnn
2262 2505 2355 2541 {ibi
2384 2505 2653 2541 cmonlnrn
2723 2520 2863 2541 nnnn
2901 2508 2994 2541 εἶἣί
3044 2510 3456 2541 απηηάιῖιηινι..η..ει

214 2528 275 2569 se
310 2521 531 2583 pactum
559 2524 667 2564 non
689 2509 744 2563 in
771 2507 967 2562 tabulis
994 2505 1239 2575 lapideis,
1267 2506 1361 2559 sed
1387 2506 1441 2559 in
1467 2505 1663 2560 tabulis
1686 2508 1827 2583 σοι’-ξ

215 2604 301 2661 dis
353 2600 661 2656 carnalibus
701 2598 1006 2669 pollicetur.
1057 2595 1300 2665 Cumque
1346 2596 1605 2666 scriptum
1651 2594 1814 2649 fuerit

214 2692 438 2749 Domini
469 2698 847 2747 testamentum
870 2689 925 2743 in
949 2695 1130 2742 mente
1156 2686 1512 2752 credentium,
1539 2686 1711 2755 ipsum
1733 2684 1813 2739 eis

215 2802 344 2843 esse
372 2786 426 2839 in
464 2784 663 2848 Deum,
703 2790 758 2836 et
787 2781 905 2836 illos
935 2794 1057 2834 esse
1083 2779 1137 2833 in
1182 2778 1466 2849 populum,
1509 2786 1567 2832 ut
1610 2791 1814 2847 nequa-

217 2888 388 2946 quam
432 2871 683 2927 Judaicos
711 2877 956 2940 quaerant
984 2868 1271 2938 magistros
1311 2875 1364 2923 et
1412 2867 1730 2922 traditiones
1758 2874 1814 2920 et

217 2966 479 3021 mandata
501 2963 778 3018 hominum
797 3000 813 3026 ,
840 2960 936 3015 sed
961 2960 1256 3015 doceantur
1285 2974 1314 3013 a
1353 2957 1556 3029 Spiritu
1586 2966 1773 3013 sancto
1798 2975 1809 3011 :

217 3058 269 3112 si
290 3066 475 3110 tamen
504 3054 689 3108 audire
720 3058 1067 3106 mereantur:
1102 3069 1119 3101 ι
1150 3049 1430 3119 Templum
1459 3050 1551 3104 Dei
1578 3050 1732 3114 estis,
1762 3058 1817 3104 et

217 3148 449 3219 spiritus
467 3145 561 3200 Dei
584 3144 795 3200 habitat
816 3143 869 3198 in
887 3142 1039 3198 vobis
1056 3141 1108 3213 (I
1131 3140 1253 3196 Cor.
1285 3142 1389 3213 ιιι).
1420 3161 1437 3193 ι
1462 3141 1696 3212 Spiritus
1721 3157 1817 3195 au-

216 3248 331 3294 tem
362 3237 449 3291 ubi
468 3235 585 3290 vult
610 3235 779 3306 spirat
807 3254 825 3285 »
860 3242 913 3289 et
943 3234 1185 3288 diversas
1223 3233 1387 3289 habet
1403 3232 1636 3305 'gratias,
1671 3233 1813 3287 noti-

218 3331 409 3400 tiaque
433 3327 594 3382 unius
620 3326 714 3381 Dei
737 3325 978 3381 omnium
1003 3326 1262 3380 virtutum
1280 3309 1552 3395 possessio
1577 3332 1678 3379 est.
1708 3344 1725 3374 ι
1748 3324 1817 3378 Ει
1842 3294 1889 3357 C

218 3422 346 3483 hoc,
378 3418 572 3487 inquit,
606 3415 717 3481 fiet,
741 3416 867 3485 quia
894 3415 1158 3486 propitius
1183 3430 1279 3471 ero
1308 3415 1583 3485 iniquitati
1604 3430 1815 3479 eorum,

220 3524 274 3571 et
310 3514 524 3585 peccati
552 3527 742 3588 eorum
769 3526 878 3565 non
910 3511 1239 3566 recordabor
1265 3510 1514 3579 amplius.
1547 3529 1564 3560 ι
1601 3509 1680 3563 Ex
1711 3523 1818 3577 quo

218 3604 569 3677 perspicuum
606 3609 722 3667 est,
764 3601 1060 3656 secundum
1101 3599 1262 3670 hujus
1302 3607 1580 3675 περικοπῆς
1619 3597 1817 3651 intelli-

222 3685 485 3767 gentiam,
520 3692 796 3763 superiora
837 3692 892 3745 in
922 3690 1098 3762 primo
1138 3688 1483 3759 intelligenda
1522 3686 1818 3742 Salvatoris

223 3787 463 3843 adventu
480 3825 494 3851 ,
529 3783 743 3855 quando
769 3789 998 3850 uterque
1024 3780 1126 3833 sibi
1152 3778 1383 3849 populus
1412 3778 1579 3833 lsrael
1604 3786 1659 3831 et
1683 3775 1819 3831 Juda

224 3877 513 3947 copulatus
551 3886 653 3931 est.
698 3873 754 3930 Si
796 3873 881 3928 cui
930 3880 1111 3927 autem
1154 3870 1463 3940 scrupulum
1498 3870 1626 3924 facit
1652 3885 1821 3939 quare

227 3969 429 4025 dixerit
456 3986 469 4022 :
504 3986 521 4019 ‹
542 3967 832 4037 Disponam
858 3963 1041 4019 domui
1063 3962 1251 4027 Israel,
1277 3970 1331 4017 et
1351 3962 1532 4017 domui
1556 3961 1691 4017 Juda
1720 3977 1816 4030 pa-

227 4068 402 4125 ctum,
436 4057 550 4112 sive
573 4063 956 4111 testamentum
986 4068 1184 4107 navum
1206 4092 1220 4117 ,
1258 4067 1365 4106 non
1397 4051 1689 4107 secundum
1721 4066 1816 4121 pa-

227 4159 400 4215 ctum,
435 4150 576 4221 quod
598 4147 773 4218 pepigi
800 4160 921 4201 cum
949 4144 1195 4215 patribus
1226 4144 1456 4197 vestris:
1504 4162 1523 4194 ι
1561 4141 1822 4211 intelligat

225 4243 464 4314 primam
490 4240 773 4298 ecclesiam
813 4236 1037 4293 Christi‘
1055 4250 1121 4291 ex
1156 4234 1377 4301 Judaeis,
1405 4243 1456 4289 ct
1484 4235 1552 4289 ad
1580 4233 1698 4288 illos
1728 4249 1820 4288 ve-

228 4334 379 4390 nisse
412 4333 695 4399 Dominum
725 4328 1052 4384 salvatorem
1079 4332 1240 4396 atque
1265 4324 1496 4379 dixisse:
1521 4344 1537 4373 (
1558 4322 1674 4377 Νοιι
1700 4323 1820 4376 veni

228 4426 338 4490 nisi
371 4427 441 4481 ad
466 4434 592 4479 oves
620 4421 858 4477 perditas
896 4420 1088 4475 domus
1130 4414 1291 4471 Israel
1318 4413 1531 4486 (Matth.
1558 4412 1679 4484 xv);
1722 4434 1737 4462 ι
1768 4419 1823 4465 et

227 4516 283 4571 id
309 4516 489 4586 ipsum
512 4512 781 4583 apostolos
802 4509 1181 4565 confirmasse:
1206 4524 1224 4556 ι
1242 4504 1407 4560 Vobis
1430 4504 1644 4573 quidem
1666 4518 1821 4572 opor-

228 4606 384 4660 tebat
417 4604 651 4673 primum
677 4600 823 4670 loqui
850 4599 1076 4653 verbum
1099 4596 1224 4651 Dei:
1256 4596 1349 4651 sed
1371 4594 1625 4665 quoniam
1652 4593 1823 4662 repel-

1824 2554 1838 2589 δ

1992 2525 2008 2555 ι
2042 2504 2231 2561 Statue
2262 2505 2358 2561 tibi
2384 2505 2690 2576 speculam,
2722 2520 2863 2575 pone
2901 2508 2996 2563 tibi
3043 2504 3495 2579 amaritudinem,

1922 2615 1940 2647 ι
1976 2598 2146 2669 dirige
2184 2612 2281 2653 cor
2316 2606 2465 2652 tuum
2515 2596 2571 2651 in
2613 2597 2754 2652 viam
2796 2607 3031 2663 rectam,
3063 2599 3117 2654 in
3162 2616 3266 2670 qua
3308 2603 3500 2656 ambu-

1922 2704 1942 2736 ‹
1980 2685 2123 2741 lasti.
2149 2704 2166 2736 ι
2184 2686 2450 2739 Pr0vocat
2474 2685 2540 2739 ad
2566 2684 3091 2753 satisfactidhem,ut
3113 2688 3419 2745 consideret
3445 2690 3498 2745 in

1916 2779 2133 2848 quantis
2162 2777 2484 2848 deliquerit:
2522 2787 2575 2831 et
2606 2792 2770 2861 agens
2806 2779 3176 2848 paenitentiam
3215 2780 3281 2836 ad
3318 2782 3501 2851 pristi-

1916 2888 2043 2927 nam
2075 2872 2303 2943 gratiam
2328 2872 2822 2940 revertatur,.tjnxta
2865 2873 2993 2928 illud
3020 2874 3162 2943 quod
3201 2876 3253 2930 in
3294 2876 3501 2946 Apoca-

1916 2961 2053 3033 lypsi
2078 2959 2342 3031 scriptum
2373 2970 2489 3016 est:
2518 2980 2536 3013 ι
2569 2961 2837 3017 Memento
2863 2963 3026 3033 igitur
3061 2966 3200 3021 unde
3234 2967 3502 3022 excideris

1917 3060 1973 3107 et
1998 3068 2096 3123 age
2118 3052 2515 3122 paenitentiam,
2548 3060 2602 3108 et
2630 3054 2806 3121 prima
2835 3069 2998 3122 opera
3030 3054 3114 3109 fac
3143 3055 3327 3125 (Apoc.
3358 3067 3441 3120 ιι).
3480 3078 3496 3108 ι

1921 3142 2124 3216 (Greg.)
2149 3142 2309 3199 Juxta
2338 3144 2690 3215 tropologiam
2727 3160 2856 3200 vero
2896 3144 3316 3216 uniuscujusque
3346 3146 3505 3202 electi

1920 3235 2157 3288 animam
2186 3236 2450 3304 propheta
2480 3234 2765 3301 admonet,
2813 3247 2873 3289 ut
2918 3238 3142 3306 provida
3183 3239 3507 3295 discretione

1922 3322 2147 3377 sollicite
2175 3323 2600 3392 circumquaque
2632 3324 2935 3393 conspiciat
2966 3344 2977 3377 :
3008 3336 3062 3380 et
3096 3328 3249 3397 quasi
3295 3328 3347 3381 in
3380 3344 3507 3383 arce

1921 3412 2389 3483 contemplationis
2420 3414 2589 3483 posita
2609 3454 2625 3481 ,
2668 3416 2982 3487 priusquam
3020 3418 3174 3487 culpa
3211 3421 3391 3475 veniat
3419 3422 3511 3477 de-

1920 3504 2252 3573 prehendat:
2285 3518 2513 3574 eamque
2548 3520 2654 3574 quo
2677 3507 2963 3578 vigilanter
2994 3517 3274 3579 p‘raenotat,
3306 3527 3371 3565 eo
3399 3511 3507 3566 for-

1924 3593 2048 3646 titer
2069 3594 2320 3648 declinet.
2348 3593 2631 3663 Spewlam
2658 3597 2854 3666 quippe
2879 3598 2977 3651 sibi
3009 3607 3365 3665 statuerc,cst
3387 3616 3509 3655 ven-

1922 3694 2040 3738 tura
2063 3684 2316 3739 vitiorum
2345 3685 2643 3739 certamina
2668 3700 2735 3740 ex
2773 3686 2880 3741 alta
2910 3688 3342 3744 consideratione
3370 3706 3506 3758 pne-

1922 3790 2188 3833 noscere:
2238 3776 2447 3845 sibique
2498 3776 2653 3831 electi
2698 3791 2851 3831 mens
2897 3780 3282 3833 amaritudines
3323 3780 3506 3848 ponit,

1924 3870 2140 3939 quando
2162 3878 2216 3923 et
2246 3869 2299 3922 in
2321 3868 2578 3921 virtutum
2602 3883 2733 3937 pace
2764 3871 3075 3935 constituta,
3104 3870 3229 3925 dum
3261 3871 3397 3925 mala
3428 3871 3508 3925 iu-

1925 3960 2178 4014 sidiantia
2204 3960 2488 4029 conspicit,
2526 3974 2715 4015 secura
2758 3962 3043 4031 quiescere
3081 3960 3185 4018 no'n
3217 3966 3504 4019 consentit.

1924 4050 2106 4105 Primo
2133 4058 2314 4104 autem
2356 4065 2423 4104 ne
2461 4050 2601 4104 mala
2639 4051 2887 4120 quaelibet
2930 4063 3083 4123 agat:
3118 4056 3351 4110 secundo
3382 4070 3509 4111 vero

1925 4140 2043 4195 loco
2077 4141 2402 4205 considerat,
2433 4156 2501 4195 ne
2526 4142 2668 4196 bona
2691 4142 2905 4196 incaute
2927 4144 3123 4198 faciat:
3152 4152 3204 4199 et
3226 4157 3508 4216 postquam

1925 4247 2093 4302 prava
2128 4232 2569 4303 subegerit,'ipsa
2598 4232 2762 4287 etiam
2796 4233 2897 4289 sibi
2925 4234 3190 4303 subjicere
3216 4247 3359 4291 recta
3384 4252 3510 4291 con-

1928 4321 2134 4377 tendit:
2174 4339 2240 4377 ne
2263 4324 2307 4378 si
2334 4324 2528 4377 mentis
2556 4324 2851 4378 dominium
2876 4334 3150 4381 transeant
3176 4328 3228 4382 in
3255 4329 3504 4384 elationis

1928 4412 2138 4481 culpam
2161 4421 2463 4467 vertantur.
2494 4412 2629 4481 Quia
2664 4416 2808 4468 enim
2850 4416 2989 4470 sicut
3017 4420 3264 4488 superius
3303 4420 3507 4475 dictum

1927 4512 2010 4558 est
2034 4518 2047 4556 :
2085 4504 2402 4575 plerumque
2428 4520 2494 4560 ex
2526 4506 2699 4572 bonis,
2728 4522 2793 4561 ex
2816 4508 3038 4563 incuria:
3066 4512 3219 4578 vitio,
3245 4514 3384 4567 mala
3410 4530 3507 4568 na-

1929 4606 2170 4661 scuntur,
2203 4597 2443 4668 vigilanti
2482 4600 2662 4654 studio
2691 4602 3114 4670 contemplatur,
3144 4608 3415 4675 quomodo
3442 4624 3508 4663 ex

228 4696 343 4752 litis
370 4656 500 4748 ill‘ud
527 4702 582 4748 et
604 4656 853 4762 indignos
878 4705 973 4744 vos
997 4687 1256 4760 judicatis
1278 4695 1495 4742 aeternae
1521 4686 1667 4750 vitae,
1695 4699 1822 4739 ecce
1851 4656 1902 4715 D
1930 4685 2176 4740 doctrina
2198 4656 2528 4757 arrogantia,
2552 4702 2617 4742 ex
2639 4689 2848 4758 justitia
2878 4656 3190 4761 crudelitas:
3213 4711 3281 4750 ex
3309 4697 3511 4766 pietate

230 4786 603 4844 convertimur
633 4784 700 4838 ad
726 4790 911 4855 gentes
941 4780 1080 4853 (Act.
1112 4779 1245 4850 xlv).
1291 4798 1309 4830 ι
1346 4778 1461 4833 Νοιι
1484 4779 1629 4833 enim
1664 4792 1821 4847 opor-

233 4880 385 4936 lebat
405 4893 599 4949 panem
630 4875 861 4931 filiorum
890 4874 1020 4928 dare
1047 4872 1270 4928 canibus
1309 4870 1522 4942 (Matth.
1554 4869 1643 4940 xv)
1671 4888 1683 4935 ;
1729 4871 1822 4925 sed

233 4970 361 5039 quia
397 4970 493 5023 tilii
533 4978 741 5037 patrem
780 4969 831 5020 in
864 4981 960 5021 sua
991 4964 1297 5019 venientem
1338 4963 1612 5033 suscipere
1638 4962 1823 5017 nolue-

235 5067 393 5121 runt,
432 5059 579 5125 dedit
619 5058 869 5113 omnibus
911 5062 1233 5126 potestatem
1254 5094 1267 5121 ,
1297 5062 1365 5108 ut.
1400 5054 1492 5123 qui
1522 5053 1827 5123 receperint

231 5164 364 5206 eum
402 5148 531 5202 flant
561 5147 655 5202 ﬁlii
686 5148 800 5202 Dei.

312 5258 335 5291 ‹
366 5239 423 5294 Si
449 5238 588 5293 ﬁlius
609 5238 937 5293 honorabilis
963 5237 1090 5307 (sive
1115 5236 1362 5307 dilectus)
1391 5234 1523 5290 mihi
1545 5233 1820 5303 Ephraim,

248 5348 267 5382 ι
303 5331 352 5385 si
382 5346 517 5401 puer
542 5331 836 5385 delicatus:
869 5330 996 5399 quia
1026 5345 1097 5385 ex
1133 5345 1239 5399 quo
1275 5329 1485 5383 locutus
1519 5342 1638 5381 sum
1669 5327 1734 5381 de
1760 5341 1825 5380 eo

244 5438 263 5471 ι
306 5418 434 5488 (sive
454 5420 617 5474 verba
640 5435 757 5474 mea
781 5420 835 5473 in
861 5418 1284 5489 eo)recordans,
1308 5416 1484 5471 adhuc
1504 5415 1827 5470 recordabor

246 5528 266 5561 ι
308 5507 466 5577 ejus:
498 5512 702 5566 idcirco
746 5511 1063 5566 conturbata
1110 5518 1237 5564 sunt
1271 5510 1478 5563 viscera
1521 5522 1638 5561 mea
1666 5505 1827 5577 super

249 5619 267 5652 ι
303 5616 468 5655 eum:
504 5603 786 5669 miserans,
833 5603 1130 5658 miserebor
1173 5603 1324 5671 ejus,
1373 5600 1447 5653 ait
1490 5598 1766 5652 Dominus.
1802 5618 1821 5649 ι

1931 4780 2201 4844 remissio,
2229 4794 2295 4833 ex
2326 4779 2442 4835 zelo
2469 4780 2578 4844 ira,
2607 4793 2672 4832 ex
2714 4783 3123 4838 mansuetudine
3159 4793 3341 4856 torpor
3363 4789 3510 4844 oria-

1932 4881 2040 4927 tur.
2081 4870 2322 4941 Cumque
2372 4872 2512 4926 bona
2558 4872 2674 4927 haec
2712 4873 2857 4943 agit,
2904 4882 3033 4942 quot
3062 4875 3189 4931 hinc
3227 4885 3415 4933 contra
3453 4893 3514 4935 se

1932 4961 2114 5015 hostes
2154 4968 2251 5028 per
2290 4960 2405 5013 haec
2446 4975 2737 5031 exsurgere
2768 4961 3014 5029 valeant,
3044 4965 3346 5035 conspicit:
3382 4983 3510 5022 nam

1934 5065 2055 5105 cum
2086 5049 2452 5118 adipiscendis
2493 5051 2750 5105 doctrinae
2802 5052 2992 5109 studiis
3038 5054 3308 5123 elaborat,
3364 5074 3512 5113 men-

1934 5148 2040 5194 tem
2069 5139 2298 5195 sollicite
2326 5148 2512 5195 contra
2545 5148 2820 5197 certamen
2862 5145 3182 5214 arrogantia:
3224 5153 3508 5216 praeparat.

1934 5232 2068 5286 Cum
2105 5233 2292 5303 culpas
2332 5233 2753 5303 delinquentium
2786 5236 2931 5307 juste
2980 5237 3165 5292 ulcisci
3211 5238 3512 5306 desiderat,

1935 5326 2281 5395 sagacissime
2300 5327 2487 5391 evitat,
2514 5342 2581 5381 ne
2608 5328 2822 5382 modum
2843 5326 3067 5395 justitia:
3087 5330 3375 5383 crudelitas
3396 5329 3514 5383 vin-

1935 5416 2091 5471 dicta
2123 5417 2465 5471 transcendat
2507 5437 2517 5471 :
2557 5434 2677 5472 cum
2705 5418 2905 5487 pietate
2932 5419 3146 5473 frenare
3194 5434 3252 5473 se
3298 5419 3512 5484 nititur,

1930 5508 2176 5563 sollerter
2198 5508 2474 5578 prOSpicit,
2495 5524 2561 5563 ne
2586 5524 2690 5577 qua
2709 5507 3001 5576 disciplinae
3017 5507 3366 5562 dissolutione
3389 5508 3510 5561 vin-

1929 5608 2101 5655 catur.
2128 5601 2263 5655 Cum
2284 5616 2341 5654 se
2369 5603 2499 5655 recti
2533 5601 2631 5655 zeli
2671 5600 2900 5654 stimulis
2926 5602 3147 5664 excitat,
3175 5613 3513 5669 summopere

244 5690 417 5745 Filius
447 5693 779 5748 honorabilis
805 5695 952 5762 prior
978 5692 1204 5763 populus
1232 5691 1334 5745 fuit
1360 5690 1584 5745 Domino
1604 5729 1617 5752 ,
1664 5701 1824 5757 quem
1930 5692 2194 5759 providet,
2212 5706 2278 5744 ne
2301 5691 2581 5760 plusquam
2610 5706 2829 5746 necesse
2855 5700 2937 5745 est
2958 5692 3049 5744 ira:
3070 5692 3127 5745 se
3150 5690 3361 5744 ﬂamma
3395 5705 3510 5743 suc-

323 5821 347 5846 α
379 5808 505 5875 Quae
536 5807 626 5861 hic
655 5807 847 5861 desunt
880 5808 1139 5871 imenies,
1171 5806 1362 5866 lector,
1395 5803 1531 5875 apud
1562 5801 1756 5875 Euseb.
1787 5802 2185 5875 Hieronymum,
2219 5804 2613 5875 (iommcnlzin
2649 5801 2873 5865 Jerem.,
2904 5801 2996 5855 lib.
3029 5818 3105 5861 γι.
3139 5816 3255 5869 cap.
3288 5801 3374 5857 3i.
3408 5797 3507 5857 l‘a-

249 5870 491 5947 trolo‘gire
522 5886 716 5932 nostrae
743 5885 870 5930 tom.
903 5876 1090 5938 XXlV,
1121 5894 1149 5929 a
1184 5877 1284 5930 col.
1318 5870 1443 5936 8'79,
1475 5873 1568 5925 lin.
1601 5870 1653 5933 4,
1692 5888 1862 5940 usque
1886 5873 1950 5927 ad
1983 5870 2062 5929 col
2119 5876 2240 5935 εει,
2275 5876 2368 5927 Ιέιι.
2406 5876 2484 5926 il.
2520 5873 2680 5927 Enn.
