3926 6318
486 374 511 431 1
521 376 625 437 059

1095 375 1155 429 Β.
1197 374 1449 431 RABANI
1486 375 1705 433 MAURI
1742 376 2060 435 ARCIIIEP.
2090 380 2399 440 MOGUNT.
2442 385 2725 444 OPERUM
2767 387 2946 444 PARS
2980 388 3067 444 III.

3606 394 3747 452 1044)

481 488 712 553 cendat;
742 501 861 543 cum
892 500 1087 557 magna
1126 488 1553 543 mansuetudinis
1588 488 1975 558 tranquillitate
2002 504 2061 544 se
2086 499 2139 560 Α
2165 493 2427 549 habitabit
2455 512 2626 566 usque
2663 498 2719 552 in
2746 496 2928 571 ﬁnem.
2961 516 2979 549 ‹
3012 497 3305 556 Benedicat
3335 502 3432 559 tibi
3486 501 3747 561 Dominus

482 587 766 650 temperat,
808 579 1093 650 vigilanter
1119 578 1392 645 observat,
1424 595 1493 635 ne
1528 588 1741 651 torpore
1783 580 2059 650 frigescat.

487 690 507 722 ι
547 671 744 742 Dirige,
778 672 976 741 inquit,
1008 686 1101 726 cor
1143 679 1291 726 tuum
1333 670 1388 724 in
1418 671 1561 726 viam
1605 679 1841 738 rectam,
1873 674 1929 728 in
1954 688 2061 743 qua

479 762 787 819 ambulasti.
819 782 839 816 ι
869 762 1159 834 (Munius)
1187 761 1286 817 Via
1315 771 1463 819 recta
1488 772 1571 820 est
1610 765 1804 821 semita
1832 768 2059 821 manda-

477 863 659 911 torum
682 854 811 920 Dei,
842 854 897 907 in
928 870 1033 924 qua
1064 854 1415 911 incedendum
1436 894 1452 921 ,
1495 864 1552 911 et
1591 870 1767 926 neque
1813 856 1883 910 ad
1930 856 2063 911 sini-

478 956 649 1003 stram
686 954 772 1001 est
812 945 1202 1001 declinandum.
1252 945 1445 1017 Dirigit
1486 962 1614 1018 ergo
1660 960 1755 1002 cor
1798 961 1957 1002 suum
2002 946 2059 1001 in

477 1037 623 1091 viam
649 1045 852 1090 rectam
884 1036 939 1089 in
966 1051 1071 1106 qua
1116 1035 1441 1101 ambulavit,
1487 1036 1576 1105 qui
1618 1044 1857 1092 mentem
1903 1050 2058 1091 suam

476 1128 703 1182 inviam
737 1126 991 1194 justitiae,
1032 1142 1192 1196 quam
1234 1127 1286 1180 in
1329 1126 1669 1196 baptismatis
1709 1118 2058 1197 perceptione

477 1234 536 1275 se
565 1218 961 1274 ambulaturum
990 1218 1256 1288 promisit,
1281 1218 1577 1272 secundum
1600 1217 1902 1273 doctrinam
1935 1232 2059 1272 san-

476 1320 561 1366 cta
570 1326 687 1365 rum
710 1309 921 1378 Scriptu
930 1324 1105 1362 rarum
1130 1324 1353 1378 pergere
1367 1310 1611 1364 decernit
1636 1327 1648 1363 :
1668 1318 1723 1364 et
1734 1324 1833 1365 nec
1848 1325 1948 1378 per
1959 1310 2054 1364 de-

474 1404 560 1458 via
588 1402 808 1465 erroris,
840 1416 937 1455 nec
958 1416 1056 1470 per
1080 1400 1260 1455 seculi
1285 1398 1442 1456 luxus
1472 1399 1742 1455 declinare
1763 1401 2052 1456 consentit.

550 1510 568 1543 ι
589 1492 906 1555 Revertere,
929 1491 1081 1560 virgo
1107 1490 1295 1555 Israel,
1313 1499 1583 1546 revertere
1606 1490 1674 1545 ad
1696 1490 1947 1546 civitates
1978 1492 2055 1545 is-

475 1593 596 1640 tas:
630 1599 909 1654 usquequo
942 1584 1151 1638 deliciis
1208 1584 1535 1649 dissolveris,
1569 1584 1678 1638 ﬁlia
1702 1587 1875 1656 vaga?
1917 1584 2053 1653 Quia

472 1678 679 1733 creavit
706 1676 966 1731 Dominus
1011 1692 1207 1730 novum
1241 1691 1401 1744 super
1450 1684 1653 1751 terram
1683 1695 1695 1729 :
1722 1676 1921 1732 femina
1947 1677 2057 1733 cir-

474 1769 752 1827 cumdabit
778 1770 1007 1823 virumn
1035 1767 1324 1839 (Marinus)
1346 1768 1497 1822 Licet
1520 1770 1634 1823 haec
1652 1766 2052 1839 quidamojuxta

2164 587 2508 657 pulchritudo
2532 588 2776 657 justitiaa,
2810 605 2967 661 mons
2998 600 3247 657 sanctus;
3304 613 3321 644 ι
3350 594 3417 649 de
3443 610 3552 665 quo
3580 596 3745 651 etiam

2162 680 2327 734 lsaias
2347 681 2422 735 ait
2447 699 2459 734 :
2492 682 2737 748 «Venite,
2763 682 3115 738 ascendamus
3137 683 3205 737 ad
3227 696 3467 741 montem
3508 684 3745 754 Domini,

2162 775 2219 823 et
2262 769 2329 822 ad
2356 768 2575 824 domum
2605 769 2703 826 Dei
2757 769 2952 838 Iacob,
2981 780 3037 827 et
3072 770 3287 829 docebit
3320 791 3421 831 nos
3449 776 3567 832 vias
3592 793 3745 844 suas,

2165 864 2220 912 et
2260 858 2653 915 ambulavimus
2699 859 2754 914 in
2803 862 3014 917 semitis
3038 860 3194 931 ejus:
3224 866 3349 935 quia
3390 867 3456 921 de
3483 866 3614 923 Sion
3653 884 3748 925 ex-

2161 946 2261 1002 ibit
2287 946 2393 1013 lex,
2418 956 2474 1003 et
2498 951 2719 1005 verbum
2749 950 2963 1007 Domini
2985 952 3051 1007 de
3079 950 3413 1009 Hierusalem
3435 954 3571 1025 (Isa.
3608 958 3691 1025 ιι).
3720 975 3741 1009 ι

2162 1036 2227 1090 Et
2251 1035 2377 1106 quia
2406 1036 2521 1108 ipse
2559 1045 2644 1094 est
2694 1038 3038 1108 pulchritudo
3085 1048 3140 1095 et
3172 1041 3251 1097 sol
3272 1041 3542 1112 justitiae:
3582 1062 3602 1094 σ
3631 1043 3745 1112 jus-

2161 1125 2279 1181 titia
2307 1127 2451 1181 enim
2493 1134 2575 1182 est
2601 1127 2875 1196 cingulum
2898 1127 3205 1183 lumborum
3229 1130 3367 1199 ejus,
3399 1141 3453 1186 et
3483 1132 3618 1186 ﬁdes
3636 1132 3747 1187 cin-

2160 1216 2389 1270 ctorium
2417 1231 2606 1271 renum
2634 1215 2750 1283 ejus
2776 1215 2911 1287 (lsa.
2933 1218 3032 1287 xx).
3069 1237 3088 1269 ι
3120 1215 3455 1275 Habitabunt
3476 1222 3529 1274 in
3559 1235 3625 1275 eo
3653 1220 3747 1275 Ju-

2158 1308 2275 1377 das,
2326 1310 2429 1364 hoc
2459 1317 2562 1373 est,
2592 1310 2693 1363 rite
2726 1309 2897 1363 Deum
2931 1310 3213 1381 conﬁtens,
3245 1330 3265 1363 ι
3308 1321 3364 1367 et
3387 1327 3580 1367 omnes
3609 1314 3745 1368 civi-

2160 1410 2299 1456 tates
2319 1400 2435 1469 ejus
2459 1400 2638 1456 simul.
2664 1420 2680 1451 ι
2707 1399 2906 1456 Omnes
2924 1402 3176 1458 videlicet
3197 1403 3456 1459 Ecclesiae
3479 1406 3742 1475 gentium,

2158 1502 2293 1557 quas
2325 1496 2472 1543 tenet
2504 1504 2611 1542 una
2631 1490 2893 1545 catholica
2919 1499 2972 1545 et
3012 1491 3319 1562 Apostolica
3351 1493 3597 1549 Ecclesia
3628 1510 3745 1565 qua

2157 1588 2241 1635 est
2278 1580 2471 1636 civitas
2506 1581 2649 1652 regis
2677 1582 2857 1653 magni
2888 1598 3049 1653 super
3094 1594 3331 1640 montem
3364 1588 3529 1641 istum
3572 1588 3737 1642 aedili.

2156 1684 2301 1739 cata,
2343 1682 2399 1729 et
2420 1674 2539 1729 ideo
2562 1672 2818 1728 abscondi
2862 1690 2965 1728 non
2993 1683 3207 1745 potest:
3246 1678 3335 1732 ubi
3372 1678 3495 1733 fons
3518 1678 3669 1732 vivus
3690 1686 3745 1734 et

2157 1764 2393 1820 ﬂuminis
2420 1765 2652 1835 impetus
2673 1766 2913 1821 laetiﬁcat
2942 1766 3082 1822 hanc
3116 1768 3391 1823 civitatem
3419 1779 3475 1823 et
3511 1771 3745 1826 inebriat

473 1862 755 1916 historiam
781 1861 850 1915 ad
880 1860 1244 1914 reversionem
1271 1859 1578 1913 Iudaeorum
1606 1859 1672 1914 de
1692 1853 1965 1931 Babylone
1994 1858 2051 1913 in
2078 1852 2127 1911 B
2156 1856 2391 1911 animam
2414 1856 2632 1921 lassam,
2679 1857 2781 1912 hoc
2802 1867 2906 1924 est,
2950 1858 3206 1915 alimento
3247 1860 3495 1931 corporis
3540 1861 3643 1926 sui,
3686 1872 3741 1918 et

473 1965 673 2011 terram
717 1952 989 2022 propriam
1014 1950 1219 2006 referre
1278 1958 1564 2016 conantur,
1613 1958 1672 2004 ut
1725 1949 2051 2006 retediﬁcent

475 2045 727 2098 civitates
784 2044 1010 2108 dirutas,
1076 2051 1134 2097 et
1194 2041 1348 2096 sedes
1421 2049 1725 2096 restaurent
1780 2041 2045 2109 antiquas,

469 2140 617 2211 inata
649 2134 702 2187 id
730 2132 872 2203 quod
894 2133 983 2187 hic
1014 2131 1279 2201 Propheta
1308 2131 1361 2185 in
1391 2131 1738 2200 sequentibus
1760 2130 1888 2185 dicit
1908 2148 1920 2184 :
1940 2130 2048 2185 Re-

470 2225 645 2281 cedite
669 2225 735 2279 de
764 2223 939 2277 medio
967 2220 1276 2292 Babylonis,
1306 2229 1361 2274 et
1395 2219 1463 2274 de
1505 2228 1651 2274 terra
1676 2218 2051 2273 Chaldaeorum

469 2314 849 2386 egrediemini;
877 2320 930 2366 et
954 2313 1082 2365 item
1114 2329 1126 2364 :
1169 2329 1202 2360 «κ
1223 2298 1645 2380 Fugite,inquit,
1674 2308 1741 2363 de
1755 2309 1929 2363 medio
1949 2308 2052 2361 Ba-

469 2406 702 2477 bylonis,
755 2413 810 2458 et
860 2403 1035 2458 salvet
1088 2402 1456 2470 unusquisque
1506 2400 1743 2454 animam’
1791 2415 1985 2465 suam;
2025 2418 2043 2451 ι

469 2497 601 2553 mihi
632 2504 809 2549 tamen
838 2494 1052 2549 videtur
1080 2494 1257 2563 aptius
1284 2493 1350 2546 ad
1378 2492 1511 2546 Novi
1556 2492 1888 2547 Testamenti
1916 2500 2052 2546 tein-

468 2603 571 2657 pus
615 2593 809 2640 cuncta
851 2583 1154 2647 referenda,
1196 2583 1249 2635 in
1299 2597 1405 2651 quo
1440 2581 1676 2652 Virginis
1709 2590 1895 2651 partus
1933 2580 2051 2634 uni-

469 2680 628 2731 verso
683 2673 883 2728 mundo
924 2673 1092 2727 edidit
1148 2670 1520 2726 Salvatorem:
1564 2680 1623 2725 ut
1665 2672 1814 2742 virgo
1860 2670 2047 2736 Israel,

467 2780 630 2834 quam
658 2764 759 2817 sibi
789 2761 1047 2816 Dominus
1069 2760 1223 2828 juxta
1250 2761 1386 2815 Osee
1412 2758 1586 2830 (Osee,
1627 2758 1708 2831 ιιι)
1759 2762 2049 2829 desponsa-

465 2856 578 2919 bat,
625 2853 678 2907 in
697 2851 927 2922 justitia,
958 2851 1253 2921 etjudicio,
1306 2858 1360 2904 et
1387 2849 1779 2917 misericordia,
1807 2860 1860 2904 et
1887 2851 2050 2905 mise—

469 2944 811 3001 rationibus:
845 2950 965 3012 post
1014 2942 1339 3013 pollutiones
1390 2942 1645 3010 pristinas
1676 2980 1690 3005 ,
1746 2940 1944 3009 quibus
1990 2940 2048 2994 in

468 3032 989 3105 transgressionibus
1018 3033 1184 3085 variis
1216 3032 1414 3101 polluta
1467 3041 1573 3097 est,
1630 3040 1933 3087 revertatur
1982 3030 2051 3086 ad

467 3125 717 3183 civitates
736 3120 1008 3185 Ecclesiae,
1042 3130 1096 3177 et
1115 3121 1321 3176 desinet
1349 3122 1505 3177 luxus
1526 3121 1705 3176 szeculi
1732 3121 2047 3192 vagabunda

422 3197 429 3223 ’
466 3215 640 3286 sequi.
676 3233 693 3266 ι
724 3212 857 3280 Quia
892 3213 1097 3267 creavit
1124 3212 1383 3267 Dominus
1412 3227 1607 3266 novum
1637 3226 1800 3280 super
1820 3219 2040 3279 terram,
2070 3197 2116 3262 C

465 3308 666 3365 femina
688 3305 1044 3363 circumbabit
1064 3306 1279 3370 virum;
1323 3323 1340 3354 ι
1375 3313 1429 3359 et
1454 3307 1750 3360 secundum
1772 3306 1922 3359 Isaiae
1956 3320 2049 3359 va-

468 3400 713 3455 ticinium
742 3418 753 3453 :
793 3418 811 3451 ‹
844 3400 1008 3471 Virgo
1044 3396 1290 3465 concepit
1327 3403 1381 3449 et
1418 3396 1627 3472 peperit
1652 3396 1841 3462 ﬁlium,
1872 3403 1929 3450 et
1953 3386 2049 3450 'vo-

466 3493 612 3547 cavit
651 3495 850 3547 nomen
885 3491 1001 3561 ejus
1039 3487 1354 3544 Emmanuel
1394 3487 1527 3558 (lsa.
1564 3488 1684 3559 vn).
1734 3508 1751 3539 ι
1789 3488 1890 3555 Qui
1935 3501 2047 3541 me-

467 3582 571 3637 rito
596 3582 681 3635 vir
709 3582 929 3647 dicitur,
955 3581 1113 3652 juxta
1165 3579 1296 3633 illud
1348 3579 1624 3635 Zacharite
1652 3598 1664 3632 :
1700 3596 1719 3629 ι
1773 3579 1912 3633 Ecce
1941 3579 2040 3641 vir,

464 3675 659 3731 Oriens
688 3688 881 3728 nomen
908 3670 1046 3739 ejus,
1078 3678 1131 3724 et
1160 3669 1452 3725 mdiﬁcabit
1480 3670 1739 3740 templum
1792 3668 2042 3732 Domino,

469 3778 525 3822 et
563 3766 679 3836 ipse
710 3764 949 3833 portabit
970 3763 1217 3832 gloriam,
1250 3770 1303 3816 et
1343 3762 1569 3826 sedebit,
1610 3770 1662 3814 et
1680 3758 2047 3814 dominabitur

465 3869 627 3924 super
669 3854 803 3907 solio
834 3866 931 3907 suo
979 3849 1161 3923 (Zach.
1208 3850 1317 3921 vi);
1360 3870 1377 3901 ι
1412 3868 1429 3900 ι
1472 3851 1595 3918 quia
1621 3850 1672 3903 in
1721 3849 1831 3903 sole
1869 3847 2049 3917 posuit

465 3942 871 4000 tabernaculum
917 3956 1093 4005 suum,
1147 3948 1202 3994 ct
1230 3940 1342 4011 ipse
1374 3948 1627 4008 tanquam
1656 3954 1884 4009 sponsus
1913 3953 2041 4007 pro-

465 4036 631 4092 cessit
667 4036 733 4089 de
765 4033 999 4087 thalamo
1028 4048 1125 4085 suo
1157 4050 1169 4085 :
1202 4032 1493 4085 exsultavit
1540 4040 1597 4084 ut
1618 4032 1765 4101 gigas
1793 4032 1859 4085 ad
1916 4046 2042 4085 cur-

465 4125 689 4181 rendam
712 4124 853 4177 viam
880 4142 891 4176 :
916 4138 945 4176 a
966 4136 1176 4177 summo
1205 4123 1340 4175 cmlo
1373 4121 1609 4190 egressio
1631 4123 1766 4189 ejus,
1784 4129 1832 4174 et
1858 4135 2047 4175 occur-

465 4233 557 4273 sus
572 4216 688 4287 ejus
703 4232 870 4286 usque
892 4200 1240 4270 ad'summnm
1254 4214 1367 4282 ejus
1381 4213 1550 4285 (Psal.
1569 4214 1743 4283 xviii).
1770 4233 1786 4265 ›
1807 4214 2046 4281 Quicum

466 4310 651 4365 mundi
697 4310 938 4379 principe
988 4308 1249 4372 conﬁixit,
1302 4318 1357 4361 et
1410 4308 1666 4361 Dominus
1730 4307 1883 4362 fortis
1930 4308 2042 4362 for-

470 4414 579 4459 tem
609 4404 878 4458 diaboluin
904 4404 1030 4457 vicit
1063 4404 1113 4455 in
1144 4402 1351 4471 prmlio,
1392 4411 1444 4455 et
1482 4402 1703 4471 alligans
1732 4416 1874 4467 eum,
1923 4403 2043 4455 uni-

466 4510 621 4549 versa
652 4493 818 4563 spolia
840 4492 956 4560 ejus
986 4500 1040 4547 et
1057 4506 1185 4545 vasa
1210 4491 1448 4559 diripuit.

544 4604 561 4636 ς
607 4545 733 4638 Ιίὶἑο
785 4584 916 4637 dicit
968 4582 1226 4636 Dominus
1260 4581 1593 4635 exercituum
1642 4580 1785 4636 Deus
1832 4581 1994 4636 lsracl
2022 4599 2035 4635 :
2066 4545 2119 4604 Β

473 4693 491 4727 ι
537 4675 724 4729 Adhuc
765 4674 944 4728 dicent
982 4674 1205 4726 verbum
1259 4671 1402 4725 istud
1439 4672 1493 4724 in
1544 4680 1687 4725 terra
1719 4670 1872 4737 Juda,
1906 4684 1961 4727 et
1987 4673 2041 4727 in

472 4786 492 4818 ι
536 4768 760 4822 urbibus
783 4764 919 4833 ejus,
951 4780 1076 4820 cum
1097 4774 1413 4819 convertere
1436 4765 1802 4833 captivitatem
1830 4780 2036 4821 eorum.

473 4876 492 4911 ι
533 4858 823 4913 Benedicat
844 4857 938 4911 tibi
966 4856 1223 4910 Dominus
1250 4855 1592 4923 pulchritudo
1612 4855 1859 4924 justitiaz,
1887 4871 2043 4911 mons

473 4966 493 4999 ι
542 4955 779 5009 sanctus,
811 4954 863 5001 et
894 4946 1208 4998 habitabunt
1243 4947 1292 4997 in
1335 4960 1398 4998 eo
1425 4943 1611 5006 Judas,
1642 4954 1694 4999 ct
1740 4961 1927 4999 omnes
1972 4946 2042 5000 εἰ»

475 5055 493 5088 ι
542 5036 732 5089 vitales
780 5034 894 5102 ejus
922 5034 1099 5097 simul,
1136 5034 1382 5103 agricola:
1433 5043 1485 5086 et
1532 5020 1799 5088 minanfes
1828 5050 2036 5105 greges.

474 5149 491 5178 ι
541 5128 677 5193 Quia
734 5124 994 5179 inebriavi
1034 5125 1265 5177 animam
1297 5124 1515 5187 lassam,
1560 5134 1614 5178 et
1659 5142 1871 5180 omnem
1920 5128 2038 5181 ani-

476 5239 492 5269 ι
541 5234 683 5271 mam
734 5215 1062 5269 esurientem
1112 5213 1371 5267 saturavi.
1430 5232 1447 5262 ›
1484 5214 1734 5267 Praedicit
1779 5217 2040 5284 propheta

474 5310 649 5363 futura
677 5307 995 5361 Christiana:
1018 5305 1289 5373 religionis
1315 5315 1576 5374 tempora,
1614 5306 1667 5359 in
1717 5307 1910 5374 quibus
1952 5324 2041 5363 ca-

472 5402 768 5472 plivitulem
799 5398 977 5467 pepuli
1009 5398 1089 5451 sui
1115 5398 1369 5451 Dominus
1391 5397 1674 5462 convertit,
1694 5406 1747 5451 et
1774 5401 2043 5454 revocavit

472 5491 742 5559 dispersos
774 5488 825 5539 in
850 5496 1045 5539 terram
1090 5502 1263 5539 suam.
1298 5485 1447 5539 Tunc
1485 5486 1625 5539 enim
1652 5486 1831 5541 dicent
1858 5488 2041 5544 ﬁdeles

474 5584 541 5635 ad
571 5590 805 5635 montem
835 5579 949 5641 Dei,
982 5587 1211 5631 montem
1244 5578 1485 5642 uberem,
1527 5588 1763 5632 montem
1793 5580 2040 5649 coagula-

476 5685 610 5737 tum,
652 5682 888 5727 tnontem
923 5672 1191 5738 pinguem,
1247 5680 1480 5723 montem
1512 5672 1564 5723 in
1606 5688 1710 5743 quo
1764 5674 1899 5725 bene
1928 5672 2037 5742 pla-

475 5766 639 5819 citum
682 5776 781 5829 est,
827 5764 932 5817 Deo
982 5760 1225 5814 habitare
1272 5761 1324 5813 in
1375 5776 1439 5814 co
1475 5779 1485 5812 :
1522 5752 1719 5815 etenim
1780 5763 2038 5816 Dominus

2151 1946 2450 2017 sanguinis,
2493 1944 2685 2007 ﬁdeles
2699 1947 2872 2003 reﬁcit
2897 1956 2951 2004 et
2980 1964 3194 2005 omnem
3232 1952 3469 2006 animam
3498 1954 3743 2010 esurien-

2152 2045 2261 2091 tem
2299 2038 2463 2092 satiat
2494 2056 2507 2092 :
2542 2058 2559 2090 ι
2587 2038 2739 2093 Beati
2769 2040 2916 2093 enim
2946 2040 3039 2110 qui
3076 2042 3323 2095 esuriunt
3347 2052 3403 2097 et
3446 2044 3743 2113 sitiuntju-

2151 2128 2354 2183 stitiam
2376 2168 2392 2193 ,
2426 2130 2680 2198 quoniam
2714 2129 2815 2199 ipsi
2848 2130 3233 2186 saturabuntur
3254 2132 3468 2203 (Matth.
3515 2136 3591 2207 v).
3623 2154 3640 2185 ι
3668 2136 3743 2191 [bi

2152 2230 2279 2275 sunt
2327 2221 2575 2292 agricola:
2620 2230 2676 2276 et
2740 2223 3008 2277 minantes
3054 2237 3288 2293 greges:
3328 2224 3453 2293 quia
3506 2226 3744 2282 cultores

2152 2312 2267 2381 agri
2290 2312 2578 2377 Dominici,
2596 2320 2907 2382 etpastores
2930 2312 3109 2366 ovium
3131 2328 3373 2379 suarum,
3399 2316 3490 2385 qui
3512 2324 3742 2386 pascunt

2151 2419 2243 2459 eos
2272 2404 2437 2458 verbo
2457 2403 2658 2468 divino,
2682 2409 2736 2457 et
2759 2404 3052 2457 secundum
3073 2404 3314 2473 pastoris
3336 2406 3537 2461 summi
3561 2422 3745 2462 exem-

2152 2497 2299 2566 plum
2328 2496 2501 2567 parati
2525 2505 2650 2550 sunt
2687 2509 2890 2564 ponere
2912 2495 3120 2549 animas
3142 2510 3267 2551 suas
3285 2511 3387 2565 pro
3406 2496 3605 2552 ovibus
3630 2499 3744 2554 suis

2154 2586 2333 2659 (Joan.
2376 2587 2456 2658 ι),
2486 2587 2699 2641 assidue
2748 2595 3159 2641 conversantur.
3211 2585 3336 2641 Haae
3373 2602 3505 2658 ergo
3556 2588 3612 2642 in
3640 2588 3745 2658 spi-

2157 2678 2259 2731 ritu
2285 2677 2588 2747 praavidens
2609 2675 2892 2746 prOpheta,
2917 2676 3168 2745 protinus
3189 2675 3483 2747 subiungit,
3508 2678 3699 2733 dicens
3723 2695 3739 2731 :

2227 2789 2244 2820 ε
2282 2769 2408 2823 ldeo
2446 2768 2602 2838 quasi
2648 2769 2713 2823 de
2753 2783 2944 2822 somno
2989 2770 3283 2824 suscitatus
3326 2786 3445 2824 sum
3475 2779 3530 2825 et
3571 2772 3684 2824 vidi
3723 2785 3739 2825 :

2152 2867 2207 2913 et
2257 2875 2479 2923 somnus
2520 2873 2674 2913 meus
2716 2857 3015 2913 duleis'fuit
3066 2860 3218 2914 mihi.
3252 2878 3269 2909 ι
3299 2860 3441 2927 Quid
3479 2872 3558 2917 est
3593 2863 3742 2931 quod

2151 2950 2285 3019 dicit
2329 2950 2397 3006 de
2428 2966 2618 3004 somno
2664 2948 3005 3014 suscitatum,
3040 2958 3095 3003 et
3138 2950 3361 3014 vidisse,
3390 2960 3447 3006 et
3492 2965 3549 3006 se
3591 2968 3742 3007 som-

2152 3054 2283 3094 num
2332 3054 2487 3094 suum
2530 3039 2684 3094 dulce
2714 3038 2815 3093 sibi
2846 3038 3048 3093 factum
3082 3054 3205 3095 esse
3228 3040 3255 3093 ἒ
3303 3039 3419 3097 Nisi
3446 3042 3587 3111 quod
3639 3058 3741 3113 per

2151 3130 2381 3201 gratiam
2422 3129 2647 3194 Christi,
2705 3130 2796 3199 qui
2848 3130 2915 3185 de
2961 3145 3155 3200 sopore
3198 3130 3393 3186 mortis
3433 3134 3739 3207 resurrexit

2150 3221 2205 3274 in
2256 3220 2445 3291 gloria,
2478 3221 2591 3290 ipse
2616 3220 2885 3289 Propheta
2915 3221 2981 3276 de
3002 3235 3191 3277 somno
3227 3222 3368 3276 tzedii
3397 3230 3452 3276 et
3491 3223 3738 3278 tristitie

2149 3309 2572 3365 revelationibus
2617 3310 2815 3364 divinis
2876 3310 3188 3375 suscitatus,
3236 3298 3484 3366 somnum
3530 3314 3737 3382 quietis

2150 3410 2206 3455 et
2272 3400 2421 3469 pacis
2467 3400 2721 3455 suavibus
2770 3400 2863 3455 Dei
2912 3401 3365 3470 promissionibus
3421 3402 3738 3458 consolatus

2150 3491 2397 3545 invenit?
2444 3490 2581 3545 Hinc
2610 3498 2663 3545 et
2692 3492 2747 3545 in
2796 3490 3104 3546 Proverbiis
3148 3491 3410 3561 scriptum
3455 3499 3580 3545 est:
3623 3512 3639 3543 ι
3676 3492 3738 3547 Si

2149 3584 2455 3648 dormieris,
2482 3600 2588 3638 non
2625 3584 2856 3647 timebis,
2893 3584 3140 3653 quiesces
3169 3591 3223 3637 et
3251 3584 3430 3637 suavis
3453 3584 3556 3638 erit
3584 3599 3740 3639 som-

2148 3691 2250 3729 nus
2278 3684 2420 3739 tuus,
2454 3693 2473 3725 ι
2508 3682 2563 3728 et
2592 3674 2795 3741 reliqua
2835 3670 3015 3744 (Prov.
3058 3674 3161 3745 ιιι).
3214 3674 3370 3728 Patet
3391 3672 3543 3741 juxta
3584 3674 3739 3728 litte-

2151 3778 2291 3827 ram,
2334 3763 2461 3831 quia
2492 3777 2719 3817 securus
2749 3771 2800 3817 et
2829 3762 3046 3827 dormit,
3073 3770 3129 3817 et
3148 3763 3355 3833 vigilat,
3388 3770 3438 3817 et
3474 3764 3733 3833 quiescit,

2151 3864 2205 3910 et
2234 3855 2491 3918 ambulat,
2524 3854 2613 3923 qui
2666 3870 2724 3909 se
2766 3853 3083 3909 innocenter
3113 3862 3239 3909 ante
3292 3854 3478 3919 Deum,
3510 3855 3737 3924 etjuste

2147 3948 2331 4002 vivere
2366 3945 2631 3999 meminit.
2682 3944 2788 4001 Sed
2829 3952 2882 3999 et
2905 3944 3084 4013 justus
3127 3960 3250 3999 cum
3282 3945 3337 3999 in
3383 3952 3552 3999 morte
3597 3945 3734 4000 dor-

2148 4037 2349 4097 mierit,
2380 4050 2485 4088 non
2512 4035 2684 4088 solum
2729 4035 2999 4103 potentias
3042 4034 3399 4104 malignorum
3438 4035 3733 4103 spirituum

2149 4142 2255 4181 non
2298 4125 2508 4191 metuit,
2562 4126 2654 4180 sed
2696 4132 2750 4179 et
2803 4124 2858 4177 in
2906 4139 3038 4192 pace
3090 4124 3342 4193 quiescit,
3395 4140 3455 4179 ac
3504 4140 3735 4181 securus

2149 4215 2290 4270 diem
2334 4215 2750 4269 resurrectionis
2791 4223 3087 4283 exspectat,
3138 4215 3264 4283 quia
3316 4215 3477 4269 Deum
3529 4216 3733 4285 ubique

2146 4312 2506 4373 protectorem
2532 4303 2696 4357 habet
2737 4311 2791 4357 et
2844 4302 3147 4367 custodem,
3200 4304 3359 4373 quale
3394 4313 3476 4359 est
3516 4304 3571 4358 in
3595 4305 3734 4374 psal-

2147 4409 2236 4448 mo
2261 4412 2272 4447 :
2312 4414 2327 4444 ‹
2357 4392 2490 4445 Nam
2540 4402 2593 4446 et
2622 4393 2664 4445 si
2690 4392 2959 4447 ambulem
2984 4393 3037 4445 in
3066 4394 3243 4447 medio
3282 4396 3489 4449 umbra:
3514 4397 3729 4457 martis,

2148 4500 2253 4539 non
2272 4484 2469 4539 timebo
2491 4483 2653 4548 mala,
2666 4484 2922 4553 quoniam
2937 4491 2991 4538 tu
3016 4498 3225 4539 mecum
3244 4499 3303 4539 es
3316 4484 3488 4555 (Psal.
3517 4466 3675 4556 nn):
3707 4505 3725 4537 ι

2222 4594 2241 4626 ί
2284 4574 2424 4629 Ecce
2464 4576 2579 4630 dies
2602 4576 2840 4639 veniunt,
2888 4576 3017 4630 dicit
3052 4576 3334 4643 Dominus,
3361 4587 3418 4633 et
3448 4579 3731 4634 seminabo

2151 4684 2170 4718 ι
2218 4666 2433 4721 domum
2461 4665 2654 4731 Israel,
2686 4675 2741 4721 et
2764 4666 2981 4721 domum
3010 4666 3144 4721 Juda
3184 4670 3392 4724 semine
3424 4670 3726 4733 hominum,

2152 4776 2171 4809 ‹
2215 4765 2270 4812 et
2298 4755 2909 4825 seminejumentorum.
2945 4758 3013 4811 Et
3040 4757 3181 4813 sicut
3202 4759 3419 4829 vigilavi
3450 4776 3615 4831 super
3637 4775 3727 4814 eos

2153 4867 2170 4899 ι
2216 4847 2601 4913 utevellerem,
2631 4857 2688 4902 et
2724 4848 3033 4912 demolirer,
3077 4850 3505 4919 et-dissiparem,
3530 4860 3583 4905 et
3611 4852 3723 4905 dis-

2155 4956 2171 4988 ι
2218 4939 2521 5008 perderem,
2550 4946 2605 4992 et
2651 4938 2939 5009 aﬂligerem
2973 4959 2985 4991 :
3018 4939 3096 4993 sic
3142 4940 3376 5010 vigilabo
3418 4955 3581 5009 super
3605 4956 3723 5005 eos,

2154 5046 2170 5077 ι
2218 5036 2275 5080 ιιι
2303 5028 2580 5093 aediﬁcem,
2616 5038 2670 5083 et
2699 5030 2955 5098 plantem,
2984 5030 3059 5082 ait
3086 5030 3364 5084 Dominus.
3407 5050 3422 5080 ι
3460 5031 3584 5086 Dies
3636 5034 3723 5087 isti

2147 5121 2259 5174 dies
2290 5128 2412 5174 sunt
2446 5119 2606 5174 Novio
2625 5118 2975 5184 Testamenti,
3012 5120 3064 5173 in
3107 5121 3303 5190 quibus
3332 5122 3590 5178 Dominus
3641 5139 3726 5179 se-

2145 5211 2315 5263 minat
2363 5211 2579 5265 domum
2626 5210 2812 5275 Israel,
2882 5217 2936 5264 et
2974 5209 3193 5264 domum
3246 5210 3400 5273 Juda,
3460 5212 3565 5267 hoc
3618 5223 3720 5278 est,

2144 5300 2443 5357 Ecclesium
2474 5301 2797 5355 catholicam
2826 5300 3226 5389 replet‘semine
3261 5300 3518 5364 hominis,
3554 5311 3613 5356 et
3638 5316 3723 5356 se-

2147 5394 2295 5447 mine
2329 5394 2737 5463 jumentorum:
2770 5392 2940 5447 turbis
2962 5392 3214 5460 videlicet
3247 5391 3555 5447 Judzeorum
3605 5393 3722 5464 lege

2146 5488 2325 5545 divina
2349 5488 2751 5552 institutorum,
2783 5495 2838 5541 et
2874 5487 3157 5556 gentilium
3196 5487 3479 5541 brutorum
3507 5487 3722 5541 anima-

2146 5579 2275 5632 lium
2306 5594 2455 5633 more
2489 5577 2784 5633 viventium
2816 5594 2828 5629 :
2862 5579 2977 5632 sive
3005 5576 3329 5647 generaliter
3374 5577 3721 5634 multitudine

2143 5671 2544 5740 ingeniosorum
2610 5670 2917 5734 hominum,
2974 5669 3057 5725 vel
3110 5670 3274 5724 etiam
3346 5670 3715 5740 simplicium:

2140 5762 2265 5831 quia
2324 5780 2428 5817 non
2487 5772 2567 5815 est
2622 5778 2975 5830 personarum
3027 5773 3280 5832 acceptor
3329 5764 3486 5827 Deus,
3524 5762 3621 5817 sed
3665 5762 3719 5815 in
