3926 6338
202 360 342 419 1041

1126 352 1488 413 EXPOSITIO
1527 350 1750 410 SUPER
1788 347 2149 407 JEREMIAM.
2186 382 2257 391 —
2289 351 2417 407 LIB.
2460 352 2573 410 XII.

3341 355 3482 413 I042

202 474 358 531 omni
396 476 556 547 gente
602 471 694 542 qui
732 470 888 526 timet
915 454 1109 537 Deum,
1143 452 1199 524 et
1228 465 1793 539 operaturjustitiam,
1823 467 1871 527 Α
1900 472 2101 520 scente.
2153 463 2344 520 Solem
2369 480 2582 536 quoque
2612 466 2665 522 in
2721 466 2825 521 hoc
2859 466 2979 524 loco
3008 466 3249 524 lnerctici
3274 473 3482 539 quive-

203 575 467 637 acceptus
521 573 607 621 est
662 563 758 618 illi.
796 583 815 615 (
845 562 962 619 Non
1001 562 1147 617 enim
1177 569 1262 617 est
1301 559 1577 615 distinctio
1625 555 1795 613 Judaei
1829 552 1837 561 ⁸

203 655 500 729 et‘Crzeci,
537 653 763 710 Barbari
810 662 866 710 et
921 652 1137 724 Scythi,
1163 650 1306 707 servi
1345 659 1400 706 et
1436 649 1590 706 liberi
1619 647 1796 720 (Rom.

202 750 270 822 ιι)
302 768 323 802 ι
358 767 371 804 :
403 749 499 805 sed
526 749 708 804 omnia
731 755 788 804 et
806 748 862 804 in
884 746 1137 803 omnibus
1157 753 1243 802 est
1268 743 1537 802 Christus.
1566 744 1636 801 Et
1656 744 1801 800 sicut

203 840 484 913 quondam
527 841 769 912 vigilavit
804 839 1089 903 Dominus,
1117 846 1180 893 ut
1202 836 1458 895 evelleret
1483 846 1541 895 et
1567 837 1800 908 dissipa-

204 942 318 1001 ret,
362 941 419 987 et
466 933 823 1003 disperderet,
868 938 926 987 et
950 928 1215 1003 aﬁligeret
1242 947 1431 989 omnes
1458 939 1645 1004 gentes
1670 944 1799 1003 pro-

201 1034 334 1097 pter
351 1025 849 1098 praevaricationem
867 1024 1030 1096 primi
1056 1010 1309 1090 liominis,
1334 1032 1391 1081 et
1430 1018 1634 1081 scelera
1660 1021 1801 1080 mul-

204 1126 262 1172 ta
313 1132 433 1188 quae
472 1117 601 1188 ipsae
628 1116 993 1172 addiderunt:
1036 1116 1117 1172 sic
1148 1131 1293 1171 nunc
1336 1124 1513 1173 morte
1570 1113 1795 1181 Christi,

200 1217 263 1264 ct
327 1206 588 1264 effusione
636 1206 915 1279 sanguinis
976 1204 1093 1274 ejus
1144 1206 1388 1276 placatus
1449 1203 1639 1271 vigilat
1705 1218 1797 1258 su-

200 1312 305 1368 per
331 1313 447 1363 eos,
500 1306 561 1352 ut
602 1298 849 1364 aediﬁcet,
899 1306 954 1352 et
1007 1296 1233 1366 plantet,
1276 1302 1331 1350 et
1377 1301 1649 1364 praeparet
1696 1292 1799 1348 sibi

199 1387 461 1458 populum
488 1387 898 1457 aeceptabilem,
914 1383 1241 1441 sectatorem
1264 1385 1529 1439 bonorum
1549 1397 1797 1453 operum.

285 1499 302 1531 ι
332 1478 392 1533 In
410 1479 597 1534 diebus
630 1478 735 1533 illis
762 1493 869 1534 non
898 1477 1077 1533 dicent
1105 1476 1244 1532 ultra
1284 1493 1299 1531 :
1331 1475 1521 1531 Patres
1546 1474 1798 1530 comede-

208 1587 228 1620 ι
276 1577 407 1624 runt
462 1583 623 1623 uvam
660 1568 933 1634 acerbam,
991 1575 1046 1622 et
1098 1568 1287 1623 dentes
1325 1565 1561 1620 ﬁliorum
1608 1566 1797 1621 obstu-

205 1678 227 1711 ‹
276 1668 512 1729 puerunt
546 1678 559 1714 :
592 1660 685 1715 sed
710 1659 1080 1729 unusquisque
1113 1638 1168 1713 In
1206 1658 1490 1728 iniquitate
1539 1673 1637 1714 sua
1683 1672 1793 1712 mo-

206 1770 227 1803 ‹
278 1751 469 1805 rietur.
529 1770 545 1801 ›
599 1749 733 1805 Huic
759 1749 1044 1805 sententiae
1073 1748 1373 1804 concordat
1401 1748 1533 1802 illud
1575 1748 1797 1816 quodin

198 1838 493 1895 Ezechiele
538 1840 754 1910 legitur,
789 1839 877 1895 ubi
907 1840 979 1893 ita
1013 1840 1276 1908 scriptum
1307 1847 1390 1893 est
1425 1856 1436 1890 :
1479 1856 1497 1888 ι
1532 1837 1600 1891 Et
1627 1836 1802 1891 factus

198 1939 290 1987 est
340 1945 521 1985 sermo
566 1930 782 1984 Domini
827 1930 895 1984 ad
947 1942 1035 1983 me
1077 1929 1263 1985 dicens
1293 1945 1307 1982 :
1336 1928 1475 1995 Quid
1517 1938 1601 1984 est
1660 1928 1803 1998 quod

199 2022 353 2076 inter
381 2036 476 2075 vos
519 2018 832 2090 parabolam
859 2018 1071 2075 vertitis
1100 2019 1153 2073 in
1175 2017 1527 2089 proverbium
1554 2019 1719 2083 istud,
1746 2018 1801 2072 in

199 2119 358 2167 terra
402 2110 599 2177 Israel,
647 2111 888 2166 dicentes
938 2129 951 2164 :
996 2110 1198 2165 Patres.
1238 2111 1591 2166 comederunt
1641 2125 1800 2163 uvam

198 2204 483 2268 acerbam,
507 2212 561 2257 et
589 2198 779 2257 dentes
803 2202 1035 2258 ﬁliorum
1058 2202 1490 2272 obstupuerunt?
1524 2199 1652 2256 Vivo
1676 2216 1797 2273 ego,

199 2294 644 2358 dieitDcminus,
703 2294 747 2349 si
793 2294 900 2349 erit
921 2294 1073 2348 vobis
1113 2293 1257 2349 uitra
1304 2293 1562 2363 parabola
1607 2293 1722 2347 haec
1748 2294 1801 2347 in

199 2384 557 2454 proverbium
584 2384 640 2438 in
688 2383 871 2438 Israel.
914 2383 1053 2438 Ecce
1074 2398 1262 2439 omnes
1281 2384 1473 2439 animae
1498 2400 1630 2439 meae
1655 2392 1800 2449 sunt,

203 2483 268 2529 ut
296 2473 479 2527 anima
501 2474 694 2543 patris,
735 2472 810 2527 ita
838 2481 895 2529 et
940 2473 1121 2527 anima
1156 2472 1248 2527 ﬁlii
1302 2489 1421 2529 mea
1456 2480 1563 2528 est.
1609 2472 1803 2526 Anima

199 2579 334 2635 qua:
357 2566 683 2636 peccaverit,
726 2566 842 2636 ipsa
896 2565 1158 2620 morietur
1191 2564 1408 2636 (Ezech.
1436 2564 1609 2635 xvin).
1646 2584 1663 2616 ι
1694 2564 1805 2619 Μο-

204 2664 307 2712 net
341 2664 520 2711 autem
549 2655 829 2726 Scriptura
856 2656 1036 2709 divina
1061 2654 1193 2710 illud
1221 2654 1365 2724 quod
1412 2655 1464 2708 in
1492 2654 1678 2710 Exodo
1723 2656 1804 2710 di-

201 2755 361 2804 ctum
409 2755 536 2803 est:
574 2767 591 2799 ι
624 2747 737 2818 Ego
757 2762 876 2802 sum
924 2746 1065 2800 Deus
1116 2754 1260 2811 tuus,
1317 2747 1460 2800 Deus
1498 2746 1800 2812 aemulator,

203 2841 303 2911 qui
334 2841 499 2896 reddo
527 2849 752 2911 peccata
778 2846 997 2911 patrum
1027 2853 1189 2908 super
1214 2838 1372 2903 ﬁlios,
1403 2853 1575 2907 usque
1597 2838 1664 2893 ad
1690 2848 1773 2893 ter
1796 2868 1805 2879 ι

205 2931 347 2986 tiam
373 2937 430 2986 et
466 2939 716 3001 quartam
745 2931 1145 3002 generationem
1174 2930 1259 2985 his
1292 2930 1384 3000 qui
1410 2930 1642 2985 oderunt
1672 2946 1758 2985 me
1785 2948 1797 2985 :

204 3028 266 3077 et
292 3018 433 3074 facio
461 3018 886 3074 misericordiam
914 3019 969 3073 in
1006 3018 1171 3073 millia
1211 3019 1297 3073 his
1326 3019 1416 3087 qui
1443 3018 1671 3089 diligunt
1692 3032 1798 3086 mc,

205 3119 263 3167 et
295 3110 609 3167 custodiunt
629 3120 897 3181 praecepta
921 3125 1038 3165 mea
1064 3109 1260 3181 (Exod.
1286 3110 1409 3182 xx);
1438 3130 1455 3163 ι
1483 3119 1538 3166 et
1562 3111 1758 3167 iterum
1784 3128 1798 3165 :

1901 564 1987 611 tus
2016 571 2124 612 non
2149 556 2449 626 suscipiunt
2471 555 2915 625 Instrumentum,
2950 568 3138 615 contra
3164 560 3480 618 Creatorem

1897 650 2078 708 dicere
2108 669 2122 707 :
2148 649 2321 719 Quam
2364 650 2536 707 bonus
2575 660 2630 707 et
2669 652 2847 722 justus
2898 652 3039 708 Deus
3077 654 3211 724 legis
3261 664 3316 710 et
3350 656 3483 712 Pro-

1895 742 2205 813 phetarum,
2236 742 2329 812 qui
2381 741 2670 811 quiescens
2702 744 2766 798 ad
2797 752 3019 813 peccata
3050 752 3268 814 patrum
3307 746 3487 803 reddit

1897 834 1985 891 bis
2011 839 2103 907 qui
2134 850 2242 891 non
2261 843 2625 906 peccaverunt
2653 854 2664 889 :
2696 837 2805 893 imo
2827 846 3033 908 quanta
3055 817 3115 893 in
3137 854 3203 894 eo
3248 840 3486 897 crudeli—

1898 937 2002 995 tas,
2052 938 2111 985 ut
2160 930 2298 985 iram
2332 944 2485 986 suam
2529 946 2700 1000 usque
2737 931 2803 986 ad
2856 932 3070 986 tertiam
3108 933 3382 999 extendat,
3430 943 3489 990 et

1898 1029 2149 1090 quartam
2178 1021 2624 1093 generationem?
2650 1020 2856 1088 Quibus
2880 1037 2979 1076 nos
3013 1024 3487 1093 respondebimus,

1899 1120 1957 1169 et
1993 1113 2046 1167 in
2092 1115 2195 1170 hoc
2245 1114 2342 1169 Dei
2386 1114 2650 1170 creatoris
2706 1113 3049 1168 clementiam
3095 1116 3486 1171 demonstrari.

1901 1204 2019 1260 Non
2041 1206 2185 1261 enim
2230 1205 2571 1261 truculentia:
2616 1215 2698 1261 est
2722 1214 2775 1260 et
2799 1207 3103 1262 severitatis
3138 1208 3271 1263 iram
3300 1218 3493 1265 tenere

1900 1310 2071 1367 usque
2115 1297 2183 1351 ad
2238 1298 2455 1352 tertiam
2501 1308 2555 1353 ct
2604 1307 2852 1367 quartam
2901 1300 3349 1369 generationem:
3396 1300 3488 1354 sed

1901 1386 2111 1456 signum
2138 1387 2519 1441 misericordia:
2537 1402 2755 1456 poenam
2778 1388 2993 1444 differre
3011 1390 3238 1460 peccati.
3258 1390 3484 1457 Quando

1900 1479 2045 1533 enim
2071 1478 2201 1534 dicit
2231 1496 2243 1533 :
2273 1498 2291 1531 ι
2329 1478 2587 1534 Dominus
2610 1481 2751 1535 Deus
2770 1482 3052 1537 miscrator
3075 1492 3126 1538 et
3152 1484 3480 1546 misericors,

1898 1568 2131 1635 patiens,
2164 1577 2218 1622 et
2253 1567 2432 1622 multa:
2462 1569 2845 1633 miserationis,
2886 1591 2902 1621 ι
2940 1581 2993 1626 et
3021 1573 3181 1629 infert
3214 1575 3486 1630 «reddens

1904 1656 2244 1727 iniquitatem
2273 1667 2487 1729 patrum
2518 1675 2680 1730 super
2726 1661 2883 1726 ﬁlios,
2914 1672 2963 1716 et
2992 1664 3127 1719 ﬁlios
3153 1666 3384 1719 ﬁliorum
3410 1682 3423 1730 ;
3462 1685 3479 1716 δ

1902 1749 2005 1803 hoc
2056 1750 2258 1806 indicat
2301 1752 2443 1821 quod
2498 1761 2663 1806 tanta:
2716 1753 3099 1810 misericordia:
3138 1758 3227 1822 sit,
3280 1765 3338 1811 ut
3382 1772 3486 1811 non

1907 1840 2090 1894 statim
2135 1843 2343 1924 puniat,
2369 1844 2462 1897 scd
2494 1846 2814 1898 sententiam
2833 1847 3055 1921 differat
3082 1849 3356 1919 puniendi.
3390 1847 3484 1902 Sin

1876 1940 2085 2005 (autem
2114 1932 2350 1988 vindicta
2402 1936 2735 2003 peccantium
2778 1937 3023 1993 differtur
3062 1941 3113 1993 in
3168 1942 3381 1994 tertiam
3434 1950 3489 1995 et

1890 2030 2153 2089 .quartam
2187 2022 2585 2090 generationem
2618 2041 2630 2075 :
2670 2020 2789 2076 eum
2820 2024 2980 2091 justis
3021 2028 3329 2095 sanctisque
3358 2027 3486 2095 quid

1908 2112 2140 2182 amplius
2197 2111 2361 2166 facit?
2408 2112 2707 2183 Sequitur:
2742 2135 2757 2165 (
2791 2117 2856 2170 Et
2891 2126 3071 2171 servat
3118 2117 3383 2187 justitiam
3428 2127 3486 2174 et

1905 2203 2329 2257 misericordiam
2389 2204 2445 2257 in
2482 2205 2649 2259 multa
2687 2208 2873 2271 millia,
2935 2209 3017 2262 bis
3058 2210 3149 2278 qui
3179 2210 3489 2264 custodiunt

1906 2291 2157 2346 mandata
2184 2292 2323 2361 ejus,
2347 2300 2401 2347 et
2427 2292 2630 2349 faciunt
2660 2307 2927 2367 prmcepta
2964 2298 3123 2351 illius.
3160 2318 3175 2348 ›
3208 2297 3481 2368 Scriptum

1906 2392 1989 2438 est
2036 2385 2088 2438 in
2114 2383 2420 2440 Proverbiis
2450 2404 2464 2440 :
2501 2406 2519 2437 ι
2561 2387 2714 2443 Sicut
2752 2405 2854 2443 uva
2891 2390 3087 2445 acerba
3113 2391 3365 2445 dentibus
3391 2406 3486 2445 no-

1906 2472 1995 2525 xia
2024 2480 2125 2537 est,
2160 2482 2212 2527 et
2247 2472 2423 2528 fumus
2447 2476 2638 2541 oculis,
2688 2478 2766 2531 sic
2802 2479 3056 2548 iniquitas
3079 2479 3162 2534 IIIS
3209 2480 3299 2549 qui
3333 2488 3488 2533 utun-

1908 2569 1998 2614 tur
2040 2576 2103 2615 ea
2152 2561 2334 2632 (Prov.
2378 2561 2457 2633 χ).
2518 2584 2540 2615 ›
2586 2565 2662 2617 Ex
2704 2582 2809 2633 quo
2852 2568 3198 2637 perSpicuum
3233 2575 3333 2627 cst,
3379 2582 3486 2621 non

1905 2655 2134 2711 aliorum
2165 2655 2347 2711 dolere
2396 2657 2608 2723 dentes,
2649 2668 2701 2711 et
2732 2659 3133 2729 obstupescere,
3162 2661 3254 2715 sed
3297 2675 3485 2715 eorum

1905 2746 1996 2815 qui
2045 2761 2203 2825 uvam
2233 2748 2484 2801 acerbam
2518 2749 2886 2817 comederunt.
2928 2751 3019 2805 Est
3061 2761 3240 2805 autem
3272 2750 3373 2805 loci
3414 2750 3487 2803 is-

1906 2834 2014 2889 tius
2042 2835 2129 2889 hic
2157 2851 2347 2891 sensus
2374 2877 2388 2902 ,
2427 2839 2697 2908 quomodo
2727 2841 2769 2895 si
2807 2840 2929 2909 quis
2957 2840 3082 2894 velit
3127 2840 3309 2894 dicere
3340 2858 3352 2892 :
3386 2839 3489 2893 Pa-

1906 2936 2017 2983 tres
2048 2944 2207 2983 uvam
2263 2931 2511 2985 acerbam
2542 2934 2912 2999 comederunt,
2945 2944 2998 2989 et
3028 2936 3215 2989 dentes
3253 2934 3485 2989 ﬁliorum

1905 3020 2302 3090 obstupuerunt
2340 3038 2352 3074 :
2386 3021 2687 3076 Ridiculum
2742 3033 2847 3089 est,
2910 3033 2964 3079 et
3027 3026 3225 3081 nullam
3279 3027 3483 3081 habens

1907 3112 2352 3181 consequentiam
2396 3130 2409 3166 :
2446 3109 2807 3183 s?c'iuiqmnn
2859 3126 2940 3171 est
2967 3125 3128 3186 atque
3170 3126 3487 3186 perversum

212 3222 231 3257 ι
270 3201 563 3259 Descendit
594 3200 853 3257 Dominus
878 3201 931 3255 in
982 3201 1145 3267 nube,
1182 3209 1238 3255 et
1262 3201 1434 3257 astitit
1469 3200 1625 3269 juxta
1656 3200 1805 3273 Moy-
1830 3184 1878 3251 C
1909 3215 2135 3271 peccare
2160 3211 2363 3271 patres,
2390 3212 2443 3258 et
2474 3204 2610 3259 ﬁlios
2646 3216 2973 3275 nepotesque
3022 3184 3273 3262 cruciari.
3313 3228 3331 3260 ι
3360 3208 3488 3263 Om-

208 3307 311 3348 sen
344 3311 356 3345 :
397 3300 452 3346 et
479 3291 751 3347 invocavit
771 3289 982 3363 Moyses
1004 3308 1201 3348 nomen
1227 3292 1463 3360 Domini,
1499 3300 1555 3348 et
1588 3293 1804 3349 transiit

208 3383 478 3439 Dominus
506 3392 633 3438 ante
657 3381 852 3439 faciem
874 3382 1011 3453 ejus,
1040 3392 1095 3440 et
1116 3383 1391 3439 invocavit
1418 3399 1541 3439 eum
1568 3385 1755 3444 dicens
1784 3403 1799 3441 :

210 3474 479 3530 Dominus
505 3474 649 3530 Deus
696 3474 987 3530 miserator
1029 3482 1085 3530 et
1122 3474 1460 3542 misericors,
1486 3476 1701 3547 patiens
1747 3484 1805 3533 et

211 3562 402 3619 multa:
436 3562 841 3633 misericordiae,
875 3571 929 3618 et
962 3577 1152 3630 verax,
1182 3571 1237 3619 et
1260 3561 1527 3634 justitiam
1553 3580 1799 3633 servans,

212 3662 270 3708 et
313 3652 739 3708 misericordiam
770 3654 823 3708 in
844 3653 1013 3707 millia
1059 3651 1311 3710 auferens
1366 3655 1700 3725 iniquitates,
1750 3664 1804 3712 et

214 3743 530 3812 injustitias,
567 3754 623 3798 et
667 3753 908 3815 peccata,
938 3753 992 3799 et
1014 3760 1121 3800 non
1145 3746 1460 3802 emundabit
1486 3762 1662 3814 reum,
1689 3747 1806 3802 red-

214 3836 353 3889 dens
382 3835 693 3904 iniquitates
744 3844 957 3904 patrum
986 3852 1152 3907 super
1184 3837 1345 3903 ﬁlios,
1370 3836 1429 3892 et
1460 3854 1622 3909 super
1662 3839 1803 3893 ﬁlios

214 3924 455 3981 ﬁliorum
489 3926 541 3979 in
564 3926 777 3981 tertiam
816 3933 871 3982 et
890 3936 1143 3996 quartam
1164 3929 1570 3999 generationem
1599 3927 1798 3999 (Exod.

216 4015 434 4086 xxxrv),
500 4035 519 4067 ι
563 4017 643 4073 sic
692 4017 865 4088 accipi
915 4018 1131 4085 debere,
1177 4020 1333 4089 quasi
1376 4020 1690 4091 parabolam
1749 4030 1804 4076 et

214 4107 589 4179 proverbium,
611 4118 672 4164 ut
710 4108 854 4164 aliud
874 4110 930 4164 in
955 4110 1135 4171 verbis
1165 4118 1341 4176 sonet,
1384 4110 1530 4165 aliud
1561 4111 1613 4165 in
1644 4126 1805 4167 sensu

216 4207 426 4255 teneat.
463 4198 528 4258 Et
562 4213 661 4253 nos
688 4214 859 4268 usque
890 4201 944 4253 in
983 4209 1303 4270 praesentem
1344 4202 1667 4271 putabamus
1698 4203 1805 4257 duo

219 4292 530 4348 testimonia
581 4291 772 4358 Exodi,
834 4308 951 4361 quae
998 4308 1160 4363 supra
1209 4294 1508 4363 posuimus,
1540 4310 1645 4349 non
1682 4308 1805 4351 esse

216 4381 553 4454 parabolam,
609 4382 704 4438 sed
756 4382 1059 4454 simplicem
1102 4384 1375 4454 explicare
1434 4387 1801 4442 sententiam:

217 4486 274 4532 et
316 4489 626 4546 quanquam
669 4489 779 4530 non
808 4475 1131 4530 auderemus
1162 4476 1441 4546 quippiam
1496 4478 1677 4533 dicere
1706 4492 1805 4533 nec

223 4592 241 4625 ι
287 4586 387 4628 vas
414 4570 577 4627 ﬁctile
601 4570 747 4641 loqui
774 4578 963 4625 contra
996 4570 1240 4641 ﬁgulum,
1276 4554 1455 4638 Quare
1506 4572 1583 4627 ita
1609 4572 1693 4628 vel
1734 4572 1807 4627 ita

218 4663 399 4721 fecisti
437 4662 555 4717 me?
587 4682 603 4714 ι
637 4661 809 4733 (Rom.
842 4662 944 4733 rx),
970 4670 1155 4717 tamen
1213 4664 1523 4718 scandalum
1557 4665 1804 4734 patieba-

219 4770 346 4809 mur
393 4753 681 4818 occultum,
732 4754 875 4823 quod
910 4753 1172 4823 injustitia
1197 4754 1475 4808 videretur
1501 4753 1615 4819 Dei,
1639 4754 1805 4809 alium

219 4856 471 4913 peccare,
530 4851 584 4897 et
632 4842 797 4897 alium
839 4842 987 4897 luere
1046 4852 1289 4912 peccata.
1332 4842 1390 4898 Si
1436 4844 1582 4898 enim
1630 4843 1806 4899 reddit

217 4940 447 5002 peccata
488 4940 704 5002 patrum
749 4948 909 5003 super
941 4932 1079 4988 ﬁlios
1109 4933 1161 4986 in
1195 4933 1409 4987 tertiam
1455 4942 1509 4987 et
1556 4942 1805 5003 quartam

221 5024 652 5095 generationem,
712 5033 766 5079 et
824 5023 1083 5093 injustam
1140 5026 1379 5094 videtur,
1420 5035 1479 5081 ut
1511 5027 1653 5081 alius
1681 5042 1807 5097 pec—

224 5125 337 5181 cet,
368 5124 424 5170 et
460 5116 597 5171 alius
626 5117 899 5185 puniatur.
948 5117 1075 5173 Sed
1101 5134 1168 5174 ex
1212 5133 1277 5173 eo
1325 5118 1467 5187 quod
1516 5120 1802 5188 sequitur:

229 5228 247 5259 ι
279 5206 377 5261 llis
416 5208 508 5277 qui
539 5223 624 5262 me
672 5210 923 5275 oderunt,
962 5230 979 5263 ›
1017 5210 1455 5265 comminationis
1511 5213 1626 5265 sive
1675 5226 1809 5281 prae.

226 5300 367 5369 cepti
401 5301 711 5357 scandalum
745 5301 987 5357 solvitur.
1020 5302 1139 5358 Non
1173 5301 1317 5357 enim
1362 5302 1480 5357 ideo
1512 5305 1810 5372 puniuntur

228 5391 281 5445 in
334 5393 491 5447 tertia
532 5404 587 5448 et
643 5402 836 5464 quarta
893 5395 1435 5465 generatione,'quia
1469 5394 1811 5465 deliquerunt

227 5489 413 5552 patres
432 5496 636 5549 eorum,
671 5500 796 5540 cum
830 5493 1010 5555 patres
1031 5485 1211 5554 potius
1238 5485 1330 5554 qui
1379 5484 1595 5539 fuerunt
1618 5500 1810 5554 pecca-

229 5582 376 5629 tores
416 5574 595 5642 puuiri
644 5575 971 5631 debuerint:
1016 5575 1107 5629 sed
1154 5576 1282 5645 quia
1313 5584 1527 5645 patrum
1585 5577 1813 5631 exstite-

230 5673 356 5720 runt
412 5664 774 5733 aemulatores,
843 5676 897 5723 et
950 5666 1178 5722 oderunt
1248 5669 1416 5723 Deum
1465 5668 1809 5725 hazreditario’

232 5754 375 5811 malo
399 5764 453 5811 et
482 5756 772 5828 impietate,
806 5756 857 5811 in
903 5772 1080 5814 ramos
1102 5773 1314 5829 quoque
1352 5758 1417 5815 de
1466 5758 1643 5814 radice
1695 5775 1813 5819 ore.

364 5992 389 6011 /

1836 4530 1886 4590 D

1905 3305 2025 3357 nes,
2073 3292 2267 3361 inquit,
2320 3292 2513 3349 anima:
2552 3311 2683 3349 ntere
2720 3305 2865 3360 sunt,
2906 3317 2922 3347 ι
2951 3298 3103 3366 juxta
3155 3306 3486 3363 creaturam,

1907 3401 2023 3451 non,
2070 3386 2227 3455 juxta
2290 3386 2565 3451 meritum,
2622 3396 2681 3441 ut
2733 3388 2943 3460 Moyses
2985 3390 3282 3460 appellatur
3331 3392 3491 3445 homo

1904 3475 2023 3540 Dei,
2073 3478 2139 3531 de
2182 3492 2290 3546 quo
2321 3478 2581 3547 scriptum
2638 3488 2721 3533 est
2760 3499 2772 3533 :
2807 3500 2825 3531 ι
2876 3482 3050 3535 oratio
3102 3482 3267 3551 Moysi
3312 3482 3487 3536 homi-

1903 3565 1989 3621 nis
2018 3567 2144 3631 Dei;
2198 3585 2216 3617 ι
2276 3576 2331 3622 et
2380 3568 2524 3623 Elias
2570 3569 2665 3640 qui
2704 3570 2769 3623 ad
2821 3572 3209 3641 quinquaginta
3253 3572 3483 3626 militum

1904 3657 2202 3728 principem
2251 3659 2570 3733 loquebatur
2599 3683 2611 3715 :
2648 3681 2666 3714 ι
2709 3662 2775 3716 Ει
2803 3664 2848 3717 si
2878 3664 3035 3717 homo
3071 3664 3188 3727 Dei,
3217 3678 3315 3732 ego
3345 3680 3486 3729 sum,

1908 3747 2199 3803 descendat
2227 3749 2366 3819 ignis
2413 3766 2577 3820 super
2604 3761 2677 3817 te,
2707 3760 2761 3806 et
2798 3768 2959 3822 super
2988 3754 3377 3826 quinquaginta
3403 3757 3487 3809 vi-

1908 3858 1999 3897 ros
2046 3842 2153 3913 (IV
2202 3842 2332 3914 Reg.
2376 3845 2436 3915 ι).
2469 3865 2485 3895 ι
2514 3846 2685 3901 llomo
2738 3862 2864 3902 vero
2910 3851 3118 3917 peccati
3144 3860 3198 3903 et
3230 3851 3367 3905 ﬁlius
3391 3852 3485 3905 ini-

1907 3931 2129 4001 quitatis
2194 3949 2300 3987 non
2357 3944 2584 3990 vocatur
2623 3937 2783 3992 homo
2853 3938 2968 4003 Dei,
3024 3940 3163 3995 sicut
3203 3923 3391 3995 servus
3432 3950 3486 3996 et

1907 4021 2139 4078 famulos
2178 4021 2272 4078 Dei
2300 4023 2356 4077 1ιί
2393 4026 2749 4094 appellantur,
2793 4027 2859 4083 de
2891 4029 3085 4097 quibus
3116 4029 3218 4083 dici
3258 4046 3362 4084 non
3390 4046 3485 4101 po-

1909 4121 2034 4179 test,
2060 4114 2384 4186 Omnisqui
2441 4115 2568 4172 facit
2612 4128 2919 4188 peccatum,
2971 4136 3159 4176 servus
3206 4132 3286 4176 est
3354 4138 3481 4193 pce.—

1909 4204 2013 4259 cati
2039 4222 2051 4257 :
2080 4204 2146 4259 Et
2177 4205 2371 4260 iterum
2401 4224 2414 4260 :
2442 4206 2485 4260 A
2510 4222 2618 4277 quo
2650 4208 2793 4262 enim
2816 4211 2939 4279 quis
2966 4210 3220 4277 vincitur,
3258 4213 3373 4282 ejus
3427 4223 3480 4269 et

1909 4311 2097 4351 servus
2125 4304 2227 4351 est.
2259 4296 2408 4351 Sicut
2457 4308 2678 4369 peccata
2726 4300 2957 4356 ﬁliorum
3006 4318 3113 4357 non
3143 4313 3336 4359 nocent
3381 4321 3479 4375 pa-

1910 4386 2107 4452 tribus,
2168 4388 2245 4442 sie
2292 4398 2513 4457 peccata
2582 4400 2794 4459 patrum
2867 4407 2974 4445 non
3036 4392 3340 4448 redundant
3414 4397 3483 4450 ad

1912 4477 2085 4543 ﬁlios;
2128 4480 2220 4534 sed
2268 4481 2445 4535 anima
2492 4498 2611 4551 qum
2678 4486 3002 4553 peccaverit,
3058 4485 3172 4553 ipsa
3228 4487 3492 4541 morietur

1912 4584 2018 4623 non
2057 4568 2346 4626 abolitione
2369 4573 2705 4637 substantiae,
2735 4574 2827 4628 sed
2857 4589 2921 4629 ex
2953 4572 3069 4643 ejus
3095 4576 3370 4630 consortio
3393 4578 3487 4647 qui

1914 4660 2061 4723 dicit,
2100 4679 2116 4711 ‹
2154 4660 2265 4732 Ego
2292 4676 2410 4716 sum
2433 4662 2540 4716 vita
2568 4679 2581 4728 ;
2620 4683 2637 4714 ι
2670 4663 2764 4718 sed
2796 4663 2919 4719 alibi
2953 4663 3228 4734 loquitur:
3262 4684 3280 4715 ι
3302 4665 3489 4721 Omnis

1912 4754 2004 4823 qui
2029 4754 2159 4807 vivit
2181 4762 2230 4809 et
2257 4754 2431 4808 credit
2451 4754 2504 4808 in
2526 4770 2630 4819 me,
2658 4771 2763 4809 non
2788 4756 3047 4810 morietur
3075 4756 3127 4809 in
3149 4764 3427 4811 aeternum.
3463 4776 3482 4809 ι

1990 4863 2007 4895 ι
2072 4842 2259 4898 Omnis
2303 4844 2465 4899 homo
2522 4846 2612 4913 qui
2664 4845 2960 4900 comederit
3010 4862 3169 4901 uvam
3212 4848 3487 4913 acerbam,

1919 4936 1957 4985 Ρ
1980 4935 2361 5005 obstupcseent
2408 4936 2595 4990 dentes
2621 4936 2755 5005 ejus.
2809 4934 3013 5007 (Greg.)
3046 4957 3064 4989 ι
3098 4937 3235 5004 Quid
3259 4954 3490 5007 namque

1913 5026 2107 5080 acerba
2133 5010 2272 5091 uva',
2304 5027 2403 5081 nisi
2448 5035 2723 5095 peccatum
2747 5029 2872 5081 est?
2920 5028 3031 5082 Uva
3059 5029 3256 5099 quippe
3290 5029 3485 5084 acerba

1912 5126 1993 5173 est
2038 5117 2246 5174 fructus
2304 5129 2425 5174 ante
2464 5128 2693 5189 tempus.
2744 5120 2978 5189 Quisque
3007 5121 3152 5175 enim
3205 5122 3488 5192 praesentis

1912 5210 2033 5263 vita:
2062 5210 2503 5265 delectationibus
2534 5210 2718 5265 satiari
2744 5208 3031 5275 desiderat,
3080 5212 3233 5280 quasi
3284 5211 3491 5265 fructus

1913 5310 2038 5357 ante
2064 5309 2276 5372 tempus
2295 5302 2578 5357 comedere
2604 5301 2838 5357 festinat.
2857 5301 2955 5368 Qui
2983 5302 3147 5372 igitur
3166 5318 3322 5357 uvam
3347 5317 3471 5357 acer

1912 5393 2036 5447 bam
2083 5393 2335 5458 comedit,
2388 5393 2576 5449 dentes
2616 5394 2729 5461 ejus
2767 5396 3153 5464 obstupescunt
3188 5395 3352 5464 :quia
3400 5396 3489 5463 qui

1911 5486 2197 5554 prmsentis
2238 5485 2420 5539 mundi
2450 5485 2809 5539 delectatione
2832 5487 3097 5554 pascitur,
3146 5487 3341 5541 interni
3373 5487 3488 5554 ejus

1913 5591 2103 5629 sensus
2160 5576 2408 5647 ligantur,
2454 5588 2513 5632 ut
2551 5577 2661 5645 jam
2693 5578 2954 5646 spiritalia
2984 5579 3259 5656 mandere,
3307 5578 3359 5632 id
3407 5588 3493 5633 est

1917 5668 2209 5738 intelligere
2225 5677 2521 5737 nequeant:
2550 5669 2675 5736 quia
2702 5671 2839 5723 unde
2862 5670 2913 5723 in
2946 5670 3305 5724 exterioribus
3344 5668 3490 5724 dele-

1917 5760 2044 5815 ctati
2066 5769 2211 5825 sunt,
2244 5760 2433 5815 indcin
2454 5748 3071 5830 intimis'obstupescunt.
3098 5759 3166 5814 Et
3208 5760 3333 5816 dum
3366 5770 3497 5829 pec-
