3926 6362
381 409 384 412 λ
420 375 560 432 1045
1061 373 1121 427 Β.
1165 371 1413 428 RABANI
1454 368 1671 426 MAURI
1708 365 2024 423 ARCHIEP.
2068 363 2377 421 MOGUNT.
2419 361 2704 418 OPERUM
2745 361 2923 417 PARS
2954 361 3038 415 Ill.
3555 358 3692 413 1044

421 495 542 542 cato
605 485 780 539 anima
837 484 1108 555 pascitur,
1175 497 1366 554 panem
1417 482 1656 551 justitize-
1684 481 1844 535 edere
1892 494 1998 534 non
2023 485 2075 544 Α
2101 476 2241 546 pulis
2276 476 2383 529 ait:
2420 494 2438 526 ι
2474 474 2594 544 ipse
2624 489 2716 528 vos
2765 473 2979 527 docebit
3022 486 3204 527 omnia
3257 472 3438 544 (Joan.
3473 470 3624 538 xiv):
3665 493 3685 524 ι

418 577 598 633 valet.:
631 577 885 646 quoniam
907 577 1058 648 ligati
1079 576 1263 632 dentes
1276 590 1340 630 ex
1356 575 1562 644 peccati
1582 571 1997 639 consuetudine,

411 669 619 740 justum
647 669 790 738 quod
812 669 959 724 intus
996 669 1167 740 sapiat
1200 668 1362 724 edere
1384 683 1722 738 nequaquam
1749 672 1997 736 possunt.

495 781 514 813 ι
544 760 685 816 Ecce
713 761 830 816 dies
862 761 1097 826 venient,
1141 761 1271 816 dicit
1295 761 1577 825 Dominus,
1610 768 1664 815 et
1687 757 1880 812 feriam
1907 756 1999 810 do-

424 871 443 903 ι
487 851 597 906 mui
651 851 832 918 Israel,
867 859 922 906 et
953 851 1133 906 domui
1158 851 1295 906 Juda
1324 852 1500 908 fmdus
1525 866 1744 913 novum,
1775 863 1881 904 non
1909 861 2000 902 se-

423 961 441 994 i
491 943 724 999 cundum
771 951 1012 1013 pactum,
1045 943 1189 1013 quod
1237 943 1414 1013 pepigi
1451 957 1574 996 cum
1614 942 1858 1012 patribus
1911 953 2001 994 ve-

423 1052 442 1084 ι
489 1034 636 1098 stris,
678 1033 733 1087 in
763 1032 852 1088 die
892 1048 998 1103 qua
1055 1032 1384 1104 apprehendi
1431 1047 1650 1087 manum
1702 1049 1914 1100 eorum,
1941 1042 2003 1090 ut

422 1143 441 1176 ι
489 1126 771 1180 educerem
820 1139 916 1180 eos
968 1127 1032 1180 de
1080 1135 1224 1180 terra
1283 1123 1524 1195 Egypti,
1584 1134 1800 1194 pactum
1857 1128 2001 1198 quod

422 1233 440 1264 ι
485 1215 694 1269 irritum
721 1214 986 1280 fecerunt,
1017 1222 1072 1270 et
1094 1231 1192 1284 ego
1219 1215 1525 1270 dominatus
1541 1231 1659 1272 sum
1685 1231 1897 1285 eorum,
1926 1219 2002 1274 ait

424 1318 442 1352 ι
485 1305 764 1360 Dominus.
817 1325 836 1356 ι
879 1305 1153 1360 Promittit
1199 1321 1258 1362 se
1296 1307 1557 1362 Dominus
1611 1308 1865 1364 daturum
1907 1324 2002 1380 po-

415 1398 541 1466 pulo
571 1413 669 1453 suo
720 1396 894 1453 foedus
948 1409 1165 1464 novum,
1207 1399 1310 1455 hoc
1335 1411 1438 1465 est,
1484 1399 1661 1456 fmdus
1702 1402 1999 1474 Evangelii,

415 1487 559 1556 quod
587 1503 687 1558 per
727 1486 986 1571 Spiritum
1035 1497 1278 1543 sanctum
1327 1491 1688 1545 conscribitur
1716 1493 1770 1562 in
1818 1494 1997 1548 cordi-

413 1576 516 1631 bus
535 1579 889 1644 credentium,
909 1594 1016 1633 non
1047 1579 1224 1636 foedus
1239 1579 1374 1651 legis
1395 1581 1648 1650 antiquae,
1673 1583 1815 1652 quod
1843 1583 1895 1636 in
1920 1592 2001 1636 ta-

413 1655 800 1739 bulis'lapideis
828 1670 1192 1740 conscriptum
1221 1671 1368 1726 dura:
1398 1671 1603 1726 nationi
1628 1681 1682 1727 et
1711 1673 2000 1729 incredulae

415 1758 600 1813 datum
625 1768 728 1825 est,
753 1760 898 1831 quod
931 1768 985 1816 et
1011 1761 1112 1831 ipsi
1147 1761 1357 1816 irritum
1386 1760 1665 1829 fecerunt,
1697 1773 1749 1819 et
1776 1779 1874 1834 pro
1896 1765 2000 1820 hoc

415 1848 651 1924 debitam
671 1851 966 1906 vindictam
982 1860 1357 1920 susceperunt.
1379 1851 1532 1908 Unde
1557 1854 1687 1908 dicit
1713 1872 1776 1907 τι(
1809 1855 1876 1908 Ει
1901 1870 2000 1924 ego

413 1922 722 1993 dominatus
749 1954 867 1994 sum
896 1954 1107 2005 eorum,
1132 1939 1266 1994 dicit
1297 1941 1580 2006 Dominus,
1617 1963 1636 1994 ι
1665 1943 1768 1998 hoc
1793 1952 1895 2008 est,
1921 1922 2000 1998 ul-

412 2029 611 2083 tionem
624 2029 824 2099 justam
855 2031 907 2085 in
933 2031 1032 2096 eis,
1051 2031 1206 2101 juxta
1233 2035 1374 2104 quod
1405 2044 1740 2100 meruerunt,
1767 2036 1994 2105 explevi.

486 2138 503 2169 ι
550 2119 618 2174 Ει
660 2120 764 2176 hoc
803 2122 909 2176 erit
975 2133 1190 2192 pactum
1236 2124 1379 2193 quod
1421 2124 1611 2179 feriam
1658 2140 1779 2179 cum
1838 2115 2011 2180 domo.

416 2227 432 2260 ι
479 2209 664 2264 Israel.
693 2209 821 2265 Post
845 2212 959 2267 dies
987 2213 1126 2278 illos,
1173 2213 1304 2268 diott
1348 2213 1633 2278 Dominus,
1658 2214 1794 2269 dabo
1823 2215 1996 2285 legem,

417 2317 436 2349 ‹
480 2315 657 2356 meam
699 2303 753 2356 in
790 2305 1086 2360 visceribus
1143 2320 1351 2370 eorum,
1384 2314 1440 2361 et
1485 2323 1538 2360 ιιι
1586 2309 1748 2363 corde
1805 2323 1993 2363 eorum

415 2410 434 2443 c
477 2393 709 2448 scribam
749 2409 900 2450 eam:
952 2404 1007 2451 et
1040 2411 1134 2452 ero
1165 2397 1333 2452 eisin
1369 2397 1561 2462 Deum,
1611 2407 1667 2453 et
1696 2398 1794 2467 ipsi
1835 2407 1992 2453 erunt

415 2501 431 2530 ε
476 2481 607 2536 mihi
652 2483 705 2537 in
752 2484 1029 2554 populum.
1061 2505 1078 2537 ›
1116 2486 1410 2558 (Μιιυιιυε.)
1439 2489 1514 2542 De
1546 2489 1649 2542 hac
1688 2491 1803 2559 lege
1837 2498 1892 2544 et
1938 2489 1996 2543 in

407 2570 545 2625 Isaia
593 2573 854 2642 scriptum
889 2583 972 2630 est
1007 2593 1018 2629 :
1058 2595 1075 2626 ι
1131 2577 1204 2632 De
1241 2576 1372 2632 Sion
1424 2577 1594 2630 exibit
1622 2564 1728 2642 lex,
1773 2586 1827 2632 et
1869 2592 1994 2632 ver-

406 2662 540 2718 bum
582 2665 796 2719 Domini
846 2669 911 2722 de
958 2667 1289 2725 Hierusalem
1325 2668 1482 2742 (Isai.
1526 2669 1608 2740 ιι).
1660 2691 1677 2721 ›
1728 2670 1794 2724 Et
1827 2671 1989 2733 item:

415 2775 433 2804 ε
456 2755 651 2813 Audite
671 2773 757 2812 me
777 2759 868 2829 qui
890 2761 1041 2815 scitis
1058 2759 1286 2830 justum,
1309 2762 1536 2830 populus
1553 2776 1704 2815 meus
1732 2778 1744 2813 :
1763 2760 1847 2815 lex
1871 2774 1992 2814 mea

408 2845 461 2899 in
505 2846 668 2901 corde
699 2863 917 2902 eorum:
969 2849 1134 2904 nolite
1167 2851 1358 2905 timere
1414 2849 1761 2921 opprobrium
1819 2849 1994 2903 homi-

409 2950 558 3000 num,
611 2945 666 2990 et
719 2936 1080 3007 blasphemias
1127 2951 1317 2994 eorum
1381 2955 1448 2994 ne
1514 2939 1790 2995 metuatis.
1853 2938 1990 3006 (Isa.

410 3026 548 3096 LXI).
594 3045 613 3078 ι
651 3025 917 3098 (Hier-ou.)
956 3029 1069 3084 Hoc
1117 3031 1322 3086 indicat
1357 3031 1500 3101 quod
1543 3031 1769 3100 populus
1805 3047 1974 3087 novus

409 3131 748 3187 nequaquam
773 3119 912 3175 ultra
928 3120 1076 3174 vivat
1094 3120 1249 3192 juxta
1273 3121 1529 3187 litteram,
1551 3123 1641 3176 sed
1650 3121 1801 3189 juxta
1826 3123 1990 3193 spiri-

409 3219 545 3273 tum,
572 3209 939 3266 instaurantes
969 3212 1269 3266 naturalem
1299 3212 1467 3282 legem
1487 3214 1540 3267 in
1570 3214 1825 3269 cordibus
1851 3215 1988 3281 suis,

409 3301 476 3354 de
533 3317 639 3370 qua
701 3301 890 3356 scribit
923 3309 978 3357 et
1015 3302 1342 3372 Apostolus:
1384 3322 1403 3354 ι
1450 3304 1584 3358 Cum
1615 3305 1756 3359 enim
1809 3313 1996 3374 gentes

413 3407 534 3462 qua:
572 3409 675 3446 non
733 3393 936 3450 habent
980 3395 1156 3464 legem
1207 3396 1550 3458 naturaliter,
1589 3413 1652 3453 ea
1697 3413 1815 3468 quae
1863 3399 2002 3469 legis

415 3491 542 3535 sunt
605 3481 838 3541 faciunt:
873 3484 961 3539 isti
1014 3483 1186 3556 legem
1239 3501 1345 3541 non
1395 3488 1684 3552 habentes,
1741 3488 1841 3543 sibi
1892 3490 1993 3559 ipsi

412 3580 536 3628 sunt
570 3573 678 3638 lex,
715 3575 805 3644 qui
844 3576 1135 3630 ostendunt
1179 3591 1314 3647 opus
1344 3576 1478 3648 legis
1509 3579 1765 3648 scriptum
1792 3579 1843 3633 in
1874 3595 1995 3634 cor-

410 3664 568 3719 dibus
604 3665 714 3720 suis
747 3665 917 3736 (Rom.
953 3667 1036 3738 ιι).
1075 3687 1092 3719 ι
1135 3667 1211 3723 De
1239 3684 1344 3738 qua
1393 3669 1507 3739 lege
1563 3670 1898 3738 signiﬁcatur
1942 3671 1995 3724 in

409 3757 659 3826 psalmo:
701 3775 719 3806 ι
754 3756 826 3812 Os
849 3745 1004 3825 justi.
1035 3761 1388 3816 meditabitur
1443 3763 1788 3830 sapientiam,
1839 3779 1868 3816 a
1896 3764 1997 3817 lin-

413 3865 514 3919 gua
547 3849 663 3918 ejus
691 3848 941 3918 loquetur
972 3849 1237 3918 judicium
1269 3870 1280 3906 :
1324 3852 1409 3908 lex
1440 3852 1536 3907 Dei
1565 3850 1703 3921 ejus,
1755 3855 1808 3908 in
1835 3855 1998 3909 cordo

412 3940 575 4004 illius,
628 3948 681 3995 et
716 3955 820 3994 non
864 3941 1350 4012 supplanlabuntur
1401 3957 1619 4014 gressus
1662 3943 1776 4012 ejus
1823 3943 1993 4016 (I’sal.

413 4031 588 4101 uin).
641 4051 656 4079 ι
697 4029 832 4086 Huic
859 4033 1156 4088 concordat
1181 4035 1325 4104 quod
1374 4035 1426 4089 in
1458 4035 1994 4108 Ezechielelegitur:

424 4139 442 4170 ε
491 4121 638 4176 Dabo
672 4121 824 4176 vobis
870 4138 963 4176 cor
1001 4137 1216 4187 novum,
1265 4133 1319 4179 et
1357 4126 1608 4194 spiritum
1656 4143 1851 4181 novum
1906 4145 2000 4197 po-

415 4226 538 4265 nam
589 4211 639 4264 in
680 4211 857 4267 medio
898 4213 1083 4280 vestri,
1121 4222 1176 4267 et
1218 4214 1457 4269 auferam
1495 4229 1609 4270 cor'
1646 4217 1910 4286 lapideum
1937 4219 2001 4272 de

415 4320 578 4358 carne
609 4314 806 4370 vestra,
855 4315 910 4360 et
962 4307 1100 4362 dabo
1146 4307 1297 4363 vobis
1325 4324 1419 4363 cor
1460 4324 1738 4375 carneum,
1787 4319 1840 4365 et
1891 4311 2000 4380 spi-

415 4397 579 4450 ritum
615 4413 792 4451 meum
847 4413 1042 4467 ponam
1076 4399 1127 4453 in
1158 4402 1331 4455 medio
1357 4403 1545 4468 vestri,
1584 4424 1601 4454 ι
1638 4412 1742 4458 etc.
1779 4403 1995 4475 (Ezech.

2102 567 2226 639 quia
2257 565 2361 622 nisi
2415 566 2586 621 isdem
2615 563 2835 633 spiritus
2859 562 3032 616 .cordi
3058 561 3199 617 adsit
3221 560 3524 623 audientis,
3552 560 3695 614 otio-

2101 678 2194 718 sus
2220 668 2304 716 est
2345 674 2525 715 sermo
2556 657 2810 713 doctoris.
2852 652 3055 727 (ὦνερ.)
3106 653 3272 709 Nemo
3301 669 3430 726 ergo
3480 653 3694 709 docenti

2100 753 2305 810 homini
2349 752 2569 816 tribuat,
2596 750 2738 820 quod
2765 763 2832 803 ex
2861 761 2955 802 ore
2981 747 3225 801 docentis
3254 746 3544 817 intelligat:
3568 747 3695 814 quia

2101 846 2205 901 nisi
2244 846 2392 903 intus
2437 843 2506 898 sit
2555 843 2648 912 qui
2675 841 2887 905 doceat,
2937 847 2991 892 et
3023 836 3262 892 doctoris
3313 837 3498 907 lingua
3545 846 3696 892 exte-

2100 937 2216 991 rius
2244 935 2297 989 in
2343 948 2569 988 vacuum
2605 932 2837 986 laborat.
2876 928 2988 984 Nec
3017 935 3197 982 tamen
3248 926 3436 980 doctor
3482 941 3695 981 cessare

2101 1026 2283 1092 debet,
2313 1026 2441 1094 quin
2479 1009 2622 1094 quod
2665 1021 2810 1076 valet
2837 1019 3026 1084 faciat,
3046 1018 3206 1087 juxta
3235 1017 3289 1072 id
3320 1016 3466 1087 quod
3493 1016 3694 1072 Paulus

2101 1118 2211 1173 ait:
2252 1137 2271 1170 ι
2307 1118 2420 1188 Ego
2468 1113 2727 1185 plantavi,
2783 1110 2975 1181 Apollo
3032 1110 3253 1179 rigavit,
3309 1107 3453 1162 Deus
3515 1115 3696 1160 autem

2101 1208 2496 1264 incrementum
2543 1205 2690 1265 dedit
2714 1203 2766 1276 (Ι
2803 1200 2928 1258 Cor.
2979 1201 3082 1273 ιιι).
3142 1197 3456 1273 [Bernard.]
3513 1197 3696 1253 Potest

2101 1308 2156 1353 et
2179 1299 2268 1354 hic
2297 1298 2447 1354 locus
2485 1297 2552 1352 ad
2592 1295 2784 1364 futurae
2815 1294 2938 1348 vita:
2982 1290 3492 1360 contemplationem
3518 1297 3697 1341 trans-

2102 1389 2271 1446 ferri:
2318 1390 2410 1444 ubi
2461 1388 2622 1443 corda
2677 1386 2878 1440 munda
2923 1384 3219 1439 electorum
3269 1380 3325 1434 in
3377 1379 3548 1449 gloria
3598 1393 3695 1431 sua

2102 1481 2612 1550 contemplabuntur
2637 1478 2838 1534 Deum:
2877 1495 2894 1527 ι
2928 1475 3080 1530 Beati
3113 1475 3257 1528 enim
3285 1472 3485 1526 mundo
3507 1470 3692 1535 corde,

2101 1571 2357 1643 quoniam
2419 1569 2518 1639 ipsi
2572 1568 2740 1622 Deum
2789 1565 3047 1621 videbunt
3095 1565 3310 1634 (Manli.
3355 1562 3431 1635 v).
3473 1582 3491 1614 ι
3545 1562 3695 1617 Tunc

2101 1661 2247 1715 enim
2291 1659 2560 1715 veraciter
2596 1658 2691 1712 Dei
2723 1657 2808 1711 lex
2841 1657 2894 1711 in
2927 1655 3181 1736 cordibus
3223 1654 3460 1709 fidelium
3507 1652 3695 1708 scribi-

2105 1759 2232 1818 tur,
2290 1749 2504 1820 quando
2549 1746 2788 1818 perfecta
2843 1747 2938 1801 Dei
2980 1745 3170 1800 notitia
3222 1744 3328 1799 illis
3381 1744 3691 1799 tribuitur:

2027 1832 2075 1894 B
2105 1851 2342 1912 tuncque
2373 1841 2488 1912 ipse
2537 1841 2639 1896 erit
2668 1839 2773 1894 illis
2816 1839 2870 1893 in
2901 1837 3091 1901 Deum,
3130 1844 3187 1890 et
3214 1836 3316 1906 ipsi
3346 1844 3508 1889 erunt
3537 1833 3611 1888 illi
3641 1833 3695 1888 in

2102 1934 2356 2004 populum
2380 1950 2391 1986 :
2427 1933 2644 2002 quando
2687 1930 2819 1985 nihil
2846 1929 2951 1985 erit
2980 1928 3124 1999 quod
3154 1942 3248 1982 eos
3276 1935 3498 1996 separat
3527 1940 3557 1978 a
3588 1925 3694 1988 Deo

2102 2041 2234 2082 suo:
2289 2026 2382 2079 sed
2430 2024 2798 2094 implebuntur
2846 2021 3043 2093 gaudio
3095 2035 3219 2075 cum
3266 2021 3418 2074 vultu
3474 2035 3595 2085 suo,
3643 2028 3697 2073 et

2102 2117 2513 2172 delectabuntur
2563 2116 2616 2168 in
2644 2100 2867 2169 (lextera
2917 2112 3034 2182 ejus
3079 2126 3252 2183 usque
3282 2112 3336 2166 in
3394 2112 3579 2167 ﬁnem.
3621 2109 3695 2165 De

2100 2226 2208 2280 quo
2238 2218 2291 2266 et
2331 2210 2506 2265 adhuc
2535 2207 2781 2262 subditur
2810 2224 2822 2260 :

2179 2341 2196 2372 ι
2239 2321 2308 2376 Ει
2344 2336 2449 2376 non
2499 2319 2711 2374 docebit
2753 2318 2893 2372 ultra
2942 2317 3026 2372 vir
3062 2299 3376 2393 probtimum
3423 2330 3613 2378 suum,
3643 2321 3696 2368 et

2105 2431 2123 2464 ι
2165 2412 2249 2466 vir
2303 2410 2528 2466 fratrem
2585 2424 2742 2464 suum
2789 2405 3338 2476 dicens:.Cognosce
3384 2404 3693 2468 Dominum,

2109 2518 2128 2551 ι
2170 2515 2359 2555 omnes
2406 2501 2550 2554 enim
2607 2505 2936 2569 cognoscent
2988 2512 3093 2562 me,
3151 2512 3182 2550 a
3233 2495 3462 2549 minimo
3505 2508 3693 2548 eorum

2106 2607 2125 2642 ι
2171 2606 2342 2660 usque
2389 2589 2456 2643 ad
2488 2589 2804 2652 maximum,
2837 2588 2912 2641 ait
2941 2587 3228 2640 Dominus:
3273 2586 3399 2654 quia
3428 2583 3691 2654 propitia-

2106 2697 2124 2731 ι
2167 2679 2267 2734 bor
2288 2678 2664 2748 iniquitatibus
2685 2693 2893 2742 eorum,
2923 2685 2976 2731 et
2991 2676 3200 2746 peccati
3227 2691 3421 2731 eorum
3447 2690 3552 2728 non
3576 2689 3689 2730 me-

2105 2789 2123 2821 ι
2175 2769 2689 2839 moraboramplius.
2721 2789 2739 2822 ι
2761 2768 3181 2840 (ΜΑυιιυε.)Νοη
3198 2769 3342 2822 enim
3357 2768 3539 2838 egebit
3567 2777 3692 2822 tunc

2097 2861 2220 2929 quis
2257 2860 2324 2913 ab
2355 2859 2459 2913 alio
2489 2859 2712 2923 erudiri,
2741 2859 2956 2929 quando
2985 2874 3174 2914 omnes
3223 2858 3380 2914 electi
3427 2867 3592 2914 erunt
3637 2859 3689 2912 in

2102 2950 2554 3020 contemplatione
2586 2951 2852 3017 veritatis,
2881 2960 2936 3006 et
2965 2950 3133 3005 Deum
3165 2950 3426 3005 videbunt
3453 2948 3593 3004 facie
3623 2949 3688 3003 ad

2102 3041 2320 3096 faciem.
2354 3041 2506 3097 Unde
2545 3041 2742 3097 Paulus
2772 3043 2847 3096 ait
2874 3061 2886 3097 :
2925 3063 2943 3094 ‹
2982 3042 3237 3098 Videmus
3267 3056 3414 3095 nunc
3445 3055 3542 3112 per
3567 3055 3687 3109 spe-

2100 3135 2280 3190 culum
2312 3143 2368 3189 et
2393 3135 2446 3189 in
2477 3135 2785 3206 aenigmate,
2814 3145 2944 3192 tunc
2972 3147 3152 3192 autem
3180 3136 3320 3192 facie.
3373 3136 3442 3191 ad
3472 3135 3685 3190 faciem.

2098 3225 2253 3280 Nunc
2273 3241 2542 3297 cognosco
2567 3241 2633 3280 ex
2651 3236 2824 3296 parte,
2854 3236 2980 3282 tunc
3001 3237 3181 3282 autem
3208 3243 3534 3298 cognoscam
3555 3229 3690 3282 sicut

2101 3324 2156 3369 ct
2176 3314 2424 3386 cognitus
2445 3330 2563 3370 sum
2597 3314 2648 3386 (Ι
2677 3313 2800 3369 Cor.
2829 3315 2970 3385 xm).
3008 3335 3026 3368 ι
3059 3314 3197 3372 Hinc
3223 3325 3277 3372 et
3305 3315 3543 3372 Joannes
3574 3317 3684 3371 ait:

2107 3423 2124 3454 ι
2161 3403 2500 3468 Charissimi,
2529 3420 2674 3460 nunc
2699 3404 2790 3458 filii
2824 3404 2920 3460 Dei
2953 3419 3140 3460 sumus
3168 3413 3224 3460 et
3244 3403 3492 3461 nondum
3526 3421 3689 3477 appa-

2102 3495 2212 3548 ruit
2238 3493 2365 3563 quid
2394 3495 2618 3549 erimus.
2655 3494 2870 3550 Scimus
2901 3496 3159 3566 quoniam
3191 3511 3316 3552 cum
3353 3497 3687 3566 apparuerit,

2105 3584 2308 3639 similes
2355 3585 2404 3638 ei
2452 3585 2692 3649 erimus,
2729 3587 2980 3655 quoniam
3035 3587 3334 3641 videbimus
3358 3603 3484 3642 eum
3533 3588 3693 3644 sicuti

2103 3687 2188 3730 est
2223 3675 2408 3747 (Joau.
2453 3677 2557 3747 ιιι).
2597 3697 2614 3727 ι
2636 3662 2712 3731 Ἐι
2753 3679 2856 3732 hoc
2886 3692 3100 3747 quoque
3129 3676 3327 3733 Paulus
3356 3679 3479 3734 aliis
3526 3681 3692 3750 expli-

2103 3774 2195 3818 cat
2223 3765 2431 3826 verbis:
2479 3785 2497 3816 ι
2550 3765 2681 3821 Cum
2737 3767 3005 3833 Christus,
3062 3769 3329 3873 inquieps,
3379 3771 3697 3841 apparuerit

2108 3855 2216 3909 vita
2244 3866 2445 3921 vestra,
2486 3864 2611 3912 tunc
2640 3866 2695 3912 et
2721 3872 2814 3912 vos
2839 3859 3167 3928 apparebitis
3203 3855 3328 3914 etim
3352 3861 3471 3930 ipso
3500 3862 3556 3916 in
3583 3863 3690 3932 glo-

2103 3945 2204 4000 ria.
2243 3943 2480 4009 Similes,
2529 3947 2726 4017 inquit,
2774 3949 2824 4003 ei
2871 3950 3074 4004 erimus
3096 3949 3148 4020 (I
3177 3947 3304 4004 Cor.
3352 3950 3478 4020 ut):
3517 3970 3537 4001 ›
3569 3952 3694 4020 quia

2107 4052 2230 4091 cum
2259 4037 2621 4092 immutabiles
2666 4046 2722 4092 et
2749 4049 2964 4095 interna:
3013 4040 3314 4096 divinitatis
3363 4042 3697 4112 contempla—

2109 4125 2255 4179 tione
2292 4126 2652 4194 pcrl’rucmur,
2704 4143 2804 4181 nos
2850 4143 3065 4198 quoque
3095 4129 3434 4184 immortales
3468 4130 3692 4197 erimus,

2107 4227 2162 4271 et
2214 4217 2415 4273 similes
2468 4219 2683 4288 quidem
2735 4220 2937 4274 erimus
2969 4260 2984 4286 ,
3029 4222 3155 4290 quia
3191 4222 3375 4276 beati:
3424 4230 3481 4278 et
3517 4231 3692 4279 tamen

2106 4311 2347 4365 Creatori
2389 4311 2595 4365 similes
2622 4327 2730 4365 non
2761 4313 2998 4378 erimus,
3029 4314 3154 4383 quia
3184 4317 3438 4369 creatura
3483 4331 3691 4371 sumus.

2108 4402 2240 4469 Quis
2262 4403 2407 4458 enim
2437 4401 2630 4464 similis
2666 4403 2772 4456 erit
2816 4402 2928 4458 Deo
2958 4405 3100 4457 inter
3136 4404 3274 4458 filios
3316 4405 3410 4460 Dei
3439 4407 3463 4459 ξ’
3512 4406 3695 4472 ριιθιιο

416 4487 625 4558 xxxw).
661 4487 1123 4544 Considerandum
1151 4492 1293 4559 quod
1323 4507 1417 4546 cor
1447 4507 1666 4558 novum,
1696 4502 1749 4548 et
1778 4496 1999 4564 spiritus
2028 4530 2082 4590 υ
2111 4511 2272 4567 quam
2332 4495 2503 4564 possit
2531 4496 2633 4550 hoc
2681 4495 2846 4550 etiam
2875 4496 2940 4551 de
2989 4497 3398 4553 immortalitate
3452 4499 3695 4568 corporis

416 4593 588 4633 novus
635 4579 791 4634 detur
830 4595 928 4649 per
973 4579 1313 4646 effusionem,
1347 4590 1399 4637 et
1425 4584 1792 4653 aspersionem
1822 4601 1995 4654 aquae.

416 4669 640 4736 Quando
669 4681 850 4727 autem
890 4688 987 4727 cor
1019 4688 1215 4728 novum
1241 4674 1424 4727 datum
1454 4672 1636 4741 fuerit,
1675 4684 1730 4728 ct
1780 4676 2000 4745 spiritus

415 4778 608 4828 novus,
637 4770 768 4818 tunc
791 4762 1068 4819 auferetur
1099 4766 1163 4819 de
1191 4765 1354 4820 corde
1389 4763 1617 4838 Judaico
1645 4767 1822 4820 omnis
1859 4767 2004 4821 duri-

415 4855 514 4920 tia,
561 4870 679 4924 qua:
720 4854 882 4924 lapidi
939 4864 1301 4924 comparatur,
1349 4864 1403 4910 et
1435 4872 1530 4925 pro
1577 4855 1787 4926 lapideo
1837 4860 2001 4914 corde

420 4942 479 4996 ﬁt
516 4959 610 4998 cor
661 4960 917 4999 carneum
962 4946 1120 5000 molle
1150 4955 1204 5002 et
1241 4954 1525 5004 tenerum:
1563 4950 1704 5018 quod
1746 4951 2001 5019 spiritum

420 5034 516 5088 Dei
548 5034 599 5087 in
632 5051 690 5113 se
734 5037 904 5106 possit
932 5038 1193 5106 recipere,
1225 5049 1281 5092 et
1325 5041 1542 5094 inscribi
1577 5041 1770 5096 litteris
1799 5042 2002 5096 saluta'

416 5127 586 5182 ribus.
622 5127 770 5182 llanc
821 5129 1048 5199 gratiam
1081 5129 1316 5200 Spiritus
1346 5134 1516 5186 sancti
1561 5149 1724 5202 quam
1771 5134 2003 5189 infundit

417 5215 562 5272 Deus
608 5219 661 5272 in
709 5219 963 5275 cordibus
1025 5223 1396 5286 credentium,
1437 5221 1674 5278 Joannes
1723 5226 2000 5293 apostolus

420 5310 472 5364 in
512 5309 746 5379 Epistola
801 5327 896 5366 sua
947 5314 1254 5369 unctionem
1304 5316 1565 5381 nominat,
1600 5316 1826 5372 dicens:
1883 5338 1900 5369 ‹
1937 5320 2005 5393 bit

425 5415 517 5455 vos
566 5403 871 5457 unctionem
931 5419 1096 5474 quam
1152 5406 1435 5477 accepistis
1488 5408 1554 5462 ab
1602 5422 1666 5462 eo
1718 5418 1896 5464 manet
1948 5411 2000 5464 in

421 5493 606 5558 vobis;
660 5504 715 5547 et
759 5513 865 5552 non
907 5512 1126 5554 necesse
1173 5500 1424 5566 habetis,
1472 5511 1530 5556 ut
1579 5501 1772 5572 aliquis
1816 5505 2005 5559 doceat

419 5599 558 5651 vos;
623 5587 715 5641 sed
764 5589 906 5644 sicut
954 5592 1137 5647 unctio
1166 5591 1283 5661 ejus
1314 5593 1472 5648 docet
1521 5610 1615 5649 vos
1659 5596 1724 5649 de
1753 5597 2004 5652 onmibus

421 5673 477 5748 (1
507 5675 666 5732 Joan.
696 5678 779 5751 ιι).
809 5700 828 5733 ι
867 5680 1058 5736 Merito
1085 5684 1229 5738 addit
1268 5685 1333 5738 de
1379 5686 1615 5742 omnibus
1643 5688 1912 5757 quomodo
1951 5690 2000 5742 in

424 5764 715 5840 Evangelio
745 5771 1000 5829 Dominus
1029 5775 1093 5830 tle
1136 5777 1322 5832 eodem
1353 5775 1557 5848 Spiritu
1585 5777 1808 5850 loquens
1839 5780 2002 5835 disci-

2111 4587 2312 4642 dictum
2336 4586 2524 4641 videri.
2553 4586 2618 4640 Et
2643 4587 2695 4640 in
2725 4586 2826 4641 hac
2852 4587 3051 4658 quippe
3079 4587 3284 4642 similes
3316 4588 3524 4643 erimus
3546 4588 3688 4642 Deo:

2110 4677 2216 4732 scd'
2250 4676 2621 4733 tantdmmodo
2651 4676 2781 4742 lilio,
2809 4678 2902 4747 qui
2945 4677 3090 4732 solus
3119 4679 3175 4731 in
3207 4679 3453 4733 trinitate
3499 4694 3695 4748 corpus

2110 4770 2315 4838 accepit
2348 4770 2399 4824 in
2448 4784 2555 4839 quo
2606 4786 2636 4822 a
2679 4771 2912 4824 mortuis
2945 4770 3264 4835 resurrexit,
3317 4779 3484 4839 atque
3530 4771 3584 4826 id
3628 4771 3695 4825 ad

2110 4881 2343 4934 superna
2401 4867 2666 4935 provexit.
2732 4864 2863 4919 Esse
2917 4863 3063 4920 enim
3116 4872 3200 4918 est
3258 4863 3373 4927 Dei,
3432 4874 3693 4920 internum

2107 4958 2256 5012 hunc
2287 4965 2448 5026 atque
2500 4955 2997 5012 incommutabilem
3027 4969 3367 5023 permanere.
3424 4954 3579 5012 Unde
3627 4959 3694 5013 ad

2110 5049 2327 5118 Moysen
2369 5048 2534 5101 dicit:
2570 5066 2587 5098 ι
2626 5047 2735 5117 Ego
2786 5061 2906 5100 sum
2944 5045 3034 5115 qui
3086 5060 3238 5110 sum,
3291 5055 3348 5101 et
3375 5047 3526 5104 dices
3571 5047 3695 5102 filiis

2110 5139 2306 5194 lsrael:
2339 5138 2438 5205 Qui
2463 5145 2562 5204 est,
2603 5138 2874 5192 misit.me
2903 5136 2971 5189 ad
2999 5150 3113 5190 vos.
3155 5157 3173 5189 ι
3223 5135 3538 5192 Videbimus
3567 5153 3694 5208 ergo

2111 5245 2233 5284 cum
2287 5228 2423 5283 sicut
2459 5236 2561 5292 est,
2605 5227 2822 5297 quando
2857 5228 2999 5280 hunc
3050 5227 3104 5280 in
3152 5227 3269 5297 ipsa
3310 5227 3531 5282 deitatis
3583 5244 3695 5283 sua:

2112 5320 2407 5376 substantia
2436 5317 2938 5386 contemplabimur.
2975 5316 3129 5384 Quod
3184 5318 3237 5372 in
3283 5318 3386 5373 hac
3414 5319 3526 5372 vita
3564 5320 3695 5374 nulli

2111 5424 2332 5479 prorsus
2359 5409 2657 5463 electorum
2689 5407 3019 5472 conceditur,
3055 5421 3178 5461 cum
3205 5407 3369 5462 etiam
3402 5409 3518 5478 ipse
3543 5407 3696 5479 legis-

2111 5501 2248 5563 lator
2289 5501 2574 5555 Dominum
2632 5513 2791 5574 quem
2820 5499 2870 5553 in
2923 5497 3164 5568 angelica
3217 5499 3400 5572 specie
3448 5510 3696 5555 contem-

2112 5592 2244 5660 plari
2297 5591 2544 5654 solebat,
2594 5590 2882 5645 obsecrans
2910 5629 2926 5654 ,
2978 5589 3319 5659 dicensque:
3370 5608 3388 5640 ι
3432 5591 3694 5653 Domine,

2112 5685 2333 5740 ostende
2384 5683 2515 5738 mihi
2564 5682 2905 5752 temetipsum
2948 5679 3144 5752 (Exod.
3193 5680 3312 5753 ιιι),
3372 5689 3431 5734 ut
3482 5681 3697 5736 videam

2114 5786 2190 5846 te,
2241 5797 2258 5833 ι
2295 5779 2362 5835 ab
2399 5776 2589 5834 eodem
2634 5775 2860 5832 Domino
2915 5774 3145 5832 audierit
3189 5793 3202 5832 :
3257 5791 3276 5826 ι
3328 5774 3498 5830 Nemo
3543 5771 3699 5828 vide-
