3926 6396
221 472 358 527 4045

1131 467 1484 525 EXPOSITIO
1523 466 1746 523 SUPER
1785 463 2144 519 JEI‘BMIAII.
2186 492 2253 503 --
2294 464 2418 518 LIB.
2465 462 2570 517 XII.

3347 461 3482 515 1040

219 587 300 642 bit
351 584 544 640 faciem
578 597 756 638 meam
785 589 842 637 et
889 582 1032 636 vivet
1059 581 1272 652 (Ibid.).
1312 598 1329 628 ι
1365 577 1462 632 Cui
1493 586 1670 632 tamen
1705 591 1800 645 pro
1832 583 1883 642 Α
1912 594 1929 624 ‹
1960 573 2036 627 Tu
2082 583 2262 629 autem
2314 575 2452 628 idem
2497 573 2610 642 ipse
2635 588 2717 637 es,
2746 580 2798 626 et
2830 573 2956 626 anni
2992 573 3063 627 tui
3097 588 3200 626 non
3233 572 3482 626 deﬁcient

219 677 416 734 merito
443 691 664 747 magna:
709 675 1030 738 sanctitatis,
1087 673 1198 727 ait:
1251 690 1269 721 ι
1301 669 1590 726 Ostendam
1641 685 1802 723 omne

219 768 421 826 bonum
475 767 601 830 tibi;
644 787 662 819 ι
695 767 825 822 hinc
873 776 927 820 et
961 763 1162 819 Paulus
1212 763 1333 817 ait:
1388 780 1406 812 ‹
1457 760 1610 816 Nunc
1656 759 1804 814 vidc-

220 873 344 915 mus
370 872 464 928 per
484 856 780 927 Speculum,
807 864 860 909 ct
887 856 938 909 in
961 855 1278 924 amigmate:
1307 861 1434 908 tunc
1459 861 1636 907 autem
1667 850 1806 903 facie

223 949 291 1003 ad
330 947 522 1004 faciem
570 948 619 1020 (I
649 947 772 1003 Cor.
826 948 968 1018 xlii).
1002 967 1020 998 ι
1086 944 1238 1002 Unde
1290 946 1432 1014 quod
1488 958 1803 1012 responsum

224 1047 310 1096 est
345 1038 534 1110 Moysi,
564 1054 752 1095 verum
783 1046 886 1102 est,
919 1037 1060 1106 quod
1087 1051 1243 1092 nemo
1272 1043 1452 1106 potest
1491 1033 1683 1090 faciem
1711 1034 1804 1088 Dei

222 1131 408 1187 videre
432 1139 485 1186 et
509 1131 712 1195 vivere,
731 1128 781 1183 id
810 1139 913 1194 est,
936 1143 1092 1184 nemo
1116 1138 1296 1201 potest
1323 1143 1448 1183 eum
1479 1127 1534 1180 in
1565 1127 1669 1182 hac
1695 1127 1804 1180 vita

221 1222 412 1276 vivens
441 1223 622 1276 videre
645 1219 807 1275 sicuti
841 1227 924 1275 est
956 1239 968 1273 :
1019 1235 1140 1274 nam
1191 1218 1343 1274 inulti
1389 1217 1663 1280 viderunt,
1710 1216 1806 1271 sed

224 1313 371 1384 quod
399 1313 642 1368 voluntas
680 1311 774 1366 Dei
801 1311 978 1383 elegit,
1013 1327 1117 1366 non
1147 1311 1289 1380 quod
1319 1317 1509 1363 natura
1536 1306 1803 1362 formavit.

223 1404 291 1459 Et
345 1403 471 1458 illud
515 1403 660 1472 quod
712 1401 944 1457 Joannes
977 1403 1083 1456 ait:
1131 1419 1149 1451 ι
1193 1400 1463 1466 Quoniam
1506 1398 1808 1453 videbimus

222 1509 349 1549 eum
382 1494 539 1548 sicuti
567 1501 668 1557 est,
706 1512 724 1544 ι
759 1508 866 1546 non
915 1492 1055 1547 sicut
1082 1505 1206 1546 eum
1243 1491 1490 1545 homines
1514 1489 1802 1544 viderunt:

221 1586 478 1656 quoniam
501 1587 744 1657 apparuit
771 1587 824 1640 in
848 1587 1025 1656 specie
1046 1601 1150 1656 qua
1174 1584 1361 1648 voluit,
1390 1599 1494 1640 non
1521 1584 1574 1638 in
1592 1591 1804 1646 natura,

222 1694 388 1748 quam
429 1677 481 1731 in
525 1677 812 1746 semetipso
839 1665 1002 1731 etiam
1028 1691 1150 1731 cum
1192 1675 1467 1730 videretur
1497 1673 1686 1729 latuit:
1717 1673 1810 1729 sed

221 1769 367 1824 sicut
416 1778 519 1835 est,
566 1769 708 1839 quod
745 1768 813 1823 ab
843 1782 908 1823 eo
953 1785 983 1822 a
1015 1767 1180 1839 Moysi
1231 1766 1539 1838 petebatur,
1589 1782 1714 1822 cura
1759 1765 1808 1820 ei

219 1863 552 1917 diceretur:
614 1879 632 1913 ι
692 1860 928 1917 Ostende
988 1861 1118 1915 mihi
1183 1860 1571 1929 temetipsum,
1641 1877 1658 1908 ι
1720 1857 1812 1926 qui

1912 660 2082 735 (Psal.
2108 664 2212 734 ei);
2256 664 2524 732 quomodo
2567 677 2750 718 semen
2797 661 2959 717 Israel
2989 671 3164 732 polcst
3215 678 3332 717 esse
3363 675 3484 730 per-

1908 753 2171 823 petuum?
2223 753 2328 806 Aut
2355 753 2498 834 enim
2544 750 2893 822 pereuntibus
2921 752 3070 808 ccclis
3094 752 3289 821 peribit
3318 759 3375 804 et
3401 765 3486 805 se-

1869 833 2030 898 ’men
2058 843 2243 898 Israel.
2297 842 2404 897 Aut
2439 843 2484 897 si
2514 841 2675 899 fuerit
2703 855 3041 915 perpetuum,
3071 858 3199 914 ergo
3228 855 3324 896 nec
3363 840 3482 896 coeli

1909 938 2177 1004 peribunt.
2225 936 2376 1003 Quod
2418 935 2461 990 si
2495 932 2772 1004 Scriptura
2814 936 3032 991 mentiri
3071 950 3177 989 non
3203 943 3398 1005 potest,
3434 943 3489 986 et

1910 1027 2135 1096 perituri
2177 1035 2303 1081 sunt
2344 1025 2488 1090 coeli,
2535 1026 2733 1095 peribit
2783 1027 2942 1095 igitur
2977 1036 3032 1080 et
3073 1025 3482 1091 semen-Israel,

1911 1118 2146 1171 maxime
2169 1133 2291 1171 cum
2323 1125 2376 1170 et
2397 1116 2566 1172 Jacob
2589 1117 2835 1185 loquatur
2863 1118 2928 1172 ad
2955 1117 3090 1173 ﬁlios
3117 1135 3128 1170 :
3161 1135 3178 1167 ‹
3216 1115 3402 1172 Venite
3431 1125 3484 1171 et

1913 1210 2240 1264 annuntiabo
2283 1210 2436 1264 vobis
2485 1210 2614 1280 quid
2667 1209 2906 1264 futurum
2959 1210 3030 1263 sit
3079 1211 3130 1263 in
3181 1209 3487 1265 novissimis

1914 1302 2102 1356 diebus
2129 1300 2277 1372 (Gen.
2303 1303 2474 1374 xux).
2506 1323 2522 1355 ι
2557 1302 2780 1370 Quando
2810 1311 2990 1357 autem
3016 1290 3251 1370 dicitur,
3271 1322 3289 1354 ‹
3312 1304 3363 1357 in
3393 1319 3486 1357 no-

1912 1392 2149 1448 vissimis
2173 1393 2381 1459 diebus,
2422 1415 2439 1444 ›
2481 1409 2608 1464 ergo
2633 1395 2860 1449 mundus
2883 1409 3001 1450 esse
3025 1395 3277 1460 cessabit,
3305 1407 3360 1450 ct
3384 1395 3486 1449 alia

1914 1485 2006 1540 ﬁet
2038 1501 2215 1540 rerum
2241 1488 2586 1556 dispensatio.
2648 1487 2760 1542 Hoc
2795 1489 3079 1543 adversum
3116 1488 3253 1544 illos.
3318 1486 3490 1544 Caete-

1913 1595 2034 1634 rum
2085 1579 2284 1633 nostris
2336 1579 2590 1633 mundum
2640 1579 2800 1634 istum
2837 1595 2942 1634 non
2983 1595 3104 1636 esse
3148 1588 3487 1650 perpetuum,

1913 1670 2077 1724 etiam
2101 1668 2452 1740 Evangelium
2493 1671 2845 1734 demonstrat,
2880 1671 3099 1726 dieens:
3148 1691 3166 1724 ‹
3199 1671 3407 1728 Casium
3434 1681 3491 1728 et

1916 1769 2060 1815 terra
2091 1761 2492 1830 pertransibunt
2525 1761 2736 1832 (Matth.
2766 1763 2954 1838 xxiv).
2979 1781 2995 1813 ι
3035 1763 3102 1817 Et
3131 1783 3143 1818 :
3173 1783 3192 1816 ‹
3222 1765 3360 1820 Ecce
3391 1779 3490 1835 ego

1916 1851 2192 1906 vobiscum
2240 1867 2359 1906 sum
2402 1852 2652 1906 omnibus
2708 1853 2896 1908 diebus
2944 1869 3113 1922 usque
3147 1855 3210 1908 ad
3242 1870 3492 1910 consum-

221 1970 348 2008 cum
379 1953 468 2008 mo
508 1953 644 2009 facie
682 1955 749 2009 ad
790 1953 983 2009 faciem
1013 1953 1334 2022 loquebatur
1370 1969 1383 2005 ;
1419 1966 1541 2005 nam
1572 1950 1664 2004 Dei
1696 1949 1810 2019 ple—
1842 1937 1890 1996 B
1917 1941 2212 1996 nationem
2260 1941 2440 1996 saeculi
2483 1942 2695 2009 (Matth.
2731 1944 2945 2015 xxviii).
2988 1965 3005 1996 ι
3042 1944 3293 1999 Dicamus
3321 1952 3376 1999 et
3403 1944 3494 1998 ali-

219 2043 523 2098 nitudinem
576 2044 862 2114 quisquam
925 2056 1032 2096 non
1094 2041 1268 2096 solum
1333 2041 1502 2097 oculis
1551 2041 1814 2110 corporis,

217 2133 316 2190 sed
407 2149 507 2191 nec
584 2135 699 2205 ipsa
770 2141 952 2190 mente
1023 2132 1311 2202 aliquando
1383 2132 1814 2201 comprehendit.

216 2223 381 2279 Aliud
429 2231 515 2279 est
573 2224 718 2286 enim
769 2225 994 2290 videre,
1043 2222 1188 2278 aliud
1241 2234 1324 2278 est
1358 2231 1527 2278 totum
1577 2223 1815 2280 videndo

215 2315 698 2385 comprehendere.
726 2315 993 2382 Quoniam
1015 2316 1229 2385 quidem
1259 2316 1310 2370 id
1338 2315 1551 2371 videtur
1579 2330 1818 2384 prmsens

216 2416 280 2464 ut
306 2409 666 2478 quodcunque
706 2408 977 2463 sentitur:
1031 2416 1204 2463 totum
1236 2415 1418 2462 autem
1448 2410 1816 2478 comprehen-

217 2501 369 2558 ditur
411 2500 666 2563 videndo,
695 2501 837 2570 quod
865 2500 938 2554 ita
972 2501 1215 2564 videtur,
1244 2508 1304 2554 ut
1335 2500 1468 2553 nihil
1495 2499 1610 2568 ejus
1635 2501 1821 2554 viden-

218 2601 332 2648 tem
357 2592 541 2656 lateat,
571 2598 665 2645 aut
691 2590 848 2660 cujus
876 2589 1008 2644 ﬁnes
1026 2589 1368 2659 circumspiei
1402 2597 1645 2658 possunt.
1671 2589 1823 2644 Sicut

219 2691 279 2739 te
301 2683 436 2738 nihil
462 2683 593 2737 latet
615 2680 896 2750 prmsentis
920 2671 1208 2734 voluntatis
1235 2689 1337 2733 tuac
1363 2697 1375 2733 :
1403 2679 1822 2750 circumspicere

219 2781 407 2829 autem
452 2778 607 2842 potes
646 2770 782 2825 lines
826 2769 1008 2824 annuli
1039 2769 1155 2824 tui:
1203 2768 1431 2838 exempli
1481 2768 1686 2838 gratia,
1715 2769 1821 2822 duo

220 2863 403 2936 posui,
437 2876 670 2932 quorum
699 2860 927 2916 alterum
962 2861 1026 2914 ad
1063 2861 1260 2915 mentis
1288 2861 1556 2926 obtutum,
1592 2861 1820 2916 alterum

225 2953 300 3009 ad
328 2951 639 3022 corporales
661 2950 848 3006 oculos
876 2949 1126 3019 pertinet.
1162 2949 1322 3006 Visus
1346 2952 1489 3006 enim
1516 2951 1581 3006 ad
1609 2959 1820 3006 utrum-

222 3057 335 3115 que
350 3041 664 3097 rel‘erendus
684 3049 786 3105 est,
824 3040 876 3095 id
892 3048 993 3104 est,
1013 3047 1068 3094 et
1089 3040 1157 3094 ad
1180 3040 1385 3107 oculos,
1403 3049 1458 3096 et
1473 3041 1540 3096 ad
1565 3050 1819 3097 mentem.

225 3133 388 3202 Quod
432 3139 612 3186 autem
643 3130 792 3195 dicit,
849 3147 867 3180 ι
919 3129 1043 3199 quia
1075 3130 1405 3200 propitiabor
1446 3133 1825 3203 iniquitatibus

225 3239 443 3288 eorum,
475 3233 529 3280 et
556 3223 761 3294 peccati
794 3238 978 3278 eorum
1009 3239 1114 3279 non
1147 3227 1492 3282 memorabor
1517 3228 1768 3298 amplius,
1799 3250 1818 3281 ι

225 3315 471 3373 ostendit
499 3312 794 3384 perfectam
845 3313 1179 3370 curationem
1235 3326 1567 3382 sanctorum,
1607 3321 1823 3388 quando

229 3406 301 3462 ab
321 3405 469 3462 omni
494 3405 614 3460 labe
628 3415 975 3476 peccatorum
989 3408 1256 3471 mundati,
1281 3418 1335 3462 et
1357 3418 1528 3464 morte
1549 3410 1687 3480 ipsa,
1703 3427 1823 3482 quae

228 3511 398 3554 causa
438 3509 792 3566 peccatorum
831 3500 1027 3562 evenit,
1074 3517 1092 3550 ι
1141 3497 1476 3568 Stipendium
1508 3500 1650 3556 enim
1701 3517 1824 3572 pec-

230 3588 339 3643 cati
371 3602 518 3642 mors
543 3586 732 3658 (Rom.
770 3590 880 3661 vr),
916 3611 935 3643 ι
970 3590 1182 3659 penitus
1207 3598 1506 3660 assumpta,
1540 3591 1821 3648 immorta-

230 3675 388 3732 litate
417 3677 740 3743 vestiuntur,
779 3689 834 3732 et
862 3679 1057 3750 gaudio
1101 3680 1454 3748 perfruuntur
1477 3689 1700 3736 mterno.

314 3788 332 3821 ι
381 3767 504 3824 Haec
545 3769 676 3824 dicit
719 3770 998 3837 Dominus,
1049 3773 1140 3843 qui
1189 3774 1281 3829 dat
1326 3775 1492 3829 solem
1544 3776 1595 3828 in
1624 3775 1826 3832 lumine

237 3879 262 3916 ι
310 3861 439 3928 diei,
475 3863 721 3919 ordinem
770 3864 909 3920 luna:
958 3874 1013 3920 et
1041 3865 1317 3921 stellarum
1368 3868 1420 3920 in
1469 3867 1670 3922 lumine
1725 3882 1825 3923 no-

243 3973 265 4008 ι
311 3955 436 4019 etis,
469 3955 558 4024 qui
589 3955 768 4010 turbat
794 3971 942 4011 mare
970 3965 1024 4012 et
1053 3967 1245 4012 sonant
1265 3957 1458 4012 ﬂuctus
1481 3957 1620 4027 ejus,
1646 3959 1827 4012 Domi-

242 4065 267 4102 ι
314 4064 418 4103 nus
451 4048 785 4104 exercituum
825 4065 1020 4105 nomen
1069 4048 1186 4104 illi:
1228 4050 1274 4104 si
1303 4051 1636 4106 cessaverint
1677 4052 1822 4123 leges

243 4159 265 4195 ι
314 4142 435 4197 ἰδίω
462 4140 588 4210 (sive
623 4147 822 4196 statuta
855 4140 991 4209 haec)
1018 4155 1201 4195 coram
1239 4155 1348 4206 me,
1381 4140 1512 4195 dicit
1537 4140 1824 4197 Dominus:

241 4251 265 4285 ι
315 4239 444 4286 tunc
462 4237 517 4284 et
535 4245 717 4286 semen
742 4230 905 4287 Israel
925 4229 1160 4296 deficiet,
1184 4238 1242 4284 ut
1267 4246 1372 4285 non
1395 4231 1466 4286 sit
1492 4246 1624 4301 gens
1646 4246 1826 4286 coram

244 4337 268 4373 ι
315 4334 402 4375 me
427 4320 636 4375 cunctis
657 4319 864 4375 diebus.
894 4339 913 4372 ι
933 4317 1203 4390 (Eiet-on.)
1219 4319 1285 4373 Et
1302 4320 1355 4374 in
1380 4318 1609 4375 Genesis
1625 4321 1826 4390 princi-

238 4411 337 4484 pio
365 4411 614 4481 legimus,
643 4410 812 4466 solem
851 4410 905 4464 in
935 4410 1072 4465 coalo
1095 4411 1327 4480 positum
1375 4410 1426 4464 in
1460 4410 1659 4464 lumine
1689 4410 1824 4465 diei:

238 4502 431 4559 lunam
463 4517 674 4572 quoque
716 4509 770 4556 et
800 4501 983 4556 stellas
1030 4502 1084 4556 in
1135 4502 1309 4556 noctis
1366 4501 1567 4556 lumine
1611 4518 1625 4557 :
1671 4508 1725 4555 et
1775 4501 1830 4554 in

239 4597 494 4669 psalmo:
531 4613 549 4644 ‹
577 4593 703 4650 Dies
727 4592 833 4648 diei
860 4593 1144 4647 annuntiat
1176 4594 1398 4648 verbum
1421 4633 1435 4657 ,
1462 4603 1516 4647 et
1546 4607 1650 4647 nox
1686 4593 1830 4647 nocti

242 4686 452 4742 indicat
468 4682 746 4738 scientiam
764 4680 936 4754 (Psal.
953 4681 1129 4752 xvui),
1151 4699 1169 4733 ›
1191 4681 1331 4749 quod
1349 4681 1576 4735 invicem
1601 4680 1702 4736 sibi
1718 4680 1831 4735 dies
1855 4689 1860 4692 '

241 4789 464 4844 noxque
497 4771 804 4826 succedant.
855 4769 1152 4837 Quomodo,
1183 4771 1377 4839 inquit,
1409 4785 1588 4824 rerum
1630 4779 1685 4825 et
1712 4785 1827 4824 ma-

244 4866 398 4921 xime
416 4863 718 4918 etelestium
739 4870 1006 4916 astrorum
1036 4876 1142 4915 non
1170 4869 1347 4930 potest
1368 4862 1500 4916 ordo
1527 4863 1744 4926 mutari,
1777 4870 1830 4918 et

245 4952 500 5012 sonantis
521 4952 687 5007 maris
707 4951 898 5006 ﬂuctus
913 4949 1200 5004 volvuntur
1222 4949 1288 5003 ad
1310 4949 1515 5016 littora,
1539 4950 1830 5021 fragorque

249 5043 528 5116 gurgitum
556 5049 612 5095 et
639 5043 901 5096 undarum
950 5040 1420 5094 intumescentium
1451 5042 1708 5097 terribilis
1739 5057 1833 5100 au—

250 5133 425 5188 ditur.
469 5129 778 5198 Nec-potest
802 5131 940 5184 ultra
963 5129 1273 5200 procedere,
1297 5146 1458 5200 quam
1479 5131 1571 5186 Dei
1588 5131 1833 5202 jusslone

252 5229 590 5295 praeceptum
623 5229 723 5282 est,
765 5217 922 5286 juxta
966 5219 1094 5274 illud
1137 5238 1148 5273 :
1198 5237 1215 5270 ι
1248 5219 1559 5276 Terminum
1606 5224 1833 5292 posuisti

255 5329 424 5386 quem
481 5328 584 5366 non
626 5311 930 5365 transibunt
977 5326 1152 5382 neque
1201 5321 1582 5369 convertentur
1623 5316 1833 5386 operire

252 5411 465 5462 terram
498 5399 669 5471 (Psat.
697 5400 834 5472 cm).
867 5419 884 5450 ι
946 5398 1057 5465 Sic,
1108 5401 1300 5472 inquit,
1351 5416 1532 5456 semen
1578 5413 1632 5458 et
1667 5420 1836 5476 genus

253 5492 428 5552 Israel
453 5489 664 5545 Domini
710 5490 813 5543 erit
853 5488 1125 5544 voluntate
1153 5500 1490 5562 perpetuum,
1520 5506 1694 5562 neque
1742 5495 1837 5550 ali-

257 5585 482 5656 quando
507 5580 738 5637 deﬁciet.
783 5580 953 5651 Leges
979 5588 1163 5635 autem
1191 5583 1281 5637 hic
1320 5598 1426 5637 non
1460 5582 1706 5638 Mosaicae
1754 5587 1838 5639 in-

261 5674 572 5745 telligenda:
597 5679 746 5736 sunt,
777 5671 870 5726 sed
898 5671 1212 5727 constitutio
1238 5683 1292 5727 et
1319 5675 1451 5728 ordo
1476 5683 1700 5729 naturae.
1746 5677 1840 5731 In-

265 5773 608 5834 terrogemus
653 5762 864 5816 Iudaeos
909 5778 922 5815 :

265 5855 426 5917 quasi
463 5851 842 5908 vestimentum
867 5859 1222 5920 veterasccut,
1252 5862 1307 5909 et
1332 5855 1399 5909 ad
1420 5856 1589 5912 Deum
1615 5858 1839 5915 dicitur:

969 5761 1024 5816 Si
1074 5762 1199 5815 eteli
1244 5763 1514 5830 peribunt,
1560 5775 1610 5820 et
1655 5783 1842 5823 omnes

1919 2031 2310 2099 teeruandiu
2356 2033 2588 2088 mundus
2638 2035 2737 2088 iste
2779 2035 2940 2091 fuerit
2983 2052 3166 2093 semen
3209 2037 3394 2102 Israel,
3441 2045 3495 2093 et

1919 2130 2133 2194 gentem
2182 2120 2462 2178 Iudaicam
2509 2139 2915 2192 permansuram
2948 2167 2962 2190 ,
3023 2145 3128 2181 non
3174 2128 3226 2182 in
3272 2129 3357 2183 liis
3402 2129 3491 2199 qui

1917 2213 2347 2268 nuncincreduli
2379 2225 2524 2280 sunt,
2553 2215 2643 2270 sed
2666 2217 2719 2271 in
2753 2217 2834 2272 bis
2863 2219 2952 2272 oui
2981 2235 3101 2274 cum
3131 2219 3418 2290 Apostolis,
3441 2230 3497 2275 et

1918 2316 2014 2372 per
2044 2304 2311 2373 apostolos
2353 2307 2718 2372 crediderunt,
2752 2317 2810 2362 ut
2836 2311 3072 2380 renquiac
3095 2311 3255 2366 salvae
3280 2312 3493 2367 ﬁerent.

1996 2413 2013 2444 ι
2062 2393 2187 2450 Ilzcc
2233 2396 2363 2451 dicit
2406 2397 2711 2453 Dominus:
2765 2399 2820 2454 Si
2873 2403 3172 2457 mensurari
3223 2403 3495 2472 potuerint

1928 2503 1946 2536 ‹
1992 2485 2114 2540 εωιί
2161 2503 2372 2543 sursum
2401 2530 2416 2553 ,
2471 2497 2524 2544 et
2574 2490 2883 2562 investigari
2944 2493 3288 2550 fundamenta
3339 2505 3497 2549 terra:

1930 2597 1948 2628 ο
1993 2578 2244 2632 deorsum
2293 2595 2306 2632 :
2361 2587 2416 2636 et
2467 2591 2566 2650 ego
2624 2581 2871 2650 abjiciam
2935 2584 3244 2639 universum
3313 2599 3496 2640 semen

1929 2687 1947 2720 ι
1992 2668 2178 2736 Israel,
2216 2681 2435 2741 propter
2474 2673 2654 2727 omnia
2678 2688 2796 2743 qua:
2842 2675 3103 2740 fecerunt,
3145 2675 3274 2732 dicit
3313 2675 3499 2731 Domi-

1929 2779 1948 2812 ι
1994 2777 2117 2816 nus.
2154 2782 2171 2813 ι
2210 2761 2389 2817 LXX:
2438 2783 2455 2816 ‹
2487 2763 2611 2819 Haec
2653 2766 2780 2821 dicit
2808 2765 3102 2823 Dominus:
3147 2767 3204 2823 Si
3233 2769 3498 2825 elevatum

1928 2872 1947 2906 ι
1992 2853 2362 2911 fueritetelum
2387 2856 2687 2923 sublimius,
2709 2867 2763 2912 et
2791 2859 2836 2914 si
2863 2859 3199 2915 humiliatum
3226 2861 3502 2930 pavimen-

1931 2965 1950 2996 ι
1998 2953 2111 3000 tum
2135 2956 2291 3002 terra:
2315 2947 2586 3014 deorsum,
2627 2958 2682 3004 et
2715 2963 2814 3021 ego
2852 2967 2958 3006 non
3001 2953 3301 3022 reprobabo
3330 2967 3501 3024 genus

1931 3057 1950 3091 ι
1990 3039 2175 3104 Israel,
2204 3041 2334 3096 dicit
2356 3041 2633 3108 Dominus,
2659 3060 2756 3114 pro
2780 3045 3030 3100 omnibus
3053 3060 3173 3114 qua:
3192 3044 3454 3100 fecerunt.
3480 3065 3497 3094 ι

1927 3128 2149 3184 Multum
2195 3131 2249 3185 in
2294 3133 2396 3187 hoc
2436 3133 2552 3189 loco
2584 3134 2748 3189 distat
2791 3133 3113 3190 Hebraicum
3158 3137 3225 3191 ab
3268 3136 3504 3192 editione

1929 3220 2164 3291 vulgata.
2219 3221 2472 3278 Dicamus
2505 3223 2737 3293 primum
2780 3224 2934 3294 juxta
2967 3225 3330 3282 Hebraicum:
3379 3247 3398 3277 ι
3444 3226 3501 3282 Si

1931 3311 2232 3366 mensurari
2278 3313 2549 3382 potuerint
2582 3313 2702 3369 coeli
2746 3330 2982 3379 sursum,
3005 3335 3024 3368 ι
3059 3325 3114 3370 et
3149 3331 3338 3372 eorum
3376 3317 3501 3372 alti-

1927 3401 2058 3456 tudo
2091 3404 2360 3472 cognosci,
2400 3423 2417 3454 ι
2446 3403 2528 3458 vel
2555 3403 2865 3476 investigari
2896 3403 3245 3460 fundamenta
3278 3417 3456 3474 terrae,
3479 3427 3496 3462 ι

1926 3499 1983 3545 et
2018 3500 2262 3546 extrema
2291 3507 2478 3547 eorum
2528 3495 2737 3550 ratione
2781 3497 3199 3566 comprehendi:
3231 3519 3248 3551 ι
3281 3507 3337 3554 et
3379 3515 3502 3570 ego,

1929 3579 2123 3650 inquit,
2147 3580 2396 3652 abjiciam
2441 3585 2754 3640 universum
2799 3601 2980 3644 semen
3031 3589 3234 3657 Israel,
3286 3601 3506 3662 propter

1926 3671 2106 3730 omnia
2157 3687 2274 3741 qua:
2317 3673 2604 3742 fecerunt,
2659 3677 2789 3732 dicit
2832 3679 3110 3736 Dominus.
3153 3700 3171 3732 ι
3225 3681 3504 3749 Quomodo

1927 3764 2030 3820 hoc
2070 3763 2197 3819 illud
2243 3765 2573 3836 impossibile
2608 3779 2711 3836 est,
2745 3780 2804 3826 ut
2826 3773 3084 3828 caelorum
3115 3777 3419 3841 summitas,
3449 3788 3505 3833 et

1931 3863 2088 3911 terra:
2124 3857 2470 3914 fundamenta
2509 3876 2794 3918 noscamus
2820 3880 2833 3914 :
2859 3865 2937 3918 sic
2961 3873 3015 3919 et
3042 3866 3144 3920 hoc
3173 3866 3505 3938 impossibile

1928 3950 2054 4015 erit,
2080 3960 2140 4005 ut
2171 3951 2418 4020 abjiciam
2444 3954 2750 4010 universum
2781 3969 2964 4011 semen
2992 3956 3176 4012 Israel.
3202 3957 3297 4014 Sin
3324 3967 3503 4015 autem

1929 4035 2177 4106 abiecero
2209 4040 2517 4096 universum
2542 4057 2725 4099 semen
2751 4044 2915 4101 Israel
2954 4063 2968 4102 :
3013 4063 3143 4119 ergo
3172 4052 3507 4106 mensurabi-

1930 4134 2019 4180 tur
2046 4128 2306 4184 cmlorum
2353 4133 2657 4198 summitas,
2693 4144 2748 4188 et
2779 4143 3022 4191 extrema
3071 4148 3360 4194 terrarum.
3407 4141 3506 4196 Hic

1931 4217 2272 4290 syllogismus
2296 4230 2351 4277 et
2378 4223 2434 4277 in
2446 4223 2737 4296 Evangelio
2766 4228 2982 4293 texitur,
3011 4231 3224 4298 quando
3255 4232 3503 4302 impossi-

1930 4310 2039 4366 bile
2059 4312 2374 4382 impossibili
2397 4325 2757 4386 comparatur.
2775 4318 3004 4375 Facilius
3025 4321 3262 4376 camelus
3284 4322 3506 4378 intrabit

1930 4416 2028 4470 per
2056 4402 2300 4458 foramen
2346 4421 2494 4472 acus,
2533 4422 2694 4477 quam
2738 4409 2888 4465 dives
2936 4411 2990 4464 in
3033 4427 3199 4482 regna
3247 4413 3504 4469 calorum

1935 4491 2148 4562 (Matth.
2177 4494 2309 4566 xxx).
2335 4493 2611 4562 Quomodo
2631 4499 2773 4553 enim
2802 4500 3129 4570 impossibile
3151 4503 3263 4557 lieri
3289 4521 3390 4559 non
3413 4521 3508 4576 po-

1936 4592 2061 4650 test,
2086 4585 2164 4639 sic
2184 4601 2285 4640 nec
2305 4587 2406 4642 hoc
2427 4586 2540 4643 ﬁeri
2565 4591 2784 4658 poterit.
2799 4591 2950 4658 Quod
2974 4593 3020 4647 si
3049 4593 3151 4648 hoc
3176 4593 3376 4649 factum
3400 4595 3510 4652 fue—

1935 4677 2025 4742 rit,
2049 4689 2178 4747 ergo
2197 4678 2289 4734 [iet
2306 4677 2454 4745 illud,
2478 4681 2618 4749 quod
2641 4683 2966 4752 impossibile
2987 4687 3294 4753 putabatur.
3315 4687 3511 4743 Errant

1933 4779 2062 4837 ergo
2097 4768 2187 4836 qui
2218 4769 2360 4822 hunc
2401 4769 2576 4824 locum
2617 4769 2775 4826 aliter
2799 4773 3119 4839 edisserunt,
3155 4786 3418 4844 ponentes
3454 4787 3509 4832 et

1935 4856 2064 4914 illud
2088 4859 2474 4926 testimonium,
2491 4861 2631 4930 quod
2644 4864 2875 4932 potuerit
2894 4873 3077 4932 petere
3088 4865 3298 4921 Patrem
3316 4867 3506 4936 Filius,

1935 4957 1992 5005 et
2035 4950 2313 5006 duodecim
2343 4949 2580 5022 legiones
2612 4953 2922 5022 angelorum
2953 4955 3218 5011 adducere
3250 4958 3307 5012 in
3351 4975 3506 5014 suum

1938 5039 2197 5096 auxilium
2247 5042 2463 5116 (Matth.
2516 5044 2665 5115 xxv).
2734 5044 2872 5100 Huic
2923 5048 3104 5102 sensui
3161 5047 3508 5119 Septuaginta

1937 5133 2270 5188 contrarium
2307 5133 2710 5197 transtulerunt,
2746 5136 3022 5191 dicentes:
3070 5156 3088 5190 ι
3119 5135 3176 5193 Si
3209 5139 3504 5195 exaltatum

1940 5219 2101 5276 fuerit
2129 5222 2323 5277 omium
2350 5223 2652 5290 sublimius,
2682 5233 2732 5280 et
2759 5226 3096 5283 bumiliatum
3142 5231 3506 5300 pavimentum

1941 5318 2100 5366 terra:
2135 5311 2384 5366 deorsum
2425 5330 2438 5364 :
2469 5322 2523 5367 et
2557 5328 2675 5383 ego,
2721 5314 2916 5384 inquit,
2957 5332 3062 5372 non
3101 5321 3397 5389 reprobabo
3426 5337 3509 5376 se-

1941 5417 2066 5463 men
2107 5401 2293 5467 Israel,
2323 5402 2452 5456 dicit
2483 5403 2739 5460 Dominus
2768 5415 2989 5475 propter
3011 5409 3189 5462 omnia
3217 5424 3335 5478 quia:
3363 5410 3506 5466 fece-

1945 5497 2089 5542 runt.
2130 5509 2148 5540 ι
2195 5489 2344 5556 Quod
2392 5491 2436 5545 si
2483 5492 2555 5545 ita
2597 5504 2700 5556 est,
2742 5495 3114 5562 reprobabitur
3157 5513 3286 5568 gens
3323 5498 3507 5552 Israel.

1944 5578 2221 5644 Quomodo
2256 5578 2395 5632 enim
2425 5579 2619 5634 coelum
2658 5597 2762 5635 non
2798 5591 2972 5650 potest
3012 5600 3077 5639 eo
3102 5587 3243 5655 quod
3273 5595 3353 5640 est
3393 5601 3510 5641 esse

1945 5669 2246 5731 sublimius,
2286 5684 2385 5723 nec
2426 5680 2567 5725 terra
2594 5671 2849 5725 humilior
2883 5687 3006 5729 esse
3039 5689 3104 5730 eo
3133 5675 3275 5744 quod
3302 5685 3404 5741 est,
3431 5676 3511 5732 sic

1947 5773 2002 5817 et
2045 5777 2212 5832 genus
2277 5761 2444 5816 Israel
2505 5779 2840 5832 nequaquam
2901 5767 3097 5835 poterit
3150 5767 3508 5837 comprobari.

1950 5855 2008 5913 Si
2029 5853 2541 5912 viderimusludtcos
2561 5852 2716 5926 juxta
2736 5853 3058 5914 Ilcbraieum
3084 5858 3185 5915 hoc
3208 5857 3512 5922 testimonio
