3926 6340
459 372 591 426 1047

1102 373 1161 430 Β.
1206 373 1455 431 RABANI
1492 374 1712 433 MAURI
1752 375 2071 434 ARCHIEP.
2115 378 2426 438 MOGUNT.
2466 379 2755 439 OPERUM
2793 382 2973 439 PARS
3010 383 3095 441 111.

3600 386 3733 441 1048

456 484 676 555 gloriari
709 501 723 538 :
767 484 1127 558 assentiamur
1172 488 1252 544 eis
1300 487 1445 558 quod
1491 503 1601 545 non
1644 489 1717 545 sit
1761 488 2033 559 abjectum
2062 495 2114 557 Α
2138 508 2323 550 sumus
2357 497 2654 565 possidere,
2685 498 2855 557 sedin
2884 498 3079 569 angulo
3108 506 3335 565 stamus,
3362 509 3418 555 et
3441 499 3628 557 fractis
3665 501 3733 555 Ii-

454 576 769 633 universum
796 590 978 632 semen
1024 577 1207 634 Israel.
1239 577 1424 649 Neque
1452 580 1596 637 enim
1622 582 1812 637 omnes
1837 581 2035 651 abiecti

452 685 535 725 sur
559 678 598 735 t,
626 671 718 725 sed
748 670 801 725 hi
831 679 1040 727 tantum
1073 671 1163 741 qui
1192 670 1407 727 fuerunt
1436 673 1716 730 increduli.

524 779 543 812 1
567 761 707 817 Ecce
733 760 848 819 dies
872 763 1115 827 veniunt,
1142 763 1273 819 dicit
1294 764 1574 831 Dominus,
1597 773 1653 820 et
1680 765 2037 821 aediﬁcabitur

451 871 470 905 1
516 854 707 911 civitas
729 856 977 921 Domino,
1000 869 1030 909 a
1053 862 1201 910 turre
1220 853 1499 911 Ananehel
1537 871 1707 926 usque
1731 856 1797 910 ad
1821 863 2033 925 portam

448 962 470 999 1
513 946 695 1017 anguli
744 964 758 1001 :
806 956 861 1003 et
920 946 1090 1003 exibit
1156 946 1297 1001 ultra
1377 962 1568 1003 norma
1646 946 1667 1019 (
1709 947 1846 1001 sive~
1873 948 2034 1017 juxta

446 1056 466 1089 1
514 1038 888 1109 Symmachum
936 1036 1209 1095 funiculus
1247 1039 1265 1110 )
1330 1052 1595 1093 mensurae
1647 1038 1793 1110 ejus,
1842 1047 2032 1094 contra

445 1154 463 1188 1
509 1149 629 1189 eam
660 1148 824 1204 super
852 1133 1044 1190 collem
1073 1132 1275 1198 Gareb,
1300 1142 1355 1187 et
1383 1128 1634 1188 eireuibit
1660 1132 1873 1189 Goatha
1905 1131 2032 1204 (sive

444 1245 462 1276 1
500 1226 659 1295 juxta
690 1223 1053 1296 Septuaginta,
1079 1226 1145 1279 de
1175 1223 1364 1279 electis
1382 1223 1692 1295 lapidibus).
1718 1224 1786 1278 Et
1811 1238 2030 1279 omnem

442 1338 460 1370 1
505 1319 698 1375 vallem
726 1320 1004 1375 ruinarum
1035 1318 1150 1391 (pro
1176 1318 1362 1390 quibus
1392 1318 1678 1373 Theodotio
1704 1319 1880 1399 ipsum
1913 1335 2030 1373 ver-

443 1431 459 1462 1
507 1412 625 1465 bum
644 1411 960 1466 Hebraicum
982 1412 1155 1480 posuit
1175 1410 1375 1482 tat-1:5)
1398 1417 1454 1467 et
1475 1411 1705 1475 cineres,
1732 1419 2027 1465 et.omnem

441 1520 457 1549 1
506 1498 826 1556 Aseremoth
858 1498 1019 1572 (quod
1043 1500 1229 1555 melius
1274 1499 1494 1572 legimus
1513 1510 1773 1567 mmtvn,
1799 1518 1893 1571 pro
1922 1517 2024 1572 quo

441 1613 457 1641 1
506 1590 696 1662 Aquila
727 1591 1039 1647 suburbana
1079 1594 1451 1661 interpretatus
1485 1590 1581 1662 est)
1615 1606 1785 1661 usque
1815 1592 1883 1646 ad
1919 1598 2027 1646 tor-

438 1705 455 1734 1
505 1694 713 1739 rentcm
742 1683 975 1750 Cedron,
1002 1696 1057 1739 et
1090 1702 1259 1755 usque
1286 1685 1352 1740 ad
1379 1686 1632 1757 angulum
1661 1693 1831 1755 portae
1860 1700 2027 1755 equo-

439 1796 457 1828 1
506 1795 624 1833 111111
648 1780 951 1834 orientalis.
986 1779 1246 1835 Sanctum
1277 1780 1519 1846 Domini,
1545 1796 1651 1836 non
1683 1781 1947 1837 evelletur
1970 1790 2025 1836 et

440 1890 458 1919 1
508 1886 613 1924 non
658 1872 969 1926 destruetur
1023 1886 1194 1941 usque
1238 1870 1289 1925 in
1330 1878 1615 1926 aeternum.
1652 1891 1669 1923 1
1724 1870 1827 1936 Qui
1875 1871 2023 1926 mille

432 1977 697 2016 annorum
731 1963 954 2017 interra
999 1961 1183 2017 Iudaea
1214 1977 1441 2033 regnum
1484 1961 1688 2017 Christi
1733 1961 2018 2031 recipiunt,

430 2052 596 2109 Judaei
651 2054 941 2121 videlicet,
999 2065 1053 2110 et
1106 2055 1280 2111 nostri
1338 2054 1687 2110 Judaizantes
1758 2061 2023 2109 conantur

430 2147 716 2200 ostendere
760 2154 964 2202 turrem
1009 2146 1291 2201 Ananehel
1317 2187 1333 2212 ,
1376 2154 1431 2201 et
1469 2154 1682 2215 portam
1733 2145 1935 2215 anguli,
1967 2152 2024 2199 et

429 2237 620 2292 collem
672 2237 851 2292 Gareb
889 2246 943 2292 ct
992 2236 1224 2303 Goatha,
1258 2245 1314 2292 et
1360 2237 1554 2293 vallem
1596 2236 1919 2307 Phagarim,
1967 2243 2023 2291 et

429 2345 644 2384 onmem
676 2329 1027 2395 Asedemoth,
1071 2340 1127 2385 et
1154 2340 1450 2386 torrentem
1480 2329 1716 2393 Cedron,
1754 2338 1808 2384 et
1844 2330 2021 2385 locum

429 2420 611 2489 anguli
667 2428 836 2489 porta:
885 2435 1148 2489 equorum
1202 2420 1479 2477 orientalis
1523 2436 1536 2474 :
1585 2430 1640 2475 et
1690 2421 1761 2475 ibi
1814 2421 2019 2485 dicunt,

429 2511 801 2566 sanctuarium
839 2513 1073 2576 Domini,
1106 2512 1160 2567 id
1191 2522 1296 2577 est,
1334 2512 1591 2581 templum
1636 2526 1755 2566 esse
1785 2511 2022 2567 conden-

427 2600 557 2655 dum
606 2616 1033 2671 mansurumque
1086 2602 1139 2656 in
1186 2609 1526 2671 perpetuum.
1562 2601 1718 2668 Quod
1745 2602 1873 2670 quia
1898 2609 2023 2672 post

426 2678 797 2760 captivitatem
846 2689 1180 2762 temporibus
1231 2692 1530 2748 Zorobabel
1597 2701 1652 2746 et
1721 2693 1873 2747 Ezrae
1914 2709 2020 2748 non

426 2790 654 2851 possunt
679 2789 983 2837 monstrare
1019 2783 1370 2852 completum,
1406 2790 1691 2840 transeunt
1722 2784 1788 2839 ad
1816 2784 2021 2839 Christi

426 2880 691 2943 tempora,
716 2889 876 2943 quem
898 2874 952 2928 in
980 2876 1447 2931 consummatione
1476 2876 1659 2930 mundi
1695 2876 1879 2931 dicunt
1902 2891 2022 2932 esse

424 2976 730 3029 venturum,
778 2975 839 3022 ut
882 2983 1045 3023 aurea
1079 2977 1240 3039 atque
1280 2976 1547 3040 gemmata
1579 2966 1733 3037 juxta
1759 2967 2022 3038 Apocaly-

425 3058 563 3129 psim
606 3056 830 3113 Joannis
876 3058 1170 3115 descendat
1206 3058 1583 3114 Hierusalem:
1622 3068 1677 3114 et
1718 3059 1822 3113 hoc
1862 3067 2021 3113 terrae

423 3148 623 3218 spatio,
657 3148 759 3203 hoc
801 3158 905 3216 est,
946 3150 1014 3204 ab
1050 3149 1141 3205 illo
1180 3148 1299 3205 loco
1334 3163 1507 3219 usque
1548 3150 1614 3204 ad
1653 3148 1801 3203 illum
1842 3148 2017 3202 locum

424 3235 723 3292 :editicetur
749 3252 848 3308 per
884 3237 1174 3293 circuitum
1200 3237 1385 3310 (Apoc.
1417 3237 1552 3308 xxr).
1593 3237 2016 3308 Suspicationis-

423 3341 529 3395 que
594 3341 705 3381 suae
763 3328 904 3382 hanc
976 3328 1220 3382 aurulam
1290 3328 1551 3399 capiunt,
1594 3328 1738 3399 quod
1780 3343 1823 3381 a
1869 3336 2020 3383 turre

423 3416 681 3483 Anathot,
716 3432 835 3488 qua:
877 3420 1037 3474 hodie
1067 3420 1368 3490 appellatur
1410 3419 1679 3484 Jercmice,
1733 3421 1909 3475 tribus
1951 3420 2021 3475 ab

428 3507 767 3563 Hierusalem
820 3508 1057 3565 millibus
1094 3517 1342 3580 separata
1392 3526 1563 3581 usque
1606 3512 1674 3566 ad
1723 3519 2019 3566 torrentem

427 3598 660 3665 Cedron,
693 3600 787 3670 qui
816 3600 1075 3655 scribitur
1124 3601 1178 3656 in
1210 3602 1500 3672 Evangelio
1538 3602 1719 3675 (Joau.
1753 3602 1935 3674 xvm),
1966 3602 2021 3657 id

427 3697 531 3755 est,
580 3688 633 3742 in
686 3686 823 3743 valle
864 3686 1155 3759 Josaphat,
1198 3690 1289 3744 ubi
1336 3691 1527 3746 hortus
1570 3699 1706 3756 erat,
1754 3692 1807 3745 in
1835 3707 1941 3761 quo
1967 3698 2021 3745 et

427 3780 595 3837 Judas
630 3780 878 3851 proditor
911 3782 1138 3836 tradidit
1164 3781 1525 3849 Salvatorem,
1554 3783 1793 3840 civitatis
1828 3783 2022 3837 funda-

427 3880 608 3928 menta
634 3873 931 3943 jaciantur.
975 3872 1226 3938 Lecturi,
1260 3873 1543 3943 inquiunt,
1578 3888 1765 3929 sumus
1802 3874 1854 3928 in
1893 3888 2020 3928 eon-

428 3972 778 4042 sequentibus
799 3970 1099 4027 Anamehel
1122 3970 1291 4026 ﬁlium
1320 3969 1500 4026 Salom
1528 3970 1827 4043 patruelem
1856 3969 2021 4025 fuisse

424 4061 697 4126 Jeremiae,
725 4062 880 4131 cujus
913 4062 1046 4117 emit
1078 4076 1288 4132 agrum.
1322 4061 1387 4115 Et
1413 4042 1638 4119 haeciest
1684 4042 1853 4117 turris
1877 4060 2021 4115 Ana-

429 4152 610 4220 nehel,
664 4152 974 4225 ignorantes
1024 4142 1349 4207 Hebraicam
1378 4152 1681 4210 veritatem.
1726 4152 1827 4207 liic
1873 4153 2018 4207 enim

423 4249 577 4317 juxta
619 4246 946 4302 lle‘braicum
985 4246 1242 4301 scribitur
1289 4261 1317 4300 a
1367 4255 1519 4301 turre
1555 4245 1834 4301 Ananehel
1869 4260 1966 4314 per
1990 4257 2016 4305 .1

426 4337 680 4392 videlicet
709 4337 942 4391 mediam
985 4336 1241 4401 litteram,
1278 4337 1352 4392 ibi
1402 4348 1581 4393 autem
1614 4356 1626 4392 :
1660 4356 1678 4389 1
1706 4336 1846 4392 Ecce
1870 4336 2011 4391 Ana-

425 4427 601 4493 mebel
658 4424 799 4482 ﬁlius
844 4427 1047 4482 Sellum
1085 4427 1351 4497 patruelis
1395 4435 1517 4482 tuus
1549 4428 1732 4483 veniat
1781 4428 1849 4482 ad
1879 4434 1951 4494 te,
1988 4446 2006 4479 1

422 4534 523 4589 per
567 4518 801 4589 mediam
863 4528 915 4578 D
960 4518 1215 4572 litteram.
1263 4518 1583 4574 Invocantes
1625 4520 1789 4590 igitur
1828 4520 2011 4574 Domi-
2036 4543 2092 4604 D

427 4624 554 4662 num
614 4606 978 4672 salvatorem,
1032 4608 1125 4676 qui
1183 4606 1346 4662 habet
1408 4607 1613 4663 clavem
1663 4607 1866 4674 David,
1919 4609 2012 4678 qui

427 4699 601 4769 aperit
630 4706 683 4754 et
712 4712 871 4753 nemo
900 4698 1120 4764 claudit,
1152 4706 1206 4754 et
1236 4700 1327 4768 qui
1357 4699 1577 4766 claudit,
1608 4709 1663 4755 et
1692 4715 1849 4755 nemo
1888 4715 2013 4768 ape-

428 4791 497 4844 rit
539 4790 723 4860 (Apoc.
758 4789 865 4861 111),
920 4790 1009 4859 qui
1054 4791 1325 4860 signatum
1373 4807 1588 4861 quoque
1628 4792 1779 4849 Isaia:
1815 4792 2013 4845 librum

427 4890 481 4935 et
508 4881 749 4935 omnium
778 4882 1163 4951 prophetarum
1195 4883 1427 4952 aperuit,
1454 4890 1509 4937 et
1552 4882 1910 4937 adoraverunt
1935 4883 2015 4936 vi-

431 4973 564 5044 ginti
589 4982 821 5041 quatuor
844 4974 1103 5058 sepiores,
1132 4982 1377 5030 tenentes
1402 4964 1678 5046 cytharas,
1702 4976 1843 5044 quod
1870 4974 2015 5030 solus

430 5064 665 5133 potuerit
690 5063 870 5117 divina
897 5077 1148 5118 reserare
1175 5066 1455 5135 mysteria,
1489 5065 1867 5136 aggrediamur
1892 5066 2014 5120 aedi-

428 5152 612 5207 licium
651 5152 903 5217 civitatis,
927 5153 1000 5206 ad
1027 5169 1188 5223 quam
1232 5155 1580 5225 propheticus
1610 5170 1789 5210 sermo
1830 5157 2015 5228 dirigi-

429 5250 554 5295 tur:
587 5260 603 5291 1
638 5241 881 5295 Gloriosa
923 5242 1067 5296 dicta
1114 5252 1239 5298 sunt
1268 5244 1334 5299 de
1365 5252 1436 5309 te,
1470 5245 1663 5299 civitas
1692 5246 1783 5299 Dei
1837 5244 2009 5315 (Psal.

432 5334 684 5403 r.xxxvr);
722 5351 739 5383 1
772 5333 871 5387 Et:
900 5353 917 5385 1
948 5332 1183 5388 ﬂuminis
1219 5335 1448 5404 impetus
1476 5336 1710 5391 ltetiticat
1740 5336 2011 5391 civitatem

429 5422 524 5479 Dei
558 5422 726 5494 (l'sal.
754 5423 898 5495 xm).
929 5444 948 5477 1
976 5422 1301 5479 Ᾱείιίῐὶοτιιυιο
1329 5426 1509 5496 itaque
1534 5427 1769 5481 Ecclesia
1803 5443 1831 5481 a
1866 5436 2013 5482 turre

430 5515 734 5568 obedientiw
762 5514 872 5568 sive
899 5516 1103 5585 gratim,
1132 5524 1187 5572 et
1211 5516 1465 5571 donorum
1513 5519 1638 5589 (hoc
1668 5520 1811 5572 enim
1844 5520 2009 5573 inter-

430 5613 671 5673 pretatur
699 5605 1018 5676 Auanehel),
1063 5624 1232 5677 usque
1267 5611 1333 5663 ad
1364 5618 1570 5681 portam
1620 5611 1798 5679 anguli
1835 5628 1846 5660 :
1890 5625 2007 5679 qua:

429 5695 553 5750 licet
583 5697 822 5751 videntur
849 5699 1057 5751 initium
1080 5700 1277 5755 habere
1303 5702 1798 5773 sulilime,quamliu
1826 5704 1874 5755 in
1906 5703 2005 5757 ista

428 5801 591 5841 carne
614 5789 979 5853 consistimus,
1011 5797 1211 5843 rectam
1240 5794 1480 5849 veritatis
1525 5794 1717 5847 lineam
1748 5809 1848 5847 non
1883 5808 2007 5861 pns-

2138 588 2275 655 neis,
2312 588 2530 660 exitque
2552 591 2694 645 ultra
2716 590 2986 648 funiculus
3014 605 3281 649 mensurae
3301 603 3491 651 contra
3511 610 3653 660 eam,
3678 588 3735 650 id

2138 687 2243 743 cst,
2263 686 2477 748 portam
2504 681 2707 752 anguli,
2735 696 2897 753 super
2915 682 3107 739 collem
3129 681 3329 750 Gareb,
3352 685 3446 755 qui
3470 685 3525 740 in
3548 685 3735 757 lingua

2137 779 2323 825 nostra
2376 771 2629 837 vertitur,
2673 781 2768 827 aut
2812 773 3095 841 incolatus,
3140 782 3234 830 aut
3267 777 3489 842 scabies,
3532 786 3590 832 ut
3634 781 3735 831 uo-

2136 869 2297 915 ceant
2322 874 2419 916 nos
2442 862 2677 920 advenas
2701 878 2821 920 esse
2846 859 3017 934 atque'
3034 865 3374 937 peregrinos,
3399 875 3453 921 et
3479 882 3584 923 non
3625 884 3728 923 au-

2137 953 2289 1010 ribus
2314 955 2640 1025 prurientes,
2671 966 2727 1011 et
2756 957 2825 1012 ad
2858 958 3158 1013 novitatem
3203 958 3517 1027 dogmatum
3553 961 3729 1031 pessi-

2136 1059 2368 1111 morum,
2399 1045 2558 1102 facile
2598 1061 2705 1100 non
2744 1049 2991 1116 praebere
3030 1064 3374 1105 consensum.
3432 1048 3634 1123 (Creg.)
3666 1050 3729 1107 In

2136 1134 2334 1205 angulo
2377 1143 2560 1191 autem
2606 1136 2800 1206 duplex
2841 1138 3020 1207 paries
3058 1137 3324 1210 jungitur,
3365 1140 3558 1196 civitas
3597 1157 3729 1213 ergo

2134 1224 2348 1279 Domini
2384 1241 2414 1279 a
2447 1234 2597 1281 turre
2621 1226 2901 1283 Ananehel
2952 1244 3124 1298 usque
3166 1231 3235 1285 ad
3282 1241 3498 1301 portam
3545 1231 3729 1303 anguli

2133 1313 2402 1370 aediﬁcare
2428 1315 2765 1384 perhibetur,
2792 1318 2920 1386 quia
2949 1327 3146 1375 sancta
3168 1319 3411 1377 Ecclesia
3442 1337 3473 1376 a
3504 1322 3727 1378 celsitu-

2132 1405 2259 1461 dine
2288 1422 2534 1477 supernae
2565 1408 2753 1478 gratia:
2786 1409 3069 1476 inchoans,
3100 1426 3270 1481 usque
3300 1414 3368 1468 ad
3420 1412 3727 1485 ingressum

2131 1499 2642 1569 susceptionemque
2654 1502 2989 1557 construitur
3006 1511 3358 1574 utrorumque
3378 1506 3723 1575 pepulomm,

2131 1586 2341 1646 Judaici
2376 1591 2622 1647 videlicet
2660 1600 2821 1662 atque
2849 1593 3086 1664 gentilis.
3141 1594 3245 1650 Sed
3274 1596 3403 1665 quia
3436 1595 3491 1651 in
3518 1612 3581 1651 ea
3608 1611 3729 1652 cre-

2132 1690 2317 1738 scente
2349 1682 2696 1738 multitudine
2736 1684 2899 1738 etiam
2952 1685 3168 1755 reprobi
3221 1686 3572 1757 colliguntur,
3605 1697 3727 1759 apte

2131 1774 2420 1829 subditur:
2454 1793 2474 1827 1
2507 1782 2563 1829 et
2588 1774 2758 1828 exivit
2787 1774 2927 1829 ultra
2967 1790 3158 1830 norma
3188 1790 3456 1831 mensurae
3489 1795 3502 1830 :
3544 1797 3561 1830 1
3599 1779 3724 1847 quia

2052 1852 2101 1911 Β
2130 1880 2300 1935 usque
2328 1867 2397 1921 ad
2423 1880 2520 1921 eos
2543 1880 2760 1935 quoque
2798 1866 3140 1933 extenditur,
3161 1868 3256 1937 qui
3289 1882 3538 1922 normam
3564 1867 3725 1936 justi-

2127 1960 2215 2015 tia:
2272 1968 2656 2025 transeuntes,
2721 1958 2863 2014 intra
2916 1976 3189 2015 mensurae
3238 1961 3477 2017 cmlestis
3528 1977 3720 2017 nume-

2125 2066 2246 2104 rum
2273 2064 2381 2106 non
2413 2057 2557 2105 sunt.
2591 2048 2862 2122 (Hieron.)
2900 2069 2919 2101 1
2949 2050 3017 2105 Et
3049 2047 3319 2113 circuibit,
3350 2051 3548 2121 inquit,
3583 2050 3723 2106 Coa-

2125 2143 2237 2208 tha,
2277 2160 2296 2194 1
2327 2156 2427 2212 pro
2475 2156 2583 2212 quo
2611 2141 2953 2210 interpretati
2990 2151 3116 2197 sunt
3145 2141 3522 2212 Septuaginta,
3573 2162 3591 2193 1
3625 2159 3722 2213 per

2124 2247 2339 2303 gyrum,
2374 2250 2393 2284 1
2449 2231 2639 2287 electis
2672 2230 2963 2300 lapidibus,
2999 2232 3089 2300 qui
3120 2232 3413 2287 volvuntur
3449 2249 3613 2303 super
3643 2233 3719 2287 fa-

2124 2324 2260 2378 ciem
2304 2332 2485 2387 terrae,
2518 2331 2572 2377 et
2602 2321 2845 2392 angulari
2887 2321 3064 2391 lapide
3130 2324 3609 2393 constringuntur,
3639 2323 3719 2380 di-

2126 2424 2280 2471 cente
2315 2415 2559 2486 apostolo
2582 2416 2775 2470 Petro:
2810 2432 2826 2466 1
2859 2415 2927 2470 Et
2953 2416 3053 2485 ipsi
3084 2425 3341 2488 tanquam
3367 2418 3578 2489 lapides
3612 2421 3719 2477 vivi

2124 2508 2629 2578 superiediticamini
2656 2508 2847 2562 domos
2874 2508 3165 2578 spiritales,
3202 2511 3572 2566 sacerdotium
3600 2527 3719 2567 san-

2125 2609 2294 2665 ctum;
2332 2600 2621 2655 offerentes
2664 2600 2935 2670 spiritales
2975 2601 3213 2666 hostias,
3256 2612 3311 2657 et
3356 2603 3722 2673 acceptabiles

2124 2686 2234 2747 Deo
2259 2706 2359 2762 per
2383 2690 2566 2746 Jesum
2593 2690 2870 2746 Christum
2922 2691 2974 2749 (Ι
3004 2691 3119 2746 Pet.
3151 2691 3234 2763 n).
3273 2713 3290 2743 1
3356 2712 3375 2744 1
3410 2692 3481 2747 Et
3502 2709 3719 2749 onmem

2121 2781 2339 2848 vallem,
2366 2782 2561 2852 inquit,
2591 2781 2904 2853 Phagarim,
2938 2802 2956 2835 1
2998 2782 3142 2852 quod
3173 2783 3566 2853 interpretatur
3604 2784 3715 2838 nti-

2123 2892 2345 2941 narum;
2398 2883 2454 2931 et
2498 2876 2730 2940 cineres,
2757 2876 3079 2931 subauditur
3120 2875 3392 2930 circuibit.
3446 2877 3517 2933 Ut
3546 2893 3719 2947 quan-

2123 2979 2285 3033 quam
2336 2964 2495 3021 nobis
2537 2964 2821 3033 videamur
2868 2964 2923 3018 in
2972 2964 3222 3030 collibus,
3274 2973 3455 3019 tamen
3506 2980 3718 3037 semper

2124 3056 2410 3111 timeamus
2456 3055 2641 3110 ruinas
2666 3062 2720 3109 et
2756 3053 3162 3110 consideremus
3197 3056 3433 3119 cineres,
3466 3063 3521 3109 et
3545 3056 3718 3127 pinni-

2126 3155 2302 3201 tcntes
2345 3146 2589 3201 dicamus
2618 3160 2740 3201 cum
2768 3144 2935 3200 David
2980 3162 2994 3201 :
3044 3165 3061 3197 1
3110 3145 3246 3212 Quia
3287 3132 3527 3202 cinerem
3560 3147 3715 3216 quasi

2122 3254 2319 3311 panem
2351 3237 2671 3293 manducavi
2698 3246 2752 3292 ct
2778 3238 3030 3307 poculum
3075 3252 3257 3293 meum
3297 3253 3420 3293 cum
3452 3236 3579 3292 ﬂetu
3618 3238 3717 3293 mi-

2122 3331 2339 3386 seebam
2387 3327 2559 3398 (Ρδαι.
2611 3329 2707 3399 οι).
2751 3349 2770 3382 1
2819 3330 2971 3385 Unde
3024 3339 3078 3384 et
3117 3330 3426 3402 jacentibus
3486 3331 3711 3386 dicitur:

2129 3439 2147 3473 1
2191 3420 2442 3489 Nunquid
2464 3419 2557 3490 qui
2580 3420 2746 3483 cadit,
2775 3434 2884 3474 non
2910 3420 3163 3491 resurgit,
3198 3420 3331 3476 dicit
3360 3421 3662 3475 Dominus?
3688 3440 3707 3475 1

2123 3510 2259 3582 (Ier.
2283 3510 2401 3581 vin)
2451 3527 2468 3560 1
2504 3510 2572 3564 Ει
2610 3510 2946 3575 universum,
2989 3510 3182 3580 inquit,
3216 3508 3540 3577 Sademoth,
3573 3512 3715 3581 quod

2122 3619 2221 3661 nos
2250 3604 2511 3659 vertimus
2554 3603 2610 3658 in
2654 3604 2916 3673 regionem
2959 3604 3159 3670 mortis,
3203 3620 3369 3659 unum
3416 3620 3613 3659 nomen
3659 3603 3715 3659 in

2121 3698 2227 3753 duo
2253 3697 2416 3751 verba
2448 3696 2746 3751 dividentes
2772 3704 2858 3754 na
2895 3695 3038 3764 Quod
3067 3696 3264 3750 dicitur
3304 3695 3472 3766 regio,
3506 3704 3560 3749 et
3597 3704 3714 3756 mn

2122 3790 2268 3861 quod
2312 3790 2698 3858 interpretatur
2747 3787 2978 3853 mortis,
3025 3803 3121 3857 pro
3160 3802 3267 3856 quo
3311 3786 3506 3857 Aquila
3552 3787 3714 3842 vertit

2122 3880 2455 3944 suburbana,
2493 3878 2607 3933 sive
2640 3892 2773 3932 arva
2807 3886 2865 3932 et
2896 3893 3044 3933 rura.
3095 3878 3265 3950 Regio
3292 3887 3475 3933 autem
3500 3879 3709 3945 mortis,

2124 3970 2272 4040 regio
2304 3978 2651 4040 peccatorum
2680 3976 2785 4034 est,
2819 3976 2876 4025 et
2919 3969 3255 4035 suburbana,
3286 3970 3437 4040 regio
3462 3971 3712 4042 volupta-

2123 4072 2258 4127 tum,
2288 4079 2407 4133 qua:
2450 4063 2627 4133 pergit
2666 4076 2839 4131 usque
2886 4062 2955 4117 ad
3002 4058 3298 4117 torrentem
3342 4061 3577 4127 Cedron,
3621 4064 3712 4120 ubi

2122 4155 2356 4211 traditus
2408 4162 2491 4209 cst
2540 4154 2837 4220 Dominus,
2881 4153 2975 4224 qui
3020 4154 3412 4224 interpretatur
3448 4155 3707 4209 tenebrae.

2122 4245 2255 4301 Vide
2284 4252 2485 4314 quanta
2508 4244 2705 4299 habeat
2732 4243 2848 4298 loca
2868 4242 3111 4299 Ecclesia
3150 4260 3163 4296 :
3203 4253 3255 4298 et
3282 4246 3556 4313 quomodo
3582 4244 3711 4301 illud

2119 4335 2517 4406 Apostolicum,
2550 4355 2567 4387 1
2598 4344 2659 4389 ut
2686 4337 2756 4391 sit
2782 4336 2898 4391 sine
2926 4336 3168 4403 macula,
3193 4345 3250 4392 et
3279 4353 3411 4408 ruga
3432 4379 3446 4405 ,
3493 4358 3513 4390 1
3547 4340 3602 4394 111
3629 4339 3711 4395 fu-

2120 4435 2273 4490 turo,
2307 4433 2363 4480 et
2404 4425 2461 4480 in
2509 4425 2821 4481 coelestibus
2867 4434 3199 4481 reservetur.
3244 4426 3417 4483 Audis
3460 4431 3706 4500 angulos,

2118 4514 2274 4569 audis
2302 4515 2561 4581 scabiem,
2586 4515 2740 4571 audis
2772 4516 2977 4600 ruinas,
3008 4524 3063 4572 et
3092 4517 3321 4585 cineres,
3354 4526 3411 4574 et
3434 4522 3707 4590 regionem

2118 4606 2312 4661 mortis
2328 4646 2341 4670 ,
2367 4614 2423 4660 et
2444 4604 2724 4672 tenebras,
2747 4615 2802 4662 et
2821 4606 2887 4661 de
2913 4615 3004 4662 tua
3024 4608 3223 4663 virtute
3238 4649 3254 4675 ,
3276 4616 3332 4665 et
3350 4609 3708 4682 impeccantia

2120 4696 2410 4767 gloriaris?
2444 4695 2685 4764 Denique
2714 4695 2996 4765 sequitur:
3030 4716 3049 4748 1
3076 4698 3142 4751 Et
3161 4714 3333 4769 usque
3355 4701 3425 4755 ad
3449 4702 3705 4773 angulum

2119 4798 2318 4859 portae:
2344 4808 2362 4841 1
2389 4795 2443 4844 ct
2461 4788 2550 4844 hic
2575 4787 2821 4859 angulus,
2843 4804 2910 4842 ne
2933 4788 3039 4843 ulla
3062 4804 3189 4846 vera
3207 4790 3436 4862 justitia,
3470 4810 3540 4851 ne
3564 4806 3706 4854 certa

2119 4880 2345 4936 victoria
2396 4880 2449 4934 in
2494 4879 2600 4935 isto
2646 4879 2842 4935 saeculo
2868 4880 3286 4937 demonstretur.
3328 4883 3451 4957 lpse
3490 4902 3705 4960 quoque

2124 4971 2351 5039 angulus
2383 4980 2555 5041 portae
2581 4987 2890 5042 quanquam
2923 4973 2995 5027 sit
3019 4973 3320 5042 orientalis,
3349 4976 3495 5033 unde
3523 4978 3705 5037 lumen

2120 5062 2410 5130 egreditur,
2456 5068 2635 5116 tamen
2676 5076 2939 5131 equorum
2984 5062 3302 5132 appellatur,
3356 5074 3417 5119 ut
3463 5068 3706 5139 indigere

2119 5168 2218 5207 nos
2259 5153 2449 5208 doceat
2489 5169 2651 5209 cursu
2698 5162 2861 5223 atque
2889 5156 3184 5210 certamine
3212 5174 3222 5209 :
3250 5165 3302 5210 ct
3334 5158 3553 5215 tandem
3580 5176 3703 5217 cum

2118 5242 2343 5297 Domino
2382 5243 2569 5298 audire
2597 5258 2940 5298 mereamur:
2973 5262 2992 5295 1
3019 5244 3322 5300 Ascendisti
3357 5260 3525 5317 equos
3556 5259 3702 5319 tuos,

2114 5343 2167 5388 et
2186 5335 2444 5404 equitatio
2458 5343 2545 5389 tua
2568 5334 2731 5389 salus.
2746 5333 2839 5389 1111
2854 5344 3009 5407 porta
3030 5336 3301 5403 orientali,
3318 5338 3371 5393 in
3390 5350 3547 5410 porta
3568 5358 3704 5412 qua-

2120 5424 2390 5493 drigarum
2438 5424 2793 5479 sanctificatio
2822 5426 3031 5481 Domini
3071 5436 3175 5491 est,
3204 5436 3265 5481 ut
3289 5437 3418 5487 tunc
3449 5447 3545 5484 nos
3573 5448 3700 5501 pcr-

2120 5514 2288 5570 fectos
2317 5515 2642 5568 arbitremur
2660 5556 2674 5580 ,
2696 5518 2911 5584 quando
2939 5516 3236 5573 dixerimus
3264 5519 3330 5573 ad
3370 5519 3655 5577 Dominum
3680 5539 3699 5581 :

2122 5624 2140 5656 1
2162 5605 2364 5661 Currus
2380 5606 2472 5659 Dei
2496 5604 2676 5659 decem
2693 5606 2858 5659 millia
2881 5607 3158 5677 multiplex
3181 5609 3343 5664 millia
3366 5610 3698 5680 laetantium;

2114 5696 2454 5751 Dominusin
2488 5696 2565 5749 eis
2594 5693 2761 5763 (Psal.
2792 5696 2977 5759 van).
3012 5718 3027 5745 1
3058 5698 3361 5754 Istiusmodi
3410 5701 3699 5760 aedificatio

2110 5804 2229 5857 quae
2262 5802 2428 5857 super
2474 5786 2874 5842 fumlamentum
2910 5786 3106 5845 Christi
3148 5790 3321 5860 posita
3353 5798 3454 5859 est,
3487 5792 3552 5847 de
3580 5809 3693 5867 qua
