3926 6318
153 366 177 416 1
188 364 296 418 049

1079 359 1444 418 EXPOSITIO
1483 359 1709 440 SUPER
1746 357 2111 421 JEREMIAM.
2149 395 2218 407 -—
2256 364 2382 422 LIB.
2422 367 2532 423 XII.

3279 374 3419 430 1050

150 476 401 546 loquitur
435 484 489 531 et
511 474 839 545 Apostolus:
871 493 889 526 ι
923 475 994 532 Ut
1023 477 1242 546 sapiens
1264 477 1592 533 architectus
1615 475 1740 530 fun-
1770 482 1821 542 Α
1848 495 1964 534 sum
1991 478 2290 545 Chaldmos,
2319 481 2448 535 nihil
2477 495 2795 553 prosperum
2831 479 3098 540 habebitis
3124 502 3136 539 :
3169 505 3187 537 ι
3237 485 3290 540 in
3318 485 3418 542 Se-

150 569 472 623 damentum
493 567 645 636 posui
671 565 755 637 (II
778 566 900 622 Cor.
920 567 1056 638 ιιι),ι
1084 583 1368 639 nunquam
1403 569 1734 632 destruetur,

149 660 252 714 sed
269 658 511 714 manebit
531 659 584 712 in
611 656 951 730 perpetuum.
972 659 1214 716 Obscura
1233 669 1288 716 et
1307 660 1539 717 difficilia
1575 661 1739 716 latius

147 749 474 805 disserenda
524 760 666 814 sunt,
700 760 758 806 ut
780 751 1067 807 manifesta
1093 751 1309 808 brevius
1333 766 1733 820 percurramus.

709 865 937 923 CAPUT
975 866 1191 922 XXXII.

150 974 433 1054 Ieremias.
467 979 523 1032 in
553 994 782 1054 parcere
828 979 1100 1052 prophetat
1136 981 1428 1054 _Sedeciam
1483 985 1740 1054 captivum

221 1047 524 1101 ducendum
546 1049 600 1101 in
616 1047 951 1122 Babylonem,
977 1060 1025 1122 e_t
1045 1052 1164 1105 emit
1189 1067 1373 1122 agrum
1396 1052 1453 1105 in
1475 1047 1738 1120 Atiathot;

221 1127 342 1170 orat
372 1133 467 1185 pro
491 1117 682 1186 populo
724 1117 745 1172 ἑ
779 1136 949 1174 sermo
975 1120 1186 1175 Domini
1212 1117 1275 1175 de
1304 1122 1543 1176 incendio
1577 1117 1738 1177 Jeru-

223 1186 394 1240 salem
418 1196 466 1240 et
491 1187 794 1261 liberatione
822 1191 1161 1260 captivorum.

224 1313 245 1347 ι
300 1296 533 1351 Verbum
567 1297 709 1366 quod
757 1297 959 1352 factum
1007 1307 1088 1354 est
1124 1298 1192 1353 ad
1229 1297 1522 1355 Jeremtam
1575 1315 1606 1355 a
1632 1301 1739 1356 Do-

148 1403 170 1438 ‹
218 1387 399 1453 mino,
430 1387 483 1441 in
520 1402 663 1445 anno
699 1387 914 1443 decimo
965 1387 1205 1444 Sedeciae
1249 1391 1392 1462 regis
1431 1388 1593 1455 Juda,
1626 1393 1742 1461 ipse

218 1485 312 1532 est
388 1492 562 1532 annus
629 1486 853 1533 octavus
915 1477 1156 1534 decimus
1222 1478 1737 1537 Nabuchodonosor.

222 1566 385 1622 Tunc
412 1567 688 1623 exercitus
731 1568 876 1638 regis
908 1567 1196 1639 Babylonis
1225 1571 1510 1626 obsidebat
1549 1571 1742 1628 llieru-

192 1657 418 1722 'salem,
450 1666 506 1712 et
525 1655 788 1714 Jeremias
810 1658 1070 1729 propheta
1101 1668 1220 1714 erat
1267 1660 1481 1716 clausus
1519 1662 1572 1716 in
1603 1663 1742 1716 atrio

220 1746 485 1812 carceris,
511 1747 602 1816 qui
642 1756 761 1801 erat
803 1747 856 1800 in
895 1746 1056 1803 domo
1094 1749 1238 1820 regis
1265 1747 1421 1804 Juda.
1463 1749 1742 1804 Clauserat

147 1857 166 1888 ι
217 1838 372 1892 enim
401 1839 654 1894 Sedecias
687 1855 782 1894 rex
803 1823 940 1894 Iuda
969 1840 1155 1896 dicens
1179 1858 1193 1895 :
1219 1841 1400 1907 Quare
1427 1841 1743 1897 vaticinaris
1772 1831 1818 1889 Β

147 1947 166 1979 ι
217 1929 439 1984 dicens:
467 1928 590 1984 Haec
620 1930 751 1984 dicit
773 1929 1047 1984 Dominus.
1079 1949 1098 1980 ι
1127 1929 1394 2000 (Ηίενοη.)
1424 1930 1540 1985 Non
1570 1931 1742 1986 solum

142 2022 343 2083 verba,
392 2019 486 2072 sed
530 2026 586 2072 et
625 2033 789 2087 opera
854 2019 1239 2088 prophetarum
1302 2020 1456 2075 nobis
1499 2021 1743 2090 exempla

144 2119 283 2164 sunt
334 2109 401 2164 ad
427 2110 703 2164 virtutem.
743 2111 961 2165 Poterat
1000 2108 1262 2165 Jeremias
1305 2127 1561 2181 prospera
1608 2128 1746 2166 nun-

143 2200 318 2264 tiare,
355 2208 410 2254 et
449 2199 592 2270 regis
639 2198 878 2253 Sedecia:
924 2199 1031 2252 frui
1076 2200 1333 2264 amicitia,
1376 2201 1468 2254 sed
1513 2200 1753 2269 malebat

144 2289 264 2346 Deo
295 2290 468 2361 magis
498 2289 718 2344 obedire
739 2305 900 2359 quam
931 2290 1264 2356 hominibus,
1293 2298 1345 2346 et
1373 2291 1419 2345 ei
1447 2289 1539 2360 qui
1566 2299 1746 2360 potest

142 2389 201 2434 et
229 2382 474 2434 animam
505 2389 562 2434 et
588 2395 785 2450 corpus
814 2381 1065 2434 occidere
1103 2382 1155 2434 in
1185 2383 1446 2451 gehenna,
1481 2398 1642 2450 quam
1671 2381 1743 2435 illi

142 2474 241 2544 qui
297 2481 506 2526 tantum
561 2473 614 2526 in
655 2487 851 2541 corpus
897 2471 1099 2526 habere
1146 2481 1361 2541 poterat
1402 2479 1744 2541 potestatem.

144 2567 214 2620 Et
265 2567 372 2621 hoc
419 2566 872 2621 considerandum
920 2566 1064 2636 quod
1116 2567 1358 2621 decimus
1409 2582 1583 2621 annus
1632 2576 1751 2622 erat

145 2659 310 2728 regni
344 2657 582 2714 Sedeciac
624 2656 844 2712 obsessa
886 2657 998 2726 jam
1045 2657 1401 2722 Hierusalem,
1447 2667 1502 2713 et
1547 2659 1746 2729 gladio,

144 2749 322 2815 fame,
361 2765 425 2804 ac
463 2757 616 2818 peste
643 2757 986 2818 consumpta,
1031 2757 1085 2803 et
1115 2750 1426 2818 captivitate
1455 2751 1657 2817 vicina,
1695 2758 1748 2805 et

146 2850 343 2895 tamen
393 2838 646 2894 Sedecias
691 2846 900 2908 perstat
951 2839 1006 2893 in
1055 2839 1342 2905 sententia,
1393 2848 1448 2893 et
1494 2856 1558 2895 ex
1594 2853 1751 2910 parte

147 2932 342 3002 aliqua
375 2930 519 2985 illius
565 2929 851 2985 clementia
908 2930 1326 2994 demonstratur,
1373 2933 1515 3000 quod
1548 2947 1752 3002 nequa-

148 3038 325 3094 quam
356 3037 479 3077 eum
510 3021 565 3075 in
592 3034 834 3086 carcere,
873 3020 969 3074 sed
1015 3019 1069 3074 in
1099 3020 1364 3074 vestibulo
1401 3020 1602 3074 recludi
1628 3019 1749 3088 jus-

147 3113 291 3169 serit
324 3110 594 3175 carceris,
626 3109 797 3165 libera
821 3108 1072 3164 videlicet
1107 3110 1375 3173 custodia,
1407 3117 1464 3162 ut
1489 3124 1594 3163 non
1628 3124 1750 3178 pos-

149 3214 234 3259 set
284 3201 554 3274 effugere,
605 3201 760 3273 quasi
805 3217 914 3256 non
956 3202 1135 3256 omnis
1178 3201 1512 3256 Hierusalem
1564 3201 1748 3255 clausa
1777 3180 1822 3241 Ο

153 3295 577 3360 munitionibus,
615 3293 917 3349 communis
954 3308 1142 3348 carcer
1183 3292 1345 3347 fuerit
1371 3293 1748 3347 habitantium.

151 3386 275 3458 Ipse
311 3394 395 3440 est
425 3400 597 3438 annus
628 3383 1094 3438 duodevicesim'us
1139 3383 1291 3452 regni
1324 3383 1752 3438 Nabuchodono-

152 3493 270 3542 sor,
313 3475 404 3545 qui
428 3485 620 3544 quarto
646 3489 787 3529 anno
815 3473 955 3543 regis
981 3471 1227 3528 Joachim
1264 3473 1408 3542 cepit
1440 3473 1745 3542 imperium.

152 3568 366 3624 Omnes
406 3574 585 3619 autem
632 3580 808 3618 causzn
858 3565 953 3619 irae
1000 3565 1142 3635 regis
1171 3573 1328 3620 erant
1363 3580 1460 3618 cur
1499 3563 1750 3633 loquatur

153 3674 221 3713 ex
253 3657 350 3710 Dei
385 3655 623 3721 nomine,
653 3670 772 3724 quae
807 3654 1106 3710 ei'fuerant
1142 3656 1425 3724 imperata.

233 3769 252 3801 ι
305 3748 446 3803 Ecce
475 3762 574 3818 ego
604 3747 742 3801 dabo
772 3747 1050 3802 civitatem
1081 3747 1240 3800 istam
1284 3747 1339 3800 in
1370 3761 1563 3799 manus
1609 3745 1751 3816 regis

160 3862 178 3894 ι
227 3839 543 3911 Babylonis,
570 3848 626 3893 et
671 3839 850 3910 capiet
875 3854 1018 3894 eam.
1051 3839 1119 3892 Et
1151 3837 1442 3894 Sedcchias
1485 3854 1580 3893 rex
1614 3838 1750 3892 Juda

161 3953 180 3985 ι
229 3947 344 3988 non
373 3929 590 4000 effugiet
640 3931 706 3985 de
732 3946 895 3984 manu
927 3928 1324 3995 Chaldzeorum,
1369 3929 1464 3984 sed
1510 3928 1752 3984 tradetur

162 4042 181 4076 ι
230 4023 290 4076 in
320 4037 512 4076 manus
535 4021 680 4092 regis
702 4020 1011 4094 Babylonis,
1041 4031 1095 4076 et
1115 4021 1364 4091 loquetur
1392 4036 1456 4076 os
1481 4019 1598 4088 ejus
1628 4033 1751 4074 cum

163 4133 182 4167 ι
229 4128 331 4169 ore
367 4113 542 4179 illius,
570 4122 626 4169 et
680 4113 822 4168 oculi
868 4112 984 4182 ejus
1031 4113 1215 4168 oculos
1272 4112 1413 4167 illius
1470 4112 1747 4167 videbunt.

162 4225 181 4258 ι
227 4205 303 4260 Et
337 4205 392 4259 in
422 4205 748 4276 Babylonem
775 4206 935 4261 ducet
981 4204 1284 4270 Sedeciam,
1324 4214 1379 4260 et
1410 4205 1482 4260 ibi
1515 4205 1619 4260 erit
1651 4205 1750 4259 do-

167 4316 185 4349 ι
231 4310 339 4351 nec
369 4295 581 4350 visitem
619 4310 744 4350 eum
765 4334 780 4360 ,
813 4296 888 4348 ait
917 4295 1193 4350 Dominus.
1225 4294 1379 4361 Quod
1410 4295 1454 4349 si
1482 4309 1752 4365 pugnave-

164 4404 183 4437 ι
232 4385 361 4440 ritis
388 4393 578 4440 contra
600 4384 904 4451 Chaldaeos,
926 4385 1060 4439 nihil
1080 4399 1398 4456 prosperum
1426 4385 1744 4441 habebitis.»

164 4494 184 4528 ι
233 4475 366 4530 Haec
395 4483 513 4530 erat
537 4489 702 4530 causa
731 4476 826 4529 irae
856 4475 1043 4546 regia},
1082 4489 1254 4544 quare
1290 4475 1576 4544 praeferret
1599 4490 1752 4531 men-

1838 571 2116 642 ptuaginta
2167 586 2273 626 non
2317 572 2568 627 habetur.
2638 572 3048 643 Prudenterque
3095 577 3421 633 sententiam

1841 661 2180 731 temperavit,
2208 676 2326 731 qua:
2355 661 2423 715 ad
2448 661 2642 716 bonam
2669 671 2725 718 ct
2763 663 2831 717 ad
2860 662 3056 718 malam
3082 672 3292 732 partem
3330 680 3419 722 re-

1839 747 1964 806 ferri
2017 759 2214 822 potest.
2255 751 2508 806 Visitatio
2553 753 2720 818 enim,
2765 762 2825 808 ut
2865 767 3004 824 saepe
3037 753 3153 823 jam
3195 745 3329 823 dixi,
3368 764 3423 811 et

1839 841 2260 898 consolationem
2287 842 2556 911 signiﬁcat
2580 852 2634 898 et
2654 843 2991 914 supplicium.
3082 909 3101 929 .

1914 952 1934 984 ‹
1977 932 2045 988 Ει
2074 933 2210 989 dixit
2245 931 2509 988 Jeremias
2537 952 2550 987 :
2578 933 2801 989 Factum
2834 945 2916 991 est
2942 938 3167 993 verbum
3209 937 3419 994 Domini

1845 1045 1866 1080 ι
1910 1027 1976 1082 ad
2006 1042 2109 1091 me,
2144 1027 2364 1083 dicens:
2390 1027 2532 1083 Ecce
2557 1027 2856 1088 Anamehel
2883 1026 3025 1083 filius
3065 1029 3266 1084 Selium
3297 1029 3423 1100 (sive

1845 1137 1866 1171 ι
1909 1116 2116 1188 Sallon)
2145 1119 2401 1188 patruelis
2430 1126 2554 1173 tuus
2581 1117 2741 1189 (quod
2766 1117 3026 1172 Hebraice
3053 1119 3246 1173 dicitur
3271 1118 3419 1201 Tm)

1847 1228 1866 1260 ι
1911 1207 2094 1264 veniet
2113 1208 2180 1262 ad
2203 1217 2274 1273 te,
2291 1209 2506 1264 dicens:
2530 1209 2661 1264 Eme
2683 1208 2778 1263 tibi
2803 1224 2991 1280 agrum
3018 1209 3325 1279 meum,qui
3341 1216 3425 1263 est

1848 1318 1866 1352 ι
1913 1300 1965 1353 in
1991 1299 2231 1354 Anathot
2265 1315 2279 1352 :
2325 1299 2419 1353 tibi
2462 1299 2604 1354 enim
2632 1301 2890 1370 competit
2918 1315 2984 1355 ex
3024 1299 3427 1370 propinquitate

1847 1412 1866 1444 ι
1912 1392 2131 1461 emptio.
2167 1411 2187 1444 ι
2223 1389 2504 1447 Occultum
2539 1388 2604 1444 ad
2631 1388 2920 1446 Jeremiam
2949 1391 3148 1448 factum
3181 1391 3272 1447 Dei
3304 1404 3427 1447 esse

1842 1499 2147 1540 sermonem
2195 1498 2354 1538 nemo
2394 1483 2535 1538 scire
2561 1491 2813 1554 poterat,
2845 1481 2948 1538 nisi
2984 1483 3100 1552 ipso
3131 1483 3423 1548 indicante,

1841 1575 1906 1630 ad
1935 1592 2093 1646 quem
2125 1574 2298 1630 factus
2331 1575 2527 1642 fuerat,
2559 1585 2613 1630 et
2634 1575 2942 1646 przedicitur
2970 1575 3039 1637 ei,
3065 1575 3208 1644 quod
3233 1581 3428 1628 ventu-

1842 1681 1933 1720 rus
1962 1667 2033 1721 sit
2065 1666 2130 1720 ad
2169 1681 2290 1720 eum
2314 1665 2609 1721 Anamehel
2636 1656 2896 1737 patruelis
2937 1655 3181 1732 suus,‘et
3217 1679 3430 1736 posscs-

1845 1761 2051 1813 sionem
2085 1760 2200 1830 agri
2231 1761 2320 1828 qui
2369 1775 2499 1815 suus
2544 1758 2720 1814 fuerat
2747 1759 3045 1813 delaturus.
3093 1759 3222 1812 Esse
3251 1764 3427 1811 autem

1848 1848 2021 1918 ipsum
2071 1847 2246 1904 locum
2293 1851 2346 1903 in
2377 1850 2651 1904 Anathoth
2693 1851 2759 1905 de
2803 1848 3144 1914 suburbanis,
3177 1863 3296 1917 quae
3337 1862 3428 1901 sa-

1847 1940 2285 2011 cerdotibus‘per
2329 1941 2567 2012 singulas
2598 1942 2770 1995 tribus
2810 1950 2864 1995 et
2891 1941 3139 1995 civitates
3165 1939 3431 1993 dabantur

1846 2047 1912 2086 ex
1943 2033 2057 2102 lege
2080 2030 2268 2104 (Num.
2295 2033 2466 2103 xxvii)
2495 2051 2507 2083 τ
2532 2048 2634 2087 nec
2657 2031 2865 2088 licitum
2893 2039 3010 2086 erat
3036 2028 3431 2100 possessionem

1846 2122 1909 2175 de
1935 2123 2077 2176 tribu
2120 2123 2352 2177 transire
2380 2123 2447 2176 ad
2473 2123 2694 2189 tribum,
2723 2136 2824 2177 nec
2851 2121 2917 2176 de
2947 2120 3146 2174 familia
3177 2119 3243 2174 ad
3271 2118 3431 2174 aliam

1847 2211 2127 2268 familiam.
2166 2214 2319 2270 Unde
2357 2223 2410 2267 et
2457 2213 2577 2268 filim
2609 2214 2882 2283 Salphaad
2924 2214 3194 2283 accipiunt
3227 2222 3432 2267 sortem

1849 2307 1988 2360 inter
2031 2305 2230 2361 fratres
2256 2323 2383 2361 suos
2408 2306 2592 2376 (Levit.
2618 2307 2745 2377 xxv)
2774 2322 2786 2358 :
2822 2307 3197 2376 pratcipueque
3240 2305 3434 2360 subur-

1847 2395 1987 2449 bana
2017 2396 2357 2450 sacerdotum
2391 2396 2519 2450 nulli
2549 2395 2641 2450 alii
2669 2403 2917 2467 poterant
2939 2395 3237 2450 venundari
3264 2409 3434 2464 usque

1849 2485 1916 2539 ad
1963 2501 2162 2538 annum
2210 2487 2545 2541 remissionis
2599 2486 2701 2541 nisi
2756 2487 2804 2541 ei
2852 2501 3009 2555 quem
3060 2485 3434 2556 propinquitas

1850 2575 2128 2642 sanguinis
2158 2577 2465 2645 expetebat.
2515 2575 2674 2631 Venit
2717 2589 2845 2646 ergo
2894 2575 2962 2630 ad
3009 2590 3131 2629 eum
3175 2572 3436 2645 patruelis

1851 2666 2020 2720 frater
2043 2682 2194 2732 suus,
2219 2675 2273 2720 et
2297 2665 2456 2721 offert
2481 2667 2830 2736 emptionem,
2861 2680 2981 2735 qua:
3012 2664 3085 2719 illi
3121 2679 3186 2718 ex
3217 2663 3438 2735 propin-

1851 2758 2057 2828 quitate
2123 2756 2368 2820 debetur,
2410 2757 2662 2811 llelchias
2704 2764 2758 2811 et
2807 2755 3007 2810 Selium
3042 2754 3238 2808 fratres
3285 2753 3434 2814 fuere

1850 2847 2114 2920 germani.
2146 2846 2382 2902 llelehire
2412 2847 2552 2902 filius
2568 2845 2865 2902 Jeremias:
2892 2844 3094 2899 Selium
3117 2843 3433 2898 Anamehel.

1850 2939 2105 2994 llelchias
2142 2939 2530 3007 interpretatur
2552 2951 2680 3006 pars
2709 2935 2943 2998 Domini,
2974 2933 3236 2988 Jeremias
3273 2932 3436 2988 subli-

1852 3029 2014 3082 mitas
2061 3026 2292 3081 Domini.
2343 3025 2619 3094 Recteque
2671 3023 2896 3078 altitudo
2927 3023 3138 3078 Domini
3187 3023 3251 3078 de
3283 3031 3438 3094 parte

1853 3119 2064 3174 Domini
2113 3119 2370 3173 nascitur.
2422 3115 2623 3170 Sellum
2662 3130 2792 3170 vero
2833 3115 2887 3169 in
2920 3115 3159 3184 linguam
3193 3122 3436 3168 nostram

1852 3211 2082 3265 vertitur
2127 3224 2252 3278 pax,
2304 3208 2416 3261 sive
2458 3205 2753 3275 pacificus;
2783 3203 3083 3258 Anamehel
3125 3204 3322 3257 donum
3350 3201 3436 3256 vel

1853 3302 2028 3372 gratia
2059 3301 2173 3355 Dei.
2206 3299 2312 3353 Nec
2343 3298 2679 3360 mirabimur,
2720 3295 2863 3366 quod
2895 3296 2995 3349 sibi
3043 3309 3147 3364 pax
3182 3293 3440 3362 jungatur

1852 3401 1905 3446 et
1933 3390 2126 3460 gratia,
2154 3404 2272 3443 cum
2307 3389 2468 3440 etiam
2497 3385 2930 3456 Apostolicarum
2967 3383 3311 3453 epistolarum
3336 3383 3440 3437 hoc

1851 3479 2174 3550 principium
2219 3479 2326 3532 sit:
2359 3496 2375 3528 ι
2415 3477 2598 3531 Gratia
2646 3475 2800 3530 vobis
2847 3483 2902 3530 et
2943 3489 3047 3544 pax
3101 3474 3280 3544 (Rom.
3313 3473 3375 3543 ι).
3412 3491 3432 3526 ι

1849 3572 2092 3624 Primum
2123 3586 2251 3640 ergo
2291 3584 2476 3638 pacem
2528 3583 2800 3622 meremur
2842 3566 2956 3631 Dei,
3009 3574 3061 3621 et
3098 3575 3220 3634 post
3241 3580 3431 3635 pacem

1853 3664 2009 3717 nobis
2038 3663 2210 3733 gratia
2241 3661 2481 3715 nascitur
2508 3675 2626 3730 quze
2657 3673 2761 3711 non
2795 3659 2846 3712 in
2875 3657 3218 3726 possidentis,
3248 3656 3342 3710 sed
3382 3657 3434 3711 in

1853 3753 2106 3808 dormitis
2133 3750 2357 3804 arbitrio
2387 3757 2486 3804 est.
2523 3746 2707 3801 Defert
2733 3755 2916 3800 autem
2947 3742 3276 3814 emptionem
3315 3755 3437 3815 gra-

1853 3843 1982 3897 tiam
2027 3842 2121 3896 Dci
2167 3841 2262 3906 illi,
2305 3840 2396 3908 qui
2437 3838 2490 3892 in
2520 3838 2839 3893 sublimibus
2872 3835 3167 3890 collocatus
3197 3843 3280 3889 est
3325 3853 3337 3887 ε
3379 3843 3440 3887 ιιι

1851 3934 2098 4004 quamvis
2131 3931 2378 3986 videatur
2417 3930 2682 3994 excelsus,
2730 3937 2908 3982 tamen
2951 3926 3123 3998 gratia
3152 3926 3246 3981 Dei
3295 3925 3436 3980 indi-

1851 4034 1992 4096 geat.
2021 4024 2154 4078 lllttd
2183 4023 2326 4093 quod
2365 4023 2417 4076 in
2445 4021 2670 4077 Cantico
2698 4034 2841 4090 saepe
2866 4026 3115 4074 cantatur
3140 4033 3169 4073 a
3203 4032 3434 4087 sponsa:

1857 4137 1875 4167 ‹
1898 4115 2196 4170 Fratruelis
2211 4129 2361 4168 meus
2383 4111 2558 4183 (Cant.
2573 4111 2648 4183 v),
2673 4131 2691 4163 ι
2711 4111 2762 4165 id
2777 4119 2878 4176 est,
2897 4109 2923 4166 ὅ
2943 4109 3220 4182 ἀδελφιδέος
3239 4117 3361 4182 μοῦ,
3382 4110 3437 4163 in

1853 4205 2078 4260 Hebraeo
2107 4213 2220 4264 ηπ
2251 4203 2465 4257 dicitur.
2498 4202 2639 4270 Ergo
2675 4215 2780 4253 non
2803 4198 3099 4263 fratruelis,
3129 4198 3222 4252 sed
3242 4199 3438 4274 πατρά-

1853 4296 2050 4366 δελφος,
2084 4295 2136 4350 id
2167 4304 2267 4360 est,
2311 4292 2569 4364 patruelis
2619 4291 2878 4347 dicendus
2906 4298 3010 4345 est.
3041 4289 3230 4345 Fuisse
3259 4297 3438 4345 autem

1854 4385 2145 4441 Jeremiam
2169 4384 2335 4438 filium
2359 4382 2596 4438 llelchiae
2621 4382 2690 4437 de
2728 4381 3120 4448 sacerdotibus,
3157 4380 3249 4452 qui
3279 4389 3439 4436 erant

1853 4479 1908 4534 in
1931 4479 2170 4534 Anathot
2216 4478 2270 4531 in
2316 4485 2461 4531 terra
2503 4474 2810 4554 Beniamin,
2851 4482 2907 4528 et
2941 4472 3232 4529 voluminis
3276 4472 3437 4543 hujus

159 4569 325 4624 dacio
364 4566 668 4630 veritatem,
713 4573 769 4620 et
814 4535 943 4618 tarnv
963 4563 1155 4620 urbem
1187 4564 1543 4632 Hierusalem,
1587 4580 1749 4636 quam
1774 4535 1828 4596 Β
1855 4580 2084 4629 testatur
2118 4571 2421 4627 exordium.

160 4660 451 4717 Sedeciam
484 4674 665 4730 regem
709 4658 916 4713 diceret
959 4673 1078 4713 esse
1125 4658 1468 4728 capiendum,
1502 4659 1752 4729 quodque

161 4752 389 4824 gravius
410 4760 515 4817 est,
545 4752 786 4806 visurum
822 4767 944 4805 cum
972 4765 1065 4805 ora
1094 4751 1237 4821 regis
1263 4750 1566 4823 Babylonis,
1596 4759 1650 4805 et
1674 4751 1751 4806 lo—

162 4852 421 4898 cuturum
469 4843 727 4898 humilem
782 4853 944 4912 atque
973 4843 1245 4913 captivum
1267 4883 1282 4908 ,
1312 4843 1750 4913 impotentissimi

163 4931 317 5002 regis
343 4929 570 4984 insania.
614 4931 844 4985 Gravior
871 4932 1015 4986 enim
1043 4941 1218 4987 terror
1247 4941 1332 4987 est
1357 4933 1540 4988 videre
1590 4949 1750 5002 quem

166 5024 391 5086 timeas,
419 5030 474 5076 et
502 5029 624 5076 ante
656 5021 1078 5093 increpationem
1102 5026 1410 5090 verborum,
1441 5040 1600 5094 quam
1639 5039 1754 5096 pte-

165 5128 364 5169 narum
387 5113 656 5168 sustinere
684 5114 1004 5170 crueiatum.
1042 5133 1062 5167 ‹
1095 5115 1162 5170 Et
1199 5116 1252 5169 in
1274 5116 1619 5190 Babylonem,
1665 5117 1751 5171 in-

167 5206 310 5276 quit,
338 5206 497 5260 ducet
526 5205 827 5271 Scdeciam,
853 5214 905 5261 et
949 5207 1023 5262 ibi
1074 5209 1203 5264 erit:
1228 5229 1245 5259 ι
1279 5223 1376 5278 pro
1397 5224 1503 5278 quo
1529 5208 1755 5280 Septua-

169 5299 321 5372 ginta
370 5299 801 5354 transtulerunt:
851 5317 868 5348 ι
909 5299 977 5352 Et
1019 5301 1072 5354 in
1113 5300 1438 5372 Babylonem
1490 5302 1754 5372 ingredie-

171 5399 290 5454 tur,
319 5408 337 5440 ι
380 5403 607 5459 quorum
638 5391 866 5445 alterum
908 5391 1134 5445 invitum
1185 5393 1328 5446 trahi
1355 5410 1367 5445 :
1398 5391 1623 5450 alterum
1657 5407 1752 5446 vo—

171 5478 381 5532 luntate
425 5493 650 5551 peregre
695 5481 979 5551 significat.
1031 5499 1048 5531 (
1084 5481 1149 5534 Et
1186 5481 1278 5544 ibi,
1311 5481 1504 5549 inquit,
1550 5482 1691 5536 erit:
1726 5503 1742 5535 ι

171 5569 395 5623 verbum
425 5571 577 5640 ponit
622 5573 950 5641 ambiguum,
998 5588 1066 5625 ne
1101 5572 1347 5626 videatur
1376 5572 1667 5636 cruciatus,
1697 5583 1750 5627 et

171 5661 421 5716 miserias
467 5661 806 5730 prophetare.
866 5663 1122 5731 Quodque
1181 5663 1465 5730 sequitur:
1521 5683 1537 5714 ι
1571 5664 1747 5720 Donec

172 5750 386 5806 \‘isitcm
415 5767 558 5809 eum.
591 5752 665 5806 ait
696 5752 952 5813 Dominus
1005 5753 1069 5808 Et
1095 5753 1136 5810 si
1169 5753 1530 5822 pugnaveritis
1561 5756 1748 5811 adver-

1933 4682 1952 4716 ‹
1997 4664 2063 4718 Et
2102 4662 2251 4717 venit
2301 4662 2366 4716 ad
2402 4674 2488 4715 me
2536 4657 2833 4712 Anamehel
2888 4655 3029 4712 filius
3077 4655 3255 4725 patrui
3305 4654 3432 4720 mei,

1861 4775 1878 4806 ι
1926 4753 2218 4809 secundum
2259 4752 2482 4807 verbum
2513 4748 2776 4829 Domini,
2827 4747 2894 4802 ad
2933 4744 3255 4800 vestibulum
3311 4745 3438 4815 (sive

1861 4865 1880 4896 ‹
1927 4843 2171 4914 atrium)
2233 4842 2490 4905 carceris,
2542 4847 2596 4895 et
2630 4838 2709 4892 ait
2753 4837 2823 4892 ad
2869 4851 2996 4892 me:
3039 4833 3262 4890 Posside
3309 4834 3434 4906 (sive

1861 4957 1879 4989 ‹
1925 4937 2063 5007 eme)
2104 4952 2295 5006 agrum
2335 4948 2536 4998 meum,
2579 4930 2671 5000 qui
2704 4929 2873 4986 estin
2906 4928 3144 4984 Anathot
3187 4928 3241 4982 in
3290 4937 3435 4981 terra

1861 5047 1878 5080 ι
1924 5027 2199 5096 Benjamin
2229 5042 2242 5079 :
2269 5027 2396 5095 quia
2419 5024 2514 5078 tibi
2543 5023 2799 5094 competit
2821 5021 3110 5076 hereditas
3136 5027 3194 5076 et
3218 5026 3273 5074 tu
3305 5034 3434 5089 pro-

1859 5140 1877 5173 t
1922 5120 2154 5190 pinquus
2175 5135 2233 5174 es
2257 5127 2317 5172 ut
2335 5116 2748 5189 possideas(sive
2771 5111 2996 5182 emas).i
3015 5111 3167 5179 Quod
3192 5110 3431 5165 futurum

1852 5211 2128 5283 prophetae
2177 5210 2398 5264 verbum
2435 5207 2645 5262 Domini
2696 5203 2990 5269 nuntiarat,
3042 5204 3222 5260 statim
3271 5217 3434 5272 opere

1855 5301 2177 5371 completum
2225 5307 2326 5371 est.
2380 5318 2397 5347 ‹
2435 5298 2608 5362 Venit,
2655 5296 2849 5367 inquit,
2895 5295 2961 5350 ad
3009 5309 3094 5350 me
3132 5291 3430 5347 Anamehel

1854 5395 2023 5464 gratia
2056 5394 2170 5458 Dei,
2207 5392 2344 5445 filius
2372 5389 2550 5460 patrui
2580 5390 2704 5452 mei,
2747 5410 2763 5439 ι
2802 5389 2904 5442 hoc
2932 5396 3034 5452 est,
3073 5386 3218 5454 ﬁlius
3254 5385 3430 5455 pacis:

1851 5483 1999 5536 venit
2048 5491 2226 5537 autem
2275 5500 2292 5530 ι
2350 5480 2403 5533 in
2445 5478 2712 5533 vestibulo
2760 5477 2996 5532 carceris
3040 5495 3053 5530 :
3095 5477 3334 5544 dixitque
3362 5473 3431 5530 ad

1849 5590 1934 5628 me
1956 5593 1973 5625 ι
2000 5589 2061 5627 ea
2085 5587 2201 5643 qua:
2220 5572 2477 5624 Dominus
2501 5569 2566 5622 ab
2594 5584 2658 5622 eo
2694 5568 2913 5622 dicenda
2937 5565 3433 5637 przedixerat.Ager

1849 5673 2026 5718 autem
2077 5664 2176 5717 iste
2235 5662 2605 5724 sacerdotalis,
2638 5662 2789 5730 cujus
2842 5662 3043 5729 emptio
3091 5668 3252 5728 atque
3305 5671 3432 5726 pos-

1848 5755 2016 5812 sessio
2052 5752 2296 5809 Jercmiaa
2323 5752 2682 5816 deferebatur,
2717 5752 2768 5806 in
2799 5752 3034 5807 Anathot
3066 5758 3167 5816 est,
3199 5749 3253 5804 in
3285 5754 3434 5807 teer
