3926 6374
460 367 593 426 1051

456 573 624 627 tilium
668 573 903 629 dexterae
950 582 1122 629 sonat.
1164 574 1231 627 Et
1259 582 1651 644 consequenter
1687 572 1803 641 ejus
1832 574 2037 642 appetit

457 665 803 733 emptionem,
835 666 889 719 in
914 680 1020 735 quo
1043 664 1347 719 obcdientia
1366 665 1603 719 etvirtus
1616 663 1825 718 Domini
1849 678 2036 717 versa—

456 755 684 822 bantur,
715 773 815 827 pro
840 771 946 826 quo
974 754 1323 827 Septuaginta
1344 757 1713 830 πρεσϐύτερον,
1756 755 1810 809 id
1837 766 1922 810 est
1946 769 2035 809 se-

455 843 1016 915 niorem‘intespretati
1031 854 1175 910 sunt,
1189 846 1331 916 quod
1349 861 1468 901 loco
1482 846 1607 899 huic
1631 860 1738 899 non
1762 843 2035 898 convenit.

533 957 549 987 ι
588 937 827 993 Intellexi
860 946 1041 993 autem
1093 938 1235 1007 quod
1256 937 1477 992 verbum
1509 935 1721 989 Domini
1768 942 1913 989 esset
1940 952 1953 987 :
1984 942 2039 988 et

460 1044 479 1077 ι
526 1028 631 1082 cmi
672 1042 862 1099 agrum
906 1028 973 1082 ab
1008 1026 1269 1081 Anameel
1318 1026 1428 1079 filio
1469 1025 1645 1094 patrui
1675 1024 1803 1089 mei,
1835 1023 1929 1093 qui
1956 1031 2039 1077 est

458 1136 475 1169 ι
525 1118 577 1170 in
609 1119 865 1172 Anathot.
918 1118 983 1171 Et
1010 1116 1237 1187 appendi
1266 1116 1315 1170 ei
1344 1123 1650 1187 argentum,
1693 1122 1928 1170 stateres
1954 1128 2039 1167 se-

460 1225 476 1257 ι
525 1215 672 1275 ptem
718 1215 772 1261 et
808 1208 993 1262 decem
1044 1212 1347 1273 argenteos.
1382 1204 1448 1257 Et
1481 1203 1675 1273 scripsi
1721 1203 1773 1256 in
1801 1201 1938 1255 libro
1983 1208 2037 1254 et

460 1314 477 1345 ‹
526 1296 752 1364 signari,
802 1304 857 1350 et
884 1294 1101 1350 adhibui
1146 1301 1333 1349 testes.
1383 1290 1450 1347 Et
1488 1293 1716 1363 appendi
1754 1299 2035 1361 argentum

458 1402 476 1434 ι
525 1384 577 1438 in
603 1394 827 1449 statera,
857 1392 911 1439 et
934 1383 1117 1453 accepi
1147 1382 1341 1437 librum
1364 1381 1719 1452 possessionis
1748 1381 2035 1450 signatum,

462 1493 479 1525 ‹
529 1475 903 1545 stipulationes
955 1483 1009 1529 et
1051 1481 1169 1528 rata
1220 1483 1272 1535 et
1313 1474 1463 1542 signa
1496 1470 1817 1527 forinsecus.
1862 1490 1879 1522 ι
1929 1470 2037 1523 Du-

459 1580 579 1619 rum
613 1565 829 1634 quidem
857 1571 996 1630 erat,
1049 1571 1103 1619 et
1142 1578 1308 1634 prope
1352 1564 1763 1631 inconsequens,
1817 1561 2037 1628 risuque

456 1652 680 1725 dignum
729 1652 852 1709 eum
891 1654 981 1724 qui
1013 1652 1346 1724 jamjamque
1371 1650 1687 1720 capiendam
1741 1648 2034 1718 propheta-

453 1742 547 1796 bat
574 1742 894 1806 Jerusalem,
948 1752 1002 1796 et
1029 1755 1216 1796 omnes
1243 1740 1583 1796 deducendos
1619 1753 1738 1794 esse
1772 1739 2033 1807 captivos,

1061 371 1120 425 Β.
1166 368 1413 425 RABANI
1451 367 1668 425 MAURI
1704 365 2023 422 ARCIIIEP.
2064 364 2376 423 MOGUNT.
2418 364 2702 422 OPERUM
2738 366 2916 421 PARS
2955 367 3038 421 111.

457 477 778 555 Benjamin:
824 494 1054 550 quorum
1096 479 1245 549 prius
1297 479 1685 542 obedientiam,
1737 477 2033 532 secundum
2062 479 2115 537 Α
2140 476 2528 546 interpretatur
2555 476 2768 530 lucerna
2800 494 2933 542 mea,
2985 478 3193 532 dicente
3218 479 3521 548 propheta:
3558 499 3576 531 ‹
3620 479 3741 535 Lu—

2140 581 2301 622 cerna
2338 568 2565 637 pedibus
2599 568 2734 622 meis
2779 569 3000 625 verbum
3049 577 3221 633 tuum,
3279 580 3333 624 et
3382 571 3474 624 lux
3514 573 3735 626 semitis

2138 659 2273 712 meis
2293 660 2487 713 ardens
2542 658 2715 730 (Psal.
2753 660 2959 729 cxvm).
3018 679 3034 711 ι
3098 659 3222 714 Neri
3264 677 3477 730 quoque
3510 662 3736 716 Barueh

2138 747 2278 803 ﬁlius
2303 746 2535 814 Maasiae,
2568 749 2621 802 id
2659 756 2763 814 est,
2787 749 3004 818 factum:
3030 752 3269 820 etoperis
3299 754 3529 806 Domini.
3583 754 3733 806 Ani-

2138 843 2539 895 madvertamus
2583 855 2713 912 ergo
2749 842 2966 911 quantis
3002 842 3260 896 virtutum
3311 843 3612 915 privilegiis
3648 845 3737 898 di-

2139 930 2375 999 scipulus
2446 931 2657 986 Baruch
2720 929 2966 987 Jeremiae
3030 932 3447 996 ministraverit,
3508 935 3735 989 dicente

2138 1020 2355 1076 David:
2390 1039 2411 1073 α
2470 1021 2765 1076 Ambulans
2825 1024 2878 1076 in
2921 1023 3005 1075 via
3052 1022 3399 1078 immaculata
3444 1026 3532 1079 hic
3589 1025 3734 1079 mihi

2140 1111 2481 1166 ministrabat
2513 1109 2694 1182 (Psal.
2726 1110 2810 1183 c).
2866 1132 2883 1164 ι
2944 1111 3093 1165 Unde
3131 1121 3185 1165 et
3222 1112 3445 1167 Elisaeus
3470 1116 3734 1169 minister

2137 1200 2267 1255 Elia:
2326 1201 2381 1256 in
2411 1210 2617 1256 tantum
2647 1202 2847 1271 placuit
2887 1202 3016 1267 Deo,
3064 1212 3123 1256 ut
3155 1214 3278 1272 post
3314 1205 3731 1259 translationem

2139 1289 2380 1359 magistri
2423 1291 2585 1344 etiam
2618 1291 2885 1360 duplicem
2912 1291 3159 1361 spiritum
3219 1303 3527 1349 mereretur
3578 1297 3734 1350 acci«

2137 1400 2267 1455 pere
2315 1383 2421 1457 (IV
2456 1385 2590 1456 Reg,
2628 1384 2712 1458 ιι).
2754 1405 2773 1439 ι
2826 1386 2939 1441 Hoc
2963 1387 3081 1443 dico
3135 1388 3203 1442 ad
3246 1389 3731 1443 commonitionem

2138 1489 2324 1529 eorum
2344 1476 2435 1544 qui
2464 1475 2728 1529 malorum
2754 1475 3030 1530 hominum
3058 1477 3355 1531 abutuntur
3380 1478 3728 1541 ministeriis,

2138 1574 2193 1619 et
2221 1581 2325 1620 non
2358 1565 2555 1620 audent
2592 1563 2827 1633 abjicere
2853 1581 2968 1631 eos,
3028 1582 3162 1637 quos
3189 1567 3345 1621 malae
3378 1569 3733 1623 conscientia:

2140 1665 2341 1710 norunt
2379 1656 2480 1711 sibi
2512 1655 2715 1725 glutino
2750 1654 3334 1725 copulatos.-Traditur
3370 1670 3554 1712 autem
3589 1658 3733 1713 liber

2142 1745 2353 1800 Baruch
2371 1754 2521 1800 tanto
2545 1756 2600 1800 et
2622 1746 2712 1799 tali
2741 1747 2875 1811 viro,
2901 1745 3113 1800 vidente
3135 1746 3456 1812 Anamehel,
3482 1748 3573 1815 qui
3598 1763 3731 1801 ven-

456 1833 539 1887 vel
568 1834 767 1904 gladio,
812 1834 973 1899 fame,
1002 1842 1055 1889 et
1082 1841 1233 1904 peste
1260 1836 1556 1904 perituros,
1584 1849 1773 1904 agrum
1801 1834 1854 1886 in
1884 1833 2031 1886 Ana-
2066 1828 2111 1886 Β
2141 1835 2371 1900 diderat,
2447 1844 2503 1890 et
2525 1836 2748 1890 testibus
2797 1836 2889 1905 qui
2918 1836 3313 1905 suscripserant
3347 1855 3359 1889 :
3410 1845 3465 1889 et
3492 1852 3727 1906 quorum

456 1923 571 1978 thot
595 1939 796 1991 emere,
827 1940 986 1995 quem
1026 1940 1131 1979 non
1162 1934 1278 1980 erat
1305 1940 1675 1995 possessurus.
1724 1924 1829 1979 Sed
1876 1925 2035 1978 intel-

454 2013 582 2082 lexi,
641 2017 833 2086 inquit,
870 2018 1093 2071 verbum
1118 2030 1257 2081 esse,
1303 2024 1357 2071 et
1387 2017 1713 2086 emptionem
1737 2031 1913 2070 meam
1947 2031 2034 2069 ar-

454 2115 709 2176 gumento
749 2114 802 2159 et
836 2106 1089 2161 vaticinio
1120 2107 1332 2191 Domini
1373 2108 1752 2176 coaptaudam,
1805 2114 1859 2160 et
1912 2107 2033 2161 ideo

457 2195 718 2265 acquisivi
750 2207 1019 2266 praecepto
1057 2196 1174 2266 ejus
1198 2207 1257 2252 ut
1287 2212 1523 2253 emerem
1555 2216 1572 2251 :
1607 2213 1707 2253 nec
1741 2197 1942 2253 frustra
1969 2198 2037 2252 ad

453 2301 540 2341 me
570 2302 731 2356 super
762 2287 1134 2361 hujuscemodi
1178 2304 1236 2343 re
1286 2288 1381 2343 Dei
1416 2286 1623 2343 factum
1662 2303 1783 2342 esse
1826 2302 2035 2342 sermo-

456 2392 598 2432 nem.
649 2378 716 2431 Et
742 2379 970 2448 appendi
1003 2378 1212 2451 argenti
1258 2378 1445 2433 decem
1498 2388 1553 2432 et
1592 2384 1798 2448 septem
1852 2377 2033 2441 siclos,

459 2482 594 2537 quos
623 2460 722 2523 nos
753 2469 807 2523 in
841 2477 1071 2526 stateres
1097 2468 1376 2524 vertimus.
1426 2469 1603 2524 Siclus
1628 2479 1806 2523 autem
1848 2469 2037 2537 viginti

456 2559 644 2615 obolos
698 2561 882 2627 habet,
937 2570 994 2617 ut
1041 2562 1097 2617 in
1139 2561 1441 2617 Ezechielis
1479 2572 1722 2617 extremo
1771 2561 2039 2617 volumine

451 2652 707 2708 scribitur
763 2651 989 2725 (Ezech.
1037 2652 1195 2724 XLV).
1245 2654 1496 2724 Emitque
1544 2654 1807 2723 propheta
1852 2653 2037 2706 decem

453 2750 509 2797 et
557 2752 762 2812 septem
810 2744 955 2799 siclis
1004 2758 1020 2799 :
1074 2745 1130 2798 in
1185 2760 1292 2814 quo
1348 2760 1573 2799 numero
1628 2745 1867 2799 cantavit
1906 2760 2039 2814 puer

454 2829 667 2886 Domini
704 2832 901 2899 David,
957 2833 1013 2887 in
1058 2833 1144 2889 die
1187 2850 1291 2905 qua
1331 2835 1472 2889 eruit
1515 2850 1637 2889 eum
1676 2834 1934 2889 Dominus
1973 2836 2038 2890 dc

456 2937 619 2976 manu
664 2924 905 2978 omnium
946 2914 1290 2979 inimicorum
1313 2926 1449 2997 ejus,
1492 2935 1547 2980 et
1586 2927 1651 2980 de
1687 2941 1845 2979 manu
1888 2925 2035 2990 Saul,

453 3020 510 3066 et
533 3011 669 3065 dixit
702 3029 713 3065 :
748 3029 766 3062 ‹
791 3011 1016 3083 Diligam
1042 3021 1112 3078 te,
1140 3012 1384 3079 Domine,
1408 3013 1664 3068 fortitudo
1690 3028 1827 3078 mea,
1858 3014 2039 3069 Domi-

453 3118 556 3157 nus
584 3102 980 3173 firmamentum
1012 3120 1190 3158 meum
1218 3113 1271 3159 et
1302 3105 1565 3177 refugium
1591 3120 1787 3169 meum,
1827 3115 1881 3158 et
1906 3104 2040 3161 libe-

457 3204 609 3249 rator
636 3210 807 3249 meus.
856 3196 996 3250 Deus
1036 3210 1187 3250 meus
1235 3196 1448 3266 adjutor
1486 3211 1658 3262 meus,
1713 3196 1941 3265 sperabo
1982 3196 2036 3249 in
2069 3172 2112 3235 ί)

455 3298 579 3338 eum
615 3293 924 3355 :protector
960 3300 1112 3341 meus
1146 3295 1201 3340 et
1241 3301 1410 3341 cornu
1442 3287 1630 3341 salutis
1662 3301 1816 3350 meae,
1840 3295 1895 3341 et
1921 3301 2040 3340 sus-

456 3383 641 3443 ceptor
703 3390 855 3429 meus
886 3374 1059 3445 (Paul.
1094 3376 1246 3447 xvn).
1303 3396 1321 3427 ›
1393 3378 1677 3432 Denarium
1706 3392 1826 3432 esse
1855 3380 2041 3432 nume-

460 3482 581 3520 rum
616 3466 900 3534 mysticum
945 3466 1183 3520 ostendit
1212 3467 1505 3539 Decalogus
1550 3469 1641 3537 qui
1680 3469 1910 3537 scriptus
1942 3468 2042 3522 fuit

458 3558 515 3612 in
556 3556 749 3611 tabulis
780 3557 1006 3627 lapideis
1053 3558 1219 3629 digito
1264 3559 1391 3613 Dei:
1427 3579 1444 3610 ι
1499 3559 1566 3613 Et
1589 3560 1704 3615 dies
1757 3558 1944 3630 jejuuii
1988 3568 2044 3614 et

457 3648 856 3720 propitiationis
906 3648 1105 3703 mensis
1164 3649 1378 3718 septimi
1422 3647 1615 3719 (Exod.
1648 3650 1769 3718 xm)
1811 3667 1823 3702 :
1868 3657 2044 3718 septe-

458 3742 644 3796 narius
690 3755 904 3810 quoque
932 3740 987 3795 in
1010 3756 1117 3809 quo
1148 3756 1306 3796 verus
1335 3750 1417 3795 cst
1445 3742 1825 3805 sabbatismus,
1855 3749 1911 3795 et
1955 3757 2040 3795 re-

464 3836 618 3905 quies
644 3849 766 3889 esse
786 3841 1052 3900 sanctum,
1086 3834 1268 3890 multis
1299 3834 1697 3903 Scripturarum
1724 3834 2043 3888 testimoniis

462 3926 913 3995 comprobamus:
943 3926 1011 3982 de
1039 3927 1231 3995 quibus
1266 3927 1455 3981 saltem
1507 3941 1674 3996 pauca
1724 3927 2041 3996 potuissem,

462 4019 563 4073 nisi
602 4018 834 4073 otiosum
870 4026 1013 4073 esset
1062 4020 1273 4082 docere,
1319 4034 1439 4087 quae
1476 4026 1603 4073 nota
1630 4026 1772 4072 sunt.
1827 4017 1885 4071 In
1944 4018 2045 4072 hoc

470 4109 635 4179 igitur
664 4123 891 4164 numero
921 4124 951 4162 a
974 4110 1234 4179 pr0pheta
1274 4118 1329 4163 ct
1354 4109 1634 4164 sacerdote
1677 4109 1876 4163 emitur
1916 4123 2045 4178 pos-

460 4203 648 4266 sessio,
689 4191 1049 4270 scribiturque
1074 4199 1127 4254 in
1167 4200 1303 4255 libro
1337 4207 1497 4269 atque
1521 4199 1784 4268 signatur,
1814 4208 1867 4254 et
1889 4199 2043 4253 adhi-

461 4292 657 4345 bentur
692 4298 877 4355 testes,
909 4298 1293 4360 argentumque
1314 4291 1597 4361 diligenter
1622 4291 1959 4360 appenditur,
1986 4300 2047 4344 ut

462 4382 644 4435 omnia
696 4381 1019 4435 venditionis
1071 4390 1126 4435 et
1161 4381 1449 4449 emptionis
1475 4381 1597 4449 jura
1641 4391 1943 4445 serventur,
1991 4390 2046 4436 et

462 4474 534 4527 sit
582 4476 744 4526 certa‘
773 4472 1040 4541 possessio
1085 4472 1517 4541 stipulationibus
1565 4482 1620 4528 et
1666 4474 2047 4543 sponsionibus

465 4565 737 4618 roborata.
789 4563 886 4618 Vel
923 4564 1025 4619 hoc
1058 4565 1277 4619 audiant
1315 4566 1405 4635 qui
1436 4565 1565 4619 falsa
1598 4575 1942 4631 testamenta,
1992 4577 2046 4621 et

466 4655 735 4709 interdum
766 4668 831 4709 ne
874 4662 1196 4709 testamenta
1233 4656 1447 4724 quidem
1497 4658 1596 4712 sibi
1624 4658 1878 4713 adhibitis
1900 4658 2049 4714 testi-

467 4749 566 4803 bus
602 4748 877 4803 vindicare
902 4756 1187 4803 conantur.
1880 4764 1883 4765 '

544 4856 561 4887 ι
612 4838 677 4890 Ει
711 4839 830 4892 dedi
875 4838 1068 4893 librum
1107 4840 1463 4909 possessionis
1489 4839 1697 4896 Baruch
1729 4842 1838 4896 tilio
1877 4840 2044 4907 Neri,

475 4947 493 4980 ι
539 4927 630 4982 ﬁlii
687 4927 925 4994 Maasiaa,
978 4928 1033 4982 in
1080 4929 1250 4983 oculis
1287 4929 1580 4987 Anamehel
1626 4932 1882 5001 patruelis
1919 4933 2044 4996 mei,

476 5037 493 5067 ι
539 5028 601 5071 et
622 5019 671 5079 iu
694 5018 864 5073 oculis
893 5018 1108 5072 testium
1157 5020 1248 5087 qui
1275 5020 1461 5089 scripti
1488 5032 1661 5085 erant,
1693 5022 1745 5074 in
1774 5023 1910 5077 libro
1938 5036 2050 5077 cm-

476 5127 494 5158 ι
543 5108 759 5175 ptionis,
790 5108 842 5161 in
874 5106 1045 5162 oculis
1073 5108 1312 5162 omnium
1333 5107 1635 5164 Judaeorum
1664 5112 1753 5178 qui
1789 5112 2050 5167 sedebant

478 5217 495 5246 ι
545 5198 595 5249 in
621 5198 759 5249 atrio
786 5197 1043 5251 carceris.
1089 5217 1107 5250 ι
1161 5196 1477 5268 Quanquam
1524 5200 1705 5253 statim
1748 5210 1892 5255 esset
1930 5216 2050 5269 pos-

469 5288 641 5345 sessio
674 5286 1042 5355 relinquenda,
1084 5288 1190 5341 imo
1234 5289 1457 5343 emenda
1502 5291 1751 5359 posteris,
1795 5300 1848 5346 et
1892 5293 1956 5345 ab
1986 5306 2051 5345 eo

471 5376 717 5439 emenda,
781 5376 873 5445 qui
908 5376 1044 5430 filios
1067 5392 1172 5431 non
1206 5378 1437 5431 habebat
1467 5399 1478 5433 :
1512 5395 1687 5449 neque
1710 5380 1855 5434 enim
1908 5398 2042 5435 uxo-

474 5483 586 5521 rem
612 5474 932 5535 acceperat:
967 5476 1143 5522 tamen
1172 5468 1426 5523 obcdiens
1449 5471 1673 5539 imperio
1704 5474 1910 5526 Domini
1933 5490 2048 5527 om—

474 5557 565 5611 nia
601 5557 705 5610 rite
742 5555 1017 5611 celebrat:
1069 5557 1445 5627 signatumque
1483 5559 1673 5613 librum
1698 5563 2047 5629 possessionis

476 5645 572 5701 dat
598 5643 806 5699 Baruch
836 5644 944 5700 tilio
968 5643 1113 5710 Neri,
1142 5647 1249 5701 tilio
1286 5648 1518 5703 Maasiac.
1553 5650 1764 5705 Baruch
1795 5652 1843 5705 in
1875 5655 2047 5723 lingua

472 5744 661 5802 nostra
710 5738 1004 5794 benedictus
1048 5736 1263 5807 dicitur,
1310 5742 1401 5812 qui
1430 5751 1548 5798 erat
1584 5742 1727 5800 lilius
1761 5743 1908 5811 Neri,
1964 5747 2052 5815 qui

2074 4527 2126 4585 D

2133 1924 2351 1978 nomina
2379 1924 2430 1978 in
2461 1924 2748 1995 emptionis
2793 1924 3062 1979 volumine
3093 1925 3436 1980 tenebantur.
3493 1946 3512 1976 ι
3576 1927 3637 1979 Et
3675 1927 3729 1980 in

2130 2020 2448 2080 conspectu,
2485 2012 2681 2081 inquit,
2729 2014 2970 2067 omnium
2996 2011 3305 2068 Judmorum
3342 2016 3434 2083 qui
3467 2015 3730 2069 sedebant

2136 2102 2190 2156 in
2218 2105 2357 2158 atrio
2394 2104 2651 2158 carceris.
2706 2123 2724 2155 ι
2784 2104 2885 2171 Qui
2913 2104 3165 2159 videlicet
3203 2106 3284 2159 vel
3317 2107 3384 2159 ad
3406 2108 3727 2176 prophetam

2135 2202 2394 2248 venerant
2421 2194 2828 2259 consolandum,
2881 2195 2964 2248 vel
2990 2194 3167 2249 studio
3198 2196 3409 2251 timoris
3448 2197 3563 2263 Dei,
3617 2198 3728 2251 Do—

2136 2282 2269 2337 mini
2293 2284 2455 2337 verba
2478 2283 2665 2337 audire
2691 2283 3000 2353 cupiebant.

2214 2391 2233 2425 t
2282 2374 2350 2427 Et
2382 2374 2612 2444 praecepi
2640 2374 2850 2428 Baruch
2874 2390 3055 2429 coram
3080 2377 3159 2431 eis
3182 2377 3368 2432 dicens
3396 2396 3408 2431 :
3440 2376 3567 2432 Haec
3596 2380 3728 2435 dicit

2144 2482 2164 2516 ι
2210 2465 2469 2519 Dominus
2510 2465 2862 2529 exercituum,
2926 2465 3065 2520 Deus
3094 2465 3301 2521 Israel:
3350 2466 3515 2522 Sume
3560 2468 3729 2523 libros

2145 2577 2163 2609 ι
2208 2559 2356 2623 istos,
2405 2558 2596 2612 librum
2625 2556 2914 2626 emptionis
2940 2558 3083 2613 hunc
3112 2557 3407 2628 signatum,
3448 2569 3501 2615 et
3527 2558 3724 2615 librum

2144 2669 2179 2711 ι,
2208 2652 2348 2705 hunc
2377 2651 2466 2719 qui
2490 2658 2708 2720 apertus
2744 2660 2852 2717 est,
2908 2660 2962 2704 et
2992 2666 3132 2720 pone
3156 2652 3275 2707 illos
3300 2654 3353 2707 in
3393 2668 3521 2707 vase
3548 2652 3719 2716 ﬁctili,

2145 2762 2163 2794 ι
2209 2751 2267 2798 ιιι
2295 2757 2611 2813 permanere
2648 2743 2859 2813 possint
2898 2744 3089 2798 diebus
3132 2744 3333 2798 multis.
3398 2743 3525 2798 Haec
3581 2745 3723 2798 enim

2146 2854 2165 2887 ι
2211 2837 2342 2891 dicit.
2376 2836 2633 2891 Dominus
2670 2837 3023 2901 exercituum,
3072 2835 3215 2891 Deus
3266 2818 3476 2890 Israel:
3532 2836 3725 2889 Adhuc

2146 2948 2165 2979 ι
2209 2928 2627 2999 possidebuntur
2661 2930 2873 2994 domus,
2925 2939 2979 2984 et
3005 2930 3142 3001 agri,
3189 2930 3437 2987 etvineaa
3491 2930 3546 2983 in
3581 2939 3724 2983 terra

2146 3037 2165 3071 ι
2208 3019 2329 3072 ista.
2373 3038 2391 3070 ι
2445 3018 2664 3074 Cunctis
2706 3036 2840 3090 quos
2888 3022 3196 3092 praeteritus
3253 3037 3433 3078 sermo
3485 3024 3727 3076 narravit

2140 3111 2498 3178 praesentibus
2542 3120 2596 3165 et
2618 3112 2944 3180 videntibus,
2996 3113 3207 3169 Baruch
3243 3115 3493 3170 ministro
3541 3116 3728 3184 ιιι-τιὶεὶ-

2142 3202 2308 3270 pitur,
2337 3209 2392 3255 et
2413 3202 2693 3272 discipulo,
2732 3218 2836 3258 non
2868 3206 3207 3261 sermonibus
3235 3207 3609 3277 praeceptoris,
3636 3207 3728 3261 sed

2141 3290 2234 3345 Dei
2255 3291 2494 3361 jubentis
2523 3291 2767 3361 imperio,
2835 3303 2892 3348 ut
2920 3302 3158 3349 assumat
3186 3295 3399 3349 libros:
3443 3310 3610 3348 unum
3661 3296 3729 3348 si-

2142 3391 2383 3453 gnatum,
2418 3381 2647 3437 alterum
2674 3393 2942 3453 apertum.
2989 3386 3119 3453 Quae
3147 3386 3730 3455 emptiOnunrconsue-

2143 3474 2271 3529 tudo
2294 3475 2400 3529 huc
2425 3488 2594 3544 usque
2620 3485 2869 3531 servatur
2902 3495 2914 3532 ;
2963 3487 3023 3532 ut
3048 3478 3188 3547 quod
3216 3478 3545 3533 intrinsecus
3574 3478 3725 3532 clau-

2142 3578 2261 3618 sum
2320 3564 2594 3634 signacula
2634 3567 2934 3631 continent,
2988 3568 3090 3623 hoc
3136 3568 3315 3637 legere
3366 3568 3726 3636 cupientibus,

2143 3665 2389 3728 apertum
2437 3658 2686 3714 volumen
2730 3660 3019 3715 exhibeat:
3053 3669 3341 3729 utrumque
3380 3660 3435 3713 in
3483 3675 3614 3715 vase
3640 3660 3725 3715 fic-

2148 3748 2244 3813 tili,
2262 3756 2322 3803 ut
2347 3763 2665 3818 permanere
2685 3752 2893 3819 possint
2921 3752 3109 3807 diebus
3131 3751 3334 3806 multis.
3354 3750 3541 3806 Firma
3570 3752 3730 3823 igitur

2145 3846 2284 3903 erat,
2326 3847 2380 3893 et
2408 3839 2566 3910 longo
2589 3848 2711 3909 post
2734 3848 2973 3910 tempore
3022 3840 3203 3897 futura
3255 3841 3552 3910 possessio,
3614 3857 3731 3912 qua:

2146 3937 2299 3983 tanta
2337 3930 2577 3984 custodia
2638 3933 2974 3998 servabatur,
3018 3949 3088 3988 ne
3132 3932 3217 3989 vel
3260 3932 3394 3987 foris
3444 3932 3731 4001 emptionis

2144 4016 2268 4071 libri
2297 4018 2455 4087 positi
2510 4028 2757 4088 paterent
2784 4022 3004 4091 rapinae,
3054 4021 3139 4075 vel
3179 4022 3344 4076 humo
3375 4021 3577 4077 conditi
3636 4022 3732 4075 hu-

2144 4125 2296 4164 more
2344 4118 2502 4165 terra:
2554 4111 2909 4167 solverentur.
2978 4112 3092 4167 iloc
3123 4123 3305 4168 autem
3358 4121 3531 4167 totum
3574 4111 3634 4165 ﬁt
3678 4122 3733 4164 ut

2145 4204 2443 4274 intelligant
2484 4204 2577 4273 qui
2612 4204 2884 4269 videbant,
2917 4194 3130 4258 rursum
3178 4202 3529 4257 habitandam
3574 4200 3729 4256 Jeru-

2147 4293 2337 4356 salem,
2376 4303 2431 4348 et
2451 4293 2801 4361 possidendos
2831 4309 3010 4365 agros,
3044 4309 3178 4363 quos
3199 4293 3326 4348 licet
3375 4294 3577 4361 absque
3620 4307 3731 4345 scr-

2150 4400 2309 4439 mone
2344 4383 2592 4439 Jcremiae
2621 4384 2922 4441 debuerant
2964 4399 3059 4455 per
3090 4399 3148 4439 se
3178 4385 3499 4454 intelligere,
3554 4392 3730 4438 tamen

2152 4475 2361 4530 Domini
2388 4475 2729 4529 sermonibus
2750 4484 3175 4537 commonentur,
3202 4483 3257 4528 et
3277 4473 3479 4528 dicitur
3502 4473 3568 4527 ad
3594 4488 3691 4527 eos
3716 4487 3730 4524 :

2158 4586 2175 4617 ι
2218 4566 2345 4620 Haec
2399 4566 2529 4619 dicit
2576 4566 2837 4620 Dominus
2890 4565 3246 4625 exercituum,
3320 4564 3464 4618 Deus
3526 4562 3728 4618 Israel:

2150 4658 2327 4711 adhuc
2386 4656 2803 4725 possidebuntur
2864 4654 3056 4709 domus
3100 4662 3157 4708 et
3204 4653 3319 4723 agri
3358 4661 3413 4708 et
3465 4654 3632 4707 vinem
3682 4654 3733 4707 in

2148 4754 2293 4801 terra
2325 4746 2444 4799 ista.
2505 4764 2522 4795 ι
2594 4743 2705 4798 Hoc
2748 4752 2831 4798 est
2883 4742 3007 4797 illud
3053 4744 3194 4811 quod
3219 4742 3486 4798 Jeremias
3536 4742 3733 4796 dudum

2150 4838 2403 4891 dixerat:
2446 4855 2463 4887 ι
2514 4835 2753 4890 Intellexi
2783 4835 3007 4888 verbum
3038 4849 3157 4889 esse
3203 4834 3443 4898 Domini,
3489 4852 3506 4884 ι
3551 4842 3604 4888 et
3656 4834 3735 4887 id-

2153 4928 2298 4983 circo
2337 4929 2467 4982 emit
2491 4942 2679 4996 agrum
2706 4941 2863 4995 quem
2899 4939 3249 4995 possessurus
3272 4940 3380 4978 non
3409 4932 3547 4978 erat.

2233 5039 2251 5070 (
2306 5020 2373 5074 Et
2400 5019 2548 5073 oravi
2567 5019 2633 5072 ad
2666 5019 2968 5082 Dominum,
3013 5014 3735 5086 postquamtradidilibrum

2162 5131 2181 5165 ι
2222 5113 2578 5183 possessiOnis
2608 5112 2817 5165 Baruch
2849 5111 2955 5165 tilio
2995 5111 3139 5175 Neri,
3187 5111 3371 5164 dicens
3400 5124 3416 5162 :
3444 5108 3570 5170 heu,
3608 5105 3733 5167 heu,

2161 5222 2179 5254 ι
2226 5205 2349 5269 heu,
2396 5203 2618 5257 Domine
2662 5201 2804 5255 Deus
2852 5202 2976 5273 (sive
3015 5202 3211 5270 quies,
3258 5199 3505 5263 Domine,
3552 5196 3732 5267 Deus),

2160 5312 2178 5343 ι
2222 5308 2349 5347 ecce
2388 5302 2443 5345 tu
2471 5290 2646 5344 fecisti
2675 5291 2868 5344 ctelum
2892 5300 2946 5345 et
2974 5299 3175 5345 terram
3221 5289 3275 5342 in
3302 5286 3619 5342 fortitudine
3648 5295 3737 5340 tua

2161 5404 2179 5435 «ι
2238 5400 2454 5454 magna,
2515 5393 2570 5439 et
2597 5384 2650 5437 in
2676 5384 2896 5438 brachio
2940 5393 3030 5437 tuo
3067 5388 3285 5437 extento
3323 5380 3450 5450 (sive
3479 5377 3735 5447 excelso),

2161 5493 2180 5526 ι
2227 5491 2333 5529 non
2361 5476 2464 5529 erit
2494 5474 2588 5527 tibi
2616 5473 2826 5528 difﬁcile
2881 5471 3004 5541 (sive
3041 5470 3387 5543 impossibile)
3432 5484 3590 5523 omne
3610 5483 3737 5523 ver-

2163 5585 2179 5616 ‹
2227 5565 2352 5618 bum
2400 5564 2496 5633 (vel
2532 5564 2691 5631 juxta
2736 5560 3139 5631 Septuaginta):
3206 5558 3347 5613 Nihil
3378 5558 3522 5627 apud
3563 5566 3613 5611 te
3655 5566 3740 5611 est

2164 5676 2181 5708 ι
2223 5654 2612 5717 absconditum,
2663 5653 2754 5721 qui
2778 5653 2911 5705 facis
2944 5647 3451 5705 misericordiamin
3488 5644 3736 5707 millibus,

2168 5767 2185 5799 ‹
2228 5757 2282 5804 et
2328 5744 2505 5801 reddis
2551 5742 2893 5815 iniquitatem
2956 5749 3173 5812 patrum
3202 5756 3282 5794 rm
3334 5739 3455 5795 sinu
3509 5733 3741 5792 filiorum

3582 365 3739 425 405?.
