3926 6372
153 542 179 579 ι
222 539 418 580 eorum
458 535 594 594 ,post
653 541 764 583 eos.
826 527 1178 590 Fortissime,
1252 543 1443 597 magne
1471 569 1485 591 ,

153 633 178 669 ι
224 616 393 690 (quod
434 616 685 673 Hebraice
710 618 901 672 dicitur
923 618 1094 689 't‘D’J)
1130 618 1388 673 Dominus
1410 619 1742 672 exercituum

155 726 177 758 ι
245 706 378 778 (sive
422 707 703 778 virtutum)
746 723 943 763 nomen
1001 708 1117 761 tibi.
1170 706 1393 777 Magnus
1431 708 1657 762 consilio
1690 717 1744 776 et

153 816 175 849 ι
225 799 791 870 incomprehensibilis
840 798 1100 867 cogitatu,
1177 796 1330 865 cujus
1382 798 1522 852 oculi
1573 800 1744 868 aperti

152 909 173 940 ι
223 898 359 945 sunt
403 906 564 961 super
591 904 779 944 omnes
808 889 925 943 vias
953 890 1185 941 filiorum
1212 888 1384 942 Adam
1418 889 1544 959 (sive
1570 890 1743 943 homi-

152 997 173 1029 ε
221 980 403 1051 num),
430 990 487 1035 ut
518 982 712 1036 reddas
741 981 1027 1047 unicuique
1049 983 1341 1035 secundum
1374 982 1488 1036 vias
1512 998 1657 1046 suas,
1690 991 1745 1037 et

151 1090 171 1121 ί
224 1074 525 1127 secundum
555 1072 787 1128 fructum
810 1073 1253 1128 adinventionum
1285 1089 1521 1127 suarum.
1569 1095 1586 1126 υ
1617 1075 1746 1129 Post

144 1168 488 1235 emptionem
513 1167 627 1238 agri
654 1165 778 1234 jure
805 1167 1153 1229 celebratam,
1188 1175 1241 1220 et
1269 1176 1388 1235 post
1422 1166 1743 1220 sententiam

146 1257 394 1321 Domini,
443 1274 546 1327 qua
596 1256 864 1327 pollicitus
892 1266 973 1311 est
1002 1258 1209 1321 domos,
1257 1272 1435 1325 agros,
1474 1265 1528 1309 et
1560 1256 1745 1311 vineas

144 1348 415 1417 deinceps
450 1348 800 1418 possidendos
833 1368 843 1401 :
892 1357 1013 1401 orat
1042 1348 1303 1417 propheta
1337 1347 1402 1400 ad
1434 1345 1743 1410 Dominum,

144 1448 205 1493 et
234 1440 479 1495 dolorem
505 1440 793 1508 gemitibus
828 1438 1085 1507 exprimit
1111 1438 1331 1499 dicens;
1378 1456 1394 1487 ι
1456 1436 1593 1500 Ηριι,
1619 1437 1744 1498 heu,

1076 435 1435 492 EXPOSITIU
1474 436 1697 491 SUPER
1737 435 2107 490 JEREMIAM.
2149 468 2219 478 ——
2253 437 2379 491 LIB.
2427 436 2541 493 XII.

1559 536 1751 596 potens
1783 530 1837 590 Α
1863 528 2429 595 manifestavinomen
2466 539 2616 580 tuum
2647 526 2954 581 hominibus
2994 524 3176 597 (Joan.
3217 524 3371 595 xvu).
3413 544 3430 577 ι

3295 430 3433 488 1054

1856 638 1874 671 ι
1921 619 2145 689 Magnus
2173 620 2418 674 consilio.
2454 638 2473 668 ι
2538 619 2606 671 Ει
2628 619 2791 671 audet
2826 633 2884 672 se
2908 619 3193 687 quisquam
3221 616 3434 671 Domini

1849 712 2090 766 inserere
2121 718 2355 775 secreto,
2405 718 2458 765 et
2481 711 2545 765 de
2568 710 2709 764 illius
2747 709 2966 777 judiciis
2988 710 3264 779 judicare!
3318 727 3336 758 ‹
3372 708 3447 763 Et

1846 801 2406 871 incomprehensibilis
2421 802 2677 872 cogitatu.
2703 822 2721 852 ›
2751 800 2921 868 Quem
2948 814 3055 853 non
3076 799 3435 867 comprehen-

1848 898 1925 952 dit
1949 896 2218 966 cogitatio,
2238 896 2507 965 quomodo
2528 904 2705 963 potest
2731 910 2908 950 sermo
2935 892 3436 962 comprehendere?

1852 1008 1870 1040 ι
1917 987 2081 1058 Cujus
2118 985 2258 1041 oculi
2291 986 2464 1055 aperti
2490 994 2616 1039 sunt
2638 1000 2800 1053 super
2824 1000 3011 1039 omnes
3046 984 3165 1037 vias
3200 983 3428 1035 liliorum

1846 1079 2035 1134 Adam.
2084 1099 2101 1129 ι
2155 1078 2379 1133 Frustra
2421 1093 2548 1147 ergo
2604 1080 2763 1131 homo
2806 1085 2957 1146 putat
3009 1090 3067 1130 se
3113 1075 3204 1129 Dei
3260 1074 3437 1128 celare

1849 1172 2118 1226 notitiam.
2155 1171 2415 1240 Quodque
2476 1167 2638 1224 infert
2671 1187 2684 1222 :
2723 1189 2739 1221 ι
2792 1169 2861 1224 Ut
2898 1168 3090 1223 reddas
3144 1167 3437 1233 unicuique

1848 1262 2147 1315 secundum
2202 1261 2318 1315 vias
2364 1275 2510 1324 suas,
2554 1269 2608 1314 et
2646 1261 2945 1315 secundum
2987 1257 3225 1312 fructum
3273 1258 3431 1309 adin-

1847 1352 2161 1407 veutionum
2196 1366 2438 1413 suarum,
2507 1369 2524 1400 ι
2580 1352 2681 1405 hoc
2720 1349 2922 1403 indicat
2960 1347 3103 1418 quod
3164 1346 3432 1400 interdum

1848 1454 1948 1507 pro
1996 1440 2162 1494 nimia
2198 1439 2462 1509 sapientia
2480 1437 2684 1506 judicia
2717 1439 2835 1508 ejus
2888 1438 3173 1494 videantur
3213 1435 3433 1504 injusta.

146 1529 285 1593 heu,
332 1530 556 1583 Domine
604 1529 788 1593 Deus;
835 1548 853 1577 θ
908 1543 1005 1596 pro
1048 1542 1155 1597 quo
1184 1525 1534 1596 Septuaginta
1573 1533 1751 1586 trans-
1852 1527 2024 1595 Quem
2071 1529 2250 1585 locum
2292 1529 2582 1598 Apostolus
2610 1528 2823 1597 plenius
2866 1528 3099 1596 explicat
3144 1527 3211 1581 ad
3238 1525 3434 1578 Roma-

146 1617 421 1685 tulerunt,
455 1617 480 1671 ὁ
509 1618 595 1680 ὧν,
630 1617 683 1670 id
713 1625 815 1679 est,
857 1617 947 1686 qui
975 1631 1053 1681 es,
1100 1615 1345 1678 Domine,
1384 1614 1545 1677 Deus,
1595 1611 1747 1680 juxta

147 1710 289 1765 illud
314 1712 457 1779 quod
478 1709 644 1779 Moysi
669 1709 867 1763 dicitur
898 1727 909 1761 :
946 1728 963 1758 (
1005 1706 1175 1773 Vade,
1207 1707 1293 1761 dic
1320 1704 1701 1777 popttloolsrael
1732 1722 1745 1757 :

146 1800 257 1867 Qui
283 1810 367 1854 est
390 1800 537 1854 misit
561 1814 647 1853 me
676 1798 871 1869 (Exod.
891 1798 994 1858 ut).
1034 1817 1051 1847 ι
1078 1796 1192 1850 Non
1215 1797 1357 1865 quod
1381 1810 1484 1848 non
1508 1794 1617 1848 sint
1636 1793 1745 1855 alii,

1860 1635 1961 1675 nos
1995 1638 2009 1673 :
2053 1640 2070 1671 ‹
2124 1620 2345 1689 Ignoras
2370 1619 2627 1688 quoniam
2669 1616 2975 1687 benignitas
3012 1615 3107 1670 Dei
3165 1616 3232 1669 ad
3269 1613 3439 1683 νωιιὶ-

1853 1712 2078 1767 tentiam
2137 1719 2189 1766 te
2236 1712 2530 1765 hortatur?
2574 1710 2872 1765 secundum
2932 1716 3112 1763 autem
3182 1706 3437 1761 duritiam

1856 1814 2003 1858 tuam
2036 1812 2091 1858 et
2115 1802 2465 1873 impaenitens
2497 1817 2591 1857 cor
2621 1800 2958 1857 thesaurizas
2984 1799 3081 1853 tibi
3106 1797 3244 1852 iram
3273 1797 3327 1851 in
3355 1796 3441 1851 die

144 1892 251 1947 sed
275 1892 420 1946 aliud
448 1900 528 1946 est
559 1890 833 1945 Creatoris
853 1904 972 1943 esse
997 1888 1260 1942 beneficio
1290 1886 1433 1956 quod
1461 1886 1746 1951 subsistat,
1777 1898 1827 1958 Β
1855 1897 1970 1960 im,
2036 1904 2090 1949 et
2116 1893 2461 1948 revelationis
2509 1893 2639 1961 justi
2686 1891 2873 1962 judicii
2907 1890 3000 1945 Dei
3059 1889 3237 1959 (Rom.
3278 1887 3362 1959 ιι).
3416 1907 3433 1939 ι

145 1982 308 2036 aliud
330 1982 629 2036 aeternitate
652 1989 876 2034 natur:e.
910 1978 1116 2032 Laudat
1148 1978 1339 2041 Deum,
1373 1985 1510 2030 etex
1573 1984 1749 2029 reatu-

145 2072 232 2125 ris
276 2070 535 2141 praedicat
556 2070 888 2125 Creatorem.
940 2068 1180 2122 Primum
1223 2069 1408 2136 itaque
1451 2066 1748 2136 potentiam

142 2164 289 2231 ejus,
339 2170 395 2217 et
420 2163 866 2235 misericordiam,
895 2161 1335 2231 atquejustitiam
1380 2161 1434 2214 in
1468 2174 1627 2214 omne
1653 2159 1773 2223 110',

142 2257 368 2309 initium
437 2271 603 2326 genus
660 2256 836 2310 elevat
907 2255 1150 2309 vocibus.
1223 2254 1357 2308 Dein
1429 2253 1622 2308 transit
1680 2252 1749 2306 ad

142 2348 343 2413 Israel,
380 2357 435 2404 et
464 2358 662 2418 quanta
707 2349 756 2402 ei
780 2348 1107 2417 praastiterit,
1140 2346 1339 2402 celebri
1370 2359 1621 2400 sermone
1657 2344 1749 2397 de-

140 2439 370 2494 scribit.
409 2437 476 2491 Et
506 2445 625 2506 post
653 2446 799 2491 tanta
832 2437 1093 2491 beneficia
1120 2436 1249 2490 dicit
1270 2451 1362 2489 eos
1405 2436 1749 2489 immemores

142 2532 427 2586 bonorum
463 2529 621 2593 illius,
668 2529 1008 2584 clementiam
1040 2528 1092 2582 in
1117 2527 1529 2581 amaritudinem
1557 2539 1749 2595 provo-

144 2637 335 2684 casse,
370 2622 437 2675 ita
466 2628 525 2675 ut
544 2620 857 2675 obsideatur
880 2620 1090 2683 civitas,
1122 2628 1177 2673 et
1198 2627 1489 2686 antequam
1512 2614 1748 2669 hostium

146 2716 204 2770 in
244 2732 307 2771 ea
340 2715 505 2770 fuerit
525 2716 772 2784 irruptio,
815 2714 1009 2786 gladio,
1058 2721 1112 2767 et
1137 2713 1295 2776 fame,
1344 2721 1397 2766 et
1426 2718 1577 2781 peste
1622 2724 1749 2765 con-

146 2816 375 2875 sumpta
403 2806 493 2861 sit.
541 2806 665 2859 llaec
691 2814 871 2859 autem
906 2805 1159 2858 universa
1207 2802 1488 2872 praemisit,
1540 2809 1598 2855 ut
1619 2816 1748 2855 con-

148 2906 450 2966 sequenter
481 2896 615 2950 illud
646 2895 889 2960 inferret,
920 2895 1062 2964 quod
1109 2896 1162 2949 in
1198 2893 1618 2963 reprehensione
1667 2893 1747 2947 di-

150 2988 301 3042 vinae
338 2989 623 3043 sententiae
656 2986 833 3042 facere
865 2988 1169 3052 videbatur,
1220 2996 1276 3042 et
1308 2968 1369 3041 tu.
1395 2986 1530 3041 dicis
1560 2985 1690 3039 mihi
1730 3002 1743 3039 :

153 3080 392 3135 Domine
434 3079 592 3145 Deus,
620 3094 740 3132 etne
764 3094 950 3147 agrum
983 3086 1227 3147 argento,
1275 3084 1330 3131 et
1359 3077 1554 3130 adhibe
1584 3082 1748 3134 testes

152 3190 285 3230 cum
316 3174 447 3229 urbs
474 3174 597 3227 data
618 3173 689 3226 sit
711 3172 765 3225 in
801 3186 990 3225 manus
1017 3169 1411 3224 Chaldaeorum.
1446 3168 1570 3223 Haec
1612 3169 1747 3223 inte-

1855 1987 2070 2054 Quanto
2137 1985 2303 2053 igitur
2374 1985 2547 2039 serior
2616 1984 2854 2037 vindicta
2907 1981 3246 2051 peccantium
3304 1990 3386 2034 est
3422 2020 3436 2046 ,

1854 2087 2005 2133 tanto
2020 2076 2252 2146 justior:
2286 2077 2340 2130 in
2365 2074 2774 2131 similitudinem
2801 2072 3122 2135 Pharaonis,
3148 2071 3437 2141 quideeem

1852 2170 2023 2240 plagis
2050 2169 2374 2234 admonitus,
2424 2182 2531 2224 non
2554 2168 2789 2237 punitus,
2842 2175 2896 2221 et
2930 2168 2986 2220 in
3012 2167 3209 2221 duritia
3259 2181 3441 2235 perse-

1851 2274 2068 2325 verans,
2128 2262 2195 2315 ad
2244 2270 2549 2316 extremum
2598 2258 2769 2315 Rubri
2826 2258 2992 2313 maris
3046 2257 3297 2313 fluctibus
3358 2266 3442 2312 est

1851 2350 2078 2405 obrutus
2127 2349 2303 2422 (Exod
2338 2350 2474 2423 xw).
2798 2353 2805 2359 ’

1928 2460 1947 2493 ι
1999 2441 2101 2507 Qui
2130 2442 2355 2510 posuisti
2382 2442 2535 2511 signa
2564 2448 2619 2496 et
2644 2448 2895 2511 portenta
2952 2440 3005 2494 in
3046 2446 3187 2493 terra
3220 2438 3435 2510 Egypti

1856 2552 1876 2583 ι
1920 2549 2091 2602 usque
2112 2534 2178 2586 ad
2204 2534 2345 2587 diem
2373 2533 2536 2597 hanc,
2568 2531 2703 2587 et'in
2730 2530 2916 2597 lsrael,
2953 2538 3009 2585 et
3044 2530 3097 2584 in
3132 2529 3439 2584 hominibus

1857 2643 1875 2675 σ
1930 2624 2056 2689 (sive
2113 2622 2442 2694 terrigenis),
2489 2630 2544 2676 et
2594 2620 2766 2675 fecisti
2793 2621 2887 2675 tibi
2941 2634 3136 2675 nomen
3179 2620 3319 2674 sicut
3357 2629 3440 2674 est

1857 2733 1875 2764 ‹
1920 2715 2036 2769 dies
2058 2714 2192 2779 lucc,
2218 2723 2271 2768 et
2302 2713 2535 2767 eduxisti
2556 2711 2808 2782 populum
2836 2718 2985 2765 tuum
3020 2709 3266 2765 Israelde
3292 2717 3436 2765 terra

1856 2826 1874 2859 ι
1896 2859 1911 2866 _
1934 2806 2154 2877 Egypti
2194 2806 2247 2860 in
2281 2804 2452 2876 signis
2499 2813 2554 2859 et
2587 2804 2640 2857 in
2665 2804 2948 2873 portentis,
3002 2810 3057 2857 et
3082 2802 3133 2855 in
3166 2817 3327 2855 manu
3354 2816 3441 2854 ro-

1855 2916 1874 2949 (
1935 2898 2114 2961 busta,
2140 2904 2195 2950 et
2222 2896 2277 2950 in
2300 2894 2522 2949 brachio
2561 2902 2803 2959 extento,
2826 2901 2882 2946 et
2906 2892 2958 2946 in
2983 2899 3191 2946 terrore
3218 2906 3434 2965 magno.

1855 3007 1873 3038 ε
1930 2986 1998 3041 Et
2031 2986 2224 3042 dedisti
2252 2986 2332 3041 eis
2356 2994 2554 3040 terram
2584 2986 2742 3048 hanc,
2780 2998 2941 3053 quam
2971 2982 3166 3053 jurasti
3188 2982 3434 3053 patribus

1856 3099 1873 3132 ι
1929 3094 2140 3144 eorum,
2189 3088 2249 3133 ut
2289 3078 2448 3133 dares
2500 3077 2581 3133 eis
2623 3086 2824 3131 terram
2876 3076 3130 3131 ﬂuentem
3173 3075 3317 3130 lacte
3374 3082 3428 3129 et

1854 3190 1873 3221 α
1918 3169 2092 3224 melle.
2122 3170 2189 3225 Et
2217 3169 2441 3240 ingressi
2468 3176 2593 3223 sunt
2620 3176 2675 3222 et
2698 3168 3052 3237 possederunt
3078 3183 3219 3233 eam,
3253 3176 3308 3222 et
3331 3183 3439 3222 non

154 3265 265 3319 rim
304 3266 469 3318 totius
496 3262 596 3317 loci
617 3262 773 3317 istius
802 3262 1041 3315 continet
1068 3266 1332 3335 περικοπή.
1360 3258 1510 3313 Nunc
1540 3258 1607 3312 ad
1636 3260 1747 3313 sin-
1774 3251 1821 3314 C
1858 3281 1875 3313 ‹
1928 3260 2381 3316 obedieruntvoci
2420 3270 2544 3329 tute,
2600 3266 2655 3315 et
2692 3260 2747 3313 in
2771 3259 2887 3328 lege
2921 3268 3010 3314 tua
3057 3274 3167 3314 non
3199 3259 3440 3314 ambula-

152 3354 283 3428 gula
326 3364 674 3410 revertamur.
728 3371 745 3402 ‹
788 3352 867 3406 Ttt
895 3351 1071 3406 fecisti
1126 3350 1319 3405 coelum
1350 3358 1403 3405 et
1437 3359 1634 3405 terram
1690 3350 1746 3404 in

154 3444 479 3508 fortitudine
504 3450 595 3497 tua
625 3456 845 3512 magna;
889 3460 907 3491 ι
961 3450 1014 3495 et
1056 3439 1291 3496 Joannes
1330 3440 1459 3495 dicit
1488 3440 1553 3495 de
1592 3440 1745 3495 filio:

159 3555 178 3588 ι
225 3536 426 3591 Omnia
460 3549 556 3605 per
607 3533 779 3603 ipsum
826 3533 967 3588 facta
1001 3541 1147 3596 sunt,
1213 3540 1269 3587 et
1319 3533 1436 3586 sine
1485 3532 1601 3601 ipso
1660 3532 1745 3585 fa-

154 3635 309 3682 ctum
351 3636 436 3681 est
478 3625 611 3679 nihil
640 3612 805 3694 "quod
838 3624 1038 3679 factum
1085 3631 1169 3678 est
1216 3623 1398 3694 (Joan.
1434 3623 1494 3693 ι).
1554 3642 1571 3673 ›
1612 3622 1747 3676 .Ihcc

154 3718 308 3771 enim
380 3715 636 3770 fortitudo
705 3713 914 3768 Domini
986 3712 1242 3782 Apostolo
1300 3713 1744 3781 comprobante:

161 3829 179 3860 ι
230 3806 481 3862 Christus
507 3806 600 3861 Dei
629 3806 818 3870 virtus,
855 3813 909 3860 et
938 3805 1030 3861 Dei
1053 3806 1315 3877 sapientia
1357 3792 1407 3877 (Ι
1448 3804 1570 3859 Cor.
1605 3804 1666 3874 ι).
1722 3824 1742 3857 ›

162 3923 179 3951 ε
229 3900 300 3954 Et
329 3900 382 3953 in
398 3898 739 3953 brachio’tuo
756 3907 975 3953 extento
1014 3900 1139 3970 (sive
1165 3899 1426 3969 excelso).
1467 3917 1485 3949 ›
1508 3898 1747 3963 Quorum

156 4000 453 4061 utrumque
478 3992 827 4060 percutientis
856 3990 1111 4045 indicium
1147 4002 1247 4047 est.
1276 3991 1389 4045 Hoc
1416 4000 1595 4045 autem
1622 3990 1747 4045 bra-

154 4083 368 4146 chium,
424 4082 489 4137 de
517 4080 622 4151 quo
658 4091 714 4137 et
750 4082 914 4137 Isaias
942 4082 1214 4151 loquitur:
1275 4101 1293 4133 ί
1351 4083 1417 4137 Et
1466 4083 1747 4137 brachium

156 4175 376 4236 Domini
412 4175 498 4229 cui
531 4174 828 4229 revelatum
848 4176 968 4229 est?
997 4196 1015 4226 ι
1065 4174 1199 4245 (Isa.
1247 4176 1364 4246 un)
1439 4192 1457 4226 ε
1492 4173 1610 4229 Non
1644 4175 1751 4230 erit

156 4270 261 4326 tibi
286 4267 499 4325 difﬁcile
527 4282 686 4322 omne
717 4269 959 4322 verbum.
1013 4288 1031 4321 ι
1088 4268 1217 4334 Quae
1247 4270 1389 4323 enim
1413 4269 1553 4338 apud
1579 4268 1750 4323 homi-

155 4381 259 4421 nes
284 4362 652 4433 impossibilia,
683 4361 824 4432 apud
853 4362 1019 4417 Deum
1054 4363 1327 4433 possibilia
1359 4372 1487 4417 sunt
1527 4361 1743 4434 (Matth.

154 4456 311 4527 xxx);
368 4456 481 4511 sive
542 4455 627 4509 cui
670 4454 803 4509 nihil
843 4462 926 4509 est
972 4456 1344 4510 absconditum
1399 4455 1553 4524 juxta
1616 4455 1747 4509 illu‘d

155 4545 566 4617 Psalmograpbi
588 4545 817 4601 dicentis
848 4562 862 4599 :
902 4564 919 4596 ι
963 4546 1100 4612 Quia
1152 4549 1383 4601 tenebrze
1416 4563 1520 4601 non
1555 4547 1745 4603 obscu-

1857 3372 1875 3405 ι
1931 3364 2141 3407 verunt.
2184 3352 2375 3409 Omnia
2401 3368 2519 3422 quae
2542 3351 2809 3406 mandasti
2837 3353 2917 3407 eis
2953 3360 3012 3407 ut
3040 3350 3297 3418 facerent,
3331 3366 3438 3407 non

1856 3464 1875 3497 ι
1936 3448 2213 3510 fecerunt,
2263 3454 2321 3501 et
2348 3452 2641 3500 evenerunt
2682 3446 2761 3499 eis
2814 3444 2986 3499 omnis
3036 3444 3178 3499 mala
3230 3445 3362 3501 haec.
3413 3462 3433 3496 ›

1852 3535 1928 3589 De
1948 3535 2183 3605 generali
2208 3536 2401 3590 transit
2425 3535 2490 3589 ad
2520 3535 2772 3603 speciale,
2801 3534 3003 3603 etquid
3039 3536 3256 3605 preprie
3303 3550 3440 3605 prae-

1850 3626 2051 3681 stiterit
2078 3626 2241 3681 Israel
2268 3627 2417 3681 brevi
2444 3640 2697 3681 sermone
2721 3626 3009 3695 percurrit.
3050 3644 3067 3676 ι
3123 3625 3224 3693 Qui
3254 3627 3437 3694 posui-

1850 3719 1937 3783 sti,
1978 3719 2075 3783 ait,
2106 3719 2257 3789 signa
2277 3727 2327 3771 et
2354 3725 2601 3788 portenta
2633 3718 2684 3771 in
2710 3726 2853 3771 terra
2888 3715 3131 3787 IEgypti,
3167 3735 3184 3767 ι
3237 3716 3436 3785 quibus

1850 3811 2081 3867 amictus
2101 3819 2184 3866 est
2216 3809 2482 3882 {Egyptus
2528 3830 2547 3862 ι
2594 3809 2852 3879 usquead
2882 3809 3024 3865 diem
3068 3810 3230 3874 hanc,
3283 3817 3338 3864 et
3382 3810 3438 3863 in

1849 3901 2013 3957 Israel
2036 3909 2090 3956 et
2112 3902 2164 3955 in
2194 3902 2519 3961 hominibus,
2557 3900 2668 3954 sive
2697 3900 3003 3970 terrigenis.
3055 3917 3073 3950 ι
3130 3899 3245 3954 Hoc
3293 3901 3436 3969 quod

1850 3994 2050 4049 dicitur
2098 4014 2115 4045 ‹
2167 4006 2336 4063 usque
2364 3992 2431 4047 ad
2454 3992 2596 4047 diem
2619 3992 2758 4046 hanc
2804 4011 2821 4041 ι
2868 3990 3257 4061 posterioribus
3276 4005 3439 4060 Copu-

1850 4085 2067 4140 landum
2093 4094 2199 4148 est,
2241 4092 2297 4136 ut
2331 4083 2572 4153 legamus
2605 4101 2616 4136 :
2675 4082 2743 4136 Et
2770 4082 2823 4136 in
2850 4081 3012 4136 lsrael
3063 4089 3119 4135 et
3147 4081 3201 4135 in
3223 4082 3435 4137 cunctis

1851 4176 2170 4232 mortalibus
2210 4176 2449 4245 quotidie
2475 4182 2564 4228 tua
2590 4174 2741 4244 signa
2766 4173 3122 4243 complentur.
3168 4171 3293 4226 Sive
3333 4172 3433 4226 ali-

1853 4276 1972 4322 ter:
2018 4267 2181 4335 Signa
2225 4278 2280 4321 et
2312 4274 2559 4337 portenta
2617 4281 2723 4319 non
2749 4265 2921 4319 solum
2954 4264 3008 4317 in
3032 4261 3267 4333 1Egypto
3314 4278 3438 4334 per-

1848 4361 2097 4430 petrasti,
2150 4359 2241 4413 sed
2270 4374 2441 4429 usque
2462 4358 2623 4413 hodie
2675 4356 2864 4413 eadem
2903 4365 3005 4411 tuae
3054 4356 3439 4411 misericordiae

1850 4451 2109 4507 fortitudo
2140 4450 2367 4506 salvavit
2393 4450 2645 4521 populum
2670 4458 2840 4514 tuum,
2884 4457 2939 4503 et
2963 4448 3216 4503 universo
3252 4451 3435 4518 generi

1852 4544 2089 4597 humano
2114 4530 2389 4601 Creatoris
2412 4541 2665 4596 subvenis
2698 4548 2982 4609 potestate.
3010 4540 3074 4593 Et
3096 4540 3199 4593 hoc
3228 4548 3421 4593 notan—

156 4608 429 4694 raliuntdr
448 4654 478 4693 a
506 4647 577 4703 te,
608 4646 663 4693 et
685 4654 787 4693 nox
815 4640 956 4694 sicut
982 4608 1095 4693 dies
1128 4639 1518 4694 illuminabitur
1568 4640 1740 4711 (Psal.
1771 4608 1825 4667 D
1850 4632 1975 4689 dum
2001 4633 2142 4702 quod
2171 4632 2331 4686 lsrael
2378 4631 2446 4685 ab
2466 4608 2774 4686 hominibus
2796 4636 3033 4698 separat,
3086 4638 3249 4698 atque
3272 4628 3434 4684 terri-

155 4728 448 4796 cxxxvm).
480 4744 499 4777 ι
531 4744 550 4777 ‹
582 4725 683 4793 Qui
715 4726 849 4781 facis
872 4727 1299 4782 misericordiam
1331 4728 1383 4781 in
1410 4728 1663 4792 millibus,
1692 4738 1747 4783 et

158 4815 347 4869 reddis
389 4814 726 4884 iniquitatem
771 4825 981 4884 patrum
1029 4815 1080 4868 in
1115 4816 1233 4869 sinu
1290 4816 1519 4870 filiorum
1556 4832 1742 4872 eorum

157 4913 283 4976 post
326 4918 443 4959 eos.
501 4922 519 4954 ›
572 4902 800 4959 Grandis
845 4905 1129 4959 clementia
1166 4904 1483 4961 Creatoris:
1534 4908 1744 4962 miseri—

158 4994 408 5049 cordiam
438 5007 590 5048 suam
643 4994 695 5047 in
722 4993 865 5048 mille
896 4996 1272 5063 generationes
1323 4997 1638 5063 extendere,
1691 5007 1745 5053 et

161 5080 428 5135 iustitiam
480 5082 660 5137 statim
706 5083 761 5135 in
793 5082 959 5136 altera
1000 5084 1349 5153 generatione
1395 5098 1743 5141 monstrare:

166 5188 286 5243 quae
315 5183 493 5228 tamen
514 5181 569 5229 et
590 5174 702 5243 ipsa
726 5176 882 5229 mista
915 5186 999 5231 est
1021 5178 1422 5232 misericordia
1456 5178 1572 5233 Non
1603 5180 1749 5233 enim

166 5265 352 5319 statim
393 5264 547 5333 punit
585 5265 1008 5335 delinquentem,
1064 5270 1159 5324 sed
1206 5278 1482 5338 exspectat
1518 5272 1748 5340 plenitu-

167 5356 353 5409 dinem
382 5372 392 5407 :
428 5364 485 5408 ut
510 5354 556 5409 si
589 5354 740 5409 liberi
768 5358 959 5412 imitati
990 5359 1187 5414 fuerint
1214 5370 1497 5429 parentum
1534 5362 1742 5427 vitium,

170 5446 261 5501 diu
304 5446 469 5500 dilata
512 5462 671 5517 poma
707 5448 977 5503 reddatur.
1027 5472 1043 5501 ‹
1100 5451 1413 5508 Fortissime
1460 5462 1514 5506 et
1557 5468 1747 5523 magne

169 5544 387 5606 potens,
418 5536 676 5593 Dominus
698 5539 1030 5595 exercituum
1080 5542 1204 5613 (sive
1236 5544 1513 5614 virtutum)
1556 5562 1749 5600 nomen

172 5630 293 5695 tibi,
344 5650 363 5683 ι
420 5630 528 5684 Ista
563 5632 780 5688 nomina
815 5636 1111 5702 potentiam
1156 5636 1401 5689 indicant
1455 5638 1746 5691 Creatoris.

172 5718 439 5777 Caeterum
453 5720 669 5790 proprie
691 5736 883 5776 nomen
908 5723 1022 5787 Dei,
1051 5724 1325 5789 Patcrcst,
1350 5729 1487 5792 quod
1513 5728 1562 5778 in
1584 5727 1752 5779 Evan-

172 5812 318 5893 δειξο
357 5828 459 5889 per
486 5812 770 5873 Dominum
819 5814 1087 5873 reveletur
1148 5817 1455 5873 dicentem:
1513 5840 1527 5868 ι
1575 5817 1748 5887 Pater,

1851 4726 2002 4796 genis
2024 4723 2177 4792 juxta
2205 4722 2335 4777 illud
2368 4741 2380 4777 :
2412 4743 2429 4774 ι
2483 4722 2649 4777 Filius
2675 4737 2828 4779 meus
2860 4720 3249 4791 primogenitus
3272 4719 3437 4775 Israel

1852 4816 2048 4889 (Exod.
2099 4815 2195 4887 ιν).
2239 4834 2257 4866 ι
2335 4834 2353 4866 ‹
2409 4814 2476 4869 Et
2522 4813 2695 4870 fecisti
2752 4814 2849 4867 tibi
2887 4828 3083 4867 nomen
3119 4814 3257 4866 sicut
3310 4812 3427 4867 dies

1850 4910 1986 4964 haec.
2038 4927 2056 4960 ι
2107 4907 2337 4972 Laudes,
2385 4906 2578 4974 inquit,
2640 4914 2744 4958 tuae
2792 4904 2955 4958 totius
2994 4903 3143 4957 orbis
3184 4917 3435 4958 sermone

1852 5001 2210 5056 celebrantur.
2269 5016 2288 5049 ί
2332 4997 2399 5051 Et
2424 4996 2655 5051 eduxisti
2700 4995 2956 5066 populum
2980 5002 3131 5049 tuum
3175 4994 3340 5050 lsrael
3370 4996 3434 5051 de

1850 5099 1994 5146 terra
2024 5087 2265 5158 Egypti.
2307 5105 2325 5138 ι
2386 5084 2617 5141 Pulchre
2646 5085 2777 5140 dixit
2828 5083 3081 5154 populum
3129 5093 3275 5137 tuum
3319 5101 3334 5139 :
3371 5100 3435 5139 eo

1848 5182 1995 5235 enim
2024 5189 2266 5249 tempore
2293 5194 2400 5247 quo
2426 5181 2649 5234 eductus
2677 5186 2779 5242 est,
2809 5175 3020 5229 Domini
3051 5174 3293 5244 imperiis
3322 5191 3435 5232 ser-

1849 5270 2047 5324 viebat.
2069 5269 2313 5323 Eduxisti
2336 5276 2514 5322 autem
2551 5287 2567 5318 ι
2600 5268 2651 5321 in
2681 5266 2848 5337 signis
2875 5274 2929 5319 et
2952 5265 3238 5333 portentis,
3273 5283 3292 5316 ι
3317 5267 3435 5335 qui-

1848 5362 1950 5417 bus
1972 5361 2371 5431 percutiebatur
2404 5359 2684 5428 zEgyptus.
2734 5376 2752 5409 (
2808 5357 2874 5411 Et
2897 5357 2951 5409 in
2983 5370 3141 5409 manu
3188 5356 3429 5422 robusta,

1849 5462 1904 5508 et
1929 5454 1979 5506 in
2006 5453 2227 5507 brachio
2248 5459 2486 5515 extento,
2511 5460 2565 5505 et
2594 5450 2647 5503 in
2678 5458 2881 5503 terrore
2901 5459 3115 5515 magno.
3151 5462 3171 5496 ι
3206 5444 3433 5512 Quando

1851 5559 1999 5597 mare
2023 5543 2262 5595 Rubrum
2301 5541 2598 5595 transeunti
2624 5538 2821 5607 populo
2850 5530 3015 5590 Israel
3028 5534 3171 5588 viam
3198 5536 3431 5604 praebui—

1851 5635 1938 5697 sti,
1987 5642 2039 5687 et
2063 5632 2374 5702 ngyptium
2400 5628 2709 5700 oppressisti
2740 5626 3057 5681 exercitum.
3097 5643 3115 5676 ι
3149 5624 3216 5679 Ει
3240 5625 3430 5683 dedisti

1852 5726 1928 5779 eis
1962 5734 2162 5778 terram
2209 5724 2345 5778 hanc
2399 5737 2557 5792 quam
2578 5720 2774 5788 jurasti
2804 5718 3049 5788 patribus
3102 5731 3313 5783 eorum,
3373 5729 3432 5773 ut

1853 5818 2008 5873 dares
2033 5816 2131 5871 eis.
2170 5834 2189 5869 ι
2244 5816 2517 5873 Abraham
2553 5812 2823 5880 videlicet,
2852 5820 2908 5868 et
2930 5809 3104 5883 Isaac,
3153 5817 3209 5868 et
3242 5809 3428 5872 Iacob.
