3926 6316
523 355 661 411 10δῦ

1159 358 1219 411 Β.
1264 356 1516 411 BABANI
1558 356 1777 413 ΜΑυηί
1816 356 2139 413 ARCHIEP.
2185 357 2497 414 MOGUNT.
2531 357 2817 415 OPERUM
2858 358 3039 414 PARS
3075 359 3162 415 Ill.

3672 359 3807 421 HBG

522 468 661 538 Ergo
707 485 810 521 non
851 484 948 522 suo
990 468 1185 523 merito
1230 478 1430 521 terram
1468 466 1904 535 repromissionis
1936 506 1951 530 ,
2003 465 2097 521 sed
2126 465 2504 537 Apollicetur.
2553 465 2907 535 Primumque
2960 481 3155 522 causas
3198 468 3425 539 exponit
3456 465 3703 535 offensa,
3747 477 3808 527 et

514 568 728 629 patrum
758 574 1015 630 accepere
1043 559 1331 613 virtutibus
1360 567 1561 612 terram
1602 557 1853 613 ﬂuentem
1884 558 2021 612 lacte
2049 566 2103 611 et

516 648 690 703 melle.
745 648 983 704 Necdum
1030 649 1173 703 enim
1228 656 1480 717 poterant
1528 647 1759 703 solidum
1798 648 1979 703 cibum
2006 663 2100 703 ca-

516 754 667 809 pere,
698 739 791 795 sed
816 740 974 794 melle
998 747 1053 794 et
1100 738 1240 793 lacte
1280 737 1662 793 nutriebantnr
1705 736 1945 793 infantia:
1972 756 1985 790 :
2016 735 2102 791 vel

511 837 743 886 certe.et
787 829 942 885 melle
984 836 1039 883 et
1069 828 1209 883 lacte
1235 840 1429 887 trerum
1479 828 1720 882 omnium
1753 828 2001 881 ubertate
2043 831 2101 881 et

510 918 861 975 abundantia.
936 938 955 971 ι
1026 917 1094 973 Et
1153 918 1381 988 ingressi
1445 924 1571 971 sunt
1630 926 1685 971 et
1736 916 2099 984 possederunt

506 1023 669 1069 eam.,
710 1030 727 1061 ι
776 1009 1077 1080 Statimque
1109 1009 1251 1064 inter
1276 1008 1671 1078 possessionem
1702 1015 1756 1061 et
1786 1006 2099 1061 inobedien-

506 1109 638 1154 tiam
665 1100 799 1155 nihil
834 1102 937 1157 fuit
976 1102 1229 1165 medium.
1285 1099 1511 1153 Ubertas
1541 1098 1684 1152 enim
1725 1098 2092 1163 securitatem,

507 1194 768 1248 securitas
796 1193 1195 1265 negligentiam,
1237 1190 1557 1262 negligentia
1586 1198 1954 1259 contemptum
2001 1204 2096 1260 pa-

508 1284 595 1355 uit.
664 1301 681 1333 ι
733 1283 800 1336 Ει
839 1299 942 1337 ιιοιι
980 1284 1320 1345 onedierunt,
1374 1281 1571 1349 inquit,
1625 1280 1743 1335 voci
1783 1288 1906 1344 tuae,
1962 1278 2093 1332 etin

504 1372 623 1443 lege
655 1382 742 1427 tua
769 1390 874 1427 non
906 1373 1337 1428 ambulaverunt.
1376 1392 1392 1423 ι
1439 1372 1661 1427 Frustra
1685 1387 1814 1440 ergo
1830 1372 1883 1424 in
1911 1384 2094 1424 eremo

500 1465 1063 1535 promiseredicentes
1100 1480 1115 1518 :
1186 1485 1203 1515 ‹
1240 1463 1432 1519 Omnia
1466 1476 1796 1531 qnzecunque
1836 1460 2095 1514 Dominus

500 1558 815 1627 praeceperit
860 1556 1119 1611 faciemus
1188 1554 1385 1627 (Exod.
1420 1553 1553 1624 xix).
1596 1573 1613 1603 ι
1666 1551 1782 1607 Νοιι
1840 1551 1983 1607 enim
2037 1551 2093 1605 in

499 1651 808 1719 sponsione,
833 1651 926 1705 sed
956 1650 1010 1704 in
1044 1664 1205 1719 Opere
1242 1648 1520 1719 praemium
1549 1655 1654 1712 est,
1691 1647 1757 1701 ad
1797 1645 2089 1701 retunden-

501 1741 623 1793 dam
672 1754 857 1795 eorum
902 1740 1287 1811 impudentiam
1322 1739 1410 1808 qui
1438 1746 1630 1807 putant
1674 1738 1945 1792 hominem
1975 1752 2091 1789 om-

2199 558 2333 628 justi
2358 556 2558 612 furoris
2594 558 2709 623 Dei,
2734 565 2796 612 ut
2824 568 3028 628 quanto
3057 558 3234 629 major
3270 560 3427 632 culpa
3457 561 3805 632 peccantium

2203 654 2356 703 tanto
2408 647 2635 717 amplior
2691 648 2743 721 in
2792 657 3110 717 peccatores
3162 649 3453 707 clementia
3500 650 3803 707 Creatoris.

2208 756 2227 790 ι
2272 740 2401 809 Ego,
2454 739 2649 809 inquit,
2693 739 2952 796 Dominus
3017 741 3160 798 Deus
3202 744 3469 800 universa:
3517 743 3726 800 carnis.
3778 762 3799 796 ι

2201 832 2552 903 Nequaquam
2586 840 2905 889 cunctarum
2933 836 3195 905 gentium,
3246 851 3346 893 nec
3390 837 3574 908 populi
3611 834 3801 909 Israel,
3898 844 3899 867 ‘

2200 934 2295 979 aut
2340 932 2511 989 certe,
2543 934 2603 978 ut
2632 925 2699 979 de
2728 926 2934 981 sanctis
2986 928 3179 982 crebro
3222 927 3402 983 dicere
3441 928 3597 991 solet,
3660 926 3806 984 Dea

2198 1016 2495 1081 Abraham,
2520 1024 2574 1071 et
2599 1016 2743 1073 Deus
2772 1016 2945 1083 Isaac,
2971 1026 3025 1071 et
3054 1018 3197 1075 Deus
3222 1018 3410 1084 Jacob,
3454 1020 3549 1075 sed
3604 1038 3625 1070 ι
3660 1018 3801 1074 Deus

2198 1112 2465 1165 universae
2493 1112 2696 1175 carnis,
2740 1130 2759 1161 ι
2813 1110 3007 1181 inquit,
3058 1122 3118 1173 ut
3149 1122 3204 1168 et
3230 1113 3513 1169 rationalia
3561 1121 3614 1168 et
3642 1114 3802 1167 bruta

2199 1200 2493 1254 animantia
2527 1200 2640 1270 ipse
2676 1197 2872 1255 fecisse
2900 1202 3172 1257 credatur.
3219 1202 3356 1258 Sunt
3381 1204 3527 1259 enim
3554 1203 3648 1271 qui
3674 1217 3800 1271 pro-

2196 1292 2492 1348 videntiam
2529 1293 2805 1349 Creatoris
2846 1310 3017 1365 usque
3059 1297 3127 1350 ad
3160 1295 3444 1350 rationalia
3488 1293 3796 1350 conﬁtean-

2198 1390 2307 1448 tur,
2354 1384 2511 1438 bruta
2538 1383 2981 1453 autemil‘ortuitis
3022 1388 3240 1442 casibus
3278 1395 3529 1442 asserant
3570 1385 3657 1440 vel
3680 1400 3800 1455 per-

2198 1476 2297 1540 ire,
2326 1474 2409 1530 vel
2449 1476 2632 1533 vivere
2661 1496 2673 1531 :
2704 1480 3162 1550 propheticusque
3184 1495 3363 1535 sermo
3387 1479 3632 1535 declarat
3664 1478 3797 1532 nihil

2196 1583 2318 1623 esse
2339 1569 2479 1636 quod
2512 1568 3093 1640 ingiatprovidentiam
3117 1578 3172 1625 et
3201 1571 3485 1625 scientiam
3516 1569 3638 1634 Dei,
3672 1568 3797 1637 quia

2198 1650 2301 1711 alia
2332 1666 2551 1728 propter
2596 1674 2677 1724 se,
2737 1660 2841 1713 alia
2870 1660 2923 1714 in
2962 1676 3061 1714 usu
3104 1660 3383 1715 hominum
3429 1670 3557 1716 sunt
3588 1675 3791 1721 creata.

2205 1764 2223 1796 ι
2268 1746 2519 1817 Nunquid
2549 1747 2678 1801 mihi
2707 1746 2942 1815 dillicile,
3000 1756 3092 1803 aut
3117 1748 3471 1819 impossibile,
3526 1759 3621 1806 aut
3643 1766 3795 1811 certe

498 1831 585 1885 nia
612 1847 767 1901 posse
805 1831 1095 1901 complere,
1136 1846 1255 1900 quae
1285 1846 1341 1884 se
1372 1830 1635 1883 facturum
1661 1844 1781 1885 esse
1822 1828 2086 1898 pollicitus

2194 1835 2553 1891 abscondetur
2579 1854 2610 1892 a
2631 1852 2719 1893 me
2748 1853 2911 1893 omne
2932 1841 3220 1895 verbum?»
3243 1840 3308 1895 Et
3334 1856 3498 1911 supra
3522 1842 3788 1900 diximus:

499 1934 602 1981 est.
640 1945 659 1977 ι
709 1925 901 1981 Omnia
931 1940 1051 1995 quae
1078 1924 1346 1979 mandasti
1385 1925 1485 1993 eis.
1511 1932 1569 1977 ut
1592 1923 1832 1978 facerent
1866 1938 1971 1977 non
2012 1922 2089 1978 fe-

494 2027 706 2082 cerunt,
740 2034 779 2081 χι
825 2023 881 2072 et
916 2024 1065 2072 certe
1110 2032 1167 2071 se
1212 2015 1449 2072 facturos
1493 2015 1873 2084 promiserant.
1935 2032 1953 2064 ‹
2021 2013 2089 2067 Et

494 2117 793 2164 evenerunt
846 2097 945 2165 eisi
980 2109 1161 2164 omnia
1216 2109 1358 2167 mala
1405 2109 1540 2162 haec.
1602 2124 1619 2158 ι
1686 2104 1822 2160 Mala
1872 2105 2084 2176 patien-

495 2202 658 2268 tibus,
703 2210 957 2257 caeterum
993 2200 1149 2270 juxta
1182 2200 1397 2255 Domini
1426 2198 1753 2255 sententiam
1777 2198 1939 2262 bona,
1994 2196 2086 2267 qui

493 2296 671 2349 reddit
698 2295 989 2363 unicuique
1011 2293 1305 2349 secundum
1328 2292 1445 2346 vias
1477 2304 1623 2345 suas.

566 2402 587 2435 ς
634 2384 771 2439 Ecce
809 2383 1134 2438 munitiones
1163 2389 1451 2435 exstructze
1478 2391 1604 2435 sunt
1643 2379 1929 2434 adversum
1955 2377 2085 2432 civi-

496 2492 517 2527 ι
560 2483 725 2529 tatem
766 2482 827 2529 ut
870 2474 1133 2543 capiatur,
1180 2482 1235 2528 et
1285 2473 1415 2527 urbs
1468 2472 1593 2527 data
1666 2477 1751 2525 est
1801 2470 1853 2523 in
1918 2485 2083 2524 manu

496 2584 514 2617 ι
560 2565 953 2628 Chaldaeorum,
1006 2564 1435 2634 quiprzeliantur
1472 2566 1731 2619 adversus
1759 2575 1903 2627 eam,
1950 2562 2084 2615 afa-

499 2674 518 2709 ι
562 2657 643 2711 cie
663 2656 845 2727 gladii,
875 2664 931 2710 et
958 2654 1137 2720 famis,
1188 2665 1241 2710 et
1270 2656 1611 2725 pestilentim,
1652 2665 1705 2711 et
1750 2652 2083 2725 quaecunque

499 2767 517 2800 ι
579 2748 789 2803 locutus
819 2764 877 2802 es
903 2747 1236 2810 acciderunt,
1269 2755 1327 2799 ut
1350 2754 1406 2800 tu
1442 2746 1554 2814 ipse
1583 2745 1781 2801 cernis.
1828 2744 1895 2798 Et
1916 2752 1973 2798 tu
1998 2743 2083 2798 di-

496 2856 517 2890 ι
575 2838 653 2893 cis
680 2838 833 2903 mihi,
875 2837 1103 2893 Domine
1132 2838 1275 2891 Deus
1305 2855 1316 2889 :
1346 2836 1478 2891 Eme
1511 2850 1699 2907 agrum
1737 2843 1982 2905 argento,
2028 2840 2083 2887 et

493 2947 511 2981 ι
570 2928 765 2982 adhibe
804 2936 988 2993 testes,
1028 2944 1150 2983 cum
1196 2928 1325 2983 urbs
1358 2927 1481 2981 data
1525 2926 1683 2998 sitfin
1719 2940 1878 2979 manu
1921 2923 2083 2981 Chal-

496 3041 515 3075 ι
562 3021 844 3077 (imorum?
888 3043 905 3075 ι
958 3022 1214 3077 Decimus
1249 3038 1420 3077 annus
1465 3031 1583 3076 erat
1632 3022 1775 3093 regis
1818 3020 2074 3086 Sedeciaa,

489 3112 561 3169 ita
586 3115 730 3169 enim
770 3115 1031 3184 scriptum
1074 3123 1199 3169 est:
1235 3132 1254 3165 (
1297 3114 1533 3169 Verbum
1572 3113 1717 3183 quod
1764 3112 1966 3168 factum
1995 3120 2079 3168 est

2194 1945 2314 1998 quae
2345 1929 2483 1999 apud
2516 1930 2763 1985 homines
2795 1930 3170 2001 impossibilia,
3223 1931 3368 2000 apud
3395 1932 3569 1987 Deum
3619 1937 3792 2004 possi-

2188 2020 2318 2075 bilia
2348 2028 2493 2076 sunt.
2528 2020 2763 2095 Verbum
2797 2029 2979 2076 autem
3006 2021 3097 2076 hic
3119 2031 3173 2075 et
3199 2022 3252 2076 in
3283 2021 3471 2076 multis
3500 2022 3624 2077 aliis
3658 2023 3791 2081 locis

2190 2125 2290 2179 pro
2325 2112 2487 2165 rebus
2517 2111 2776 2166 debemus
2826 2111 3095 2180 accipere.
3132 2130 3149 2162 ι
3186 2110 3327 2179 Quid
3365 2121 3476 2177 est,
3520 2113 3617 2177 ait,
3649 2115 3789 2182 quod

2191 2202 2393 2256 factum
2443 2210 2528 2257 est
2576 2203 2843 2256 verbum?
2889 2202 3187 2273 Propterea
3244 2202 3363 2257 haec
3415 2202 3551 2257 dicit
3610 2204 3787 2260 Domi-

2190 2308 2311 2347 nus.
2366 2312 2385 2345 ι
2444 2291 2582 2359 Quid
2613 2292 2757 2348 enim
2796 2300 3180 2362 praecesserat,
3245 2300 3307 2347 ut
3336 2292 3613 2349 causalem
3654 2310 3785 2351 cono

2183 2382 2519 2455 junctionem
2542 2390 2767 2453 poneret
2790 2384 3006 2438 dicens:
3036 2402 3055 2434 ι
3084 2392 3373 2455 propterea
3396 2385 3514 2441 haec
3537 2386 3785 2443 dicitDo-

2189 2472 2404 2527 minus?
2434 2492 2451 2523 ι
2486 2472 2643 2540 Quia,
2680 2471 2875 2543 inquit,
2910 2488 3054 2528 curae
3084 2488 3217 2528 meae
3243 2482 3323 2528 est
3355 2474 3541 2529 omnia
3574 2490 3783 2547 regere,

2188 2564 2445 2620 universa
2496 2564 2816 2634 disponere,
2870 2572 2923 2619 et
2950 2563 3179 2620 reddere
3220 2564 3450 2633 singulis
3482 2564 3641 2634 juxta
3671 2567 3784 2621 vias

2187 2672 2314 2712 suas
2344 2672 2360 2711 :
2394 2674 2412 2707 ‹
2436 2656 2638 2711 idcirco
2664 2670 2763 2727 ego
2784 2656 2995 2709 tradam
3018 2656 3293 2711 civitatem
3321 2655 3483 2711 istam
3507 2658 3565 2711 in
3592 2672 3784 2713 manus

2186 2748 2579 2814 Chaldaeorum,
2594 2756 2651 2803 et
2679 2748 2732 2802 in
2758 2763 2977 2803 manum
2996 2747 3285 2819 Babylonis
3304 2749 3469 2820 regis,
3495 2757 3551 2804 et
3566 2749 3783 2820 capient

2185 2852 2326 2893 eam.
2356 2858 2375 2890 ι
2402 2837 2651 2892 Primum
2685 2838 2830 2892 enim
2868 2837 3099 2893 vallatur
3139 2839 3404 2911 exercitu,
3449 2847 3507 2894 et
3559 2840 3784 2897 absum

2184 2927 2398 2997 capitur
2423 2925 2937 2993 Nabuchodonosor,
2997 2922 3360 2999 Stdeciasquc
3408 2927 3630 2983 ducitur
3671 2929 3783 2986 Re-

2181 3017 2349 3084 blata,
2403 3026 2460 3073 ct
2509 3019 2581 3074 ibi
2624 3020 2737 3089 regi
2782 3020 3033 3074 traditur.
3093 3038 3112 3069 ι
3172 3018 3240 3074 Et
3287 3018 3532 3086 venient,
3582 3019 3779 3090 inquit,

2181 3108 2418 3173 Chaldaei
2448 3110 2755 3182 praeliantes
2786 3111 3071 3166 adversum
3100 3111 3291 3167 urbem
3319 3111 3483 3167 lianc.
3521 3130 3539 3164 ι
3593 3110 3782 3167 Melius

490 3205 559 3259 ad
583 3181 930 3258 Jeremiam'a
962 3202 1189 3259 Domino
1218 3218 1359 3259 anno
1396 3181 1605 3257 decimo
1646 3201 1885 3258 Sedeciae
1934 3205 2079 3273 regis
2106 3181 2151 3243 C
2182 3202 2376 3273 Aquila
2404 3181 2496 3271 qui
2522 3217 2621 3272 pro
2644 3217 2709 3257 eo
2733 3202 2877 3272 quod
2903 3202 3187 3273 scriptum,
3234 3199 3473 3269 Veniant,
3501 3202 3781 3259 transtulit

487 3294 644 3350 Juda.
686 3314 703 3347 ι
756 3293 909 3349 Tunc
964 3295 1233 3349 exercitus
1283 3295 1423 3364 regis
1474 3293 1765 3364 Babylonis
1798 3294 2080 3349 obsidebat

486 3385 805 3442 Jerusalem.
852 3384 1113 3441 Jeremias
1161 3386 1419 3456 propheta
1454 3393 1571 3441 erat
1598 3385 1813 3440 clausus
1847 3386 1901 3439 in
1938 3386 2080 3440 atrio

490 3478 747 3534 carceris.
788 3477 1062 3555 Recteque
1087 3493 1228 3532 nunc
1256 3478 1453 3532 dicitur
1484 3494 1499 3531 :
1534 3498 1551 3528 ι
1584 3477 1724 3532 Ecce
1751 3476 2080 3531 munitiones

488 3577 780 3624 exstructm
814 3577 939 3623 sunt
986 3569 1272 3623 adversum
1310 3568 1581 3623 civitatem
1617 3576 1677 3622 ut
1701 3567 1966 3638 capiatur,
2027 3575 2081 3622 et

488 3658 619 3712 urbs
647 3657 773 3712 data
814 3665 896 3712 est
924 3657 975 3711 in
1007 3672 1168 3709 manu
1215 3655 1583 3710 Chaldmorum
1617 3673 1631 3721 ;
1672 3674 1690 3707 ι
1741 3669 1844 3711 nec
1880 3654 2081 3710 habent

488 3764 625 3820 quos
638 3749 876 3813 vincant,
902 3748 993 3803 sed
1014 3763 1149 3817 quos
1164 3748 1397 3817 capiant.
1414 3746 1535 3801 Jam
1556 3746 1700 3803 enim
1718 3747 1914 3815 gladio,
1938 3746 2081 3803 fame

489 3847 546 3893 et
574 3846 724 3907 peste
756 3838 1059 3908 consumpti
1091 3845 1238 3904 sunt,
1278 3846 1334 3892 et
1359 3852 1694 3914 quaecunque
1722 3838 1905 3892 dixisti
1930 3832 2073 3893 vidc-

490 3944 611 3982 mus
644 3941 765 3983 esse
798 3928 1062 3997 completa
1090 3944 1101 3980 :
1142 3927 1413 3997 quomodo
1451 3941 1581 3998 ergo
1604 3926 1738 3982 dicis
1769 3926 1925 3992 mihi,
1974 3928 2080 3982 Do-

492 4006 637 4072 mine
666 4036 679 4072 :
722 4036 740 4068 ι
771 4033 889 4072 eme
912 4032 1101 4087 agrum
1132 4018 1354 4087 argento
1376 4057 1389 4081 ,
1422 4024 1473 4071 et
1506 4017 1699 4072 adhibe
1732 4025 1929 4083 testes,
1957 4032 2079 4072 cum

493 4110 621 4163 urbs
647 4109 770 4163 (lata
796 4109 867 4163 sit
890 4110 945 4163 in
974 4123 1166 4162 manus
1186 4106 1593 4162 Chaldaeorum?
1622 4126 1639 4157 ι
1660 4106 1825 4177 lgitur
1855 4123 1961 4163 non
1991 4124 2081 4163 re-

491 4197 793 4269 prehendit,
815 4198 909 4252 sed
930 4198 1245 4269 interrogat,
1270 4212 1369 4253 nec
1390 4206 1498 4251 tam
1520 4196 1621 4251 sibi
1646 4212 1807 4267 quam
1830 4197 1948 4253 aliis
1968 4197 2083 4254 vult

493 4290 723 4364 discere,
770 4289 862 4357 qui
900 4289 1158 4343 sedebant
1207 4290 1260 4343 in
1289 4289 1427 4343 atrio
1454 4288 1712 4355 carceris,
1763 4298 1817 4345 et
1853 4289 2082 4345 forsitan

494 4383 641 4439 taciti
668 4382 1156 4452 reprehendebant,
1179 4382 1447 4453 quomodo
1471 4382 1611 4436 idem
1635 4383 1899 4461 prapheta
1922 4398 2083 4454 quem

494 4488 681 4529 verum
704 4472 956 4527 nuntiare
983 4468 1296 4538 credebant,
1336 4480 1389 4527 et
1418 4474 1606 4526 urbem
1656 4472 1801 4526 dicat
1842 4488 1965 4529 esse
1987 4488 2083 4529 ca-

502 4563 779 4631 piendam,
823 4570 876 4617 et
906 4577 1093 4637 agrum
1124 4571 1268 4616 emat
1290 4562 1443 4631 quasi
1471 4576 1837 4630 possessurus.

576 4675 594 4707 ι
637 4655 702 4708 Et
743 4653 944 4707 factum
974 4662 1057 4708 est
1090 4656 1313 4709 verbum
1344 4653 1555 4707 Domini
1583 4654 1650 4725 ad
1672 4652 1963 4709 Jeremiam
1997 4655 2081 4711 di-

507 4766 524 4799 ι
576 4762 704 4801 cens
736 4764 748 4799 :
796 4746 935 4799 Ecce
962 4761 1061 4815 ego
1089 4746 1348 4799 Dominus
1391 4742 1530 4797 Deus
1564 4744 1829 4798 universa:
1857 4746 2040 4801 carnis
2068 4763 2081 4799 :

510 4857 528 4888 (
574 4836 816 4906 nunquid
857 4835 988 4890 mihi
1018 4834 1229 4890 dillicile
1275 4835 1398 4904 (sive
1428 4833 1779 4904 impossibile)
1822 4835 1954 4900 erit,
1993 4844 2085 4889 aut

510 4949 527 4980 ‹
588 4930 950 4984 abscondetur
982 4942 1011 4979 a
1046 4942 1130 4979 me
1153 4941 1311 4980 omne
1348 4926 1614 4979 verbum?
1648 4925 1942 4996 Propterea
1971 4926 2087 4981 haec

506 5038 523 5069 ι
576 5017 705 5071 dicit
731 5016 989 5069 Dominus
1018 5032 1029 5067 :
1075 5015 1211 5069 Ecce
1244 5030 1343 5084 ego
1387 5016 1595 5068 tradam
1626 5016 1902 5070 civitatem
1926 5017 2089 5071 istam

508 5126 525 5157 ι
578 5108 629 5160 in
658 5121 847 5160 manus
872 5105 1261 5166 Chaldaeorum,
1313 5113 1366 5158 et
1393 5106 1445 5157 in
1489 5121 1705 5158 manum
1740 5107 1883 5176 regis
1918 5107 2091 5179 Baby-

509 5217 525 5247 ‹
584 5196 815 5261 lonis,et
842 5198 1053 5265 capient
1075 5212 1219 5250 eam.
1239 5195 1304 5249 Et
1330 5196 1544 5248 venient
1570 5194 1807 5250 Chaldmi
1838 5196 1979 5265 (sive
2007 5197 2092 5252 in-

510 5308 526 5338 ι
574 5287 913 5359 gredientur)
952 5287 1256 5357 praeliantes
1290 5288 1425 5357 (sive
1450 5287 1666 5341 venient
1701 5286 1965 5357 Cbaldrei)
1994 5288 2091 5342 ad-

510 5400 528 5431 ‹
574 5396 786 5435 versum
821 5382 1006 5434 urbem
1050 5380 1217 5439 hanc,
1255 5388 1308 5432 et
1342 5380 1671 5434 succendent
1717 5395 1835 5433 eam
1876 5378 2001 5449 igni,
2034 5388 2088 5435 et

512 5494 528 5523 ι
577 5474 1049 5535 comburenteam,
1068 5480 1121 5526 et
1148 5472 1332 5525 domos
1350 5472 1400 5524 in
1426 5488 1651 5540 quarum
1676 5472 1975 5526 domatibus
2000 5489 2083 5526 sa-

512 5582 529 5612 ι
575 5562 886 5615 erilieabant
915 5559 1059 5623 Baal,
1110 5561 1421 5613 ctlibabant
1470 5562 1569 5613 (liis
1599 5561 1786 5614 alienis
1831 5562 2082 5614 libamina

514 5672 529 5701 ι
581 5653 646 5705 ad
674 5652 989 5705 irritatnlum
1043 5666 1146 5702 me.
1180 5671 1195 5699 ›
1235 5652 1497 5705 Tristibus
1546 5652 1662 5703 heia
1693 5651 1983 5719 subjungit,
2030 5660 2085 5704 et

507 5751 628 5811 post
670 5742 1003 5800 eversionem
1044 5740 1335 5795 Jerusalem
1382 5740 1595 5810 capti‘vo
1627 5740 1821 5808 populo
1852 5738 2082 5795 reditum

2182 3292 2577 3357 εἰσελεύσονται,
2609 3293 2715 3347 hoc
2743 3300 2850 3361 est,
2882 3294 3239 3362 ingredientur
3260 3294 3543 3369 civitatem.
3593 3294 3780 3365 Neque

2182 3383 2326 3438 enim
2349 3384 2601 3438 absentes
2629 3392 2786 3439 erant
2812 3392 2875 3439 ut
2901 3385 3168 3449 venirent,
3199 3384 3395 3455 quippe
3430 3385 3524 3455 qui
3550 3386 3782 3441 circum-

2183 3476 2443 3533 dederant
2465 3476 2788 3545 .Ierusalem,
2820 3476 2959 3532 sicut
2990 3476 3270 3546 Scriptura
3297 3486 3528 3531 testatur
3560 3496 3574 3532 :
3610 3477 3777 3533 «Tum

2184 3572 2458 3627 exercitus
2481 3572 2625 3642 regis
2650 3570 2939 3641 Babylonis
2973 3569 3254 3625 obsidebat
3278 3568 3579 3625 Jerusalem
3608 3584 3623 3623 :
3660 3589 3682 3622 ι
3715 3583 3779 3625 ac

2186 3662 2376 3718 deinde
2410 3680 2423 3715 :
2461 3681 2479 3713 ι
2512 3676 2640 3737 ecce
2661 3662 2990 3717 munitiones
3023 3668 3312 3717 exstructa:
3334 3668 3459 3715 sunt
3490 3660 3776 3718 adversum

2184 3754 2455 3809 civitatem
2504 3763 2563 3807 ut
2608 3754 2871 3823 capiatur,
2929 3760 2981 3807 et
3016 3752 3146 3807 urbs
3189 3752 3315 3806 data
3365 3759 3449 3807 est
3502 3752 3556 3807 in
3611 3767 3776 3806 manu

2181 3842 2579 3899 Chaldaeorum.
2640 3863 2659 3896 )
2715 3842 2992 3909 Quomodo
3033 3842 3197 3913 igitur
3239 3842 3460 3897 venient
3498 3842 3587 3912 qui
3638 3858 3776 3913 prae-

2182 3945 2364 3992 sentes
2392 3937 2593 3993 erant?
2633 3934 2741 3993 Sed
2780 3937 2836 3991 bi
2878 3936 2969 4006 qui
3000 3935 3318 3991 obsidebant
3352 3936 3541 3991 urbem
3588 3938 3774 4008 ingre—

2184 4029 2421 4096 dientur,
2474 4031 2665 4101 inquit,
2719 4039 2773 4085 et
2805 4018 3019 4111 capient
3044 4045 3186 4096 eam,
3237 4040 3300 4093 et
3321 4030 3675 4097 succendent,
3724 4038 3776 4083 et

2182 4119 2251 4173 ad
2278 4119 2451 4175 solum
2476 4137 2646 4191 usque
2666 4122 2985 4177 comburent
3013 4121 3256 4194 (verbum
3282 4122 3427 4177 enim
3450 4119 3773 4176 Hebraicum

2182 4218 2307 4276 πιθα,
2342 4211 2693 4281 ambiguitate
2739 4212 2853 4279 sui,
2909 4224 2965 4268 et
3014 4212 3231 4268 venient
3302 4220 3357 4267 et
3402 4212 3773 4283 ingredientur

2184 4301 2383 4371 sonat),
2403 4312 2455 4357 et
2478 4302 2669 4357 domos
2697 4304 2750 4357 in
2790 4319 3021 4374 quarum
3057 4304 3363 4360 domatibus
3391 4302 3773 4359 sacriﬁcabant

2183 4391 2313 4446 Baal
2347 4392 2490 4448 idolo
2524 4391 2891 4460 Sidoniorum,
2939 4403 2993 4449 et
3014 4394 3256 4448 libabant
3284 4394 3388 4448 diis
3415 4392 3604 4449 alienis
3632 4393 3769 4448 liba-

2184 4485 2335 4564 mina
2378 4484 2444 4539 ad
2478 4484 2802 4540 irritandum
2830 4499 2917 4540 me
2949 4502 2962 4539 :
3006 4493 3068 4539 ut
3101 4500 3209 4539 non
3247 4500 3437 4540 errore
3470 4484 3768 4555 religionis,

2187 4574 2280 4629 sed
2329 4576 2671 4631 contentione
2710 4576 2965 4647 quadam,
3021 4584 3075 4631 et
3115 4575 3170 4629 in
3200 4573 3516 4630 Creatorem
3567 4584 3760 4645 contue

2187 4664 2401 4719 mellam
2427 4666 2604 4722 facere
2620 4667 2952 4723 viderentur.
2980 4666 3259 4734 Quomodo
3293 4675 3474 4721 autem
3500 4667 3770 4737 periturus

2188 4755 2442 4810 scribitur
2488 4758 2721 4811 mundus
2779 4754 2935 4825 juxta
2980 4756 3105 4810 illud
3152 4756 3297 4825 quod
3346 4756 3605 4826 scriptum
3651 4765 3770 4809 est:

2195 4864 2212 4897 ι
2257 4848 2465 4904 leum
2497 4858 2551 4904 et
2583 4858 2726 4905 terra
2746 4849 3150 4919 pertransibunt
3176 4847 3392 4919 (Matth.
3439 4847 3609 4917 xxxv),
3656 4866 3676 4899 ι
3706 4863 3767 4901 eo

2190 4939 2333 5006 quod
2380 4939 2433 4992 in
2460 4940 2692 5011 maligno
2722 4942 2925 5009 positus
2948 4941 3064 4995 sit:
3105 4939 3183 4993 sic
3224 4947 3279 4992 et
3323 4939 3515 4993 domus
3555 4938 3670 5007 ipsa
3720 4944 3771 4991 ct

2195 5028 2311 5083 loca
2341 5028 2393 5082 in
2422 5030 2616 5099 quibus
2646 5030 2843 5101 ﬂagitia
2872 5038 3177 5100 perpetrata
3218 5036 3345 5081 sunt
3382 5026 3480 5081 ira:
3507 5026 3600 5082 Dei
3646 5029 3771 5081 sub«

2190 5120 2393 5189 jacent.
2422 5121 2561 5176 Sunt
2582 5124 2673 5191 qui
2700 5123 3033 5177 contentiose
3058 5120 3183 5175 illud
3210 5118 3351 5190 quod
3377 5118 3639 5187 scriptum
3663 5126 3769 5181 est,

2203 5230 2221 5261 ‹
2256 5211 2403 5266 locus
2432 5212 2483 5265 in
2511 5227 2616 5281 quo
2643 5213 2931 5267 cruciﬁxus
2955 5217 3036 5266 est
3054 5200 3315 5264 Dominus
3334 5216 3495 5278 atque
3518 5206 3769 5262 Salvator

2196 5302 2511 5371 spiritaliter
2532 5289 2855 5367 Gomorrha,
2882 5309 2937 5355 et
2956 5300 3223 5371 Egyptus
3242 5308 3489 5365 vocatur,
3519 5316 3539 5349 ι
3568 5298 3636 5353 ad
3656 5298 3766 5367 ipsa

2195 5392 2309 5447 loca
2326 5394 2592 5453 referant;
2618 5393 2706 5447 alii
2730 5408 2857 5447 vero
2871 5392 3181 5447 universum
3196 5389 3456 5444 mundum
3481 5387 3582 5443 sub
3595 5389 3767 5442 nomi-

2191 5500 2259 5538 ne
2286 5484 2499 5553 Egypti
2534 5493 2587 5537 ct
2610 5483 2923 5537 Gomorrbre
2952 5482 3244 5551 signiﬁcari
3270 5488 3497 5548 putant:
3530 5490 3589 5533 ut
3620 5481 3766 5534 enim

2191 5574 2487 5630 Gumorrha
2516 5575 2695 5629 divino
2720 5574 2842 5643 igne
2864 5573 3032 5629 deleta
3054 5581 3135 5627 est
3166 5590 3178 5626 :
3212 5572 3283 5625 ita
3306 5579 3360 5625 et
3386 5570 3644 5625 mundum
3674 5570 3766 5625 Dei

2184 5666 2386 5732 Judieiu
2440 5666 2909 5719 concremandum.

2265 5776 2281 5809 ι
2331 5757 2495 5810 Erant
2542 5758 2684 5811 enim
2736 5757 2829 5810 lilii
2873 5754 3059 5818 lsrael,
3135 5762 3190 5808 ct
3232 5752 3325 5808 lilii
3370 5751 3505 5807 Juda
3560 5751 3766 5819 iugiter
