3926 6340
138 404 285 465 ίυῦτ

1032 390 1396 453 EXPOSlTlO
1431 391 1665 451 SUPER
1700 389 2069 451 JEREMIAM.
2108 422 2183 439 --
2218 393 2347 451 LlB.
2383 394 2498 452 XII.

3285 400 3421 460 1058

140 540 167 575 ι
195 520 326 595 (sive
360 517 481 590 soli)
510 512 771 571 facientes
796 511 1001 568 malum
1024 511 1077 566 in
1102 510 1272 566 oculis
1295 508 1431 564 meis
1450 508 1518 563 ab
1543 507 1723 562 adole-
1750 510 1802 570 Α
1827 509 1918 579 qui
1952 525 2082 565 vero
2117 518 2325 582 tergum
2371 512 2551 580 vertit,
2585 508 2701 583 ipso
2740 520 2893 584 gestu
2943 514 3185 584 corporis
3221 514 3423 577 indicat

140 630 165 666 ι
214 613 425 668 scentia
471 624 588 664 sua.
627 628 645 662 ι
692 604 959 678 (Ηίενοη.)
1010 602 1247 658 Verbum
1271 600 1617 657 ~Hehraicum
1649 611 1730 689 ’ςκ
1832 616 1892 656 se
1920 602 2189 673 negligere
2232 604 2680 671 comminantem,
2718 613 2772 660 et
2812 607 2948 671 hoc,
2977 607 3083 672 ait,
3128 607 3417 667 faciebant.

135 703 341 773 Aquila
370 703 755 770 interpretatus
793 706 874 751 est
901 695 1028 754 πλὴν
1060 734 1075 761 ,
1121 693 1263 764 quod
1294 690 1731 760 conjunctionem

136 805 501 851 verumtamen
534 790 823 860 signiﬁcat.
884 785 1195 858 Symmachi
1240 785 1425 855 prima
1452 783 1638 849 editio,
1677 790 1735 838 et

1910 709 1929 742 ‹
1967 692 2102 747 Cum
2149 692 2397 747 docerem
2448 708 2540 748 eos
2589 695 2821 751 diluculo
2848 737 2861 761 ,
2921 687 2986 752 et'
3022 700 3295 754 erudirem
3320 718 3335 762 ;
3364 710 3420 757 et

1840 798 1858 833 ‹
1894 781 2096 838 nollent
2118 783 2325 849 audire,
2376 792 2432 839 ut
2461 786 2771 855 acciperent
2808 788 3167 859 disciplinam.
3196 811 3215 844 ι
3250 790 3422 863 Fuga-

135 882 312 951 LXX,
340 893 398 939 et
423 881 724 938 Theodotio
753 877 891 932 solos
926 875 1270 946 interpertati
1304 881 1451 941 sunt,
1492 874 1731 931 secunda
1834 873 1905 930 tis
1945 874 2150 931 erroris
2196 875 2455 941 tenebris,
2499 886 2554 931 et
2600 879 2748 933 omni
2791 880 3056 936 idolorum
3088 882 3258 947 cultu,
3302 898 3422 938 mea

132 974 345 1045 quippe
368 971 677 1045 Symmachi
701 968 864 1024 vertit
910 967 1088 1033 διόλον,
1116 981 1278 1037 quem
1307 973 1364 1019 et
1392 981 1489 1023 nos
1537 966 1734 1036 inprae-

134 1067 443 1123 sentiarum
464 1064 635 1121 secuti
662 1076 871 1126 sumus,
910 1068 969 1115 ut
990 1059 1292 1115 diceremus
1329 1058 1551 1129 jugiler.
1577 1058 1733 1114 Dica-

134 1172 265 1212 mus
296 1156 458 1227 igitur
485 1154 718 1225 primum
739 1152 897 1221 juxta
928 1149 1251 1206 Hebraicum
1277 1167 1290 1203 :
1321 1148 1444 1203 Filii
1468 1148 1656 1215 Israel,
1681 1157 1737 1205 et

134 1246 237 1303 ﬁlii
276 1246 415 1303 Juda
437 1246 637 1319 jugiter
661 1244 922 1300 facientes
952 1242 1170 1297 malum.
1197 1242 1266 1296 Et
1294 1242 1501 1307 decem,
1536 1241 1731 1312 inquit,

135 1347 198 1391 et
228 1336 351 1392 dua:
380 1336 552 1391 tribus
577 1334 777 1390 malum
805 1333 922 1388 sine
950 1332 1250 1387 cessatione
1276 1329 1543 1395 fecerunt,
1566 1338 1623 1385 et
1644 1329 1735 1401 ju-

134 1428 228 1500 gis
269 1428 350 1482 eis
378 1426 482 1482 fuit
509 1426 565 1480 in
607 1424 855 1494 pessimis
901 1421 1154 1491 operibus
1196 1418 1621 1493 perseverantia.
1677 1417 1738 1474 Si

137 1526 330 1573 autem
351 1516 496 1589 jugis
528 1522 582 1571 et
600 1528 813 1584 semper
836 1516 893 1567 in
922 1520 1034 1567 toto
1055 1508 1273 1581 populo,
1301 1508 1395 1563 ubi
1419 1515 1504 1564 est
1525 1506 1741 1579 justitia

136 1606 519 1679 sempiterna?
539 1604 732 1669 Porro,
754 1602 907 1671 juxta
936 1600 1096 1665 LXX,
1130 1599 1222 1670 qui
1250 1598 1533 1655 dixerunt:
1572 1615 1591 1649 ι
1628 1596 1742 1653 Soli

136 1698 412 1755 facientes
450 1695 671 1761 malum,
723 1713 743 1747 ι
791 1694 962 1749 oritur
1007 1690 1232 1761 quaestio
1268 1706 1281 1742 :
1333 1686 1476 1743 Num
1520 1693 1577 1742 et
1619 1685 1741 1744 aliae

137 1797 339 1861 gentes
366 1802 431 1844 eo
480 1795 723 1857 tempore
776 1800 883 1855 quo
910 1782 1074 1839 Israel
1123 1779 1396 1851 Judasque
1418 1778 1739 1850 peccabant,

1837 968 2104 1025 sententia
2132 968 2413 1025 confutata
2444 971 2684 1039 quotidie
2712 971 2877 1027 corda
2908 986 3095 1027 eorum
3122 970 3427 1029 illuminare

1836 1062 2141 1131 cupiebam,
2171 1069 2228 1118 et
2250 1064 2443 1120 docere
2465 1078 2583 1134 quae
2615 1073 2764 1120 recta
2806 1073 2952 1121 sunt.
2987 1066 3054 1120 Et
3082 1073 3145 1120 ut
3192 1066 3423 1121 liberum

1837 1160 2083 1208 servaret
2103 1152 2387 1209 arbitrium
2407 1196 2422 1220 ,
2446 1154 2627 1226 jungit
2671 1163 2727 1211 et
2752 1155 2885 1212 dicit
2913 1174 2926 1210 :
2961 1175 2979 1209 ι
3011 1162 3069 1211 et
3089 1154 3291 1211 nollent
3333 1172 3427 1212 au-

1839 1242 1976 1309 dire,
2010 1250 2069 1297 ut
2091 1242 2400 1313 acciperent
2429 1244 2787 1313 disciplinam.
2826 1264 2846 1298 ι
2882 1243 3179 1316 Sequitur:

1915 1350 1935 1383 ‹
1971 1331 2039 1387 Et
2070 1344 2365 1404 posuerunt
2393 1334 2536 1389 idola
2561 1350 2660 1390 sua
2690 1334 2747 1391 in
2775 1334 2957 1403 domo,
2994 1350 3050 1391 ιιι
3074 1351 3181 1407 qua
3212 1336 3427 1393 invoca-

1846 1440 1865 1473 ι
1900 1429 2013 1477 tum
2039 1429 2125 1478 est
2163 1437 2361 1479 nomen
2402 1438 2607 1490 meum,
2654 1432 2715 1479 ut
2745 1424 3049 1496 polluerent
3080 1438 3223 1480 eam.
3256 1444 3275 1477 ι
3309 1424 3426 1481 Non

1840 1509 2015 1566 solum
2034 1526 2101 1566 eo
2127 1518 2370 1582 tempore
2382 1508 2549 1568 Judas
2567 1514 2748 1582 posuit
2774 1514 2830 1568 in
2855 1513 3054 1583 templo
3076 1513 3173 1569 Dei
3193 1520 3427 1569 statuam
3483 1563 3487 1568 .

1841 1600 2003 1668 idoli,
2030 1616 2194 1673 quam
2226 1601 2282 1656 in
2311 1600 2612 1659 Ezechielis
2644 1602 2909 1674 principio
2938 1603 3167 1677 legimus
3198 1592 3445 1675 (Ezech.

1840 1689 1969 1761 vin)
2003 1707 2018 1745 :
2051 1690 2147 1746 sed
2172 1705 2345 1760 usque
2372 1690 2533 1747 hodie
2566 1691 2621 1746 in
2646 1691 2807 1748 domo
2837 1692 3085 1761 Domini,
3114 1709 3235 1765 qua:
3264 1694 3435 1750 inter-

1841 1789 2089 1853 pretatur
2105 1780 2370 1849 Ecclesia,
2387 1782 2502 1838 sive
2527 1783 2583 1837 in
2603 1783 2768 1839 corde
2788 1782 3075 1853 animaque
3095 1784 3434 1841 credentium

137 1860 357 1937 malum
385 1894 493 1934 non
518 1878 763 1935 fecerunt
785 1873 988 1942 ?.Quod
1028 1872 1107 1929 sic
1132 1870 1359 1928 solvitur
1398 1886 1411 1924 :
1455 1869 1547 1940 qui
1574 1868 1741 1924 habet
1765 1860 1816 1922 B
1842 1874 2061 1945 ponitur
2080 1874 2306 1942 idolum,
2327 1876 2544 1946 quando
2566 1891 2763 1931 novum
2787 1877 2978 1947 dogma
2994 1876 3363 1943 constituitur,
3380 1883 3438 1933 et

140 1973 401 2028 notitiam
430 1970 549 2036 Dei,
584 1976 641 2024 et
665 1966 869 2023 recedit
892 1965 960 2020 ab
988 1979 1075 2030 eo,
1100 1962 1246 2019 solus
1271 1968 1466 2033 peccat
1487 1961 1541 2015 in
1564 1958 1738 2015 oculis
1834 1964 1988 2034 juxta
2020 1966 2503 2023 Deuteronomium
2536 1969 2790 2023 adoratur
2822 1966 2879 2022 in
2911 1966 3227 2027 abscondito
3256 1966 3433 2040 (Deut.

137 2062 266 2119 Dei.
298 2060 401 2128 Qui
427 2075 557 2116 vero
595 2056 857 2113 increduli
886 2054 1308 2125 permanserint,
1332 2051 1487 2123 quasi
1515 2050 1609 2107 illo
1632 2064 1741 2105 non
1844 2054 1939 2126 tv)
1974 2073 1988 2110 :
2022 2074 2041 2107 ‹
2070 2055 2324 2123 Nescitis,
2355 2056 2554 2128 inquit,
2588 2058 2715 2127 quia
2752 2056 3010 2128 templum
3054 2056 3153 2113 Dei
3190 2058 3354 2127 estis,
3381 2066 3437 2116 et

134 2152 367 2209 vidente
391 2158 447 2207 et
472 2149 797 2221 negligente,
826 2146 1159 2215 delinquunt.
1204 2143 1359 2200 Unde
1386 2151 1443 2198 et
1463 2141 1635 2197 David
1658 2140 1745 2195 vir

135 2256 393 2310 sanctus,
442 2242 569 2315 quia
609 2246 889 2297 corruerat
932 2239 986 2293 in
1029 2243 1310 2307 peccatum
1365 2232 1553 2289 uxoris
1595 2230 1745 2288 Uria

135 2338 450 2394 Bethsabee
501 2347 666 2404 agens
690 2339 879 2401 postea
906 2327 1281 2399 paenitentiam
1340 2322 1425 2397 (ΙΙ
1462 2322 1588 2394 Reg.
1641 2320 1743 2393 xu)

136 2427 418 2499 loquitur:
441 2444 459 2476 ι
483 2423 602 2478 Tibi
632 2420 731 2476 soli
749 2419 987 2489 peccavi,
1016 2425 1072 2499 et
1101 2416 1301 2470 malum
1322 2428 1509 2469 coram
1538 2419 1591 2467 te
1615 2409 1743 2477 feci,

137 2518 200 2575 id
218 2494 323 2573 est
348 2516 401 2569 in
430 2519 722 2582 conspectu
746 2518 838 2565 tuo
862 2494 1105 2579 (Psal.°t.
1118 2511 1162 2574 }.
1190 2503 1434 2572 Denique
1454 2499 1700 2572 jungitur
1728 2514 1742 2551 :

146 2627 167 2660 ι
220 2605 324 2663 soli
366 2603 627 2660 facientes
678 2599 881 2655 malum
930 2598 984 2651 in
1021 2595 1193 2651 oculis
1222 2592 1380 2665 meis,
1429 2599 1485 2646 et
1526 2591 1582 2644 in
1612 2603 1745 2644 con-

140 2708 343 2772 spectu
365 2712 485 2753 meo
512 2696 581 2751 ab
604 2691 970 2749 adolescentia
998 2705 1118 2744 sua.
1140 2709 1160 2742 ι
1181 2688 1441 2757 Quodque
1465 2682 1744 2752 sequitur:

147 2808 168 2842 ι
204 2788 333 2845 Filii
353 2786 517 2843 Israel
537 2785 627 2855 qui
650 2799 822 2854 usque
840 2797 982 2837 nunc
1000 2776 1570 2838 exacerbabantmein
1585 2786 1749 2845 opere

143 2894 413 2937 manuum
460 2891 703 2940 suarum,
756 2872 889 2928 dicit
942 2871 1223 2937 Dominus,
1276 2888 1296 2923 ι
1346 2869 1401 2923 in
1441 2865 1587 2922 LXX
1641 2878 1751 2919 non

142 2972 407 3035 habetur,
424 2977 478 3024 et
499 2968 565 3023 de
588 2966 855 3022 llebraico
882 2963 1128 3019 additum
1164 2970 1267 3018 est.
1297 2959 1438 3028 Quia
1472 2967 1656 3013 autem
1681 2954 1751 3015 ab

142 3060 517 3119 adolescentia
551 3074 650 3114 sua
698 3071 869 3125 usque
904 3054 972 3109 ad
992 3061 1316 3124 praesentem
1364 3052 1506 3108 diem
1550 3047 1754 3119 jugiter

143 3146 497 3224 deliquerunt
530 3170 543 3205 :
574 3150 696 3206 ideo
719 3148 867 3220 justa
895 3145 1172 3203 sententia
1206 3144 1303 3200 Dei
1327 3152 1437 3210 est,
1469 3150 1527 3197 et
1550 3138 1751 3196 merito

146 3245 438 3317 Scriptura
478 3240 718 3298 contexit
754 3257 767 3294 :

232 3356 250 3388 ι
282 3335 342 3390 In
372 3333 556 3388 furore
584 3340 638 3385 et
664 3333 719 3385 in
754 3329 1121 3400 indignatione
1150 3341 1272 3382 mea
1310 3325 1455 3381 facta
1484 3331 1569 3379 est
1610 3322 1746 3378 mihi

154 3444 172 3476 ι
211 3424 408 3479 civitas
434 3423 572 3487 haec,
597 3435 627 3474 a
657 3420 745 3476 die
766 3433 871 3489 qua
893 3416 1301 3473 aedificaverunt
1321 3430 1441 3471 eam
1467 3428 1642 3484 usque
1676 3411 1746 3467 ad

154 3538 173 3570 ι
215 3516 362 3573 diem
391 3517 572 3578 istam,
610 3528 716 3583 qua
744 3509 1021 3566 auferetur
1048 3510 1114 3564 de
1155 3513 1446 3577 conspectu
1467 3520 1609 3560 meo.
1640 3524 1658 3556 ι
1687 3503 1747 3560 Si

148 3622 218 3661 ex
242 3621 310 3661 eo
336 3614 576 3673 tempore
599 3616 706 3670 quo
720 3599 956 3656 civitatis
976 3598 1123 3669 jacta
1146 3606 1272 3653 sunt
1294 3596 1643 3650 fundamenta
1666 3607 1751 3646 us-

149 3710 265 3766 que
294 3694 361 3748 ad
389 3695 530 3748 hanc
554 3691 717 3757 diem,
749 3689 965 3759 quando
994 3699 1153 3757 capta
1184 3695 1268 3743 est
1294 3694 1455 3755 atque
1486 3695 1747 3739 succensa

150 3797 214 3844 et
236 3786 451 3843 sublata
475 3786 543 3841 de
573 3793 866 3855 conspectu
890 3783 1107 3839 Domini
1134 3782 1251 3847 fuit,
1286 3794 1501 3851 semper
1528 3779 1585 3832 in
1614 3777 1746 3832 vitio

151 3887 212 3934 et
244 3877 614 3958 indignatione
648 3883 837 3931 contra
861 3889 920 3930 se
942 3875 1110 3929 Deum
1136 3870 1484 3944 provocavit,
1522 3867 1614 3923 ubi
1645 3874 1747 3934 est,

152 3974 220 4023 ut
240 3982 385 4037 saepe
409 3964 521 4034 jam
547 3965 807 4030 diximus,
830 3971 1178 4035 peccatorum
1205 3961 1395 4031 quies?

237 4076 255 4108 ι
290 4058 523 4126 Propter
554 4055 839 4122 malitiam,
870 4055 1065 4124 inquit,
1111 4054 1346 4108 filiorum
1372 4050 1558 4117 Israel,
1602 4057 1661 4106 et
1686 4047 1749 4105 fio

159 4168 180 4199 σ
223 4148 425 4203 liorum
462 4145 811 4215 Juda,quam
854 4144 1132 4209 fecerunt,
1178 4142 1247 4196 ad
1281 4142 1617 4197 iracundiam
1662 4153 1750 4195 me

160 4259 181 4290 ε
217 4245 598 4309 provocantes,
640 4236 741 4306 ipsi
794 4246 849 4291 et
890 4251 1047 4306 reges
1092 4250 1318 4300 eorum,
1372 4245 1427 4288 et
1476 4233 1753 4303 principes

160 4352 180 4383 ι
222 4345 437 4394 eorum,
469 4337 525 4383 et
546 4330 856 4383 sacerdotes
878 4343 1098 4393 eorum,
1137 4336 1191 4382 et
1217 4328 1494 4397 propheta:
1536 4340 1747 4390 eorum,
1810 4330 1815 4333 “

161 4418 189 4475 ό
223 4421 329 4476 viri
363 4419 499 4475 Juda
536 4428 592 4476 et
636 4419 971 4475 habitatores
997 4419 1317 4475 Jerusalem.
1349 4439 1368 4472 ι
1396 4419 1535 4486 Quia
1585 4433 1748 4489 supra

154 4512 379 4567 dixerat
406 4528 424 4562 ι
456 4511 511 4565 in
538 4510 723 4567 furore
764 4518 820 4565 et
847 4511 903 4565 in
931 4511 1299 4581 indignatione
1340 4526 1461 4566 mea
1494 4511 1635 4567 facta
1669 4517 1753 4565 est

1844 2145 2067 2216 spiritus
2105 2144 2202 2203 Dei
2236 2146 2448 2202 habitat
2484 2147 2537 2202 in
2567 2147 2761 2203 vobis?
2796 2147 2905 2219 ›;(Ι
2936 2146 3057 2202 Cor.
3089 2146 3199 2220 ιιι.)

1919 2254 1938 2289 ι
1969 2227 2037 2291 Et
2063 2236 2468 2294 aediﬁcaverunt
2503 2238 2717 2296 excelsa
2759 2237 2907 2311 (sive
2935 2253 3060 2293 aras
3076 2250 3096 2310 )
3120 2237 3274 2306 Baal,
3314 2254 3436 2310 quae

1851 2349 1869 2382 ι
1902 2337 2030 2385 sunt
2054 2329 2111 2383 in
2135 2327 2276 2385 valle
2307 2328 2403 2398 filii
2435 2330 2667 2397 Ennom,
2704 2336 2764 2383 ut
2798 2331 3080 2386 initiarent
3120 2329 3262 2387 ﬁlios
3308 2345 3436 2387 suos

1852 2436 1871 2469 ι
1904 2426 1957 2474 et
2004 2418 2144 2474 filias
2192 2433 2319 2474 suas
2366 2418 2511 2476 idolo
2561 2419 2789 2476 Moloch.
2834 2440 2851 2473 ι
2900 2420 3009 2476 P.ro
3052 2420 3333 2477 initiarent
3381 2422 3437 2479 in

1848 2507 2113 2564 Hebraico
2133 2504 2397 2580 scriptum
2431 2518 2513 2565 est
2536 2518 2694 2577 'an,
2722 2511 2865 2580 quod
2879 2510 3075 2581 Aquila
3098 2520 3154 2567 et
3183 2511 3439 2585 Symma-

1849 2602 1983 2658 chus
2034 2601 2463 2671 rransducerent,
2514 2601 2657 2657 LXX
2716 2612 2771 2658 et
2806 2603 3144 2671 Theodotio,
3191 2606 3441 2675 a/ferren.

1851 2691 2190 2763 interpretati
2216 2699 2363 2747 sunt.
2403 2693 2477 2747 De
2496 2692 2637 2749 valle
2658 2692 2895 2749 ﬁliorum
2923 2695 3155 2763 Ennom,
3184 2712 3305 2767 quae
3335 2697 3442 2753 Hec

1849 2781 2032 2837 braice
2074 2782 2275 2837 dicitur
2306 2792 2472 2845 nam:
2511 2799 2673 2855 supra
2727 2784 2937 2854 plenius
2988 2784 3258 2854 diximus,
3301 2785 3443 2857 quod

1853 2874 2131 2945 subjaceat
2180 2873 2327 2931 Siloe
2368 2875 2637 2941 fontibus,
2690 2886 2744 2933 et
2796 2878 3111 2935 ammnitate
3152 2880 3271 2947 sui,
3320 2880 3447 2951 quia

1852 2966 2004 3023 locus
2028 2967 2266 3039 irriguus
2301 2976 2419 3033 est,
2457 2967 2712 3038 populum
2756 2968 2920 3025 Israel
2965 2972 3341 3041 provocaverit
3378 2971 3447 3028 ad

1855 3056 2146 3124 luxuriam,
2164 3072 2327 3128 quam
2348 3056 2615 3112 idolorum
2635 3057 2814 3114 cultus
2834 3059 3099 3129 sequitur.
3116 3059 3449 3119 Notandum-

1855 3163 1961 3218 que
2006 3149 2150 3218 quod
2186 3162 2296 3202 arae
2324 3156 2379 3204 et
2407 3147 2621 3204 excelsa
2658 3147 2927 3205 Hebraico
2975 3166 3226 3207 sermone
3273 3152 3449 3224 appel-

1852 3240 2033 3296 lentur
2052 3251 2207 3303 mm
2227 3282 2243 3310 ,
2270 3251 2491 3314 propter
2523 3258 2618 3299 eos
2642 3245 2732 3314 qui
2762 3245 2817 3300 in
2859 3244 3128 3302 Samuelis
3156 3254 3211 3302 et
3259 3247 3313 3303 in
3343 3247 3449 3304 Re-

1852 3347 1980 3403 gum
2020 3331 2295 3388 volumine
2324 3334 2456 3404 quid
2479 3334 2748 3404 significet
2770 3337 2874 3392 hoc
2911 3339 3136 3393 verbum
3164 3338 3437 3395 dubitant.

1852 3422 2061 3478 Moloch
2106 3422 2307 3479 idolum
2351 3423 2785 3482 Ammonitarnm
2829 3437 2944 3495 est,
2974 3430 3115 3500 quod
3157 3430 3211 3485 in
3257 3446 3439 3503 regem

1851 3516 2095 3570 vertitur.
2150 3516 2427 3586 Significat
2474 3526 2653 3574 autem
2698 3519 2980 3591 Scriptura
3038 3524 3240 3589 divina,
3297 3526 3443 3595 quod

1853 3620 1959 3659 non
1987 3606 2159 3661 solum
2182 3606 2311 3661 Baal
2340 3608 2502 3674 idolo,
2528 3610 2625 3664 sed
2654 3618 2709 3665 et
2735 3610 2945 3667 Moloch
2985 3614 3301 3684 cunctisque
3338 3614 3448 3673 «ιω-

1854 3685 2181 3753 monibus'in
2226 3698 2344 3769 ipso
2375 3699 2494 3763 loco
2521 3700 2749 3771 populus
2778 3703 3048 3759 servierit.

1930 3803 1950 3838 (
1986 3786 2140 3854 Quod
2190 3803 2297 3843 non
2351 3789 2603 3844 mandavi
2649 3789 2750 3856 eis,
2808 3806 2907 3849 nec
2956 3795 3201 3851 ascendit
3240 3797 3295 3852 in
3349 3815 3444 3858 cor

1860 3892 1878 3925 ι
1912 3890 2112 3941 meum,
2169 3884 2229 3930 ut
2278 3875 2519 3932 facerent
2576 3879 3036 3939 abominationem
3084 3886 3242 3952 hanc,
3293 3897 3347 3944 et
3386 3892 3440 3947 in

1860 3982 1879 4015 ‹
1908 3973 2191 4035 peccatum
2220 3967 2548 4022 deducerent
2575 3967 2789 4024 ludam.
2815 3990 2833 4024 ι
2865 3971 3089 4042 Proprie
3112 3976 3283 4032 tribus
3304 3976 3439 4037 Juda

1855 4066 1909 4113 et
1950 4058 2230 4129 Benjamin
2274 4060 2326 4113 in
2384 4059 2513 4115 fano
2548 4060 2727 4117 Baalis
2778 4072 2831 4117 et
2872 4064 3101 4132 Moloch,
3139 4068 3443 4128 daemonum

1855 4154 2143 4209 simulacra
2191 4155 2430 4208 venerati
2470 4163 2595 4210 sunt
2633 4156 2875 4212 :vitulos
2924 4167 3105 4214 autem
3146 4176 3339 4219 aureos
3386 4164 3441 4220 in

1854 4246 2042 4302 Bethel
2069 4255 2124 4299 et
2150 4246 2265 4300 Dan
2293 4246 2478 4302 decem
2506 4248 2698 4313 tribus,
2727 4264 2846 4317 qua:
2867 4249 3207 4320 appellantur
3250 4253 3439 4309 Samao

1855 4338 1935 4393 ria
1958 4326 2158 4407 Joseph
2195 4348 2250 4393 et
2292 4338 2571 4413 Eph-raim,
2628 4338 2860 4396 voluisse
2906 4343 3252 4412 perspicuum
3304 4354 3437 4403 est:

1854 4439 2173 4500 tantumque
2204 4428 2337 4484 mali
2362 4429 2486 4497 fuit,
2523 4431 2775 4501 quodque
2806 4448 2835 4487 a
2878 4433 3077 4504 populo
3115 4434 3322 4491 factum
3358 4444 3443 4493 est

1856 4528 1915 4575 ut
1939 4527 2169 4574 testetur
2209 4520 2353 4574 Deus
2380 4533 2440 4574 se
2472 4535 2747 4591 nunquam
2790 4522 3077 4591 cogitasse,
3116 4539 3216 4579 nec
3248 4540 3442 4581 ascen-

156 4602 299 4658 mihi
322 4602 510 4657 civitas
536 4602 655 4659 hzec
678 4617 711 4658 a
739 4601 825 4658 die
851 4616 957 4671 qua
980 4602 1385 4658 :edificaverunt
1409 4618 1555 4669 eam,
1578 4616 1751 4673 usque
1776 4580 1830 4641 D
1858 4610 2005 4665 disse
2049 4609 2103 4663 in
2134 4624 2229 4664 cor
2266 4624 2422 4663 suum
2468 4580 2687 4678 quaeilli
2724 4580 2921 4666 factuvri
2973 4610 3198 4669 fuerint.
3251 4610 3445 4671 Omnia

155 4695 233 4751 ad
259 4695 404 4751 diem
431 4678 620 4763 istam,
676 4710 781 4767 qua
813 4694 1092 4755 auferetur
1122 4696 1187 4750 de
1218 4705 1516 4766 conspectu
1544 4710 1688 4762 meo,
1722 4715 1742 4749 ι

157 4794 218 4844 et
255 4786 466 4841 nullum
503 4786 830 4857 generaliter
877 4786 1081 4855 absque
1121 4795 1343 4856 peccato
1388 4785 1555 4842 fuisse
1599 4802 1749 4842 mon-

154 4885 476 4937 straverat:
509 4893 652 4932 nunc
694 4893 791 4948 per
831 4887 1013 4947 partes
1052 4886 1356 4943 enumerat,
1403 4886 1458 4932 et
1494 4891 1667 4949 reges,
1698 4884 1754 4931 et

157 4972 461 5046 principes,
492 4982 547 5026 et
566 4973 899 5037 sacerdotes,
930 4979 988 5026 et
1012 4971 1304 5041 prophetas
1328 4986 1539 5036 eorum,
1572 4977 1627 5025 et
1644 4984 1752 5025 uno

160 5073 366 5123 cuncta
392 5076 641 5119 sermone
663 5062 1147 5133 comprehendens,
1177 5081 1193 5113 ι
1221 5062 1344 5127 viri,
1369 5061 1563 5131 inquit,
1588 5059 1750 5126 Juda,

159 5162 223 5211 et
259 5153 594 5210 habitatores
621 5152 938 5208 Jerusalem.
974 5174 993 5205 ι
1021 5151 1281 5219 Pulchre,
1310 5152 1435 5220 quia
1474 5167 1583 5206 non
1617 5152 1754 5206 dixit

163 5261 328 5317 reges
345 5246 453 5301 mei
471 5252 526 5301 et
543 5244 812 5316 principes
835 5244 960 5309 mei,
983 5252 1038 5298 et
1062 5244 1369 5300 sacerdotes
1392 5242 1523 5308 mei,
1547 5249 1602 5296 et
1626 5257 1753 5313 pro-

163 5340 348 5413 pheta)
363 5339 490 5403 mei,
512 5338 605 5393 sed
629 5337 754 5408 quia
777 5344 1137 5406 peccaverunt
1158 5350 1312 5408 reges
1343 5349 1553 5401 eorum,
1582 5341 1636 5390 et
1660 5349 1752 5391 sa-

166 5432 419 5489 cerdotes
444 5444 654 5494 eorum,
691 5437 747 5483 et
774 5429 1052 5498 prophetae
1077 5444 1284 5485 eorum.

247 5544 265 5574 ι
291 5522 357 5577 Et
384 5529 660 5575 verterunt
690 5520 757 5575 ad
795 5535 883 5575 me
911 5529 1080 5590 terga,
1118 5528 1169 5575 et
1198 5536 1305 5575 non
1334 5521 1555 5575 facies.»
1588 5520 1752 5575 Juxta

170 5612 305 5667 illud
326 5610 472 5681 quod
497 5610 625 5666 alibi
655 5610 914 5679 scriptum
957 5620 1041 5665 est
1069 5627 1082 5663 :
1113 5629 1131 5662 ς
1164 5611 1232 5665 Et
1259 5619 1539 5666 verterunt
1562 5619 1751 5666 contra

170 5721 261 5762 me
282 5703 558 5774 scapulam
587 5705 926 5759 recedentem
950 5702 1215 5775 (ΖαοΙιΝιι
1233 5704 1272 5774 ).
1299 5723 1315 5754 ι
1336 5702 1437 5769 Qui
1459 5704 1605 5759 enim
1633 5718 1751 5773 pre-

174 5808 353 5868 catur,
387 5798 645 5859 inclinata
681 5798 894 5855 cervice
921 5798 977 5853 in
1003 5806 1207 5853 terram
1238 5812 1441 5871 pronus
1472 5796 1748 5865 funditur;

1858 4708 2041 4756 autem
2068 4700 2185 4755 hzec
2214 4700 2643 4772 ἀνθρωποπάθως.

1932 4810 1951 4842 ι
1990 4790 2058 4845 Et
2089 4806 2232 4846 nunc
2260 4798 2480 4859 propter
2515 4790 2649 4856 ista;
2676 4792 2794 4849 haec
2837 4793 2970 4849 dicit
3012 4794 3273 4851 Dominus
3304 4796 3448 4853 Deus

1865 4903 1883 4936 ‹
1921 4883 2087 4940 Israel
2140 4884 2208 4938 ad
2257 4882 2532 4939 civitatem
2586 4886 2745 4951 hanc,
2799 4887 2868 4941 de
2917 4902 3025 4957 qua
3072 4903 3169 4943 vos
3221 4889 3442 4948 dicitis:

1864 4994 1882 5027 ί
1916 4974 2060 5043 quod
2089 4974 2335 5028 tradatur
2361 4972 2415 5028 in
2446 4989 2639 5029 manus
2662 4975 2805 5047 regis
2832 4975 3221 5047 Bahylonis,.in
3247 4979 3445 5051 gladio,

1867 5086 1885 5119 ί
1928 5067 1980 5120 in
2020 5066 2183 5131 fame,
2221 5074 2278 5121 et
2311 5075 2482 5136 peste.
2516 5084 2535 5116 ι
2584 5066 2736 5121 Sicut
2776 5070 3119 5138 sperantibus
3164 5071 3440 5140 auxilium,

1860 5166 1914 5211 et
1967 5157 2023 5211 in
2071 5172 2351 5212 murorum
2413 5155 2669 5213 ﬁrmitate
2726 5158 3018 5214 ﬁdentibu's
3070 5163 3442 5232 prophetatur,

1860 5248 2003 5319 quod
2040 5247 2403 5303 subvertenda
2426 5248 2497 5303 sit
2515 5246 2836 5315 Jerusalem,
2864 5258 2919 5306 et
2945 5253 3175 5322 populus
3193 5254 3447 5325 jamjam-

1860 5353 1965 5410 que
1991 5337 2307 5407 capiendus,
2336 5346 2391 5393 et
2411 5344 2537 5391 ante
2563 5338 2953 5407 captivitatem,
2978 5341 3174 5412 gladio,
3198 5351 3253 5397 et
3278 5341 3438 5411 fame,

1859 5440 1914 5487 et
1949 5439 2101 5501 peste
2150 5431 2471 5501 periturus:
2506 5429 2586 5484 sic
2630 5430 3074 5501 deSperantibus,
3124 5444 3178 5489 et
3225 5444 3444 5506 propter

1858 5520 2265 5575 subversionem
2299 5518 2447 5573 urbis
2483 5518 2685 5572 nullam
2718 5520 2949 5575 salutem
2978 5526 3443 5594 exspectantibus,

1859 5629 2015 5670 suum
2054 5612 2313 5668 auxilium
2354 5611 2678 5682 pollicetur:
2710 5622 2769 5667 ut
2816 5621 2873 5668 et
2922 5616 3247 5673 confidentia
3280 5627 3443 5689 atque

1858 5706 2109 5777 superbia
2156 5705 2363 5775 justam
2411 5704 2757 5769 sententiam,
2815 5715 2869 5761 et
2926 5709 3231 5778 desperatio
3279 5717 3443 5790 atque

1856 5798 2131 5855 humilitas
2170 5798 2263 5854 Dei
2290 5806 2564 5853 mereatur
2594 5796 2870 5852 auxilium.
