3926 6342
478 378 615 438 1059

1126 368 1191 431 Β.
1230 371 1486 433 RABANI
1520 374 1742 433 MAURI
1776 373 2097 432 ARCHIEP.
2138 373 2451 431 MOGUNT.
2491 374 2779 431 OPERUM
2836 375 3019 433 PARS
3055 375 3142 433 Ill.

3642 369 3781 427 1000

550 516 569 548 ι
606 494 749 551 Ecce
801 491 1146 565 congregabo
1195 507 1289 547 eos
1333 492 1399 546 de
1442 490 1713 546 universis
1763 488 1944 553 terris,
1998 487 2067 543 ad
2094 489 2554 550 Anecessitatem
2598 504 2699 544 nos
2744 487 2812 542 ad
2853 487 3045 543 salutis
3075 486 3299 543 attrahit
3341 490 3512 552 viam,
3551 496 3607 543 ct
3651 499 3781 555 per-

483 601 501 639 (
536 602 670 657 quas
692 584 825 657 cjeci
852 598 945 639 eos
974 583 1027 637 in
1064 581 1249 638 furore
1282 596 1423 645 meo,
1468 591 1523 637 et
1556 582 1611 636 in
1642 582 1722 635 ira
1760 594 1903 644 mea,
1936 587 1990 633 et
2015 578 2069 633 in

482 674 903 745 «indignatione
948 670 1179 743 grandi,
1230 678 1285 724 et
1326 669 1583 724 reducam
1639 683 1732 724 eos
1781 668 1849 723 ad
1892 667 2073 722 locum

480 768 715 833 «istum,
768 774 823 821 et
896 765 1145 820 habitare
1208 779 1303 819 eos
1356 763 1554 818 faciam
1603 762 1960 827 conﬁdenter,
2019 770 2076 816 et

481 874 499 909 ι
533 869 695 913 erunt
725 856 857 912 mihi
890 856 944 911 in
984 854 1241 926 p0pulum
1268 895 1283 920 ,
1326 861 1382 909 et
1411 870 1511 925 ego
1542 869 1638 909 ero
1668 853 1748 907 eis
1777 852 1829 907 in
1879 853 2070 909 Deum.

481 967 499 1002 ι
535 950 604 1005 Ει
636 950 777 1005 dabo
801 949 881 1004 eis
904 964 1000 1004 cor
1026 962 1213 1013 unum,
1258 957 1312 1002 et
1351 947 1497 1000 viam
1540 960 1726 1009 unam,
1770 953 1830 997 ut
1852 944 2077 998 timeant

480 1063 499 1098 ι
536 1061 624 1101 me
662 1046 932 1101 universis
975 1044 1181 1105 diebus,
1231 1049 1285 1097 et
1330 1042 1466 1096 bene
1496 1040 1569 1095 sit
1595 1040 1705 1104 eis,
1747 1047 1802 1093 et
1830 1036 1957 1092 ﬁliis
1986 1050 2076 1091 eo-

481 1154 500 1189 ί
530 1152 654 1191 rum
676 1144 799 1207 post
826 1150 953 1200 eos;
984 1144 1039 1189 et
1074 1133 1265 1188 feriam
1294 1131 1373 1185 eis
1403 1139 1622 1199 pactum
1657 1128 2073 1208 sempiternum,

482 1247 501 1281 ‹
536 1230 650 1285 sive
681 1229 966 1298 disponam
996 1234 1381 1281 testamentum
1421 1231 1710 1287 aeternum,
1757 1230 1813 1276 et
1847 1236 1953 1276 non
1984 1220 2077 1275 de—

483 1340 503 1375 ι
536 1322 711 1378 sinam
735 1322 815 1376 eis
860 1321 1207 1384 benefacere,
1243 1328 1299 1373 et
1336 1319 1584 1373 timorem
1617 1330 1796 1371 meum
1836 1314 1977 1369 dabo
2020 1313 2076 1367 in

484 1431 504 1467 ι
536 1414 699 1470 corde
729 1427 917 1468 eorum
941 1453 953 1475 ,
1008 1419 1067 1467 ut
1097 1427 1203 1466 non
1244 1401 1501 1465 recedant
1548 1425 1578 1463 a
1610 1422 1726 1473 me;
1767 1416 1820 1462 et
1849 1406 2077 1461 laetabor

484 1525 502 1559 ι
541 1521 704 1577 super
728 1506 832 1571 eis,
858 1520 982 1560 cum
1011 1504 1150 1559 bene
1179 1504 1257 1558 eis
1295 1500 1496 1565 fecero,
1527 1508 1583 1555 et
1616 1499 1877 1570 plantabo
1900 1512 1995 1553 eos
2020 1498 2075 1552 in

483 1619 502 1652 ι
538 1606 686 1655 terra
719 1598 823 1653 ista
866 1598 921 1651 in
959 1596 1347 1666 veritate(sive
1387 1594 1443 1648 in
1483 1592 1651 1660 ﬁde),
1681 1592 1733 1646 in
1774 1600 1885 1645 toto
1913 1590 2078 1644 corde

483 1710 501 1744 ι
536 1705 679 1755 meo,
723 1698 779 1744 et
810 1690 861 1743 in
907 1697 1018 1743 tota
1064 1690 1246 1742 anima
1281 1700 1421 1741 mea.
1456 1705 1474 1737 ι
1527 1684 1679 1739 Multi
1728 1683 1831 1738 hoc
1884 1688 2079 1753 putant

478 1791 721 1853 tempore
764 1780 1066 1837 Zorobabel
1100 1780 1196 1834 ﬁlii
1231 1779 1495 1835 Salathiel
1531 1785 1585 1833 et
1622 1777 1747 1833 Jesu
1795 1775 1891 1830 ﬁlii
1918 1774 2073 1830 lose-

2175 586 2467 641 factionem
2500 583 2761 638 virtutum
2795 583 2862 636 ab
2891 582 3080 637 eodem
3127 581 3380 636 similiter
3429 578 3733 635 condonari
3766 596 3777 629 :

2174 685 2420 734 nostrum
2464 689 2595 729 vero
2629 673 2732 728 hoc
2765 688 2905 739 esse,
2950 680 3011 727 ut
3041 672 3109 726 ad
3155 672 3591 726 exhortationem
3625 668 3785 723 auxi-

2174 770 2415 838 liumque
2436 766 2532 821 Del
2556 764 2642 819 vel
2665 764 2947 819 remissius
2974 764 3059 817 vel
3078 763 3294 817 enixius
3313 776 3711 831 exsequamur,
3732 768 3785 813 et

2175 877 2274 933 pro
2305 861 2407 917 hoc
2449 874 2550 914 nos
2589 857 2671 913 vel
2722 856 3238 921 remunerationem,
3277 854 3363 909 vel
3396 853 3663 924 supplicia
3700 850 3785 905 di-

2176 954 2436 1027 gnissima
2473 951 2801 1023 promereri.
2842 948 2861 1021 ]
2910 947 3222 1020 (Hierou.)
3265 946 3510 1017 Cumque
3544 946 3661 1010 eis,
3698 943 3783 997 in-

2178 1047 2315 1118 quit,
2355 1044 2678 1100 benefecero
2710 1042 2951 1097 laetabor.
2985 1039 3199 1095 Gaudet
3236 1040 3437 1109 quippe
3474 1038 3599 1106 quia
3634 1034 3786 1089 videt

2180 1148 2489 1197 creaturam
2514 1152 2667 1193 suam
2696 1136 2983 1191 salvatam.
3017 1132 3169 1188 Unde
3208 1141 3261 1186 et
3283 1132 3545 1203 gaudium
3560 1128 3787 1200 angelo-

2179 1249 2299 1289 rum
2328 1240 2411 1289 est
2443 1234 2496 1286 in
2526 1230 2708 1286 cordis
2737 1243 2900 1298 super
2923 1242 3031 1281 uno
3059 1228 3347 1296 peccatore
3386 1231 3577 1292 agente
3604 1220 3787 1292 paeni-

2181 1326 2407 1380 tentiam
2443 1322 2595 1393 (Luc.
2626 1319 2739 1393 xv),
2775 1338 2793 1371 ς
2829 1319 2895 1373 Ει
2917 1317 3193 1389 plantabo,
3219 1314 3413 1384 inquit,
3438 1312 3605 1369 eosin
3637 1320 3784 1366 terra

2183 1416 2306 1477 ista,
2340 1414 2393 1467 in
2430 1412 2679 1477 veritate,
2719 1431 2738 1464 ›
2770 1410 2904 1476 sive,
2942 1418 3000 1463 ut
3030 1407 3173 1463 LXX
3220 1405 3641 1467 transtulerunt,
3678 1422 3697 1455 ί
3730 1402 3786 1456 in

2182 1508 2307 1572 nde,
2347 1525 2365 1558 ι
2405 1514 2465 1559 ut
2502 1505 2721 1575 proprie
2770 1502 3036 1574 significet
3083 1500 3341 1573 populum
3385 1499 3782 1560 Christianum,

2182 1598 2335 1666 cujus
2364 1597 2554 1667 religio
2578 1596 2712 1650 ﬁdes
2730 1604 2833 1649 est.
2865 1614 2882 1645 ι
2910 1593 2969 1647 In
3001 1600 3115 1648 toto
3143 1592 3308 1647 corde
3338 1604 3479 1656 meo,
3502 1598 3559 1644 et
3589 1588 3646 1642 in
3673 1596 3784 1641 tota

2182 1692 2363 1746 anima
2393 1706 2532 1745 mea.
2581 1709 2599 1740 ι
2630 1687 2689 1743 Si
2713 1688 2925 1743 Domini
2952 1687 3116 1741 verba
3140 1692 3266 1740 sunt
3297 1683 3618 1747 Salvatoris,
3637 1691 3784 1736 recte

2184 1797 2279 1837 cor
2305 1788 2360 1837 et
2389 1782 2569 1835 anima
2605 1778 2723 1848 ejus
2750 1778 3010 1841 creditur,
3056 1776 3148 1845 qui
3181 1776 3315 1831 dicit
3346 1776 3400 1829 in
3436 1774 3736 1845 Evangelia
3765 1789 3779 1825 :

476 1876 615 1932 dech
642 1876 941 1932 sacerdotis
964 1874 1171 1945 magni,
1202 1874 1418 1943 quando
1443 1873 1674 1942 Aggaaus
1692 1878 1748 1925 et
1778 1869 2075 1925 Zacharias
2107 1881 2151 1941 Β
2187 1893 2204 1924 ‹
2244 1870 2577 1927 Potestatem
2604 1869 2780 1926 habeo
2808 1867 3043 1940 ponendi
3072 1867 3315 1925 animam,
3356 1880 3557 1929 meam,
3594 1872 3649 1919 et
3692 1877 3784 1933 po-

476 1969 867 2040 prOphetarent
890 1967 992 2022 sub
1016 1966 1155 2021 Ezra
1182 1966 1465 2021 sacerdote
1487 1963 1833 2033 completum,
1860 1963 2077 2033 quando

477 2058 806 2115 aediﬁcatum
859 2067 944 2112 est
989 2057 1282 2126 templum,
1338 2065 1393 2109 et
1417 2056 1517 2110 sub
1546 2054 1767 2109 Neemia
1813 2052 2074 2108 exstructi

479 2148 622 2205 inuri
650 2164 749 2219 per
779 2148 1089 2213 circuitum,
1117 2154 1175 2200 ut
1196 2162 1333 2217 quos
1367 2154 1492 2200 ante
1521 2145 1758 2213 ejecerat
1795 2144 1849 2198 in
1892 2142 2078 2198 furore

477 2240 600 2297 etiu
622 2240 703 2294 ira
724 2248 781 2295 et
801 2240 855 2294 in
878 2239 1254 2314 indignatione
1280 2238 1474 2309 grandi
1494 2236 1561 2292 de
1583 2235 1906 2301 Jerusalem,
1943 2242 1998 2289 et
2022 2235 2078 2288 in

479 2338 595 2387 toto
623 2329 757 2385 urbe
789 2330 1153 2399 disperserat,
1195 2336 1383 2398 postea
1416 2328 1688 2392 reductos,
1722 2327 1969 2381 habitare
2000 2326 2080 2380 fe-

476 2424 614 2481 cerit
640 2423 977 2479 conﬁdenter
1020 2431 1077 2477 et
1125 2421 1293 2475 fuisse
1339 2435 1432 2474 cus
1472 2421 1523 2473 in
1566 2419 1822 2490 pOpulum
1868 2418 1986 2482 Dei,
2025 2426 2082 2472 et

476 2516 769 2572 Dominum
805 2513 971 2569 fuisse
1002 2515 1057 2567 in
1079 2512 1252 2567 Deum
1280 2512 1362 2567 eis
1387 2553 1400 2577 ,
1448 2519 1503 2565 et
1533 2518 1733 2565 caetera
1778 2525 1901 2580 qua:
1931 2507 2080 2563 Scri-

478 2616 639 2679 ptura
670 2606 931 2663 conte-xit.
970 2603 1078 2671 Sed
1106 2604 1378 2673 quomodo
1409 2604 1511 2657 hoc
1541 2602 1712 2671 possit
1741 2600 1820 2668 illi
1850 2600 2080 2670 tempori

476 2696 758 2768 ooaptari:
794 2714 812 2746 ι
844 2694 1091 2749 habitare
1117 2709 1212 2748 eos
1230 2692 1423 2747 faciam
1442 2692 1798 2755 conﬁdenter,
1816 2699 1871 2744 et
1886 2690 2077 2744 feriam

474 2784 561 2868 eis
583 2794 803 2856 pactum
830 2784 1224 2854 sempiternum
1271 2784 1410 2855 (sive
1451 2783 1734 2852 disponam
1774 2781 1878 2836 illis
1916 2789 2081 2836 testa-

476 2884 720 2933 mentum
754 2875 1063 2946 aeternum,)
1104 2895 1121 2928 ›
1150 2875 1368 2945 penitus
1414 2889 1520 2928 non
1547 2880 1728 2944 potest
1763 2873 2077 2943 approbari,

476 2970 677 3042 quippe
704 2984 839 3040 quos
868 2968 1127 3039 legimus,
1164 2975 1220 3022 et
1250 2981 1408 3021 sacra
1445 2975 1636 3021 narrat
1661 2966 1923 3030 historia,
1969 2980 2079 3019 non

477 3062 657 3119 solum
690 3077 721 3116 a
751 3062 947 3115 vicinis
984 3062 1268 3131 gentibus,
1320 3060 1413 3115 sed
1454 3075 1484 3113 a
1522 3059 1704 3113 Persis
1756 3074 1973 3129 quoque
2026 3068 2083 3114 et

478 3151 879 3217 Macedonibus,
913 3160 969 3207 et
990 3151 1285 3223 Aélgyptiis,
1310 3150 1680 3219 Romanisque
1703 3164 1846 3220 saepe
1870 3158 2076 3220 captos,

477 3254 533 3303 et
568 3248 676 3303 huc
720 3261 893 3317 usque
942 3245 1170 3301 servire.
1223 3243 1419 3299 Omnia
1470 3242 1635 3314 igitur
1672 3242 1741 3297 ad
1786 3243 2079 3297 adventum
2111 3220 2156 3283 (ἶ

479 3340 764 3397 referenda
793 3348 920 3395 sunt
954 3338 1291 3403 Salvatoris,
1325 3354 1446 3407 quae
1473 3345 1662 3392 nostro
1699 3346 1754 3391 et
1786 3336 1911 3391 ﬁdei
1943 3344 2079 3392 tem-

478 3447 610 3505 pore
636 3432 882 3487 videmus
909 3430 1141 3500 expleta,
1184 3438 1240 3485 et
1274 3429 1491 3495 electio,
1541 3429 1697 3500 juxta
1736 3428 2079 3499 Apostolum,

476 3524 833 3595 reliquiarum
878 3522 1025 3578 salva
1064 3520 1208 3575 facta
1241 3528 1346 3585 est,
1393 3528 1448 3574 et
1494 3519 1547 3573 in
1578 3517 1797 3574 Christo
1834 3518 2085 3573 habitant

480 3614 947 3679 conﬁdenter;,et
987 3613 1174 3667 datum
1233 3620 1316 3665 est
1358 3610 1438 3665 eis
1470 3624 1564 3664 cor
1598 3625 1788 3675 unum,
1832 3608 1987 3678 juxta
2020 3608 2085 3662 il-

481 3707 577 3762 lud
620 3706 763 3775 quod
810 3705 1072 3774 scriptum
1113 3713 1197 3759 est
1231 3721 1243 3757 :
1278 3722 1295 3753 ι
1337 3702 1694 3759 Multitudinis
1735 3710 1915 3755 autem
1959 3716 2082 3756 cre-

479 3796 724 3853 dentium
753 3802 871 3850 erat
899 3810 995 3849 cor
1031 3803 1087 3849 et
1120 3794 1301 3848 anima
1330 3810 1433 3847 una
1463 3794 1601 3862 (Act.
1630 3793 1737 3861 tv),
1770 3812 1787 3844 ι
1824 3800 1880 3846 et
1914 3791 2080 3856 viam,

481 3886 678 3957 inquit,
698 3902 885 3951 unam,
910 3886 1058 3940 illum
1078 3886 1171 3955 qui
1193 3884 1323 3940 dicit
1356 3899 1369 3938 :
1408 3904 1425 3935 ι
1458 3885 1569 3955 Ego
1592 3900 1711 3939 smn
1734 3884 1843 3948 via,
1861 3892 1919 3937 et
1946 3884 2077 3948 vita,

481 3992 538 4041 et
552 3982 959 4053 veritas(.loan.
987 3982 1131 4052 xw).
1157 4000 1174 4030 ι
1200 4000 1217 4032 ‹
1248 3979 1662 4037 Uttimeantme
1680 3977 1950 4032 universis
1964 3977 2079 4032 die-

478 4074 602 4129 bus.
635 4092 654 4124 »
695 4090 714 4122 ι
754 4070 1087 4139 Principium
1127 4070 1273 4123 enim
1328 4068 1608 4135 sapientiae
1652 4074 1738 4121 est
1773 4067 1936 4121 timor
1972 4066 2080 4120 Do-

480 4163 615 4220 mini
640 4161 823 4232 (Prov.
863 4158 963 4229 tx).
1000 4178 1017 4211 ›
1048 4156 1349 4222 Universis,
1381 4157 1475 4222 ait,
1508 4156 1717 4222 diebus,
1752 4157 1895 4225 quod
1922 4156 1967 4211 si
1994 4154 2088 4209 Ju-

480 4253 612 4310 daeis
636 4267 743 4306 non
764 4251 1043 4320 competit,
1070 4250 1135 4305 de
1152 4258 1338 4304 nostro
1359 4247 1557 4318 populo
1578 4247 1953 4317 accipiendum
1977 4255 2082 4313 est,

481 4345 571 4400 cui
591 4352 645 4399 et
664 4345 803 4399 bene
828 4342 951 4409 fuit,
975 4351 1029 4398 et
1054 4354 1161 4409 est,
1190 4343 1385 4406 eterit,
1417 4346 1524 4397 non
1542 4340 1717 4395 solum
1736 4342 1886 4409 ipsis,
1908 4341 2003 4395 sed
2029 4347 2085 4394 et

481 4434 609 4489 ﬁliis
649 4448 837 4491 eorum
869 4442 994 4503 post
1029 4448 1143 4488 eos.
1190 4432 1481 4486 Nobiscum
1520 4440 1703 4485 autem
1741 4438 1964 4499 pactum
1992 4446 2085 4500 pe-

480 4525 617 4597 pigit
643 4526 1056 4595 sempiternum,
1090 4538 1191 4578 nec
1231 4523 1444 4577 desinet
1472 4520 1627 4575 nobis
1660 4521 1802 4575 ultra
1839 4522 1978 4576 bene
2005 4520 2086 4574 fa-

480 4572 626 4673 cere.
674 4572 935 4685 ngdque
980 4614 1226 4685 sequitur
1254 4632 1267 4668 :
1294 4634 1311 4665 ‹
1348 4614 1414 4667 Et
1442 4614 1690 4670 timorem
1722 4626 1901 4666 meum
1942 4611 2083 4667 dabo
2108 4572 2163 4634 Β

480 4706 539 4762 in
589 4706 755 4761 corda
797 4720 1007 4769 eorum,
1051 4711 1110 4756 ut
1143 4718 1251 4757 non
1278 4701 1537 4756 recedant
1568 4716 1597 4753 a
1632 4716 1736 4766 me,
1782 4719 1799 4752 ι
1838 4700 1918 4754 sic
1946 4699 2081 4754 libe-

480 4813 603 4854 mm
634 4799 804 4854 donat
833 4795 1146 4860 arbitrium,
1178 4803 1239 4848 ut
1267 4803 1449 4847 tamen
1481 4795 1594 4862 ipse
1631 4794 1817 4857 timor,
1859 4791 1949 4860 qui
1989 4792 2082 4846 tri-

481 4890 686 4953 buitur,
711 4889 885 4959 gratia
916 4894 1235 4958 permaneat
1267 4885 1543 4955 largitoris
1573 4882 1633 4955 [ει
1662 4882 1914 4937 Ezechiel
1941 4898 2079 4953 quo-

484 4995 610 5051 que,
644 4979 719 5033 ait
752 4996 763 5032 :
803 4998 822 5029 ι
857 4977 923 5032 Et
954 4979 1094 5032 dabo
1135 4978 1216 5032 eis
1259 4992 1353 5032 cor
1380 4992 1566 5040 unum,
1610 4984 1665 5029 et
1693 4975 1943 5045 spiritum
1979 4989 2081 5027 no-

484 5087 610 5126 vum
640 5070 877 5125 tribuam
905 5070 960 5125 in
993 5069 1295 5123 visceribus
1340 5082 1527 5123 eorum
1560 5086 1571 5120 :
1612 5078 1665 5121 et
1696 5065 1940 5122 auferam
1986 5080 2081 5119 cor

483 5163 758 5235 lapideum
772 5162 849 5217 de
869 5177 1036 5217 came
1066 5176 1273 5226 eorum,
1310 5169 1364 5215 et
1399 5160 1539 5214 dabo
1561 5160 1641 5213 eis
1678 5174 1772 5214 cor
1798 5172 2076 5221 carneum,

484 5254 546 5310 in
578 5253 865 5323 przeceptis
906 5252 1042 5306 meis
1086 5252 1364 5306 ambulent
1399 5258 1453 5305 et
1488 5249 1692 5319 judicia
1734 5264 1851 5302 mea
1897 5256 2079 5302 custo-

488 5346 665 5411 diant,
710 5344 1021 5411 faciantque
1068 5356 1150 5404 ea,
1191 5350 1245 5395 et
1294 5342 1403 5396 sint
1441 5342 1572 5395 mihi
1626 5341 1677 5393 in
1716 5339 1990 5409 populum,
2024 5346 2079 5393 et

488 5450 591 5506 ego
621 5436 723 5490 sim
752 5435 832 5489 eis
853 5435 908 5491 in
940 5434 1108 5488 Deum
1139 5432 1155 5503 (
1180 5431 1372 5486 Ezech.
1400 5448 1563 5485 xxxvr
1586 5431 1625 5503 ).
1666 5450 1683 5481 ι
1720 5430 1927 5496 Quibus
1957 5445 2070 5483 ma-

489 5526 838 5582 nifestissime
879 5526 1237 5594 perdocemur
1263 5531 1317 5577 et
1344 5524 1557 5576 initium
1598 5522 1889 5575 voluntatis
1926 5522 2081 5575 bona:

493 5620 649 5673 nobis
690 5618 917 5672 Domino
953 5618 1249 5686 inspirante
1286 5617 1542 5681 concedi,
1588 5632 1709 5671 cum
1742 5623 1833 5668 aut
1860 5629 1957 5684 per
1999 5628 2078 5678 se,

492 5718 586 5763 aut
614 5725 711 5778 per
755 5709 1191 5762 exhortationem
1233 5708 1519 5778 cujuslibet
1557 5707 1813 5772 hominis,
1862 5714 1954 5759 aut
1983 5720 2081 5776 per

2184 1974 2439 2020 testatem
2480 1963 2657 2019 habeo
2692 1962 2892 2017 iterum
2926 1958 3175 2015 sumendi
3202 1958 3350 2013 illam
3396 1955 3599 2027 (Joan.
3634 1955 3723 2023 ι).
3759 1973 3777 2005 ι

2183 2057 2278 2113 Sin
2314 2065 2497 2111 autem
2547 2072 2614 2111 ex
2644 2068 2877 2125 persona
2914 2051 3009 2106 Dei
3039 2050 3220 2106 Patris
3245 2050 3562 2119 accipimus,
3595 2061 3785 2101 secun-

2182 2148 2312 2203 dum
2343 2149 2475 2203 illud
2508 2145 2916 2216 intelligendum
2938 2150 3023 2198 est
3048 2162 3060 2197 :
3090 2162 3109 2194 ι
3142 2141 3467 2196 Neomenias
3497 2150 3709 2195 vestras
3732 2146 3783 2193 et

2183 2240 2411 2294 sabbata
2436 2248 2490 2292 et
2517 2238 2632 2292 dies
2654 2236 2825 2291 festos
2848 2234 2965 2289 odit
2987 2232 3166 2287 anima
3194 2246 3315 2287 mea
3342 2231 3479 2303 (Ira.
3505 2232 3569 2302 ι).
3601 2250 3620 2282 ι

2260 2354 2277 2384 ε
2307 2333 2445 2401 Quia
2499 2332 2613 2386 hate
2654 2330 2786 2385 dicit
2836 2329 3095 2383 Dominus
3130 2345 3143 2380 :
3181 2325 3335 2381 Sicut
3378 2324 3576 2380 adduxi
3626 2337 3785 2393 super

2188 2446 2205 2477 ι
2235 2424 2491 2496 populum
2511 2438 2690 2478 meum
2721 2420 2888 2499 Israel
2919 2432 3078 2473 omne
3098 2417 3301 2471 malum
3329 2417 3433 2471 hoc
3460 2414 3688 2487 grande,
3709 2414 3785 2468 sic

2189 2536 2207 2570 ι
2245 2517 2511 2571 adducam
2544 2527 2708 2584 super
2744 2526 2838 2566 eos
2872 2525 3032 2565 omne
3058 2509 3257 2562 bonum
3288 2506 3433 2577 quod
3460 2520 3561 2575 ego
3598 2504 3785 2573 loquor

2191 2630 2209 2661 ι
2242 2609 2312 2663 ad
2331 2623 2449 2673 eos,
2474 2614 2530 2662 et
2561 2604 2987 2675 possidebuntur
3017 2600 3132 2669 agri
3157 2600 3209 2653 in
3244 2608 3388 2655 terra
3411 2598 3536 2663 ista,
3588 2598 3654 2653 de
3680 2611 3784 2666 qua

2191 2720 2208 2752 ι
2239 2716 2337 2757 vos
2366 2699 2569 2764 dicitis,
2609 2696 2751 2766 quod
2783 2696 2998 2749 deserta
3036 2693 3125 2757 sit,
3155 2706 3220 2746 eo
3252 2691 3396 2761 quod
3426 2706 3533 2745 non
3579 2703 3785 2744 reman-

2191 2812 2209 2843 ι
2240 2792 2375 2846 serit
2416 2791 2578 2845 homo
2627 2800 2681 2844 et
2731 2787 3071 2857 jumentum,
3120 2794 3176 2842 et
3223 2787 3346 2841 data
3403 2787 3474 2841 sit
3523 2788 3577 2840 in
3628 2799 3785 2840 manu

2192 2902 2211 2934 ι
2241 2882 2636 2938 Chaldzeorutn.
2670 2879 2798 2950 Agri
2821 2887 3072 2933 ementur
3091 2877 3321 2948 pecunia
3354 2918 3368 2937 ,
3397 2886 3452 2931 et
3483 2875 3786 2932 scribentur

2193 2992 2212 3026 ‹
2241 2976 2297 3028 in
2325 2974 2465 3029 libro
2485 3014 2497 3038 ,
2533 2978 2587 3027 et
2625 2972 2971 3041 imprimetur
3003 2970 3249 3041 signum,
3299 2979 3355 3023 et
3381 2970 3536 3024 testis
3569 2969 3785 3023 adhibe-

2194 3084 2211 3117 ι
2249 3065 2399 3120 bitur
2428 3064 2481 3118 in
2516 3073 2659 3118 terra
2690 3062 2993 3132 Benjamin,
3016 3062 3169 3132 etin
3197 3062 3424 3117 circuitu
3462 3060 3781 3125 Jerusalem,

2194 3175 2213 3209 ς
2245 3156 2302 3211 in
2327 3154 2637 3211 civitatibus
2683 3154 2840 3218 Juda,
2882 3162 2937 3209 et
2975 3156 3028 3207 in
3064 3154 3377 3211 civitatibus
3407 3154 3699 3218 montanis,
3730 3162 3783 3207 et

2194 3265 2215 3302 ι
2249 3249 2305 3304 in
2346 3245 2659 3304 civitatibus
2708 3248 3104 3317 campestribus
3144 3247 3283 3317 (sive
3324 3246 3605 3317 Sepbela),
3632 3253 3688 3300 et
3730 3246 3781 3300 in

2194 3360 2216 3396 α
2248 3342 2559 3397 civitatibus
2603 3340 2811 3411 Nageb,
2856 3342 2956 3396 hoc
2980 3348 3085 3407 cst,
3112 3356 3233 3410 quae
3259 3340 3326 3395 ad
3366 3351 3613 3395 austrum
3642 3348 3781 3403 sunt,

2194 3452 2214 3487 ‹
2247 3433 2374 3504 quia
2422 3441 2738 3487 convertam
2782 3430 3156 3499 captivitatem
3209 3446 3431 3496 eorum,
3490 3430 3568 3485 ait
3608 3430 3786 3486 Domi-

2196 3546 2218 3581 ι
2247 3543 2370 3582 nus.
2412 3546 2432 3580 ι
2461 3525 2585 3580 llaac
2600 3526 2755 3595 juxta
2797 3525 3033 3580 litteram
3054 3564 3069 3589 ,
3099 3523 3223 3579 licet
3250 3525 3304 3578 in
3337 3533 3466 3594 typo
3495 3538 3787 3593 praecesse-

2190 3621 2300 3675 rint
2365 3628 2486 3690 post
2538 3619 2772 3674 reditum
2840 3618 2908 3672 de
2946 3615 3241 3682 Chaldzeis,
3293 3616 3513 3686 quando
3550 3614 3617 3669 ad
3659 3614 3783 3685 Cyri

2190 3714 2335 3781 regis
2368 3711 2671 3780 imperium
2720 3724 2972 3764 reversus
3004 3717 3089 3763 est
3126 3707 3355 3778 populus
3395 3707 3449 3760 in
3497 3705 3779 3760 Judaeam:

2192 3811 2371 3854 tamen
2420 3798 2737 3868 spiritaliter
2766 3797 2819 3851 in
2860 3795 3076 3851 Christo
3114 3804 3169 3850 et
3211 3796 3263 3849 in
3302 3795 3575 3865 Apostolis
3606 3796 3782 3851 verius

2188 3893 2510 3963 pleniusque
2556 3890 2917 3960 complentur.
2966 3890 3116 3944 Tunc
3164 3897 3219 3943 et
3263 3888 3551 3953 homines,
3602 3895 3656 3941 et
3702 3883 3783 3953 iu-

2191 3991 2374 4036 menta
2428 3981 2641 4037 reducti
2678 3987 2804 4035 sunt
2844 3980 2901 4034 in
2945 3978 3249 4044 ecclesiam,
3291 3976 3447 4046 juxta
3484 3976 3613 4031 illud
3643 3975 3781 4046 quod

2188 4072 2450 4147 scriptum
2482 4080 2565 4125 est
2597 4085 2610 4124 :
2643 4090 2660 4121 ι
2692 4069 2955 4124 Homines
2991 4077 3045 4123 et
3082 4067 3330 4137 jumenta
3370 4066 3552 4122 salvos
3596 4064 3778 4130 facies,

2188 4162 2416 4234 Domine
2447 4162 2465 4233 (
2491 4160 2641 4215 Psal.
2693 4159 2894 4229 xxxv),
2932 4180 2950 4213 ι
3008 4158 3303 4215 rationales
3344 4159 3547 4229 quique
3572 4169 3627 4213 et
3655 4158 3781 4212 sim-

2188 4242 2373 4323 plices.
2393 4252 2545 4306 Tunc
2561 4251 2674 4322 agri
2692 4251 2859 4321 empti
2882 4250 3269 4319 suntpecunia,
3290 4249 3665 4305 utfaceremus
3684 4264 3781 4303 no-

2186 4342 2271 4397 bis
2295 4342 2500 4395 amicos
2526 4342 2591 4395 de
2616 4341 2801 4410 iniquo
2832 4355 3165 4413 mammona,
3187 4341 3278 4409 qui
3311 4356 3412 4396 nos
3442 4341 3703 4410 recipiant
3726 4341 3778 4394 in

2187 4443 2390 4489 aeterna
2432 4431 2801 4488 tabernacula.
2840 4432 2907 4485 Et
2956 4431 3143 4501 scripti
3190 4433 3244 4485 in
3294 4431 3457 4498 libro,
3505 4433 3648 4487 haud
3688 4434 3781 4487 du-

2188 4526 2374 4591 bium,
2424 4525 2552 4595 quin
2595 4524 2928 4590 viventium,
2986 4532 3040 4578 et
3088 4524 3412 4593 impressum
3453 4534 3537 4579 est
3572 4526 3777 4597 signum

2187 4610 2722 4682 vexilli‘Dominicze
2768 4613 2947 4669 crucis
2986 4620 3150 4683 atque
3208 4614 3471 4679 victoriae,
3521 4624 3577 4669 et
3617 4622 3776 4669 testes

2186 4703 2418 4759 adhibiti
2452 4712 2579 4758 sunt
2605 4711 2898 4773 martyres,
2931 4709 2987 4757 et
3017 4702 3194 4757 omnis
3221 4712 3534 4758 sanctorum
3563 4705 3771 4760 chorus.

2184 4794 2242 4848 In
2276 4804 2422 4849 terra
2467 4793 2771 4864 Benjamin,
2813 4793 2907 4849 ubi
2941 4802 3025 4848 est
3068 4793 3284 4848 Domini
3326 4793 3604 4860 fortitudo,
3644 4795 3772 4849 etin

2185 4886 2417 4941 circuitu
2441 4884 2761 4951 Jerusalem,
2788 4885 2881 4939 ubi
2910 4892 2995 4941 est
3016 4885 3153 4940 visio
3174 4886 3349 4956 pacis,
3376 4896 3432 4941 et
3470 4896 3671 4942 aeterna
3694 4899 3773 4939 se-

2188 4978 2420 5032 curitas.
2468 4978 2526 5032 In
2568 4977 2883 5032 civitatibus
2911 4976 3069 5043 Juda,
3114 4978 3168 5031 in
3208 4978 3405 5047 quibus
3448 4987 3532 5032 est
3576 4973 3768 5032 Christi

2189 5082 2317 5122 vera
2348 5066 2619 5122 confessio
2645 5108 2659 5132 ,
2703 5076 2758 5121 et
2787 5068 2843 5122 in
2883 5067 3196 5122 civitatibus
3242 5067 3539 5129 montanis,
3572 5067 3636 5120 de
3658 5064 3769 5135 qui.

2188 5158 2290 5213 bus
2331 5173 2438 5211 una
2469 5166 2571 5223 est,
2622 5158 2688 5213 de
2716 5170 2823 5227 qua
2870 5157 3068 5211 dicitur
3100 5173 3113 5210 :
3152 5174 3171 5206 ‹
3201 5155 3320 5211 Non
3369 5164 3547 5227 potest
3587 5157 3768 5210 civitas

2189 5250 2447 5305 abscondi
2477 5252 2529 5304 in
2560 5258 2744 5305 monte
2774 5250 2960 5319 ,posita
3012 5248 3243 5320 (Matth.
3267 5266 3302 5303 v
3324 5250 3376 5321 );
3415 5270 3435 5303 ι
3464 5258 3517 5305 et
3558 5249 3613 5303 in
3638 5249 3765 5304 civi-

2189 5341 2389 5394 tatibus
2449 5339 2883 5409 campestribus,
2944 5354 3067 5409 qua!
3114 5339 3381 5395 Hebra‘ice
3437 5340 3768 5409 appellantur

2185 5414 2366 5495 n‘mw,
2391 5440 2450 5485 ut
2485 5432 2549 5485 de
2589 5428 2869 5499 profundis
2916 5440 3080 5499 atque
3112 5429 3384 5500 depressis
3424 5444 3523 5499 per
3552 5446 3764 5501 campo-

2187 5537 2307 5575 rum
2338 5521 2698 5590 :equalitatem
2729 5522 2797 5574 ad
2842 5535 3052 5575 summa
3079 5520 3414 5591 gradiamur,
3457 5530 3511 5574 et
3550 5521 3601 5574 in
3646 5520 3768 5574 civi-

2189 5616 2391 5669 tatibus
2418 5631 2537 5684 quze
2568 5613 2635 5667 ad
2677 5624 2923 5668 austrum
2967 5622 3110 5679 sunt,
3159 5614 3303 5683 quod
3341 5612 3522 5684 Nageb
3551 5611 3766 5680 Septua-

2189 5706 2335 5776 ginta
2382 5704 2793 5770 transtulcrunt,
2831 5705 2922 5759 ubi
2963 5713 3045 5760 est
3085 5704 3361 5771 meridies,
3409 5714 3463 5759 et
3500 5703 3651 5773 plena
3682 5702 3763 5754 lux

570 5836 591 5861 ίι
615 5822 749 5887 QUI}
776 5822 930 5880 uncis
976 5823 1329 5887 includituus,
1364 5824 1461 5878 sub
1507 5822 1820 5890 Hieronymi
1851 5822 2090 5886 nomine,
2131 5822 2197 5877 de
2227 5838 2323 5875 suo
2350 5822 2497 5877 addit
2522 5822 2796 5877 Rabanus.
2823 5823 2960 5878 Enn
