3926 6394
201 451 329 506 1061

1073 433 1434 496 EXPOSITIO
1471 432 1695 490 SUPER
1732 430 2092 487 JEREMIAM.
2133 461 2202 471 --
2238 429 2365 485 LIB.
2405 429 2538 484 XIII.

1305 90 1776 100 ————,w_
1777 90 1846 96 Η
1877 91 1880 94 .
1887 91 1898 94 ..

3318 425 3455 486 1062

196 563 466 622 veritatis.
495 560 631 618 Cum
668 567 848 614 autem
885 559 1003 614 haec
1032 557 1212 612 omnia
1254 555 1392 610 facta
1423 552 1643 617 fuerint,
1675 553 1773 606 im-
1801 556 1848 614 Α
1882 569 1900 601 ι
1929 549 2243 605 Ascendens
2284 549 2338 602 in
2377 549 2539 602 altum
2560 588 2574 613 ,
2621 547 2883 616 captivam
2912 547 3065 601 duxit
3090 544 3454 615 captivitatem

195 656 433 730 plebitur
459 653 599 724 quod
631 653 894 722 scriptum
930 657 1056 705 est:
1092 668 1110 700 ι
1143 649 1463 705 Convertam
1495 646 1778 715 captivita-

197 755 309 804 tem
345 761 556 811 eorum,
606 744 680 798 ait
715 742 996 807 Dominus,
1027 760 1047 793 ι
1095 739 1162 796 de
1201 754 1308 810 quo
1352 738 1612 807 scriptum
1651 743 1775 790 est:

205 881 954 906 ﬂ

1884 639 2055 714 (Paul.
2083 640 2554 712 van).(Accepit,
2585 640 2719 704 sive,
2753 648 2812 693 ut
2832 638 3126 708 Apostolus
3156 637 3253 704 ait,
3288 633 3461 709 dedit)

1888 734 2027 791 dona
2051 733 2360 790 hominibus
2383 732 2608 804 (Ephes.
2640 749 2692 788 ιν
2723 733 2762 800 ).
2795 752 2813 785 ι

955 868 3466 899 ——-—————-—-——————————————-——-——-—-——-‘

1171 998 1471 1077 LIBER
1534 991 1977 1074 DECIMUS
2027 992 2499 1096 TERTIUS.

269 1289 328 1345 ln
355 1288 626 1361 prioribus
655 1302 784 1360 ergo
807 1285 1089 1343 duodecim
1112 1285 1282 1352 libris,
1313 1301 1376 1341 ea
1407 1301 1526 1355 quae
1559 1302 1588 1340 a
1619 1291 1777 1340 beato

199 1381 527 1452 Hieronymo
556 1381 610 1435 in
641 1379 1030 1450 expositionem
1059 1376 1307 1431 Jeremize
1349 1391 1516 1444 usque
1545 1375 1600 1430 in
1636 1376 1776 1429 hunc

197 1471 380 1528 locum
422 1473 564 1527 edita
601 1478 747 1536 sunt,
773 1483 871 1539 per
904 1467 1110 1538 singula
1152 1467 1269 1522 loca
1300 1467 1562 1537 disposui,
1604 1468 1776 1522 inter-

195 1578 408 1635 ponens
430 1572 484 1618 et
507 1562 735 1616 aliorum
767 1562 1046 1615 doctorum
1086 1559 1401 1623 sententias,
1439 1573 1574 1627 quas
1599 1558 1666 1613 de
1692 1572 1782 1613 eo-

197 1653 321 1706 tiem
355 1651 618 1720 Propheta
645 1649 1018 1720 protulerunt:
1045 1647 1375 1717 singulorum
1402 1647 1618 1702 nomina
1648 1648 1782 1702 cmi-

197 1759 304 1797 nus
349 1758 536 1798 eorum
578 1743 778 1812 scripta
829 1740 1131 1795 forinsecus
1175 1741 1455 1804 denotans.
1509 1749 1566 1794 ut
1615 1740 1782 1795 sciret

1884 1293 2064 1340 autem
2117 1285 2244 1340 dicit
2277 1303 2290 1340 :
2330 1305 2348 1338 ι
2385 1285 2568 1341 Clama
2615 1288 2682 1344 ad
2721 1302 2827 1354 me,
2861 1296 2917 1343 et
2967 1289 3251 1346 exaudiam
3293 1301 3369 1360 te,
3412 1301 3469 1352 et

1887 1377 2215 1432 annuntiabo
2266 1377 2362 1432 tibi
2412 1378 2670 1448 grandia,
2729 1387 2785 1434 et
2831 1379 2987 1435 ﬁrma
3034 1396 3154 1451 quae
3206 1384 3415 1452 nescis,
3444 1401 3466 1437 ι

1885 1467 2121 1522 ostendit
2168 1468 2310 1537 quod
2339 1483 2436 1537 per
2475 1469 2772 1523 orationem
2815 1472 3200 1541 prophetarum
3247 1483 3302 1530 et
3338 1491 3470 1532 san-

1889 1566 2123 1623 ctorum,
2168 1558 2259 1627 qui
2291 1557 2507 1612 fuerunt
2546 1558 2602 1613 in
2631 1559 2804 1629 plebe,
2843 1563 3099 1620 Dominus
3127 1566 3370 1636 placatus
3397 1568 3471 1624 sit

1887 1661 1987 1717 pro
2023 1647 2233 1702 delictis
2274 1649 2450 1718 populi
2486 1667 2499 1702 :
2531 1657 2584 1704 et
2616 1650 2937 1707 revelaverit
2983 1655 3063 1710 eis
3107 1658 3469 1714 reversionem

1890 1735 2034 1791 illius
2066 1739 2133 1792 ad
2164 1745 2364 1792 terram
2395 1754 2548 1794 suam
2583 1758 2595 1793 :
2627 1756 2746 1810 quae
2777 1752 2959 1799 tamen
2997 1748 3320 1803 reversionis
3353 1764 3473 1818 gra-

197 1833 370 1888 lector
393 1847 458 1885 ex
486 1831 725 1894 nomine,
756 1830 884 1900 quid
919 1829 1149 1899 quisque
1188 1830 1434 1893 senserit,
1471 1828 1782 1884 vel'dixerit
1811 1837 1858 1896 Β
1892 1828 1960 1882 tia
1989 1829 2165 1884 adhuc
2186 1828 2394 1884 occulta
2424 1829 2656 1896 latebat,
2706 1833 2830 1903 quia
2860 1835 3094 1890 nondum
3123 1837 3329 1906 prolata
3359 1838 3475 1894 fue-

196 1924 252 1977 in
279 1922 638 1988 expositione.
665 1919 930 1988 Deinceps
953 1934 1086 1974 vero
1114 1920 1239 1990 quia
1268 1917 1551 1974 memorati
1585 1925 1784 1972 tracta-

199 2015 336 2070 toris
357 2011 668 2081 Hieronymi
690 2009 1105 2080 expositionem,
1130 2009 1182 2063 in
1202 2017 1524 2077 praesentem
1551 2008 1784 2076 prophe-

195 2113 312 2159 tam
344 2118 610 2173 nusquam
642 2100 849 2170 reperi,
898 2099 1264 2153 necessarium
1303 2097 1583 2162 testimavi,
1623 2104 1685 2150 ut
1719 2096 1786 2150 ab

196 2192 429 2246 aliorum
478 2189 864 2260 prophetarum
912 2187 1337 2257 expositionibus
1393 2201 1782 2256 excerperem,

195 2297 321 2352 qua:
361 2282 475 2350 ipse
503 2281 568 2334 de
619 2281 720 2334 hoc
757 2278 1018 2348 propheta
1057 2275 1266 2330 videtur
1306 2289 1778 2330 commemorasse.

197 2371 342 2426 Sunt
375 2371 518 2424 enim
553 2369 781 2439 plurima
810 2368 927 2424 loca
969 2367 1022 2420 in
1059 2365 1316 2431 Jeremia,
1358 2382 1476 2435 qua:
1513 2365 1633 2420 aliis
1660 2381 1789 2435 pro-

195 2463 382 2534 phetis
407 2469 532 2517 sunt
576 2461 859 2516 concinna.
910 2456 1060 2512 Unde
1083 2459 1244 2512 etiam
1286 2459 1352 2514 de
1379 2458 1589 2512 illorum
1617 2473 1785 2526 expo-

199 2554 492 2610 sitionibus
517 2553 674 2608 istius
699 2566 888 2606 sensus
920 2564 1024 2604 nou
1047 2565 1212 2620 parva
1234 2565 1300 2604 ex
1335 2559 1487 2620 parte
1510 2548 1788 2616 explicau-

199 2657 312 2700 tur.
341 2645 408 2698 Et
435 2644 551 2699 hate
577 2657 664 2699 res
702 2641 830 2696 mihi
863 2655 1078 2712 quoque
1119 2640 1459 2694 occasionem
1494 2639 1699 2702 tribuit,
1733 2647 1792 2692 ut

196 2736 293 2789 ubi
343 2733 610 2803 majorum
652 2733 850 2801 scripta
887 2747 994 2786 non
1040 2731 1247 2800 reperi,
1293 2730 1552 2784 auderem
1600 2743 1785 2784 eorum

195 2841 401 2880 sensus
451 2825 730 2889 imitando,
783 2821 1018 2893 propriis
1070 2821 1406 2876 sermonibus
1444 2820 1789 2890 pmpheticas

199 2916 504 2971 sententias
532 2915 845 2985 explanare,
887 2930 992 2969 non
1028 2914 1166 2968 meis
1203 2914 1406 2969 viribus
1446 2922 1540 2967 aut
1563 2912 1787 2967 scientia

198 3003 504 3070 conﬁdens,
556 3004 651 3061 sed
694 3002 810 3072 ejus
848 3005 1036 3075 gratia:
1074 3011 1242 3057 totum
1291 3019 1378 3058 me
1421 3002 1788 3068 committens,

197 3095 294 3165 qui
318 3110 416 3164 per
436 3094 761 3164 Prophetam
778 3095 853 3148 ait
879 3108 894 3167 ξ
927 3113 943 3144 ε
972 3093 1165 3156 Invoca
1190 3108 1274 3147 me
1299 3094 1458 3149 indie
1479 3092 1756 3147 tribulatio
1773 3121 1787 3133 -

1892 1927 1996 1998 rat.
2030 1917 2087 1972 Si
2119 1927 2300 1973 autem
2331 1920 2453 1988 quis
2482 1923 2828 1988 quaerendum
2858 1934 3010 1994 putat
3043 1945 3055 1980 :
3089 1929 3358 1998 quomodo
3387 1919 3476 1984 hic

1893 1997 2154 2064 D’ominus
2191 2009 2259 2064 ad
2293 2012 2613 2080 prophetam
2657 2013 2802 2070 dicat
2834 2032 2847 2068 :
2877 2034 2897 2066 ‹
2933 2017 3115 2072 Clama
3163 2020 3229 2076 ad
3271 2036 3380 2087 me,
3421 2029 3477 2077 et

1895 2100 2178 2154 exaudiam
2211 2110 2283 2167 te,
2315 2121 2333 2153 ›
2366 2118 2488 2158 cum
2520 2118 2684 2175 supra
2713 2107 2781 2162 ad
2809 2124 2932 2165 eum
2959 2111 3156 2167 dixerit
3186 2128 3200 2167 :
3236 2132 3253 2164 ι
3277 2114 3353 2168 Tu
3380 2129 3475 2169 au-

1892 2195 2002 2244 tem
2026 2189 2134 2245 noli
2159 2205 2317 2271 orare
2347 2208 2444 2264 pro
2469 2194 2689 2264 pOpulo,
2730 2211 2830 2252 nec
2859 2213 3104 2256 assumas
3124 2219 3223 2272 pro
3256 2204 3337 2260 eis
3357 2203 3475 2258 lau-

1895 2282 2014 2336 dem
2056 2293 2112 2337 ct
2149 2284 2472 2350 orationem,
2513 2287 2639 2355 quia
2669 2302 2774 2342 non
2802 2290 3086 2345 exaudiam
3115 2301 3184 2354 te,
3213 2293 3344 2349 dicit
3371 2295 3476 2350 Do-

1895 2374 2073 2430 minus
2124 2390 2140 2430 :
2214 2396 2230 2428 ι
2292 2377 2504 2432 noverit
2567 2379 2710 2447 quod
2775 2379 3036 2439 Dominus
3107 2384 3479 2443 imminentem

1896 2469 2262 2538 captivitatem
2297 2469 2602 2525 Iudaeorum
2641 2481 2889 2529 avertere
2936 2475 3188 2543 noluerit,
3227 2479 3321 2534 sed
3361 2494 3477 2534 ma-

1897 2560 1980 2627 gis
2009 2561 2299 2614 secundum
2328 2563 2550 2617 verbum
2577 2579 2732 2618 suum
2764 2579 2883 2620 eam
2911 2569 3178 2637 complere
3203 2571 3474 2626 voluerit:

1895 2649 1991 2704 sed
2031 2666 2152 2705 cum
2186 2653 2391 2722 peccati
2422 2654 2503 2708 sui
2538 2655 2774 2711 debitam
2798 2671 3015 2727 poenam
3046 2661 3279 2729 primum
3308 2663 3483 2718 solve.

1899 2753 2042 2808 rent,
2067 2745 2406 2812 postmodum
2434 2747 2796 2801 reversionem
2821 2763 3008 2804 eorum
3037 2766 3144 2806 non
3185 2752 3480 2824 denegave-

1898 2834 1987 2902 rit,
2018 2843 2180 2904 quam‘
2206 2837 2365 2891 modo
2400 2839 2666 2907 promittit
2695 2853 2752 2894 se
2776 2841 3188 2910 completurum.

1977 2944 1994 2974 ε
2025 2925 2160 2991 Quia
2189 2927 2302 2982 haec
2331 2928 2462 2983 dicit
2487 2929 2744 2985 Dominus
2784 2931 2924 2986 Deus
2947 2931 3141 2998 Israel,
3185 2935 3250 2990 ad
3288 2935 3482 2993 domus

1904 3015 2101 3073 turbis
2128 3016 2318 3087 hujus,
2361 3018 2428 3073 ad
2468 3018 2654 3074 domos
2682 3020 2826 3089 regis
2857 3019 2992 3076 Juda
3023 3012 3158 3092 quae
3188 3010 3479 3082 destructa:

1903 3115 2107 3172 «sunt,
2161 3118 2217 3162 et
2265 3109 2335 3163 ad
2368 3109 2713 3176 munitiones,
2762 3120 2816 3165 et
2861 3112 2929 3167 ad
2977 3113 3212 3184 gladium
3262 3117 3481 3174 venien-

199 3186 441 3278 Qisglumy
469 3185 851 3278 el'iPl3m_te_el
873 3183 1244 3278 Ψεϐηίδολδίε
1271 3183 1559 3278 “1°(P80‘;_
1577 3183 1750 3278 XLI}?-
1785 3196 1804 3229 ³
1841 3188 1884 3249 C
1921 3215 1940 3249 ι
1979 3197 2130 3262 tium,
2159 3205 2220 3253 ut
2257 3199 2514 3255 dimicent
2553 3217 2676 3256 cum
2703 3183 2997 3270 Chaldaeis,
3026 3213 3079 3260 et
3104 3207 3361 3278 impleant
3386 3229 3481 3271 eas

201 3277 275 3330 Et
304 3276 434 3329 item
458 3292 471 3328 :
512 3293 530 3325 ε
560 3274 742 3344 Aperi,
772 3273 966 3344 inquit,
991 3288 1052 3329 os
1075 3281 1250 3348 tuum,
1272 3283 1330 3328 et
1349 3288 1448 3344 ego
1477 3274 1780 3343 adimplebo

201 3366 336 3421 illud
369 3364 544 3435 (Psal.
574 3363 758 3435 Lxxx).
797 3384 815 3415 ›
849 3364 950 3431 Qui
985 3364 1147 3419 etiam
1173 3365 1263 3419 dat
1286 3365 1532 3419 ﬁdelibus
1553 3365 1786 3419 oratori-

202 3465 308 3512 bus
342 3456 456 3510 suis
500 3455 820 3525 sapientiam
868 3439 1172 3520 affluenter,
1205 3462 1260 3510 et
1289 3470 1394 3508 non
1431 3455 1783 3524 improperat,

204 3556 267 3601 ut
288 3545 548 3616 quidquid
592 3545 693 3598 rite
719 3543 986 3613 prolatum
1030 3542 1212 3608 fuerit,
1259 3542 1326 3597 ad
1370 3543 1628 3597 honorem
1671 3539 1788 3609 ejus

205 3646 378 3692 totum
409 3636 670 3691 redundet
697 3644 751 3689 et
783 3635 1016 3690 laudem.
1050 3636 1107 3690 Si
1143 3649 1248 3704 qua
1269 3649 1400 3689 vero
1423 3635 1601 3687 minus
1629 3643 1786 3688 caute

204 3738 265 3784 et
288 3729 712 3797 incompetenter
735 3735 1052 3790 sonuerunt,
1085 3725 1227 3780 illius
1249 3724 1645 3779 examinatione
1669 3739 1791 3792 pur-

205 3827 407 3890 gentur
444 3817 535 3886 qui
574 3817 861 3885 quondam‘
884 3815 1091 3870 calculo
1127 3830 1192 3868 ex
1231 3815 1350 3883 igne
1378 3829 1473 3884 per
1500 3812 1790 3868 Cherubim

207 3916 490 3978 assumpto
533 3908 784 3977 purgavit
827 3905 964 3959 labia
1016 3905 1308 3973 pr0phetaa.
1365 3903 1442 3958 De
1490 3903 1616 3957 hinc
1664 3918 1792 3957 vero

207 3999 619 4055 consideremus
652 3996 778 4065 quid
807 3995 858 4049 in
885 3994 1150 4063 Propheta
1199 4000 1455 4058 sequatur

749 4106 976 4163 CAPUT
1027 4104 1263 4162 XXXIII.

210 4222 294 4276 De
342 4223 726 4275 conversatione
775 4219 932 4273 Juda’
981 4227 1026 4270 et
1078 4216 1421 4286 Jerusalem;
1455 4225 1517 4286 et
1543 4216 1608 4270 de
1641 4232 1795 4286 grege

284 4300 585 4344 transeunte
632 4290 699 4342 ad
746 4305 958 4342 manum
998 4287 1359 4340 numerantis:
1389 4285 1452 4339 de
1479 4283 1674 4340 Chriin
1714 4283 1796 4338 re-

283 4377 390 4430 gno
423 4371 469 4413 et
494 4360 783 4413 sacerdotio
812 4368 1074 4428 perpetuo.

291 4489 310 4521 ‹
349 4471 416 4524 Ει
445 4469 644 4524 factum
677 4478 760 4523 est
795 4468 1018 4522 verbum
1049 4464 1259 4520 Domini
1295 4466 1360 4520 ad
1391 4464 1678 4521 Jcremiam
1710 4481 1793 4520 se-

1913 3306 1931 3338 c
1966 3288 2314 3344 cadaveribus
2357 3291 2669 3358 hominum,
2723 3308 2857 3362 quos
2904 3299 3150 3364 percussi
3198 3300 3252 3354 in
3296 3301 3480 3363 furore

1910 3393 1930 3426 ε
1968 3393 2092 3432 meo
2121 3389 2176 3433 et
2222 3380 2275 3432 in
2314 3380 2686 3451 indignatione
2725 3381 2841 3437 mea
2875 3403 2887 3437 :
2921 3387 3176 3444 abscondi
3207 3393 3350 3448 enim
3393 3395 3471 3450 fa-

1908 3487 1926 3519 ι
1963 3468 2100 3523 ciem
2130 3483 2304 3524 meam
2341 3486 2370 3524 a
2411 3472 2628 3527 civitate
2668 3474 2771 3530 hac
2812 3485 3279 3558 propterlomnem
3319 3487 3475 3542 mali-

1906 3576 1924 3609 t
1957 3558 2086 3613 tiam
2121 3573 2331 3615 eorum.
2378 3561 2524 3628 Ecce,
2561 3577 2661 3633 ego
2703 3563 2965 3620 obducem
2994 3569 3042 3622 ei
3085 3571 3394 3629 cicatricem
3423 3586 3480 3630 et

1904 3666 1922 3698 ι
1967 3650 2270 3714 sanitatem,
2324 3659 2376 3704 et
2416 3651 2616 3705 curabo
2658 3667 2771 3717 eos,
2801 3662 2855 3706 et
2893 3656 3142 3712 revelabo
3169 3659 3255 3713 eis
3287 3661 3478 3732 depre-

1905 3754 1924 3788 ο
1957 3738 2222 3793 cationem
2247 3740 2397 3808 pacis
2427 3747 2480 3794 et
2508 3741 2773 3806 veritatis,
2812 3751 2866 3797 et
2895 3752 3206 3807 convertam
3252 3763 3476 3806 conver-

1905 3845 1922 3879 t
1955 3827 2158 3882 sionem
2193 3828 2350 3895 Juda,
2377 3839 2432 3884 et
2459 3831 2866 3886 conversionem
2895 3831 3195 3891 Jerusalem
3219 3856 3232 3891 :
3263 3847 3318 3894 et
3347 3840 3476 3896 aedi-

1904 3937 1922 3969 ‹
1959 3918 2132 3974 ﬁcabo
2160 3934 2255 3974 eos
2296 3921 2434 3974 sicut
2460 3936 2488 3974 a
2515 3921 2778 3991 principio
2797 3963 2811 3988 ,
2841 3931 2895 3976 et
2933 3909 3232 3981 eninndabo
3261 3928 3380 3984 illos
3406 3931 3476 3986 ab

1903 4026 1922 4058 ι
1949 4008 2095 4062 omni
2148 4009 2430 4078 iniquitate
2461 4025 2580 4076 sua,
2610 4012 2664 4064 in
2702 4027 2805 4084 qua
2842 4025 3202 4082 peccaverunt
3239 4019 3392 4086 mihi,
3420 4029 3476 4074 et

1902 4114 1923 4147 ς
1957 4098 2221 4166 propitius
2249 4112 2343 4152 ero
2374 4100 2582 4154 cunctis
2611 4100 2979 4169 iniquitatibus
3009 4119 3196 4160 eorum
3217 4146 3231 4172 ,
3274 4108 3328 4162 in
3356 4109 3474 4178 qui-

1903 4207 1922 4240 ι
1948 4188 2054 4244 bus
2080 4189 2420 4259 deliquerunt
2461 4191 2590 4245 mihi
2634 4199 2687 4246 et
2734 4203 3054 4262 spreverunt
3094 4211 3224 4251 me:
3259 4198 3327 4252 Et
3369 4201 3475 4254 erit

1903 4297 1920 4329 ι
1953 4279 2084 4333 mihi
2120 4280 2172 4333 in
2204 4296 2418 4344 nomen,
2451 4290 2503 4335 et
2532 4281 2585 4334 in
2613 4281 2882 4351 gaudium,
2910 4290 2963 4338 et
2993 4285 3046 4337 in
3076 4285 3312 4352 laudem,
3338 4294 3391 4342 et
3418 4288 3472 4342 in

1902 4387 1920 4421 ι
1959 4370 2373 4424 exsultationem
2414 4372 2620 4425 cunctis
2663 4374 2912 4443 gentibus
2934 4382 3109 4440 teme,
3138 4391 3258 4445 quae
3291 4376 3473 4432 audie-

1901 4478 1919 4510 (
1957 4459 2064 4512 rint
2106 4460 2285 4514 omnia
2317 4461 2456 4514 bona
2488 4477 2606 4530 qua:
2640 4460 2878 4518 facturus
2911 4479 3031 4518 sum
3072 4466 3184 4530 eis,
3217 4475 3272 4522 et
3313 4483 3476 4538 pave-

218 4580 236 4613 ι
273 4559 474 4624 eundo,
512 4574 630 4612 cum
675 4557 852 4612 adhuc
882 4556 1096 4611 clausus
1120 4565 1264 4611 esset,
1289 4557 1342 4610 in
1369 4556 1506 4610 atrio
1536 4557 1788 4620 carceris,
1817 4532 1871 4592 Ι)
1902 4566 1921 4598 t
1955 4548 2087 4602 bunt
2111 4558 2164 4602 et
2190 4549 2550 4604 turbabuntur
2576 4552 2633 4604 in.
2660 4552 2925 4607 universis
2954 4555 3128 4619 bonis,
3161 4563 3216 4609 et
3242 4556 3298 4609 in
3323 4559 3469 4612 onmi

217 4669 238 4703 ι
273 4651 463 4705 dicens
501 4669 512 4702 :
558 4648 681 4703 Ilaec
728 4648 858 4702 dicit
907 4647 1164 4700 Dominus
1207 4647 1296 4715 qui
1337 4645 1576 4701 facturus
1611 4656 1696 4700 est
1741 4657 1796 4702 et

215 4761 237 4794 ε
283 4741 616 4794 fonnaturus
663 4737 828 4801 illud,
859 4746 915 4790 et
953 4745 1258 4806 paraturus,
1311 4736 1566 4790 Dominus
1601 4751 1795 4790 nomen

215 4855 236 4885 ‹
278 4831 399 4900 ejus
432 4850 444 4884 :
477 4830 658 4885 Clama
689 4831 756 4885 ad
789 4845 874 4884 me
897 4841 952 4884 et
977 4830 1258 4884 exaudiam
1287 4839 1356 4894 te,
1385 4840 1438 4883 et
1467 4830 1795 4883 annuntiabo

214 4944 234 4973 ι
282 4922 380 4976 tibi
416 4921 638 4991 grandia
663 4930 716 4975 et
746 4920 900 4973 ﬁrma
936 4935 1053 4988 quze
1075 4920 1270 4974 nescis.
1299 4938 1317 4970 ι
1353 4918 1661 4989 (ΜΑυιιυε.)
1695 4918 1795 4972 Su—

206 5026 315 5080 pra
350 5024 480 5078 ergo
510 5011 765 5078 scriptum
794 5019 877 5064 est
906 5009 1047 5078 quod
1091 5008 1381 5064 Sedechias
1413 5024 1506 5076 rex
1542 5009 1796 5068 clauserit

205 5097 510 5156 Jeremiam
556 5098 608 5150 in
643 5098 784 5151 atrio
817 5098 1070 5161 carceris,
1110 5097 1202 5167 qui
1231 5097 1283 5150 in
1312 5096 1472 5151 domo
1509 5105 1625 5151 erat
1657 5098 1796 5168 regis

207 5189 382 5251 Juda,
429 5187 611 5242 dicens
635 5187 686 5242 ei
721 5204 732 5239 :
769 5204 787 5236 ι
825 5186 1000 5253 Quare
1028 5188 1362 5245 vaticinaris.
1409 5188 1592 5242 dicens
1626 5207 1637 5240 :
1675 5188 1798 5243 Haec

209 5277 354 5332 dicit
395 5276 692 5330 Dominus:
729 5275 870 5330 Ecce
909 5291 1008 5344 ego
1052 5277 1190 5330 dabo
1233 5277 1502 5331 civitatem
1545 5277 1701 5332 istam
1742 5279 1797 5332 in

207 5381 390 5431 manu
436 5366 580 5434 regis
629 5364 950 5436 Babylonis?
983 5385 1001 5416 ι
1054 5375 1108 5419 et
1141 5367 1343 5435 reliqua
1376 5365 1538 5438 (δίῳ.
1565 5368 1753 5438 xxxu)
1781 5386 1793 5434 ;

209 5456 314 5512 ubi
363 5455 526 5509 etiam
577 5457 919 5521 constitutus,
971 5456 1100 5510 emit
1144 5473 1327 5527 agrum
1375 5474 1404 5512 a
1451 5458 1560 5511 filio
1615 5458 1798 5513 fratris

212 5545 396 5618 patris
445 5546 526 5598 sui
581 5554 785 5614 septem
836 5546 1009 5610 siclis,
1053 5555 1107 5601 et
1157 5548 1342 5602 decem
1390 5549 1672 5618 argenteis.
1722 5549 1798 5603 lbi

213 5640 386 5693 etiam
432 5651 576 5689 nunc
615 5639 846 5691 secundo
877 5637 1095 5692 verbum
1135 5639 1513 5694 consolationis
1557 5640 1604 5693 ei
1643 5640 1798 5692 datur

214 5727 289 5779 tle
321 5725 492 5778 reditu
545 5725 723 5793 populi
756 5728 806 5780 in
852 5739 1048 5781 terram
1088 5728 1267 5792 Israel,
1311 5738 1365 5782 et
1408 5730 1795 5783 restauratione

217 5818 378 5869 urbis
412 5815 732 5879 Jerusalem,
787 5827 946 5873 atoue
991 5820 1339 5875 aediﬁcatione
1392 5820 1591 5889 templi.
1645 5815 1793 5884 Quod

1904 4658 1921 4691 ι
1955 4655 2085 4710 pace
2113 4657 2272 4711 quam
2309 4657 2408 4712 ego
2456 4641 2652 4696 faciam
2693 4645 2791 4698 eis.
2823 4665 2840 4696 ι
2876 4644 2988 4699 Hoc
3038 4647 3281 4716 praedicit
3328 4651 3468 4717 quod

1897 4731 2035 4786 sicut
2060 4733 2432 4803 peccatoribus
2455 4734 2709 4799 vindicta,
2743 4734 2815 4788 ita
2842 4743 2898 4789 et
2923 4737 3306 4805 pmniteutibus
3332 4754 3472 4808 prae-

1895 4827 2121 4892 paratur
2163 4823 2444 4877 medicina.
2477 4824 2534 4878 lu
2561 4823 2692 4880 locis
2726 4825 2869 4880 enim
2900 4826 2952 4880 in
2981 4826 3175 4895 quibus
3207 4843 3304 4897 per
3331 4828 3472 4883 iudi-

1897 4913 2205 4982 gnationem
2260 4913 2472 4968 Domini
2521 4915 2806 4984 jacuerant
2859 4918 3119 4970 cadavera
3167 4919 3472 4974 occisorum

1898 5013 2191 5074 prostrata,
2241 5005 2311 5060 ibi
2360 5020 2738 5060 conversorum
2786 5005 3179 5062 resediﬁcentur
3224 5004 3472 5064 taberna-

1899 5094 2037 5158 cula,
2069 5102 2121 5148 et
2152 5095 2409 5149 bonorum
2443 5096 2681 5150 omnium
2711 5096 2805 5151 ﬁet
2833 5097 3178 5162 abundantia,
3205 5106 3470 5167 quatenus

1898 5184 2021 5238 inde
2060 5185 2243 5255 gloriae
2284 5187 2518 5242 nominis
2548 5186 2759 5241 Domini
2802 5188 2996 5256 ubique
3043 5187 3386 5258 prazdicemr,
3417 5199 3472 5246 et

1899 5273 2012 5327 laus
2037 5285 2196 5343 atque
2221 5275 2401 5328 lmtitia
2427 5275 2482 5329 in
2511 5276 2775 5331 universis
2789 5277 3036 5345 gentibus
3055 5277 3279 5342 oriatur,
3310 5292 3470 5348 super

1898 5363 2146 5416 omnibus
2187 5364 2358 5427 bonis,
2409 5380 2525 5432 quae
2569 5363 2812 5419 facturus
2855 5374 2937 5419 est
2981 5365 3237 5420 Dominus
3274 5366 3470 5437 populo

1900 5469 2014 5509 suo.
2059 5453 2164 5509 Sed
2220 5455 2343 5510 licet
2369 5457 2482 5509 hmc
2509 5456 2725 5524 quidam
2761 5458 2827 5510 ad
2876 5464 3082 5524 tempus
3129 5457 3466 5512 resolutionis

1900 5545 2229 5613 captivitatis
2260 5545 2562 5600 Chaldaicze
2608 5545 2861 5609 referant,
2896 5545 3085 5600 melius
3128 5554 3304 5600 tamen
3338 5547 3470 5601 mihi

1899 5638 2110 5690 videtur
2157 5640 2221 5691 ad
2252 5638 2555 5702 Christiana
2599 5638 2788 5692 referri
2829 5647 3090 5706 tempora,
3127 5639 3472 5707 ubi,spirita-

1898 5729 2020 5782 liter
2050 5738 2104 5781 ct
2129 5729 2393 5781 veraciter
2436 5729 2692 5782 Dominus
2722 5743 2817 5797 per
2848 5728 3091 5796 spiritum
3120 5743 3273 5782 suum
3303 5727 3473 5782 ﬁdeli-

1900 5821 1999 5874 bus
2022 5819 2133 5872 suis
2163 5819 2410 5872 uuivcrsa
2437 5819 2573 5873 bona
2611 5819 2817 5882 tribuit,
2849 5834 2986 5874 vero:
3026 5817 3230 5873 scilicet
3257 5819 3471 5887 sapien-
