3926 6336
461 362 633 421 ’.1065

1102 344 1103 347 ¹
1134 356 1195 412 Β.
1236 356 1490 413 RABANI
1528 354 1747 416 MAURI
1782 355 2106 414 KRCIIIEP.
2146 355 2457 416 MOGUNT.
2485 358 2771 420 OPERUM
2807 360 2986 418 PARS
3021 361 3107 419 III.

3620 370 3641 424 1
3654 370 3757 426 064

484 476 572 532 tiae
602 486 658 531 et
676 487 952 530 sacrarum
979 480 1260 538 Virtutum,
1296 480 1357 526 ut
1387 474 1529 525 omni
1563 478 1893 542 pacemque
1934 487 2062 526 con-
2090 472 2143 532 Α
2173 488 2192 522 ‹
2228 474 2546 538 montuosis,
2590 482 2644 529 et
2686 475 2743 529 in
2790 475 3095 532 civitatibus
3143 481 3559 550 campestribus,
3605 494 3658 539 et
3706 487 3764 539 in

481 567 666 622 cordia
711 571 1103 619 conversentur
1160 563 1309 639 Unde
1356 564 1473 632 ipsa
1521 562 1737 618 Veritas
1783 563 2063 633 discipulis

482 659 616 723 suis,
668 658 781 711 ait:
816 675 834 707 ι
864 646 1062 711 Pacem
1114 670 1292 710 meam
1345 656 1589 724 relinquo
1634 656 1817 721 vobis,
1873 670 2065 725 pacem

481 764 660 804 meam
689 749 756 803 do
794 747 968 813 vobis,
1010 761 1118 803 non
1145 747 1413 817 quomodo
1462 747 1695 802 mundus
1742 747 1835 802 dat
1877 762 2067 817 pacem

480 855 579 910 ego
624 839 693 895 do
734 838 891 896 vobis.
917 836 1113 910 (Joan.
1164 836 1322 909 xw);
1358 856 1377 889 ι
1412 846 1468 893 et
1503 837 1633 893 item
1665 856 1677 891 :
1708 855 1727 887 ‹
1762 837 1925 902 Ecce,
1977 838 2064 891 in-

479 932 613 1003 quit,
654 945 753 1001 ego
786 927 1067 985 vobiscum
1106 944 1223 983 sum
1262 929 1516 984 omnibus
1561 928 1751 982 diebus
1788 942 1960 995 usque
1998 926 2065 982 ad

478 1021 1000 1080 consummationem
1046 1019 1227 1076 saeculi
1267 1019 1496 1091 (Matth.
1554 1016 1786 1088 xxvnt).
1820 1036 1838 1068 ι
1895 1016 2065 1073 Caete-

478 1132 598 1171 rum
627 1115 681 1170 in
720 1113 812 1169 illa
837 1112 1146 1177 reversione
1166 1110 1477 1166 Iudaeorum
1505 1110 1571 1164 de
1597 1108 1893 1180 Babylone,
1944 1108 2063 1162 tini-

477 1206 622 1263 tima:
648 1213 837 1277 gentes
856 1205 1147 1277 plurimum
1177 1216 1271 1257 eos
1298 1199 1646 1265 infestabant,
1690 1208 1743 1255 et
1774 1199 2065 1269 prohibue-

476 1308 605 1357 mnt
640 1314 709 1355 ne
739 1298 998 1368 templum
1033 1294 1454 1357 reaediﬁcarent,
1498 1306 1790 1363 murosque
1826 1292 2064 1346 civitatis

442 1397 864 1447 restaurarent.
894 1387 1094 1445 Postea
1114 1401 1330 1457 quoque
1367 1386 1421 1439 in
1458 1384 1889 1439 Machabzeorum
1930 1391 2064 1438 tem-

478 1483 701 1556 poribus
730 1482 965 1553 plurima
990 1481 1069 1536 eis
1093 1478 1236 1535 bella
1264 1486 1319 1534 et
1348 1478 1565 1535 labores
1588 1477 1937 1541 accidebant,
1964 1489 2064 1530 nec

476 1586 715 1644 unquam
763 1571 1063 1644 perfectam
1104 1584 1294 1641 pacem
1344 1576 1399 1624 et
1447 1568 1661 1637 plenam
1716 1566 2062 1621 securitatem

477 1666 679 1721 habere
704 1656 959 1736 poterant
982 1664 1151 1719 donec
1172 1677 1270 1733 per
1301 1661 1669 1715 Romanorum
1696 1658 1968 1730 principes
1996 1656 2063 1711 de

475 1764 618 1811 terra
642 1770 742 1812 sua
766 1754 946 1824 ejecti,
975 1768 1074 1824 per
1103 1760 1277 1809 totum
1305 1752 1493 1807 orbem
1526 1748 1756 1819 dispersi
1796 1755 1939 1803 sunt.

2178 580 2198 614 ι
2234 563 2540 620 civitatibus
2569 582 2687 635 quae
2714 567 2783 622 ad
2812 576 3051 622 austrum
3091 579 3217 623 sunt
3241 588 3253 623 :
3279 581 3335 626 et
3362 573 3415 627 in
3444 581 3586 628 terra
3614 574 3766 628 Ben-

2175 668 2193 703 t
2225 650 2419 720 jamin,
2448 662 2504 709 et
2532 656 2585 709 in
2621 657 2857 723 ,circuitu
2888 656 3240 725 Hierusalem,
3268 672 3324 716 et
3362 663 3417 717 in
3448 665 3767 720 civitatibus

2175 760 2196 796 t
2225 742 2379 809 Juda,
2418 746 2596 801 adhuc
2641 749 2951 803 transibunt
2986 765 3175 821 greges
3217 752 3281 805 ad
3318 768 3535 809 manum
3574 771 3767 811 nume-

2174 851 2193 887 ί
2231 835 2423 902 rantis,
2454 836 2531 891 ait
2559 836 2834 903 Dominus.
2876 859 2893 890 ›
2925 838 3177 895 Pastores
3204 842 3293 897 isti
3335 858 3566 913 quorum
3604 846 3736 901 habi

2168 923 2405 978 taculum
2449 934 2532 980 est
2577 926 2633 980 in
2666 925 2783 981 loco
2822 927 2914 997 qui
2943 925 3043 983 fuit
3070 937 3196 984 ante
3230 930 3495 996 desertus,
3527 933 3763 1001 apostoli

2169 1023 2294 1068 sunt
2316 1022 2373 1069 et
2393 1015 2758 1085 evangelistae,
2785 1024 2948 1084 atque
2967 1017 3215 1073 doctores
3242 1018 3377 1075 Novi
3401 1019 3760 1076 Testamenti.

2168 1100 2372 1173 Greges
2400 1120 2530 1159 vero
2559 1104 2891 1160 accubantes
2927 1106 2981 1159 in
3022 1107 3329 1163 civitatibus
3356 1112 3677 1178 montuosis,
3707 1122 3765 1166 et

2169 1195 2224 1249 in
2253 1196 2558 1251 civitatibus
2587 1196 2998 1266 campestribus,
3032 1204 3086 1251 et
3116 1198 3169 1251 in
3196 1200 3509 1256 civitatibus
3532 1218 3655 1272 qua:
3691 1203 3764 1260 ad

2167 1294 2409 1339 austrum
2431 1294 2575 1351 sunt,
2598 1284 2856 1341 Ecclesiae
2886 1294 3010 1341 sunt
3033 1288 3098 1342 de
3119 1290 3368 1359 gentibus
3395 1302 3759 1362 congregatae,

2168 1392 2287 1445 quze
2326 1376 2381 1429 in
2424 1375 2655 1431 culmine
2682 1376 2945 1432 virtutum
2986 1378 3309 1445 consistunt,
3341 1388 3396 1435 et
3441 1390 3625 1436 tamen
3658 1382 3764 1436 hu-

2166 1466 2411 1523 militatis
2448 1466 2556 1521 ima
2605 1482 2716 1522 non
2770 1467 3025 1524 deserunt
3062 1489 3073 1523 :
3118 1471 3212 1525 sed
3256 1469 3472 1527 fervore
3522 1471 3764 1541 Spiritus

2168 1559 2367 1625 sancti,
2400 1574 2560 1628 quem
2594 1567 2779 1614 auster
2802 1566 3001 1615 ventus
3023 1560 3309 1631 signiﬁcat,
3340 1564 3578 1617 studium
3602 1564 3761 1619 bonae

2166 1649 2496 1719 operationis
2537 1658 2815 1717 exercent,
2872 1661 2927 1707 et
2973 1650 3277 1709 dilectionis
3322 1655 3444 1726 jura
3495 1656 3762 1713 servando

2170 1749 2374 1807 tenent,
2406 1742 2609 1808 Quibus
2636 1743 2976 1800 associantur
3001 1759 3190 1816 greges
3212 1761 3331 1817 qua:
3359 1746 3417 1800 in
3442 1754 3590 1801 terra
3614 1746 3759 1801 Ben-

548 1866 566 1899 .
596 1845 724 1902 nam
775 1846 907 1901 dicit
960 1816 1265 1900 ﬁominus;
1310 1842 1504 1898 Adhuc
1551 1816 1797 1895 audietur
1845 1839 1898 1892 in
1946 1836 2064 1893 loco
2093 1816 2140 1876 Β
2162 1829 2332 1898 jamin
2378 1840 2434 1886 et
2476 1832 2532 1886 in
2576 1832 2804 1888 circuitu
2840 1818 3197 1901 Hierusalem,
3230 1816 3299 1891 et
3343 1837 3398 1890 in
3444 1837 3762 1893 civitatibus

479 1958 498 1994 ‹
531 1940 655 2005 isto,
690 1954 851 2010 quem
881 1952 978 1993 vos
1007 1937 1187 1993 dicitis
1222 1949 1343 1991 esse
1368 1936 1663 1999 desertum,
1698 1947 1761 1989 eo
1789 1928 1932 2001 quod
1960 1945 2066 1985 non

479 2050 498 2084 ι
528 2032 599 2088 sit
624 2032 786 2086 homo
813 2044 914 2085 nec
932 2028 1239 2099 jumentum
1268 2027 1323 2080 in
1345 2023 1653 2081 civitatibus
1677 2020 1834 2087 Juda,
1859 2030 1913 2075 et
1935 2020 2067 2099 foris

478 2142 497 2175 ί
534 2120 891 2188 Hierusalem,
917 2135 1037 2191 quae
1076 2118 1329 2175 desolatas
1355 2123 1482 2172 sunt
1520 2116 1725 2186 absque
1748 2113 1988 2177 homine,
2014 2118 2068 2168 et

480 2234 500 2269 ι
536 2214 737 2286 absque
762 2214 1088 2279 habitatore,
1108 2220 1163 2265 et
1182 2211 1386 2278 absque
1404 2222 1623 2279 pecore,
1655 2220 1760 2260 vox
1794 2202 1975 2283 gaudii
2014 2209 2070 2257 et

477 2322 500 2359 ‹
533 2320 639 2361 vox
660 2304 882 2370 Izetitite,
902 2318 1008 2358 vox
1030 2300 1213 2371 sponsi
1257 2307 1313 2354 et
1346 2313 1451 2354 vox
1493 2310 1723 2367 sponsae,
1754 2310 1858 2349 vox
1886 2294 2069 2348 dicen-

480 2414 501 2450 t
532 2397 698 2452 tium:
720 2394 1067 2451 Conﬁtemini
1082 2391 1308 2447 Domino
1327 2388 1687 2452 exercituum,
1701 2384 1955 2456 quoniam
1976 2381 2068 2437 bo-

481 2506 502 2553 ς
538 2504 643 2546 nus
685 2487 969 2567 Dominus,
1001 2485 1256 2556 quoniam
1296 2484 1350 2537 in
1381 2491 1644 2537 aeternum
1692 2474 2067 2533 misericordia

481 2597 501 2634 ι
542 2562 1065 2651 ejusetportantium
1078 2584 1201 2632 vota
1217 2574 1272 2628 in
1290 2573 1507 2627 domum
1528 2568 1761 2624 Domini.
1789 2566 2067 2622 Reducem

484 2689 505 2724 ι
540 2671 684 2726 enim
706 2668 1116 2725 conversionem
1160 2673 1321 2720 terrae
1355 2664 1495 2718 sicut
1533 2676 1563 2715 a
1602 2658 1889 2729 principio,
1933 2654 2067 2709 dicit

482 2780 503 2816 ι
541 2758 821 2817 Dominus.
852 2778 870 2814 ι
894 2758 972 2815 Ne
998 2759 1055 2813 in
1076 2755 1507 2827 desperationem
1529 2749 1695 2807 Judaei
1718 2755 1939 2819 propter
1968 2746 2067 2801 mi-

475 2868 575 2909 nas
604 2850 935 2923 captivitatis
962 2847 1241 2911 caderent,
1278 2844 1459 2899 futura
1490 2838 1895 2897 restaurationis
1924 2838 2067 2909 bona

472 2943 553 3000 eis
576 2941 865 3013 promittit,
913 2946 975 2994 ut
1009 2940 1175 2994 locus.
1206 2935 1298 3006 qui
1339 2934 1588 2989 desertus
1626 2930 1803 2986 fuerat
1845 2935 2069 2998 propter

477 3023 689 3091 scelera
743 3032 1111 3089 habitatorum
1155 3026 1309 3098 ejus,
1371 3040 1559 3080 rursus
1621 3040 1651 3078 a
1702 3022 1964 3077 correctis
2014 3026 2070 3075 et

475 3124 777 3181 emendatis
822 3120 1112 3183 habitetur,
1143 3125 1202 3173 et
1246 3117 1519 3187 repleatur
1545 3114 1830 3186 pecoribus
1878 3119 1933 3165 et
1975 3110 2063 3180 ju-

476 3216 695 3275 mentis.
750 3214 977 3287 Mystice
1025 3218 1203 3266 autem
1250 3207 1493 3263 Ecclesia
1541 3204 1800 3276 gentium,
1829 3216 1947 3271 quae
1978 3200 2070 3255 de:

478 3317 625 3365 serta
658 3306 836 3362 fuerat
863 3319 895 3357 a
924 3302 1150 3359 Domino
1176 3307 1397 3371 propter
1433 3294 1792 3351 idololatriam
1820 3301 1876 3348 et
1904 3290 2070 3347 scele-

477 3416 599 3457 rum
646 3395 1058 3458 immanitatem,
1092 3406 1279 3446 rursus
1310 3404 1405 3460 per
1428 3387 1628 3442 Christi
1668 3384 1828 3439 ﬁdem
1860 3381 2072 3437 habita-

478 3498 605 3545 tur-
650 3495 704 3542 et
740 3486 980 3555 repletur
1007 3480 1349 3537 multitudine
1388 3478 1723 3533 credentium
1752 3490 1814 3529 ex
1842 3473 2074 3529 diversis

481 3576 810 3633 nationibus.
845 3573 944 3629 Cui
979 3586 1075 3643 per
1108 3570 1301 3625 Isaiam
1337 3568 1533 3623 dicitur
1563 3586 1575 3621 :
1619 3586 1635 3617 ι
1667 3564 1958 3620 Laetabitur
1984 3562 2075 3617 (16-

483 3676 631 3727 serta
658 3676 711 3724 et
736 3665 901 3731 invia,
930 3674 986 3720 et
1016 3660 1311 3719 exsultabit
1341 3658 1587 3724 solitudo,
1613 3666 1667 3712 et
1687 3655 1896 3711 ﬂorebit
1916 3652 2072 3724 quasi

479 3759 656 3815 lilium
692 3775 705 3811 :
740 3755 1051 3833 germinans
1097 3750 1451 3825 germinabit,
1505 3758 1560 3803 et
1590 3747 1881 3803 exsultabit
1929 3746 2074 3799 laeta-

487 3853 673 3909 bunda
701 3850 1005 3921 et‘laudans
1024 3847 1158 3919 (Isa.
1180 3845 1368 3915 xxxv).
1400 3862 1418 3895 ›
1448 3842 1515 3897 Et
1547 3842 1781 3897 iterum:
1810 3858 1829 3891 ‹
1864 3837 2069 3903 Lauda,

484 3944 682 4015 inquit,
729 3941 931 3999 sterilis
967 3953 1085 4010 qua:
1134 3952 1244 3992 non
1288 3934 1456 4004 paris,
1486 3933 1730 3987 rdecanta
1765 3928 1980 3983 laudem
2018 3934 2073 3981 et

480 4037 761 4109 hymnum,
802 4047 921 4102 qua:
968 4046 1077 4085 non
1118 4025 1458 4099 parturiebas
1506 4016 1518 4077 :
1561 4036 1723 4092 quam
1776 4018 1930 4075 multi
1976 4017 2073 4079 ﬁlii

482 4133 728 4195 deserta,
776 4127 950 4198 magis
987 4138 1149 4195 quam
1182 4120 1297 4191 ejus
1325 4135 1443 4189 quae
1493 4117 1727 4171 habebat
1750 4115 1945 4168 virum.
1990 4110 2073 4165 Ad

480 4229 742 4293 punctum
767 4219 823 4273 in
850 4215 1061 4273 modico
1088 4212 1349 4282 dereliqui
1373 4220 1445 4275 te,
1469 4218 1523 4263 et
1552 4209 1605 4262 in
1638 4204 2072 4261 miserationibus

483 4312 692 4382 magnis
722 4306 1061 4379 congregabo
1093 4304 1228 4376 (Isa.
1261 4300 1392 4372 LIV).
1438 4321 1457 4354 ›
1491 4300 1574 4354 Ad
1605 4299 1745 4353 hanc
1783 4311 1912 4367 ergo
1935 4311 2066 4351 con-

484 4403 797 4476 gregabitur
830 4413 992 4455 omne
1034 4409 1201 4468 pecus
1233 4393 1447 4449 Cedar:
1480 4392 1677 4445 arietes
1716 4388 1942 4442 Nabaiot
1970 4386 2070 4440 mi-

482 4473 792 4561 nistrahunt
837 4493 936 4549 illi.
989 4492 1066 4547 Ibi
1110 4489 1357 4543 audietur
1396 4501 1499 4540 vox
1540 4483 1719 4554 gaudii
1753 4493 1807 4536 et
1835 4495 1939 4535 vox
1974 4480 2067 4534 1:134-

485 4588 639 4655 titiae,
671 4600 794 4643 cum
822 4581 1171 4655 Evangelium
1212 4578 1286 4634 ibi
1327 4576 1605 4639 recitatur,
1644 4584 1696 4628 et
1726 4571 1938 4627 alleluia
1972 4570 2065 4626 lte-

487 4679 720 4737 tab'unda
745 4691 877 4733 voce
918 4678 975 4730 in
1019 4673 1263 4730 ecclesiis
1294 4670 1686 4740 frequentatur.
1735 4665 1813 4720 Ibi
1856 4664 2068 4719 auditur

483 4788 586 4829 vox
610 4768 794 4841 sponsi
816 4765 1017 4825 Christi
1034 4773 1089 4821 et
1107 4780 1211 4819 vox
1233 4776 1443 4832 sponsae
1458 4759 1713 4815 Ecclesiae
1732 4750 1745 4811 ἑ
1763 4757 1818 4811 in
1838 4769 2069 4825 quorum

488 4861 894 4933 epithalamium
936 4857 1187 4913 Salomon
1236 4851 1519 4921 descripsit
1557 4848 1781 4904 Cantica
1832 4845 2069 4902 cantico-

488 4971 625 5011 rum.
660 4953 739 5008 Ibi
767 4952 981 5006 auditur
1016 4964 1118 5003 vox
1145 4946 1385 5017 quotidie
1419 4942 1789 5000 conﬁtentium
1817 4938 2065 5003 Domino,

487 5053 543 5102 et
568 5041 901 5117 portantium
932 5048 1057 5095 vota
1086 5038 1141 5092 in
1175 5038 1393 5091 domum
1420 5033 1630 5088 Domini
1658 5046 1673 5085 :
1701 5029 1955 5100 quoniam
1986 5040 2069 5081 re-

490 5138 648 5191 ducet
683 5130 941 5185 Dominus
968 5126 1376 5184 conversionem
1404 5133 1559 5179 terrae
1589 5124 1827 5192 gentium
1870 5118 2010 5173 sicut
2038 5132 2069 5173 a

488 5222 756 5297 principio
785 5237 797 5274 :
829 5227 889 5273 ut
934 5218 1029 5273 ﬁat
1058 5218 1298 5273 omnium
1330 5217 1383 5270 in
1427 5213 1745 5295 credulitate
1782 5210 1912 5266 ﬁdes
1937 5224 2067 5291 una,

491 5324 545 5369 ct
594 5314 649 5367 in
686 5309 1022 5367 confessione
1045 5306 1244 5361 labium
1275 5320 1461 5359 unum.
1492 5304 1567 5358 De
1598 5318 1704 5371 quo
1733 5302 1906 5357 adhuc
1945 5300 2069 5355 sub-

494 5405 639 5459 ditur
668 5422 679 5456 :

570 5516 588 5546 ε
627 5492 751 5548 Haec
774 5493 903 5547 dicit
948 5491 1205 5545 Dominus
1254 5487 1585 5542 exercituum
1616 5502 1628 5538 :
1658 5484 1843 5539 Adhuc
1879 5480 1984 5535 erit
2011 5480 2066 5534 in

501 5604 519 5639 ι
558 5588 675 5641 loco
719 5585 821 5639 isto
857 5584 1073 5636 deserto
1117 5581 1317 5647 absque
1360 5577 1593 5637 homine,
1642 5582 1692 5628 et
1742 5574 1942 5639 absque
1983 5568 2068 5637 ju-

502 5694 522 5726 ‹
555 5683 755 5739 mento,
798 5679 852 5725 et
884 5671 938 5723 in
984 5669 1189 5723 cunctis
1216 5666 1520 5722 civitatibus
1550 5663 1661 5729 ejus
1705 5662 2067 5715 habitaculum

505 5784 523 5817 ι
559 5774 853 5836 pastorum,
890 5770 944 5819 et
985 5759 1355 5816 accubantium
1404 5772 1622 5827 gregum
1664 5756 1716 5809 in
1767 5754 2068 5809 civitatibus

2166 1920 2304 1976 Juda
2342 1913 2643 1977 "versantur
2670 1941 2684 1977 :
2714 1924 2839 1994 quia
2882 1924 2947 1979 de
2993 1924 3085 1978 illo
3126 1925 3308 1994 priore
3355 1926 3555 1996 populo
3604 1925 3760 1983 multi

2168 2020 2295 2066 sunt
2324 2011 2413 2081 qui
2442 2012 2507 2067 ad
2542 2011 2699 2067 ﬁdem
2730 2012 2932 2069 Christi
2967 2022 3021 2069 et
3048 2013 3116 2067 ad
3145 2014 3325 2069 ovium
3358 2030 3518 2069 suum
3563 2030 3757 2070 nume-

2168 2116 2288 2155 rum
2316 2102 2606 2171 pertinent.
2649 2103 2725 2157 De
2746 2103 2942 2173 quibus
2967 2103 3081 2174 ipse
3112 2105 3188 2158 ait
3218 2122 3230 2158 :
3268 2124 3287 2156 ι
3320 2103 3461 2161 Oves
3487 2122 3624 2161 mea:
3663 2124 3758 2163 vo—

2168 2208 2287 2249 cem
2316 2208 2494 2256 meam
2523 2193 2764 2259 audiunt,
2793 2201 2847 2248 et
2872 2209 2972 2267 ego
3005 2209 3273 2266 cognosco
3294 2211 3409 2263 eas,
3436 2204 3490 2251 et
3522 2211 3759 2268 sequun-

2169 2291 2255 2338 tur
2278 2300 2363 2341 me
2394 2285 2573 2356 (Joan.
2614 2284 2693 2355 x).
2725 2304 2744 2338 ›
2776 2284 2844 2339 Hi
2871 2300 2999 2359 ergo
3026 2302 3216 2343 omnes
3238 2302 3425 2358 greges
3450 2290 3760 2345 transibunt

2168 2373 2235 2427 ad
2282 2390 2504 2429 manum
2560 2375 2914 2443 numerantis,
2950 2376 3096 2447 quia,
3140 2375 3298 2446 juxta
3345 2378 3760 2448 dispositionem

2167 2468 2283 2521 veri
2339 2467 2606 2537 pastoris,
2652 2468 2906 2523 mandata
2958 2468 3137 2523 divina
3200 2481 3481 2526 servantes
3524 2472 3757 2539 vivunt,

2168 2570 2304 2625 quos
2345 2558 2459 2627 ipse
2490 2556 2543 2611 in
2573 2557 2780 2613 caelesti
2810 2572 2975 2626 regno
3020 2558 3295 2625 describit,
3328 2559 3481 2613 sicut
3516 2560 3595 2615 eis
3626 2577 3758 2630 pro-

2168 2646 2316 2700 misit
2355 2645 2581 2700 dicens:
2620 2666 2636 2698 ι
2668 2646 2908 2703 Gaudete
2935 2655 2992 2704 et
3032 2646 3325 2715 exsultate,
3367 2649 3495 2719 quia
3537 2653 3760 2707 nomina

2166 2744 2349 2791 vestra
2375 2738 2577 2807 scripta
2604 2746 2730 2792 sunt
2756 2738 2812 2793 in
2849 2738 2987 2793 coelo
3032 2738 3183 2809 (Luc.
3207 2738 3286 2811 x).
3319 2757 3339 2791 ι
3373 2739 3618 2808 Qualiter
3661 2758 3763 2798 au-

2169 2834 2277 2881 tem
2320 2827 2385 2883 de
2419 2827 2619 2884 Iudaeis
2660 2838 2714 2883 et
2758 2829 3041 2899 gentibus,
3094 2843 3286 2901 greges
3330 2830 3512 2886 ovium
3550 2832 3762 2891 Christi

2167 2918 2423 2985 existant,
2464 2921 2579 2990 ipse
2620 2928 2846 2976 testatur
2882 2920 2935 2974 in
2980 2919 3289 2991 Evangelio,
3328 2921 3553 2978 dicens:
3585 2942 3603 2976 ι
3644 2910 3762 2998 Ego

2168 3024 2289 3065 sum
2326 3019 2514 3083 pastor
2552 3012 2746 3077 bonus,
2775 3018 2832 3067 et
2854 3025 3124 3082 cognosco
3146 3025 3318 3077 meas,
3346 3020 3401 3067 et
3423 3025 3764 3085 cognoscunt

2172 3117 2259 3158 me
2296 3118 2446 3160 meae.
2488 3103 2643 3159 Sicut
2667 3104 2816 3159 novit
2844 3117 2931 3157 me
2960 3102 3140 3167 Pater,
3184 3110 3239 3157 et
3264 3117 3364 3173 ego
3396 3118 3628 3173 agnosco
3654 3105 3761 3160 Pa-

2096 3172 2142 3235 C
2174 3205 2312 3252 trem
2338 3215 2351 3250 :
2382 3199 2705 3264 eLanimam
2747 3211 2922 3252 meam
2964 3209 3107 3267 pono
3146 3210 3245 3267 pro
3277 3172 3467 3255 ovibus
3494 3197 3629 3253 meis
3659 3216 3673 3251 :
3706 3210 3763 3255 et

2174 3288 2309 3345 alias
2332 3304 2460 3345 oves
2487 3290 2659 3345 habeo
2685 3303 2803 3359 quae
2843 3303 2952 3343 non
2997 3296 3122 3343 sunt
3149 3303 3216 3343 ex
3250 3288 3354 3345 hoc
3379 3290 3526 3357 ovili,
3554 3300 3607 3347 et
3638 3291 3764 3350 illas

2174 3388 2387 3451 oportet
2437 3395 2523 3435 me
2571 3381 2857 3445 adducere,
2888 3387 2942 3435 et
2976 3394 3165 3435 vocem
3208 3395 3387 3436 meam
3414 3380 3672 3437 audient:
3706 3391 3765 3441 et

2171 3476 2265 3530 ﬁet
2292 3491 2458 3529 unum
2493 3476 2632 3530 ovile
2652 3485 2708 3531 et
2734 3490 2874 3529 unus
2900 3485 3086 3545 pastor
3112 3474 3293 3547 (Joan.
3318 3476 3396 3545 x).

2250 3584 2268 3617 ‹
2303 3566 2442 3621 Ecce
2482 3565 2597 3621 dies
2638 3567 2877 3632 venient,
2908 3566 3039 3621 dicit
3068 3566 3346 3631 Dominus,
3387 3574 3443 3622 et
3482 3568 3759 3625 suscitabo

2178 3673 2197 3706 ι
2234 3656 2457 3709 verbum
2511 3655 2711 3710 bonum
2775 3656 2917 3725 quod
2962 3654 3172 3710 locutus
3235 3670 3357 3709 sum
3407 3655 3475 3709 ad
3536 3657 3760 3713 domum

2180 3764 2200 3797 ‹
2235 3747 2399 3802 Israel
2424 3757 2477 3801 et
2501 3746 2567 3799 ad
2587 3747 2806 3804 domum
2830 3745 2985 3800 Juda.
3019 3747 3279 3801 iVerhum
3302 3746 3503 3801 bonum
3532 3748 3674 3817 quod
3698 3764 3759 3804 se

2174 3836 2435 3892 suscitare
2472 3836 2730 3891 Dominus
2767 3835 2922 3901 dixit,
2954 3835 3214 3891 adventus
3244 3843 3331 3891 est
3374 3834 3494 3890 Filii
3522 3836 3617 3893 Dei
3647 3856 3662 3892 :
3696 3848 3753 3893 ut

2173 3928 2265 3997 qui
2301 3929 2353 3981 in
2384 3928 2651 3999 principio
2690 3934 2807 3982 erat
2842 3926 3101 3993 Verbum,
3127 3934 3184 3981 et
3207 3925 3443 3983 Verbum
3466 3937 3583 3983 erat
3610 3933 3754 4000 apud

2175 4022 2365 4087 Deum,
2384 4032 2439 4075 et
2464 4022 2603 4076 Deus
2629 4018 2994 4075 eratVerhum
3018 4018 3199 4088 (Joan.
3228 4019 3290 4089 ι),
3338 4020 3534 4091 ipsein
3564 4022 3753 4079 novis-

2174 4115 2324 4171 simis
2342 4112 2670 4183 temporibus
2694 4111 2931 4167 Verbum
2958 4126 3084 4166 caro
3114 4111 3286 4177 ﬁeret,
3324 4120 3379 4166 et
3406 4112 3674 4168 habitaret
3698 4114 3754 4169 in

2173 4208 2226 4261 in
2255 4207 2430 4262 nobis.
2458 4205 2571 4259 Hoc
2595 4219 2721 4275 ergo
2744 4203 2967 4259 verbum
3004 4202 3130 4257 dum
3170 4202 3497 4272 promissum
3527 4203 3625 4258 fuit
3655 4219 3753 4273 pa-

2174 4296 2421 4350 triarchis
2450 4335 2464 4359 ,
2522 4293 2607 4347 lex
2657 4290 3037 4362 praenuntiavit
3075 4310 3089 4345 :
3144 4291 3571 4347 vaticinaverunt
3618 4309 3750 4363 pro-

2172 4390 2367 4457 phetae,
2398 4394 2451 4440 et
2482 4385 2546 4438 ad
2572 4392 2870 4439 extremum
2900 4382 3195 4451 angelicum
3231 4382 3507 4439 oraculum
3542 4385 3610 4437 ad
3643 4385 3750 4438 vir-

2173 4479 2350 4548 ginem
2394 4476 2617 4531 Mariam
2666 4474 2731 4530 de
2778 4473 2945 4545 stirpe
2988 4473 3155 4529 David
3198 4472 3399 4530 editam
3452 4476 3753 4531 testabatur

2174 4569 2324 4641 (Luc.
2360 4567 2440 4638 1):
2473 4568 2576 4621 hoc
2634 4566 2750 4635 ipsa
2796 4566 2947 4636 virgo
2989 4565 3272 4635 concepit,
3318 4565 3471 4637 virgo
3517 4567 3749 4637 peperit,

2171 4659 2321 4728 virgo
2360 4655 2699 4726 permansit:
2732 4653 2857 4724 quia
2894 4654 3064 4709 Deum
3100 4662 3156 4708 et
3192 4654 3464 4709 hominem
3502 4657 3572 4710 ad
3609 4655 3751 4711 salu-

2173 4760 2279 4806 tem
2307 4748 2525 4804 humani
2554 4746 2768 4818 generis
2791 4744 3008 4817 genuit:
3040 4759 3206 4798 unum
3227 4743 3477 4800 videlicet
3505 4746 3673 4799 Deum
3693 4751 3751 4802 et

2171 4842 2455 4897 Dominum
2503 4846 2749 4895 nostrum
2794 4834 2975 4893 Iesum
3020 4835 3313 4891 Christum;
3354 4836 3434 4891 De
3476 4851 3586 4906 quo
3626 4838 3750 4894 sub—

2174 4932 2315 4987 ditur
2342 4950 2357 4985 :

2247 5040 2264 5073 ι
2300 5021 2359 5075 In
2382 5020 2569 5075 diebus
2608 5019 2710 5072 illis
2756 5026 2810 5073 et
2850 5017 2906 5071 in
2946 5026 3185 5085 tempore
3203 5016 3299 5071 illo
3324 5015 3629 5085 germinare
3667 5016 3750 5071 fa-

2178 5129 2197 5161 ι
2232 5111 2370 5167 ciam
2402 5108 2569 5164 David
2601 5123 2817 5179 germen
2848 5106 3103 5175 iustitiae:
3135 5114 3189 5161 et
3212 5104 3391 5181 faciet.
3400 5104 3663 5173 judicium
3693 5115 3748 5163 et

2178 5221 2196 5253 ι
2226 5200 2490 5271 justitiam
2515 5201 2568 5254 in
2606 5210 2769 5254 terra.
2805 5199 2863 5251 In
2902 5197 3087 5253 diebus
3122 5196 3227 5253 illis
3252 5196 3551 5251 salvabitur
3587 5195 3743 5264 Juda,

2176 5309 2195 5343 (
2232 5298 2287 5345 et
2320 5289 2482 5345 Israel
2527 5287 2789 5343 habitabit
2820 5287 3146 5343 conﬁdenter
3174 5304 3186 5341 :
3217 5295 3271 5340 et
3299 5288 3404 5341 hoc
3428 5294 3512 5345 est
3549 5302 3747 5345 nomen

2180 5401 2196 5433 ι
2233 5385 2374 5452 quod
2398 5380 2680 5443 vocabunt,
2706 5394 2828 5433 eum
2860 5378 3112 5433 Dominus
3132 5377 3310 5446 justus
3335 5386 3540 5432 noster.
3573 5398 3592 5431 ›
3620 5380 3745 5434 Dies

2173 5473 2303 5527 istos
2330 5470 2705 5541 praenuntiavit
2728 5468 2892 5523 Isaias
2927 5469 3107 5524 dicens
3131 5482 3145 5519 :
3174 5485 3191 5516 ‹
3226 5467 3342 5521 Erit
3363 5468 3416 5521 in
3434 5466 3747 5524 novissimis

2163 5567 2359 5622 diebus
2397 5570 2728 5634 praeparatus
2768 5577 2923 5616 mons
2964 5560 3151 5613 domus
3198 5546 3505 5613 Domini'in
3544 5557 3749 5612 vertice

2176 5657 2457 5719 montium,
2485 5662 2539 5709 et
2565 5652 2861 5707 clevabitur
2882 5663 3039 5718 super
3060 5647 3235 5711 colles,
3261 5656 3315 5701 et
3342 5646 3505 5701 ﬂuent
3523 5646 3591 5700 ad
3618 5660 3745 5699 eum

2175 5765 2360 5805 omnes
2390 5758 2593 5819 gentes,
2627 5755 2681 5800 et
2708 5746 2859 5800 ibunt
2898 5740 3078 5813 populi
3122 5740 3274 5796 multi
3304 5750 3360 5797 et
3380 5740 3559 5795 dicent
3587 5755 3600 5793 :
3639 5733 3744 5794 Ve-
