3926 6320
198 327 338 385 1065

1088 325 1446 381 I‘JXPOSI'IIO
1485 325 1566 379 Si}
1580 323 1705 377 l‘IiIi
1745 322 2033 377 JI'LIIICMH
2047 321 2109 373 Μ.

2155 353 2218 359 --
2259 323 2378 375 LII}.
2429 323 2555 376 XIII.
3304 321 3440 374 Illti‘i

197 441 334 504 nite,
369 438 719 494 ascendamus
739 437 803 491 ad
834 447 1068 492 montem
1111 429 1318 492 Doinini
1360 449 1413 493 et
1455 441 1524 491 ad
1546 435 1760 491 domum
1794 448 1838 505 Α
1872 454 1888 483 ι
1927 450 2055 489 cens
2087 453 2098 486 :
2132 433 2252 486 Ila-e.
2297 435 2424 487 dicit
2467 435 2756 487 Dntninns:
2789 435 2844 486 Si
2876 434 3085 486 it‘t'ilttttl
3121 434 3233 488 ﬁeri
3263 445 3438 505 potest

193 530 293 585 Dei
325 527 526 584 Iacob:
559 537 616 582 et
643 529 854 584 docebit
897 543 996 584 nos
1038 529 1152 584 vias
1189 544 1334 592 suas,
1384 539 1438 583 et
1474 528 1772 582 ambulabi-

192 636 318 675 mus
341 620 396 674 in
421 619 628 674 semitis
653 613 768 688 ejus
794 659 809 684 ,
837 619 958 689 quia
987 619 1053 674 de
1080 618 1208 673 Sion
1233 620 1399 674 exibit
1439 619 1544 684 lex,
1571 628 1626 672 et
1652 632 1770 672 vcr-

190 709 324 764 bum
366 707 577 763 Domini
615 709 682 763 de
723 709 1021 764 Jerusalem
1053 708 1189 778 (Isa.
1234 709 1320 779 ιι).
1371 729 1388 759 ι
1449 708 1601 763 Facit
1641 721 1770 777 ergo

192 797 455 853 Dominus
481 799 784 870 germinare
823 799 988 854 David
1027 813 1243 868 germen
1267 799 1510 868 justitite,
1535 799 1637 854 hoc
1662 807 1766 865 est,

187 887 471 943 Christum
518 887 586 942 de
623 888 740 958 ejus
780 889 1036 959 progenie
1079 888 1419 953 descendere,
1470 891 1560 959 qui
1609 889 1770 946 faciet

183 978 451 1047 judicium
497 986 551 1032 et
588 978 857 1046 justitiam
896 980 950 1033 in
989 988 1157 1042 terra,
1183 980 1307 1048 quia
1331 979 1484 1048 juxta
1514 979 1704 1036 Isaiam
1749 998 1765 1038 :

187 1069 408 1125 Iustitia
435 1071 539 1126 erit
563 1071 832 1142 cingulum
865 1071 1166 1127 lumborum
1211 1069 1345 1140 ejus,
1384 1082 1441 1127 et
1486 1073 1619 1129 ﬁdes
1654 1077 1770 1130 cin-

187 1159 422 1214 ctorium
455 1175 642 1215 mnum
681 1161 796 1230 ejus
821 1161 956 1232 (Im.
985 1162 1044 1234 t).
1074 1181 1094 1214 ι
1125 1161 1192 1216 Et
1216 1163 1267 1216 in
1296 1162 1486 1218 dielms
1523 1163 1625 1219 illis
1656 1164 1766 1220 sal-

186 1253 404 1308 vabitur
425 1251 582 1308 Iuda.
619 1271 637 1304 ι
671 1253 782 1309 Hoc
815 1262 916 1319 est,
946 1253 1169 1324 apostoli
1197 1263 1248 1309 et
1286 1254 1555 1322 primitiva
1589 1255 1641 1309 in
1674 1254 1768 1309 Ju-

186 1341 306 1396 dzea
345 1342 606 1398 Ecclesia.
637 1361 655 1394 ‹
689 1343 875 1410 Israel,
924 1363 942 1395 ι
978 1344 1081 1399 hoc
1126 1353 1232 1408 est,
1263 1343 1508 1420 populus
1553 1345 1618 1400 de
1659 1345 1766 1409 ele-

183 1431 368 1486 ctione
414 1433 651 1501 gentium
691 1443 1068 1490 convocatus:
1125 1451 1142 1484 ι
1186 1433 1450 1489 habitabit
1505 1453 1524 1486 ι
1563 1435 1615 1490 in
1661 1434 1764 1489 ﬁde

183 1517 390 1574 Christi
424 1530 478 1574 et
500 1535 626 1576 vera
663 1522 918 1593 religione
942 1541 961 1574 ι
997 1523 1346 1578 confidenter.
1381 1542 1400 1574 ι
1435 1523 1511 1578 De
1531 1539 1637 1594 quo
1662 1523 1764 1578 sub

184 1618 316 1678 typo
344 1609 622 1679 Benjamin
659 1611 868 1684 Moyses
890 1606 1229 1683 prophetavit
1253 1615 1438 1669 dicens
1467 1655 1479 1667 .
1518 1633 1535 1665 ι
1565 1614 1763 1668 Aman-

182 1699 427 1755 tissimus
463 1701 672 1756 Domini
701 1704 967 1760 habitabit
1018 1704 1070 1758 in
1110 1718 1176 1758 eo
1215 1705 1562 1767 conﬁdenter,
1607 1705 1760 1774 quasi

1878 543 1896 576 ι
1933 532 2146 593 pactum
2173 538 2350 577 meum
2385 539 2506 577 cum
2532 524 2635 586 die,
2665 533 2715 577 et
2751 533 2964 592 paetum
2988 540 3164 579 meum
3192 541 3313 581 cutn
3339 543 3434 584 no-

1875 637 1894 670 ι
1932 628 2033 683 cte,
2059 628 2120 671 ut
2160 633 2262 673 non
2292 619 2360 672 sit
2380 617 2494 671 dies
2522 627 2572 672 et
2604 634 2729 682 nox,
2757 619 2807 672 in
2834 628 3072 688 tempore
3108 634 3242 673 suo:
3266 629 3436 690 etpa-

1875 726 1893 760 ‹
1930 716 2075 762 ctum
2097 723 2273 762 meum
2300 709 2510 762 irritum
2539 723 2657 762 esse
2683 710 2876 776 poterit
2904 724 3026 763 cum
3072 710 3237 764 David
3278 725 3438 766 servo

1875 816 1895 850 ι
1928 814 2068 863 meo,
2110 809 2168 852 ut
2197 815 2302 852 non
2331 799 2401 852 sit
2437 814 2503 850 ex
2544 813 2608 851 eo
2632 788 2785 850 'lilius
2809 799 3110 869 qui.regnet
3141 799 3196 854 in
3243 801 3436 856 throno

1874 907 1892 937 ι
1925 887 2061 955 ejus,
2085 898 2141 943 et
2165 888 2356 951 levitze,
2383 897 2436 943 et
2461 888 2768 942 sacerdmes
2790 887 3015 940 ministri
3053 887 3175 942 mei.
3217 908 3233 941 ι
3265 888 3436 958 Βιιρυο

1870 978 1984 1033 rius
2011 980 2223 1034 dixerat
2245 979 2312 1035 de
2338 979 2466 1034 solis
2499 978 2789 1039 creatione,
2815 977 2950 1031 lunze
2978 988 3030 1031 et
3059 978 3352 1045 stellarum,
3381 990 3436 1033 et

1869 1083 2029 1123 cursu
2051 1084 2256 1134 carum,
2285 1077 2344 1124 ut
2381 1068 2525 1141 leges
2549 1067 2670 1134 illze,
2698 1069 2811 1122 sive
2839 1077 3059 1130 statuta,
3098 1071 3292 1122 muniri
3331 1087 3435 1124 non

1867 1159 2110 1228 possint:
2140 1174 2282 1214 nunc
2308 1159 2469 1214 simili
2499 1159 2657 1214 modo
2691 1168 2903 1227 pactum
2940 1159 3040 1211 diei
3074 1168 3128 1212 et
3156 1161 3324 1212 noctis
3366 1161 3437 1211 ir-

1868 1249 2028 1313 ritum
2059 1249 2172 1304 ﬁeri
2201 1264 2305 1304 non
2327 1263 2504 1319 posse,
2539 1256 2594 1304 et
2619 1263 2791 1317 neque
2825 1259 3036 1316 pactum
3080 1248 3285 1302 Domini
3313 1265 3436 1302 cum

1870 1339 2034 1394 David
2063 1354 2219 1394 servo
2247 1355 2346 1395 suo
2371 1339 2579 1393 irritum
2611 1339 2725 1394 ﬁeri
2755 1354 2910 1408 posse
2945 1348 3170 1393 testatur
3199 1357 3211 1390 :
3249 1348 3307 1392 ut
3332 1355 3436 1392 non

1867 1429 2019 1484 sitex
2050 1444 2114 1483 eo
2145 1428 2301 1492 lilius,
2334 1429 2425 1498 qui
2458 1436 2641 1497 regnet
2670 1427 2721 1480 in
2746 1429 2934 1482 throno
2979 1428 3112 1496 ejus,
3154 1440 3205 1482 et
3241 1429 3434 1490 levitm,

1865 1533 1920 1578 et
1943 1520 2252 1578 sacerdotes
2276 1523 2507 1577 ministri
2545 1521 2774 1583 Domini,
2803 1522 2942 1589 quod
2979 1521 3093 1575 lnee
3119 1522 3317 1575 clarius
3341 1539 3434 1576 ex-

1864 1623 1990 1677 stat,
2019 1613 2143 1683 quia
2191 1609 2672 1667 ﬁnitu'sacerdotio
2702 1611 2877 1680 legali,
2905 1612 3096 1666 Christi
3141 1628 3358 1681 regnum
3382 1625 3436 1666 et

1864 1707 2220 1761 sacerdotium
2279 1705 2660 1775 perpetualitcr
2707 1705 2778 1758 sit
2831 1721 3159 1760 mansurum.
3209 1706 3285 1760 De
3328 1724 3434 1776 quo

182 1790 238 1843 in
291 1791 525 1846 thalamo
575 1801 684 1847 tota
743 1793 830 1848 die
875 1794 1193 1858 morabitur,
1239 1801 1294 1848 et
1339 1793 1480 1847 inter
1512 1794 1764 1847 humeros
1795 1791 1838 1849 Β
1865 1794 2041 1848 adhuc
2071 1794 2354 1848 subditur:

183 1879 328 1935 illius
356 1883 646 1952 requiescet
677 1883 852 1953 (Deut.
880 1883 1093 1954 xxxiii),
1125 1902 1143 1934 ι
1163 1882 1288 1952 quia
1309 1881 1546 1938 Ecclesia
1569 1898 1764 1953 sponsa

181 1974 250 2027 ad
297 1973 491 2044 Sponsi
541 1975 741 2030 Christi
787 1975 1062 2046 pertinens
1099 1975 1468 2030 consortium:
1497 1990 1637 2030 nunc
1665 1975 1765 2028 sub

181 2065 519 2133 protectionc
543 2064 659 2134 ejus
689 2067 883 2136 gaudet
924 2066 976 2119 in
1020 2080 1134 2136 spe,
1162 2067 1216 2119 in
1263 2064 1439 2119 futura
1471 2076 1645 2118 :mtem
1679 2080 1762 2118 re-

182 2155 428 2224 quiescet
475 2156 823 2211 beatitudine.
871 2176 888 2206 ι
934 2155 1000 2209 Et
1034 2155 1135 2210 hoc
1178 2164 1280 2220 est,
1329 2155 1521 2224 inquit,
1568 2168 1759 2208 nomen

182 2246 328 2314 quod
379 2247 645 2300 vocabunt
691 2261 812 2302 eum
865 2245 1121 2300 Dominus
1157 2243 1334 2312 justus
1381 2252 1583 2299 noster.
1632 2263 1650 2296 ι
1688 2244 1762 2297 De

184 2349 291 2405 quo
319 2335 455 2389 alius
486 2336 742 2405 propheta
781 2337 854 2389 ait
881 2350 896 2388 :
927 2353 944 2386 ι
977 2335 1045 2387 Ει
1093 2335 1360 2388 vocabunt
1408 2347 1601 2387 nomen
1646 2333 1762 2402 ejus

184 2424 521 2489 Emmanuel,
546 2425 647 2479 hoc
675 2434 772 2485 est,
796 2425 1074 2479 nobiscmn
1099 2424 1239 2478 Deus
1270 2422 1403 2492 (Isu.
1435 2420 1552 2492 vn),
1591 2442 1608 2472 ι
1634 2424 1760 2491 quia

187 2514 421 2570 Verbum
456 2530 584 2570 caro
613 2515 808 2568 factum
834 2524 918 2567 est
951 2521 1005 2568 ct
1025 2511 1281 2567 habitavit
1309 2512 1360 2566 in
1391 2511 1566 2566 nobis.
1599 2531 1615 2562 ι
1646 2511 1761 2581 Ipse

179 2616 269 2661 est
290 2606 547 2660 Dominus
569 2604 749 2674 justus
776 2614 975 2668 noster,
1012 2622 1030 2655 ι
1063 2605 1186 2672 quia
1209 2603 1388 2673 justus
1432 2601 1686 2656 Dominus
1708 2609 1762 2654 et

179 2696 442 2767 justitiam
473 2697 666 2766 diligit,
709 2696 1012 2764 :equitatem
1058 2694 1191 2748 vidit
1217 2692 1393 2747 vultus
1418 2690 1551 2760 ejus.
1584 2692 1757 2761 Depo-

179 2788 292 2842 suit
316 2795 560 2856 potentes
582 2787 646 2839 de
669 2788 814 2850 sede,
848 2796 901 2839 et
929 2785 1182 2839 exultavit
1229 2784 1456 2837 humiles
1480 2798 1495 2834 :
1519 2782 1760 2836 esurien-

179 2888 263 2934 tes
309 2878 545 2948 iinplevit
588 2879 761 2937 bonis.
806 2886 860 2930 et
901 2876 1092 2931 divites
1128 2875 1329 2929 dimisit
1363 2875 1553 2928 inanes
1583 2871 1754 2943 (Psal.

182 2970 234 3040 ιι)
267 2989 314 3023 ι.
339 2969 456 3039 Ipse
481 2969 623 3021 enim
648 2975 904 3022 venturus
927 2975 1010 3021 est
1039 2967 1091 3019 in
1120 2965 1285 3035 gloria
1315 2964 1488 3019 Patris
1524 2964 1605 3017 sui
1635 2978 1760 3017 cum

179 3047 388 3131 angelis
441 3059 587 3124 suis,
637 3069 689 3112 et
738 3065 862 3111 tunc
912 3056 1097 3110 reddet
1137 3055 1423 3124 unicuique
1465 3053 1757 3109 secundum

177 3165 347 3219 opera
378 3165 493 3204 sua.

257 3259 277 3290 ι
314 3240 450 3306 Quia
493 3241 605 3294 hac
632 3239 761 3293 dicit
804 3238 1098 3315 Dominus:
1133 3237 1246 3291 Non
1287 3236 1532 3302 interibit,
1556 3235 1621 3289 dc
1651 3235 1756 3289 Da-

185 3346 203 3378 ι
244 3327 335 3384 vid
381 3328 464 3380 vir
492 3327 580 3396 qui
627 3328 812 3381 sedeat
839 3342 999 3396 super
1029 3327 1278 3380 thronum
1321 3325 1511 3380 dunms
1551 3323 1754 3380 Israel:

186 3437 204 3468 ι
240 3425 301 3472 et
328 3416 394 3470 de
422 3415 808 3481 sacerdotibus,
838 3425 892 3470 et
927 3415 992 3469 de
1039 3414 1213 3468 Ievitis
1257 3430 1360 3467 non
1410 3412 1651 3467 interibit
1681 3414 1761 3466 vir

185 3527 204 3558 ι
243 3523 274 3562 a
305 3507 442 3561 facie
470 3522 613 3571 mea,
643 3507 735 3576 qui
761 3505 951 3560 oll‘erat
980 3505 1460 3568 holocaustomata,
1494 3512 1548 3557 ct
1581 3503 1762 3557 incen-

189 3617 206 3650 ι
245 3600 340 3653 dat
361 3598 707 3662 sacriﬁcium,
729 3606 780 3651 et
802 3597 971 3651 caedat
998 3597 1243 3650 victimas
1265 3596 1470 3649 cunctis
1497 3595 1703 3648 diebus.
1739 3615 1755 3644 ι

183 3687 300 3742 Hoc
321 3687 703 3753 testimonimn,
733 3687 857 3757 quia
885 3701 1042 3740 nemo
1069 3687 1133 3741 ad
1161 3701 1381 3756 regnum
1415 3684 1619 3741 Iudaici
1665 3701 1760 3755 po-

183 3779 316 3849 puli,
351 3777 435 3834 vel
477 3778 543 3832 ad
589 3778 946 3832 sacerdotium
975 3777 1182 3830 Veteris
1225 3775 1574 3838 'l‘cstamenti,
1602 3783 1651 3829 et
1696 3777 1762 3829 ad

183 3866 538 3925 caeremonias
567 3865 755 3936 prisc:e
797 3865 930 3937 legis
950 3866 1052 3920 rite
1081 3874 1267 3934 aptare
1315 3874 1509 3934 potest,
1545 3879 1762 3918 necesse

183 3965 269 4014 est
297 3964 356 4010 ut
383 3964 551 4011 totum
581 3955 648 4009 ad
687 3970 909 4025 regnum
934 3953 1136 4008 Christi
1175 3963 1228 4008 ct
1256 3954 1613 4007 sacerdotium
1649 3953 1764 4022 ejus

184 4057 238 4103 et
274 4045 476 4102 cultum
520 4044 650 4099 Novi
700 4045 1028 4099 Testamenti
1078 4043 1474 4111 transferatur:
1508 4045 1574 4098 de
1612 4044 1765 4112 cujus

186 4139 340 4210 regni
391 4137 629 4206 potentia
668 4137 846 4190 divina
894 4151 995 4189 vox
1028 4136 1081 4189 in
1114 4135 1329 4204 psalmis
1353 4137 1426 4189 ait
1457 4153 1469 4188 :
1505 4157 1521 4185 ι
1560 4135 1761 4190 Ponant

186 4233 239 4284 in
267 4229 518 4284 smculum
553 4226 732 4282 szeeuli
769 4226 951 4280 sedem
985 4224 1120 4294 ejus,
1151 4234 1206 4279 et
1237 4227 1486 4279 thronum
1526 4224 1663 4292 ejus,
1693 4227 1764 4280 si-

185 4328 280 4374 cut
310 4319 424 4373 dies
462 4317 582 4372 cmli
609 4313 782 4386 (Paul.
819 4315 1104 4387 Lxxxvm):
1133 4335 1151 4366 ι
1184 4315 1258 4370 De
1301 4316 1600 4372 sacerdotio
1638 4332 1764 4371 vero

184 4411 305 4480 ejus
355 4409 428 4464 ita
467 4409 723 4478 scriptum
763 4417 891 4463 est:
936 4428 953 4457 ι
999 4407 1206 4461 Iuravit
1249 4408 1505 4464 Dominus
1554 4419 1609 4464 ct
1656 4426 1760 4464 non

187 4498 472 4568 pcenitebit
499 4512 644 4560 eum,
672 4496 749 4549 Tu
783 4512 845 4550 es
870 4497 1120 4551 sacerdos
1167 4498 1219 4550 in
1266 4506 1525 4553 attentum
1574 4516 1761 4555 secun-

187 4591 316 4643 dum
343 4587 586 4642 ordinem
627 4586 1010 4641 Melchisedech
1040 4587 1209 4656 (Psal.
1240 4590 1371 4660 crs).
1406 4609 1422 4642 ε
1461 4590 1535 4644 De
1567 4607 1672 4659 quo
1698 4592 1763 4644 ad

189 4680 306 4738 IIeli
350 4679 685 4736 sacerdotem
733 4679 894 4733 etiam
935 4679 1112 4734 divina
1158 4696 1260 4733 vox
1297 4681 1372 4735 ait
1415 4681 1464 4752 (I
1491 4680 1616 4752 Reg.
1660 4687 1759 4750 n):

192 4775 477 4830 Suscitabo
521 4773 651 4827 mihi
694 4772 1028 4827 sacerdotem
1073 4771 1300 4835 ﬁdelem,
1353 4773 1443 4841 qui
1473 4771 1624 4840 juxta
1672 4788 1767 4827 cor

193 4879 373 4920 meum
415 4873 469 4918 et
494 4864 726 4917 animam
760 4877 929 4916 meam
975 4861 1172 4914 faciat:
1209 4870 1262 4915 et
1286 4861 1562 4917 :ediﬁcabo
1597 4863 1645 4918 ei
1674 4866 1766 4918 do-

193 4970 341 5008 mum
379 4951 610 5015 ﬁdelem,
641 4961 695 5006 et
720 4951 1016 5006 ambulabit
1043 4966 1222 5004 coram
1253 4950 1466 5006 Christo
1495 4968 1615 5008 meo
1636 4969 1768 5008 cun—

193 5046 296 5099 ctis
320 5043 529 5098 diebus.
564 5041 732 5109 Ilujus
762 5042 1056 5097 sacerdotis
1086 5042 1325 5096 membra
1363 5052 1487 5097 sunt
1526 5043 1617 5098 ﬁlii
1645 5061 1767 5099 san-

195 5142 298 5188 cta:
343 5130 597 5186 Ecclesize
626 5130 922 5195 catholicze,
964 5129 1124 5185 Petro
1169 5138 1476 5195 attestante,
1513 5134 1602 5200 qui
1652 5135 1764 5187 ait:

201 5243 219 5275 ι
256 5223 364 5277 Vos
407 5230 585 5275 autem
617 5221 746 5275 estis
783 5235 949 5289 genus
987 5221 1238 5284 electum,
1283 5231 1337 5274 et
1376 5221 1550 5289 regale
1592 5237 1768 5277 sacer-

196 5317 421 5380 dotium,
463 5331 595 5385 gens
637 5323 840 5378 sancta,
883 5315 1108 5386 populus
1150 5315 1592 5384 acquisitionis(l
1624 5315 1764 5370 Pelr.

197 5408 279 5478 it).
311 5425 326 5458 ι
357 5406 526 5475 Hujus
548 5407 762 5476 quidem
787 5406 1240 5461 holocaustomata
1265 5415 1320 5461 et
1340 5407 1622 5470 sacriﬁcia,
1641 5423 1764 5477 gra-

199 5496 283 5552 tia:
315 5497 425 5550 Deo
450 5495 764 5561 olferuntur,
797 5505 850 5550 et
879 5496 1108 5549 victima:
1129 5496 1482 5566 aceeplabiles
1527 5496 1598 5549 illi
1638 5497 1766 5552 ﬁent

199 5586 403 5640 cunctis
433 5584 641 5638 diebus.

271 5703 286 5730 ς
324 5677 388 5733 Ει
416 5676 618 5732 factum
645 5687 726 5732 est
756 5679 973 5732 verbum
1002 5678 1209 5733 Domini
1253 5684 1314 5734 ad
1355 5680 1660 5747 .Iel‘elniam,
1690 5682 1765 5736 di-

638 5768 898 5830 Ριτιιοι.
936 5773 1092 5832 CXI.

1942 1910 1960 1941 ι
1997 1889 2166 1945 Sicuti
2195 1889 2465 1944 numerari
2497 1903 2600 1944 non
2631 1897 2856 1959 possunt
2883 1888 3048 1948 stella:
3069 1889 3210 1955 emli,
3237 1898 3288 1944 et
3319 1905 3430 1942 me-

1870 2000 1886 2032 ¢
1925 1981 2011 2036 tiri
2069 1996 2246 2035 arena:
2295 1981 2477 2044 maris,
2509 1981 2586 2036 sic
2633 1980 2996 2051 multiplicabo
3042 1995 3222 2035 semen
3266 1983 3433 2035 David

1870 2089 1888 2121 ι
1925 2071 2067 2126 servi
2094 2070 2222 2135 mei,
2252 2079 2308 2126 ct
2334 2069 2520 2124 levitas
2564 2070 2840 2124 ministros
2879 2085 3042 2124 meos.
3081 2089 3099 2120 ι
3132 2071 3349 2140 Legitur
3381 2072 3436 2124 in

1863 2158 2055 2216 Genesi
2119 2158 2280 2231 (Cen.
2354 2160 2514 2232 xvt),
2577 2160 2718 2230 quod
2780 2159 3038 2214 Dominus
3111 2161 3434 2229 promiserat

1862 2251 2090 2305 Abraha:
2117 2264 2299 2305 semen
2324 2249 2442 2320 ejus
2471 2263 2530 2318 se
2559 2248 3030 2319 multiplicaturum
3080 2251 3218 2305 sicut
3253 2251 3436 2304 stellas

1862 2339 2004 2403 coeli,
2035 2346 2089 2394 et
2110 2339 2254 2394 velut
2273 2353 2491 2393 arenam
2522 2354 2641 2407 quae
2667 2347 2747 2392 est
2775 2339 2828 2392 in
2853 2337 3034 2392 littore
3057 2339 3221 2393 maris
3246 2357 3257 2391 :
3290 2341 3432 2408 quod

1863 2429 2048 2498 procul
2096 2429 2258 2484 dubio
2289 2439 2504 2483 constat
2541 2443 2723 2483 semen
2755 2428 2870 2498 ejus
2898 2428 3133 2497 spiritale
3181 2429 3436 2496 multipli-

1863 2519 2092 2573 candum
2139 2534 2257 2573 esse
2306 2519 2356 2573 in
2405 2517 2642 2573 Ecclesia
2697 2518 2898 2586 absque
2940 2531 3186 2581 numero,
3227 2526 3283 2572 et
3319 2515 3434 2583 ejus

1860 2624 2124 2662 summam
2155 2608 2253 2663 soli
2284 2607 2392 2663 Deo
2419 2607 2685 2677 cognitam
2709 2620 2845 2671 esse,
2888 2606 2978 2674 qui
3009 2614 3256 2660 numerat
3299 2607 3434 2660 mulo

1863 2699 2141 2753 titudincm
2191 2697 2488 2764 stellarum,
2513 2705 2568 2752 et
2595 2696 2845 2751 omnibus
2871 2696 2950 2750 eis
2997 2696 3209 2750 nomina
3241 2706 3393 2751 vocat
3418 2709 3432 2747 :

1861 2790 2014 2861 cujus
2042 2805 2262 2862 regnum
2291 2806 2395 2845 non
2419 2791 2523 2846 erit
2544 2788 2684 2855 ﬁnis,
2707 2797 2762 2843 et
2783 2788 3012 2844 ministri
3041 2797 3359 2857 permanent
3378 2789 3432 2841 in

1862 2881 2136 2937 saeculum.

1937 2990 1954 3022 ι
1989 2971 2056 3025 Ει
2084 2971 2280 3025 factum
2309 2980 2393 3025 est
2417 2971 2636 3025 verbum
2680 2969 2887 3023 Domini
2918 2968 2983 3022 ad
3012 2966 3322 3030 Jercmiam,
3353 2967 3433 3020 di~

1867 3078 1886 3110 ι
1922 3075 2085 3115 cens:
2120 3059 2370 3129 Nunquid
2399 3075 2502 3113 non
2527 3059 2702 3113 vidisti
2731 3059 2870 3128 quod
2907 3057 3132 3128 populus
3175 3057 3261 3111 hic
3291 3057 3435 3109 Iocu-

1788 3137 1832 3199 C
1871 3169 1888 3204 ι
1928 3161 2014 3206 tus
2041 3152 2113 3206 sit
2139 3151 2324 3206 dicens
2349 3169 2360 3203 :
2389 3150 2515 3204 Duze
2541 3150 2884 3220 cognationes
2903 3162 3036 3217 quas
3062 3146 3295 3216 elegerat.
3328 3146 3433 3199 Do-

1866 3259 1884 3292 ‹
1922 3241 2099 3296 minus
2126 3239 2349 3311 abjccta:
2399 3246 2544 3300 sunt,
2587 3247 2640 3292 et
2685 3236 2935 3307 populum
2981 3251 3157 3289 meum
3184 3235 3462 3310 despexe.

1868 3351 1886 3384 ι
1927 3339 2071 3395 runt,
2099 3344 2163 3384 eo
2191 3331 2331 3400 quod
2362 3345 2467 3384 non
2507 3328 2578 3382 sit
2615 3327 2748 3380 ultra
2796 3341 2925 3393 gens
2953 3339 3134 3378 coram
3179 3323 3276 3377 eis.
3309 3322 3434 3377 Ilaec

1867 3438 1885 3472 ‹
1920 3421 2048 3474 dicit
2093 3418 2393 3472 Dominus:
2428 3415 2486 3470 Si
2527 3423 2739 3486 pactum
2790 3429 2965 3468 meum
3013 3413 3154 3467 inter
3194 3413 3332 3468 dicm
3381 3423 3438 3465 et

1866 3528 1884 3560 ι
1920 3517 2156 3572 noctem,
2183 3507 2401 3576 etleges
2427 3504 2547 3559 οωιί
2578 3514 2633 3558 ct
2661 3513 2815 3557 terra:
2842 3518 2948 3556 non
2979 3502 3153 3570 posui,
3182 3502 3433 3570 equidem

1871 3617 1888 3650 ι
1927 3609 1983 3653 et
2007 3614 2188 3653 semen
2213 3598 2377 3651 Iacob
2402 3595 2567 3649 David
2610 3594 2748 3649 servi
2789 3594 2892 3648 mei
2915 3593 3211 3663 projiciam,
3240 3601 3297 3646 ut
3323 3609 3430 3646 non

1869 3707 1887 3740 ι
1927 3703 2195 3744 assumant
2223 3687 2288 3741 de
2314 3686 2517 3741 semine
2549 3684 2664 3754 ejus
2699 3684 2966 3754 principes
3003 3682 3223 3736 seminis
3260 3682 3432 3735 Abra-

1871 3803 1887 3833 ‹
1926 3783 2071 3844 ham,
2101 3790 2155 3835 et
2193 3780 2364 3843 Isaac,
2400 3787 2452 3832 et
2487 3774 2692 3830 Jacob:
2726 3775 2975 3830 reducam
3020 3773 3161 3828 cnim
3207 3787 3431 3828 conver-

1869 3893 1885 3924 ι
1926 3873 2129 3927 sionem
2160 3884 2366 3934 eorum,
2399 3878 2454 3922 et
2479 3867 2771 3920 m'sercbor
2804 3865 2902 3919 eis.
2940 3883 2962 3913 ›
2986 3862 3177 3918 Veraci
3220 3862 3436 3916 ratioci-

1864 3967 2077 4021 natione
2119 3973 2172 4016 et
2220 3977 2456 4031 congrua
2503 3958 2848 4014 similitudine
2898 3955 3158 4024 loquelam
3205 3954 3437 4008 hosﬁum

1865 4057 2233 4113 insultantium
2265 4053 2460 4124 populo
2487 4050 2580 4105 Dei
2616 4048 2914 4114 confundit,
2965 4046 3088 4116 quia
3115 4046 3250 4098 sicut
3294 4043 3438 4110 leges

1863 4149 1986 4204 cmli
2013 4157 2067 4201 et
2093 4153 2281 4208 terrze,‘
2303 4144 2404 4198 diei
2435 4152 2488 4195 et
2532 4141 2705 4195 noctis
2734 4140 2784 4192 in
2813 4138 3000 4193 ordine
3028 4136 3125 4191 sibi
3157 4135 3435 4203 disposito,

1864 4249 1917 4294 et
1954 4253 2097 4292 nunc
2136 4235 2422 4290 l‘usibiliter
2445 4232 2739 4304 persistunt
2769 4247 2780 4285 :
2816 4230 2896 4284 sic
2921 4238 2980 4294 et
3002 4227 3285 4296 promissio
3316 4227 3434 4288 Dei.

1863 4344 1981 4398 qua:
2015 4331 2080 4382 ad
2111 4335 2294 4396 patres
2340 4325 2479 4378 facta
2511 4331 2596 4378 est
2635 4322 2702 4376 de
2747 4321 2949 4375 semine
2993 4332 3180 4372 eorum
3221 4317 3439 4371 omnino

1865 4417 2073 4480 stabilis
2121 4417 2211 4479 sit,
2260 4425 2317 4469 et
2363 4415 2465 4467 ﬁxa
2501 4412 2615 4484 lege
2650 4417 2946 4481 permanet.
2991 4406 3130 4460 Duas
3166 4407 3441 4476 cognatio-

1869 4525 1964 4563 nes
1990 4522 2124 4577 qnas
2152 4505 2384 4574 elegerat
2422 4502 2711 4578 Dominus,.
2742 4500 2856 4553 sive
2898 4495 3128 4567 regalem
3159 4503 3322 4564 atque
3347 4512 3436 4548 sa-

1869 4599 2190 4654 cerdotalem
2217 4597 2460 4664 stirpem,
2490 4594 2600 4647 sive
2629 4593 2762 4645 duas
2788 4589 2959 4643 tribus
2987 4603 3104 4657 qua:
3141 4585 3357 4640 fuerunt
3386 4586 3438 4637 in

1865 4689 2162 4746 Jerusalem
2183 4729 2196 4750 ,
2223 4697 2276 4741 et
2301 4688 2484 4740 decem
2517 4685 2688 4738 tribus
2723 4696 2842 4752 qua:
2869 4680 3082 4734 fuerunt
3107 4678 3157 4730 in
3187 4676 3432 4730 Samaria

1872 4797 2154 4852 possumus
2213 4779 2527 4848 intelligere.
2590 4777 2696 4831 llas
2750 4789 2877 4844 ergo
2927 4771 3087 4842 elegit
3139 4769 3436 4829 Dominus,

1873 4875 2084 4945 quando
2119 4871 2524 4943 promissionem
2574 4870 2640 4923 ad
2678 4875 2860 4937 patres
2900 4879 3085 4918 eorum
3130 4861 3352 4924 fecerat,
3383 4869 3442 4913 ut

1868 4966 2019 5019 daret
2045 4963 2233 5018 semini
2262 4976 2448 5017 eorum
2486 4969 2687 5015 terram
2731 4956 2979 5010 ﬂuentem
3004 4953 3140 5006 laete
3167 4959 3225 5005 et
3250 4949 3439 5010 melle;

1868 5054 1961 5108 sed
1985 5053 2106 5106 licet
2131 5051 2346 5121 plurimi
2385 5065 2569 5103 eorum
2601 5064 2630 5102 a
2657 5047 2743 5102 via
2780 5044 3023 5099 veritatis
3048 5042 3436 5102 aberraverint,

1867 5144 2107 5214 plerique
2131 5150 2307 5196 tamen
2338 5142 2390 5194 in
2413 5149 2556 5194 statu
2583 5149 2742 5192 recta:
2764 5136 2963 5192 ﬁdei‘et
2997 5137 3146 5188 bona:
3169 5135 3436 5202 operatio-

1869 5235 1951 5288 nis
1985 5231 2195 5302 probati
2230 5231 2427 5284 inventi
2477 5236 2620 5292 sunt,
2649 5229 2773 5296 quia
2812 5242 2877 5280 ex
2930 5225 3060 5292 ipsis
3108 5223 3331 5292 apostoli
3382 5233 3437 5276 et

1868 5321 2141 5391 primitiva
2185 5322 2236 5374 in
2284 5319 2579 5374 Jerusalem
2629 5316 2866 5372 Ecclesia
2913 5313 3158 5376 exstitit,
3207 5328 3325 5381 qua:
3381 5315 3432 5364 in

1871 5412 2112 5466 doctrina
2165 5411 2472 5481 evangelica
2520 5407 2849 5464 nobilissima
2893 5414 2948 5458 et
2988 5403 3090 5458 ﬁde
3131 5402 3436 5455 ﬁrmissima

1871 5505 2084 5557 inventa
2129 5510 2229 5555 est.
2281 5501 2406 5556 Hme
2442 5508 2494 5554 et
2543 5498 2740 5553 Paulus
2779 5497 2989 5552 videtur
3036 5494 3310 5548 insinuare
3350 5494 3437 5547 ubi

1870 5594 1943 5646 ait
1968 5609 1980 5645 :
2010 5611 2027 5642 ι
2062 5593 2198 5658 Quid
2225 5607 2352 5662 ergo
2375 5591 2516 5660 quod
2543 5589 2817 5659 qumrebat
2848 5585 3010 5642 Israel
3039 5600 3142 5638 non
3187 5592 3269 5638 est
3311 5598 3421 5637 con

1871 5688 2118 5747 secutus,
2161 5680 2350 5736 electio
2394 5688 2569 5735 autem
2612 5685 2896 5733 consecuta
2940 5683 3047 5756 est,
3093 5673 3270 5729 ea‘teri
3315 5685 3438 5726 vero

2916 5768 2991 5832 3's
