3952 6306
503 322 635 379 1067

1139 326 1197 379 Β.
1240 325 1493 382 llABANl
1531 325 1749 383 MAURI
1788 319 2105 380 ARCHIEP.
2152 316 2455 377 :nUGUNT.
2498 320 2785 378 OPERUM’
2819 322 2999 379 PARS
3036 323 3120 383 Ill.

3637 322 3766 381 ιθα

499 441 754 502 οιοωοδιί
786 448 912 496 sunt
939 438 1113 510 (Rom.
1142 440 1239 501 xx).
1276 458 1293 490 ι
1338 438 1406 492 Et
1447 439 1575 493 item
1603 456 1615 492 :
1648 455 1666 489 ‹
1701 436 1952 506 Nunquid
1994 449 2078 489 re-
2106 434 2155 493 A
2187 448 2207 481 ε
2254 430 2476 499 liberos,
2506 440 2561 486 et
2590 446 2929 503 nequaquam
2967 431 3376 489 dominarentur
3408 436 3519 503 eis,
3554 436 3618 492 id
3661 445 3769 505 est,

499 534 635 607 pulit
662 532 804 588 Deus
823 529 1078 602 populum
1109 529 1301 599 suum?
1328 528 1489 583 absit.
1521 527 1658 583 Nam
1694 535 1748 583 et
1785 541 1885 597 ego
1912 526 2083 582 Israe-

497 626 593 680 lita
623 639 741 679 sum
776 635 839 677 ex
872 620 1075 675 semine
1108 619 1378 675 Abraham
1424 620 1489 674 de
1530 619 1674 674 tribu
1718 617 2017 688 Benjamin.
2055 636 2075 670 ι

499 718 653 777 Unde
679 711 1025 771 manifestum
1062 720 1146 766 est
1171 711 1315 781 quod
1346 726 1451 765 non
1481 710 1676 780 abjecit
1708 709 1969 762 Dominus
1989 722 2081 778 po-

492 786 681 881 pulum
704 820 859 861 suum
883 817 1043 873 quem
1067 802 1303 873 elegerat
1322 801 1473 872 juxta
1501 799 1871 854 insultantium
1897 813 2077 863 voces,

494 898 546 955 si
572 899 637 954 de
654 895 862 953 semine
882 884 1053 948 David
1073 891 1361 960 assumpsit
1383 890 1653 961 principes
1675 888 1896 943 seminis
1918 886 2084 941 Abra-

496 990 646 1054 ham,
677 994 733 1042 et
759 986 933 1051 Isaac,
962 992 1017 1039 et
1041 981 1207 1038 Jacob
1234 982 1288 1036 in
1321 988 1658 1050 perpetuum.
1701 980 1776 1033 De
1800 976 1995 1047 quibus
2025 976 2080 1031 in

494 1076 722 1145 psalmis
762 1075 1023 1147 scriptum
1063 1083 1185 1129 est:
1216 1092 1234 1122 ι
1262 1072 1368 1127 Pro
1408 1070 1653 1141 patribus
1681 1069 1789 1123 tuis
1810 1069 1920 1123 nati
1955 1073 2081 1124 sunt

498 1166 595 1223 t.bi
625 1165 719 1220 filii
744 1182 755 1217 :
789 1163 1086 1219 constitues
1126 1177 1218 1217 eos
1251 1159 1519 1231 prinCipes
1548 1172 1711 1227 super
1731 1171 1945 1211 omnem
1970 1164 2079 1213 ter-

494 1272 613 1313 ram
649 1274 661 1311 :
699 1235 969 1311 memores
994 1261 1154 1309 erunt
1175 1252 1408 1307 nominis
1437 1251 1531 1315 tui,
1555 1250 1802 1315 Domine,
1844 1249 1897 1303 in
1928 1248 2078 1305 omni

495 1348 842 1422 generatione
867 1355 922 1403 et
950 1346 1207 1418 progenie
1234 1343 1404 1418 (Psal.
1430 1344 1595 1417 xuv).
1627 1363 1647 1396 ›

1029 1456 1257 1514 CAPUT
1301 1454 1541 1512 XXXIV.

495 1550 659 1607 Pana
686 1550 975 1621 eorumqui
1000 1564 1102 1603 non
1127 1548 1389 1621 dimittunt
1411 1562 1581 1621 seruos
1617 1554 1663 1621 et
1703 1545 1922 1600 ancillas
1950 1545 2078 1621 libe-

564 1638 648 1675 ros
673 1662 688 1687 ,
739 1615 985 1691 quod'in
1035 1618 1222 1688 templo
1268 1632 1385 1671 cum
1444 1615 1769 1670 solemnitate
1818 1616 2072 1685 promise-

564 1701 704 1746 runt.

571 1819 589 1853 ι
629 1800 865 1857 Verbum
909 1797 1050 1868 quod
1108 1796 1304 1851 factum
1348 1807 1433 1851 est
1481 1796 1547 1850 ad
1582 1795 1871 1852 Jeremiam
1907 1812 1937 1851 a
1971 1796 2078 1853 Do-
2102 1777 2151 1837 Β

497 1910 517 1943 ι
563 1893 732 1954 mino,
774 1890 991 1959 quando
1018 1886 1513 1942 Nabuchodonosor
1552 1901 1643 1940 rex
1691 1887 1995 1958 Babylonis,
2022 1896 2078 1943 et

496 1970 518 2035 ᾇ
561 1984 740 2039 omnis
775 1981 1047 2037 exercitus
1090 1979 1230 2051 ejus,
1275 1980 1631 2049 universaque
1681 1994 1844 2049 regna
1894 1989 2073 2044 terrae,

494 2090 518 2126 ο
562 2088 684 2146 qua:
704 2081 859 2129 erant
898 2073 996 2126 sub
1038 2079 1305 2141 potestate
1345 2083 1555 2135 manus,
1589 2079 1643 2125 et
1673 2085 1861 2125 omnes
1896 2070 2074 2140 populi

494 2182 517 2218 ι
562 2154 833 2220 bellabant
861 2169 1047 2218 contra
1082 2158 1379 2215 Jerusalem
1424 2165 1480 2212 et
1526 2166 1713 2214 contra
1753 2173 1946 2215 omn's
1988 2176 2078 2214 ur-

491 2271 516 2308 c
556 2255 651 2309 bes
672 2249 807 2321 ejus,
838 2251 1061 2305 dicens:
1105 2248 1227 2303 Haec
1264 2248 1392 2303 dicit
1420 2247 1676 2302 Dominus
1706 2248 1845 2302 Deus
1870 2248 2072 2303 lsrael:

494 2364 514 2399 ι
561 2342 710 2400 Vade
733 2350 790 2398 et
814 2341 1031 2410 loquere
1061 2338 1129 2393 ad
1152 2337 1470 2393 Sedeehiam
1504 2351 1680 2407 regem
1721 2336 1877 2403 Juda,
1917 2345 1974 2393 et
1997 2337 2077 2392 di-

494 2456 514 2490 ι
565 2427 656 2495 ces
681 2436 747 2491 ad
788 2451 950 2490 eum:
986 2431 1115 2487 Hmc
1151 2432 1281 2487 dicit
1327 2430 1586 2487 Dominus
1617 2449 1627 2482 :
1666 2431 1802 2486 Ecce
1837 2445 1937 2501 ego
1968 2439 2079 2485 tra-

493 2549 511 2582 ι
560 2529 683 2583 dam
720 2526 990 2582 civitatem
1020 2524 1161 2578 hanc
1200 2522 1253 2576 in
1291 2536 1452 2576 manu
1497 2521 1642 2592 regis
1683 2521 1991 2593 Babylonis,
2022 2532 2079 2577 et

494 2638 511 2669 ε
559 2615 852 2679 succendet
906 2629 1026 2669 eam
1064 2612 1192 2683 igni,
1224 2620 1281 2666 et
1322 2621 1376 2665 tu
1422 2626 1527 2665 non
1561 2610 1785 2682 effugies
1813 2612 1880 2667 de
1914 2627 2075 2667 manu

494 2728 513 2759 ι
560 2706 700 2776 ejus,
746 2705 842 2762 sed
875 2702 1359 2774 comprehensione
1407 2701 1666 2773 capieris,
1718 2712 1773 2757 et
1818 2703 1870 2757 in
1915 2718 2077 2757 manu

493 2815 514 2849 ι
555 2795 672 2868 ejus
692 2794 946 2860 traderis,
969 2801 1023 2848 et
1044 2792 1183 2847 oculi
1212 2792 1287 2845 tui
1317 2792 1502 2848 oculos
1526 2792 1669 2861 regis
1691 2790 1978 2863 Babylonis
2004 2792 2079 2846 vi-

495 2907 514 2942 r
558 2887 778 2953 debunt,
802 2894 858 2941 et
892 2899 954 2939 os
990 2882 1108 2952 ejus
1138 2898 1258 2938 cum
1282 2897 1378 2937 ore
1404 2891 1494 2936 tuo
1522 2881 1794 2951 loquetur,
1823 2887 1879 2935 et
1906 2880 2078 2951 Baby-

497 2998 516 3031 ι
564 2978 737 3034 Ionem
786 2974 1053 3030 introibis.
1100 2973 1352 3028 Attamen
1394 2970 1515 3025 audi
1570 2972 1792 3026 verbum
1842 2970 2074 3035 Domini,

495 3052 519 3122 ἐ
563 3066 824 3124 Sedechia
871 3081 963 3121 rex
1007 3062 1183 3119 Juda;
1218 3062 1344 3118 limo
1383 3062 1512 3117 dicit
1560 3063 1821 3117 Dominus
1865 3061 1929 3115 ad
1982 3069 2070 3115 te:

496 3144 519 3213 ιν
560 3158 677 3214 Νοη
703 3156 953 3214 morieris
1002 3156 1056 3209 in
1103 3154 1300 3224 gladio,
1345 3154 1439 3207 sed
1468 3153 1520 3205 in
1552 3167 1683 3221 pace
1712 3151 1994 3205 morieris:
2020 3157 2075 3203 et
2104 3120 2146 3182 C

497 3270 516 3304 ο
559 3250 856 3308 secundum
900 3246 1300 3303 combustiones
1348 3253 1562 3315 [nitrum
1624 3252 1840 3298 tuorum
1891 3257 2079 3311 regum

498 3361 522 3406 r
567 3342 831 3414 priorum,
862 3338 953 3408 qni
984 3323 1201 3399 fuerunt
1240 3343 1365 3389 ante
1397 3342 1467 3395 te,
1521 3334 1599 3388 sic
1641 3333 1958 3387 comburent
1989 3339 2076 3385 te:

495 3452 514 3484 ι
562 3441 616 3488 et
644 3446 745 3495 ναι,
777 3429 1027 3493 Domine,
1062 3425 1316 3496 plangent
1342 3434 1416 3490 te,
1439 3424 1562 3492 quia
1590 3423 1814 3477 verbum
1853 3423 1955 3477 hoc
1980 3436 2080 3492 ego

496 3540 515 3573 ι
562 3521 772 3577 locutus
798 3533 938 3581 sum,
969 3516 1101 3570 dicit
1144 3515 1421 3569 Dominus.
1463 3511 1529 3566 Et
1563 3511 1774 3566 lecutus
1812 3519 1893 3566 est
1930 3509 2081 3566 Jere-

497 3628 516 3662 ι
565 3610 703 3665 mias
731 3607 989 3678 propheta
1020 3606 1087 3659 ad
1114 3603 1432 3660 Sedechiam
1459 3617 1636 3673 regem
1662 3600 1798 3656 Juda
1831 3602 2079 3657 universa

496 3719 516 3753 ι
555 3700 722 3755 verba
764 3699 877 3753 hrcc
907 3696 959 3751 in
995 3694 1314 3759 Jerusalem,
1344 3702 1399 3748 et
1427 3701 1614 3749 contra
1662 3707 1852 3746 omnes
1893 3691 2082 3746 civita-

498 3810 517 3844 ι
565 3799 646 3847 tes
669 3788 828 3854 Juda,
854 3800 974 3856 quae
994 3784 1217 3855 reliquae
1241 3791 1397 3839 erant
1431 3794 1619 3838 contra
1648 3781 1841 3837 Lachis
1876 3790 1933 3836 et
1954 3796 2082 3839 con-

498 3900 518 3935 c
563 3891 646 3937 tra
674 3878 884 3936 Areeba
920 3895 933 3932 :
974 3877 1090 3932 haec
1132 3875 1277 3931 enim
1317 3882 1633 3945 supererant
1669 3874 1736 3927 de
1775 3873 2082 3929 civitatibus

498 3988 520 4024 ο
560 3970 697 4026 Juda
723 3964 886 4024 urbes
914 3967 1151 4021 munitae.
1188 3984 1207 4018 ι
1241 3963 1535 4035 (ΜΑυῐὶυδ.)
1561 3963 1713 4017 Licet
1744 3979 1833 4019 rex
1866 3964 2082 4031 nequis-

495 4059 667 4116 simus
716 4055 1028 4119 Sedechias,
1054 4054 1119 4108 de
1155 4068 1263 4122 quo
1308 4051 1585 4122 Scriptura
1617 4049 1804 4115 refert,
1835 4052 1975 4121 quod
2007 4051 2082 4107 fe-

493 4147 639 4205 cerit
661 4146 862 4201 malum
891 4159 1075 4200 coram
1103 4143 1350 4207 Domino,
1392 4142 1546 4212 juxta
1582 4142 1761 4197 omnia
1795 4158 1913 4213 qure
1943 4142 2080 4199 fece-

498 4250 583 4297 rat
623 4239 894 4304 Joacbim,
925 4237 1174 4308 indignus
1222 4235 1384 4291 fuerit
1425 4236 1794 4293 misericordia
1848 4237 2078 4304 Domini,

496 4339 683 4386 tamen
742 4327 998 4398 quoniam
1060 4326 1438 4383 miserationes
1506 4326 1718 4381 Domini
1776 4343 1982 4399 magum
2028 4340 2085 4385 et

2190 542 2210 576 ι
2256 524 2312 579 in
2347 522 2533 579 Judzeo
2585 533 2640 579 et
2685 522 2853 579 fratre
2905 539 3025 581 suo.
3070 524 3372 581 Audierunt
3404 542 3537 599 ergo
3580 540 3771 584 omnes

2190 635 2207 668 ι
2255 615 2526 686 principes
2552 622 2608 670 et
2632 615 2917 672 universus
2941 614 3190 695 populus,
3208 617 3301 687 qui
3324 617 3521 673 inierat
3547 628 3770 690 pactum

2190 728 2208 759 ι
2254 716 2314 763 ut
2340 708 2633 763 dimitteret
2659 708 3027 779 unusquisque
3062 710 3277 764 servum
3318 724 3491 772 suum,
3525 721 3581 765 et
3606 724 3771 765 unus-

2188 817 2207 849 ι
2252 798 2478 867 quisque
2491 797 2739 852 ancillam
2755 811 2908 852 suam
2924 797 3145 864 liberos,
3166 797 3372 853 etultra
3401 815 3509 853 non
3533 802 3767 856 domina-

2187 908 2204 939 ‹
2250 896 2443 943 rentur
2468 888 2522 942 in
2569 888 2670 943 eis.
2723 886 3027 943 Audierunt
3056 888 3221 960 igitur
3246 895 3300 943 et
3334 888 3677 955 dimiserunt,
3711 900 3769 945 et

2186 996 2207 1031 ι
2248 979 2496 1035 conversi
2519 987 2644 1034 sunt
2668 979 2922 1049 deinceps
2947 987 3002 1035 et
3033 987 3601 1036 retraxerunt-servos
3642 996 3769 1037 suos

2187 1086 2205 1120 ι
2248 1077 2302 1124 et
2342 1068 2567 1123 ancillas
2602 1083 2750 1133 suas,
2781 1083 2920 1150 quos
2948 1067 3270 1123 dimiserunt
3298 1069 3517 1135 liberos,
3549 1076 3606 1123 et
3639 1070 3766 1123 sub-

2184 1178 2203 1211 ι
2241 1156 2567 1230 jugaverunt
2604 1159 2661 1214 in
2691 1157 2923 1213 famulos
2951 1165 3004 1213 et
3046 1157 3297 1213 famulas.
3346 1160 3413 1213 Et
3456 1158 3771 1215 factumest

2182 1267 2205 1302 ί
2250 1250 2473 1305 verbum
2506 1249 2721 1305 Domini
2764 1250 2830 1305 ad
2856 1249 3173 1318 Jeremiam,
3213 1267 3245 1306 a
3270 1251 3505 1307 Domino
3538 1252 3727 1307 dicens
3748 1270 3767 1305 :

2183 1357 2203 1391 α
2249 1338 2375 1395 Hinc
2405 1340 2536 1395 dicit
2555 1340 2823 1395 Dominus
2854 1330 2997 1396 Deus
3023 1339 3188 1396 Israel
3214 1359 3225 1394 :
3258 1341 3369 1411 Ego
3396 1341 3641 1411 percussi
3670 1338 3769 1397 fte-

2182 1446 2204 1481 σ
2249 1429 2350 1486 dus
2373 1441 2502 1486 'cum
2531 1430 2779 1500 patribus
2809 1432 3009 1488 vestris
3040 1433 3093 1486 in
3136 1432 3223 1487 die
3251 1448 3356 1502 qua
3386 1432 3548 1487 eduxi
3579 1447 3677 1488 eos
3705 1432 3773 1487 de

2182 1539 2202 1572 ε
2247 1530 2393 1577 terra
2439 1519 2678 1593 Egypti,
2724 1522 2791 1577 de
2838 1523 2998 1578 domo
3042 1522 3343 1588 servitutis,
3368 1523 3560 1579 dicens
3588 1541 3602 1576 :
3635 1522 3770 1578 Cum

2183 1631 2202 1665 ι
2247 1612 2500 1683 completi
2544 1611 2744 1668 fuerint
2790 1623 2998 1684 septem
3029 1617 3179 1683 anni,
3212 1617 3448 1671 dimittat
3485 1614 3771 1687 unusquis-

2182 1724 2202 1756 ς
2245 1718 2351 1775 que
2396 1703 2619 1760 fratrem
2664 1691 2820 1760 suum
2851 1705 3153 1770 ﬂebrteum,
3184 1707 3273 1776 qui
3314 1706 3567 1761 venditus
3592 1716 3677 1761 est
3698 1708 3765 1768 ei,

2185 1814 2203 1847 ε
2244 1806 2299 1852 et
2321 1796 2519 1852 serviet
2545 1796 2642 1872 tibi
2670 1812 2764 1851 sex
2795 1796 2973 1862 annis,
2995 1803 3052 1851 et
3079 1795 3316 1853 dimittes
3344 1811 3469 1850 eum
3495 1811 3527 1850 a
3554 1802 3609 1851 te
3639 1795 3771 1851 libe-

2185 1910 2203 1943 ι
2251 1874 2369 1945 rum
2400 1907 2412 1944 :
2451 1898 2506 1946 et
2536 1904 2644 1945 non
2682 1888 2968 1943 audierunt
3012 1896 3196 1958 patres
3217 1889 3385 1942 vestri
3412 1903 3523 1953 me,
3554 1896 3655 1942 nec
3684 1887 3769 1941 in-

2185 1998 2202 2030 α
2249 1980 2587 2035 clinaverunt
2630 1992 2814 2032 aurem
2862 1992 3013 2032 suam
3051 1995 3063 2030 :
3096 1987 3151 2032 et
3197 1977 3444 2032 conversi
3495 1977 3626 2032 estis
3676 1992 3770 2031 vos

2184 2089 2201 2121 ι
2249 2069 2430 2134 hodie,
2480 2078 2535 2123 et
2581 2067 2783 2123 fecistis
2811 2069 2952 2137 quod
2987 2076 3189 2123 rectum
3222 2076 3307 2123 est
3330 2067 3381 2121 in
3414 2068 3587 2122 oculis
3609 2067 3768 2130 meis,

2183 2181 2201 2213 ι
2248 2170 2307 2215 ut
2326 2160 2702 2230 .prtedicaretis
2726 2159 3031 2216 libertatem
3057 2160 3423 2229 unusquisque
3445 2158 3512 2213 ad
3534 2162 3768 2214 amicum

2183 2270 2201 2303 ι
2242 2265 2444 2306 suum:
2476 2249 2629 2304 etin
2689 2249 2810 2304 istis
2856 2258 3069 2319 pactum
3124 2249 3180 2304 in
3221 2257 3512 2320 conspectu
3554 2263 3678 2304 meo
3711 2249 3767 2304 in

2180 2362 2201 2395 ‹
2245 2342 2425 2407 domo,
2458 2341 2511 2395 in
2542 2355 2647 2411 qua
2672 2341 2975 2396 invocatum
3006 2348 3089 2400 est
3115 2355 3308 2396 nomen
3348 2356 3529 2396 meum
3553 2358 3566 2395 :
3592 2348 3653 2396 et
3685 2355 3769 2396 re-

2184 2454 2203 2487 (
2244 2435 2386 2490 versi
2416 2435 2547 2490 estis
2574 2443 2634 2491 et
2655 2435 3088 2491 commaculastis
3131 2450 3327 2492 nomen
3356 2451 3559 2501 meum,
3586 2444 3646 2490 et
3678 2449 3768 2489 re-

2184 2542 2203 2576 ‹
2249 2524 2482 2580 duxistis
2503 2523 2873 2595 unusquisque
2919 2538 3132 2579 servum
3168 2540 3347 2589 suum,
3386 2532 3442 2578 et
3473 2523 3768 2593 unusquis-

2182 2636 2204 2669 ‹
2250 2632 2356 2688 que
2400 2615 2650 2673 ancillam
2700 2632 2851 2673 suam
2880 2631 3015 2687 quos
3057 2616 3362 2682 dimisistis,
3398 2626 3460 2671 ut
3489 2624 3672 2671 essent
3700 2614 3768 2669 li-

2185 2727 2203 2759 ι
2242 2708 2363 2764 beri
2388 2715 2443 2762 et
2471 2722 2583 2763 sua:
2605 2709 2891 2778 potestatis
2935 2727 2949 2761 :
2995 2716 3052 2763 et
3081 2706 3406 2779 subjugastis
3427 2722 3540 2770 eos,
3567 2714 3625 2759 ut
3656 2706 3769 2759 sint

2184 2817 2204 2850 ι
2248 2799 2403 2855 vobis
2432 2798 2574 2854 servi
2609 2806 2663 2854 et
2688 2798 2914 2863 ancillae,
2946 2808 2969 2851 ι
3002 2807 3108 2855 etc.
3142 2798 3301 2853 Patet
3328 2799 3432 2853 hoc
3458 2797 3597 2862 loco,
3619 2796 3770 2866 quod

2179 2888 2316 2943 nihil
2350 2888 2602 2959 proficiat
2628 2887 2846 2945 cuilibet
2881 2888 3081 2944 bonum
3110 2889 3384 2953 inchoare,
3417 2888 3461 2942 si
3504 2902 3610 2942 non
3651 2894 3770 2940 stu-

2179 2980 2357 3035 duerit
2404 2979 2536 3035 illud
2578 2980 2644 3034 ad
2697 2980 2898 3035 bonum
2944 2978 3104 3035 finem
3150 2980 3476 3049 perducere:
3506 2977 3766 3049 quoniam

2186 3088 2205 3120 ι
2233 3070 2324 3139 qui
2352 3069 2778 3139 perseveraverit
2823 3084 2993 3139 usque
3020 3071 3072 3123 in
3109 3069 3296 3135 finem,
3325 3070 3414 3124 hic
3451 3069 3631 3123 salvus
3657 3068 3767 3124 erit

2181 3156 2394 3229 (Matth.
2423 3158 2594 3231 xxxv).
2628 3178 2646 3211 ι
2681 3158 3014 3228 leceptum
3047 3174 3177 3229 ergo
3208 3158 3380 3214 fuerat
3402 3159 3557 3229 legis,
3580 3166 3639 3213 ut
3666 3158 3768 3214 filii

2179 3248 2342 3304 Israel
2374 3246 2571 3314 fratres
2608 3263 2733 3304 suos
2761 3264 2867 3304 non
2909 3249 3214 3304 invenirent
3241 3249 3548 3304 conditione
3578 3262 3767 3304 servo-

2180 3351 2322 3401 rum,
2357 3350 2460 3391 nec
2504 3334 2802 3408 aﬂligerent
2854 3353 2954 3407 per
2997 3338 3328 3407 potentiam,
3380 3339 3473 3392 sed
3524 3346 3768 3407 tempore

2180 3422 2473 3481 constituto
2506 3435 2910 3482 reverterentur
2937 3427 3003 3481 ad
3039 3427 3411 3498 cognationem
3446 3437 3501 3482 et
3544 3441 3767 3496 posses-

2179 3517 2383 3573 sionem
2413 3525 2630 3588 patrum
2670 3531 2927 3572 suorum:
2962 3517 3331 3587 baberentque
3367 3527 3640 3597 servoset
3668 3532 3769 3571 an-

2179 3610 2330 3666 cillas
2368 3610 2435 3667 de
2478 3609 2790 3665 nationibus
2820 3623 2937 3679 quze
2968 3609 3022 3664 in
3065 3607 3295 3663 circuitu
3334 3622 3522 3663 eorum
3558 3617 3762 3662 essent.

2180 3699 2335 3768 Quod
2376 3698 2617 3755 volentes
2656 3697 2948 3767 Sedecbias
2972 3706 3028 3753 et
3054 3696 3280 3767 populus
3306 3696 3396 3764 qui
3436 3696 3615 3750 fuerat
3640 3711 3766 3750 cum

2180 3808 2245 3849 eo
2270 3805 2487 3848 servare
2514 3790 2880 3861 promiserunt
2907 3802 2966 3843 se
2990 3789 3091 3843 hoc
3115 3786 3373 3849 facturos,
3398 3786 3490 3841 sed
3518 3786 3766 3841 conversi

2182 3892 2479 3941 retrorsum
2508 3886 2854 3949 retraxerunt
2891 3893 3077 3934 servos
3106 3886 3166 3932 et
3196 3876 3419 3933 ancillas
3445 3890 3594 3938 suas,
3626 3889 3767 3946 quos

2181 3973 2499 4029 dimiserant
2532 3970 2751 4037 liberos,
2779 3976 2836 4025 et
2878 3967 3298 4039 subjugaverunt
3341 3966 3396 4022 in
3443 3965 3675 4021 famulos
3709 3973 3768 4020 et

2181 4061 2237 4117 in
2282 4060 2533 4117 famulas.
2585 4058 2736 4117 Unde
2784 4058 2953 4114 iratus
3006 4059 3265 4114 Dominus
3309 4058 3531 4112 tradidit
3572 4071 3665 4112 eos
3709 4058 3766 4111 in

2181 4149 2594 4206 commotionem
2636 4148 2845 4203 cunctis
2888 4148 3068 4219 regnis
3109 4155 3287 4211 terrae,
3330 4156 3386 4203 et
3417 4147 3675 4217 gladium,
3709 4157 3765 4201 et

2180 4246 2410 4309 pestem,
2450 4247 2506 4293 et
2553 4236 2749 4291 famem
2788 4236 3011 4291 immisit
3051 4251 3214 4306 super
3246 4252 3375 4292 eos:
3418 4246 3475 4291 et
3516 4237 3641 4306 quia
3687 4230 3767 4289 illi

2182 4329 2456 4384 victimam
2488 4327 2727 4393 hederis,
2759 4340 2920 4395 quam
2962 4326 3272 4381 ceciderunt
3313 4327 3465 4397 juxta
3495 4327 3763 4382 conditio-

501 4418 681 4473 multte
708 4415 895 4480 nimis,
930 4414 1126 4484 saepius
1170 4429 1290 4510 cum
1335 4428 1435 4510 per
1464 4415 1753 4484 prophetas
1783 4432 1909 4472 suos
1930 4433 2071 4472 com—
2115 4452 2160 4510 ι)
2185 4438 2308 4478 nem
2329 4423 2513 4477 statuti
2538 4422 2699 4491 pacti,
2734 4420 3059 4491 polluerunt,
3080 4420 3188 4475 dati
3210 4429 3335 4475 sunt
3361 4420 3418 4475 in
3450 4436 3643 4476 manus
3665 4420 3765 4475 ini-

499 4505 770 4569 monebat,
811 4504 917 4559 hoc
952 4510 1057 4569 est,
1088 4516 1185 4573 per
1223 4500 1515 4557 Ieremiam
1551 4502 1604 4557 in
1634 4503 1837 4569 Judzea,
1863 4514 1918 4559 et
1950 4506 2080 4561 Eze-

500 4595 730 4652 chielem
775 4594 1157 4648 vaticinantem
1214 4592 1270 4648 in
1311 4592 1624 4663 Babylonia,
1683 4596 1984 4663 praedicans
2031 4599 2079 4652 ei

500 4684 867 4757 captivitatem
911 4681 1169 4744 futuram,
1211 4681 1257 4736 si
1304 4682 1571 4750 quomodo
1614 4684 1763 4741 illum
1806 4687 1872 4740 ad
1909 4687 2083 4756 poeni-

504 4773 726 4828 tentiam
755 4777 1113 4842 provocaret:
1145 4770 1237 4824 sed
1265 4786 1423 4826 mens
1446 4771 1689 4827 indurata
1717 4774 1769 4827 in
1808 4774 2078 4831 fastidium

503 4862 734 4917 ducebat
761 4861 924 4915 verba
952 4858 1160 4929 prolata
1190 4875 1203 4911 :
1228 4867 1283 4913 et
1318 4860 1490 4929 magis
1522 4862 1682 4931 eliget
1714 4864 1943 4933 incmpta
1988 4880 2082 4921 ne-

502 4952 672 5024 quitia
695 4964 1062 5021 perseverare,
1092 4965 1252 5020 quam
1282 4967 1380 5023 per
1406 4954 1833 5010 emendationem
1876 4958 1998 5011 vitae
2023 4973 2080 5012 se

502 5042 794 5111 corrigere.
826 5040 979 5098 Unde
1003 5041 1236 5097 debitam
1266 5057 1478 5112 poenam
1504 5046 1725 5111 invenit,
1750 5055 1805 5101 et
1825 5048 2078 5104 ultionem

506 5135 832 5205 captivitatis
874 5134 1031 5190 simul
1059 5149 1179 5189 cum
1210 5137 1404 5205 populo
1448 5137 1547 5191 sibi
1580 5139 1821 5208 subjecto
1859 5157 2077 5212 perpes-

505 5244 600 5284 SUS
620 5238 723 5283 881..

583 5337 600 5368 σ
650 5318 879 5374 Verbum
913 5317 1055 5389 quod
1085 5319 1283 5374 factum
1322 5329 1408 5375 est
1452 5323 1520 5377 ad
1561 5322 1846 5378 Jeremiam
1901 5340 1930 5378 a
1970 5325 2079 5380 Do-

512 5430 531 5462 ‹
575 5410 743 5475 mino,
798 5419 1078 5487 postquam
1119 5413 1384 5479 percussit
1427 5429 1518 5466 rex
1566 5413 1855 5469 Scdecliias
1908 5415 2081 5471 foedus

513 5519 530 5549 ‹
576 5515 699 5554 cum
751 5499 898 5553 omni
963 5500 1157 5569 populo
1216 5500 1269 5553 in
1311 5499 1629 5569 Jerusalem,
1675 5507 1970 5573 praedicans
2026 5515 2083 5559 ut

515 5608 532 5638 ε
578 5589 872 5644 dimitteret
911 5589 1277 5659 unusquisque
1329 5574 1759 5667 scrvurn’suum,
1808 5603 1863 5647 ct
1919 5610 2081 5648 unus-

517 5702 533 5733 ι
568 5682 803 5752 quisque
846 5681 1095 5739 ancillam
1143 5698 1314 5747 suam,
1368 5684 1646 5740 liebrmum
1698 5693 1753 5740 et
1802 5684 2076 5741 llebrzcam

2186 4513 2447 4568 micorum
2470 4522 2526 4567 et
2546 4512 2598 4566 in
2620 4526 2812 4568 manus
2838 4512 3195 4581 quaerentium
3224 4513 3433 4567 animas
3460 4528 3648 4569 eorum
3675 4532 3687 4565 :
3709 4524 3766 4568 et

2185 4611 2302 4660 erat
2329 4602 2672 4656 morticinum
2705 4617 2890 4656 eorum
2919 4603 2973 4656 in
3014 4617 3195 4657 escam
3219 4603 3532 4659 volucribus
3567 4603 3689 4661 caeli
3711 4607 3766 4659 et

2187 4695 2374 4751 bestiis
2399 4702 2590 4749 terrae:
2620 4701 2675 4747 et
2717 4708 2821 4747 non
2850 4691 3021 4746 solum
3048 4692 3273 4762 populus
3306 4704 3530 4764 propter
3560 4696 3763 4750 scelera

2186 4800 2282 4840 sua
2313 4784 2380 4838 ab
2410 4782 2644 4838 inimicis
2670 4782 2879 4837 occisus
2900 4788 2954 4837 et
2981 4782 3267 4851 dissipatus
3295 4792 3400 4848 est,
3435 4784 3529 4838 sed
3552 4792 3607 4839 et
3631 4785 3762 4840 civi—

2190 4883 2325 4930 tates
2348 4889 2533 4929 eorum
2562 4874 2796 4930 incensae
2836 4884 2893 4929 et
2920 4874 3185 4929 demolitee
3218 4884 3361 4929 sunt.
3393 4873 3557 4931 Juxta
3583 4886 3764 4947 tropo-

2187 4964 2381 5034 logiam
2418 4977 2553 5035 vero
2584 4978 2681 5017 nos
2714 4963 2978 5018 hicvlocus
3006 4963 3183 5029 docet,
3214 4973 3274 5018 ut
3306 4980 3431 5020 cum
3469 4968 3765 5037 susceperi-

2186 5068 2305 5107 mus
2326 5050 2518 5107 fratres
2542 5061 2756 5109 nostros
2779 5054 2877 5108 sub
2896 5069 3025 5108 cura
3050 5064 3258 5121 nostra,
3283 5066 3338 5111 et
3356 5067 3579 5128 prepter
3598 5059 3764 5113 Deum

2186 5142 2406 5211 subjecti
2439 5142 2641 5197 fuerint
2666 5144 2842 5209 nobis,
2871 5160 2975 5198 non
3003 5146 3369 5214 opprimamus
3406 5164 3499 5203 eos
3529 5164 3625 5218 per
3664 5167 3761 5221 po-

2188 5233 2429 5295 tentiam,
2472 5247 2570 5287 nec
2616 5231 2811 5301 injuste
2839 5234 3111 5290 servitutis
3141 5235 3220 5291 eis
3252 5236 3562 5292 violentiam
3596 5240 3762 5309 impo-

2187 5338 2405 5388 namus;
2438 5323 2530 5377 sed
2578 5323 2749 5393 magis
2776 5322 3016 5381 fraterno
3042 5326 3234 5387 affectu
3262 5340 3356 5382 eos
3385 5336 3683 5385 tracteams
3708 5338 3764 5385 et

2184 5412 2493 5480 adjuvemus
2527 5416 2709 5485 ,erbo
2756 5423 2917 5483 atque
2970 5416 3216 5485 exemplo
3255 5432 3268 5469 :
3318 5424 3586 5485 quatenus
3634 5434 3763 5475 vero

2185 5504 2406 5558 Domino
2437 5504 2663 5573 qu..eos
2710 5507 2968 5576 sanguine
3014 5521 3112 5561 suo
3158 5507 3384 5561 redemit
3433 5508 3644 5576 possint
3683 5508 3763 5563 di—

2183 5611 2343 5666 gnum
2384 5596 2660 5651 servitium
2690 5598 2964 5663 exhibere,
3009 5599 3178 5653 donec
3205 5613 3365 5653 verus
3388 5598 3645 5654 Jubilmus
3675 5613 3763 5653 ve-

2182 5688 2341 5742 niat:
2393 5697 2447 5744 et
2474 5688 2838 5758 unusquisque
2882 5690 3125 5760 propriae.
3152 5690 3470 5747 restituatur
3515 5689 3760 5761 dignitati
