3952 6342
226 362 376 425 1069

1121 363 1487 421 EXPOSITIO
1527 362 1755 419 SUPER
1789 359 2154 416 JEREMIAM.
2196 390 2263 399 —
2303 359 2429 412 LIB.
2470 358 2602 414 XIII.

3344 359 3480 413 I070

216 487 387 549 atque
422 474 768 546 possessioni.
799 474 873 527 De
898 488 1005 543 quo
1034 488 1133 527 nos
1167 474 1376 541 primus
1405 481 1589 541 pastor
1629 471 1809 525 Eecle-
1839 475 1882 531 Α
1911 475 2178 537 praecepta
2208 466 2439 521 fuerant.
2484 466 2711 537 Propter
2734 468 2836 522 hoc
2873 482 3085 537 quoque
3109 470 3374 536 promittit
3400 472 3480 543 eis

216 568 317 623 size
362 563 602 629 instruit,
642 564 865 618 dicens:
905 581 924 615 ‹
958 561 1211 617 Seniores
1253 576 1382 632 ergo
1422 561 1512 630 qui
1559 561 1613 615 in
1654 560 1805 613 vobis

215 663 351 717 sunt
374 654 622 717 obsecro,
647 651 930 708 consenior
953 659 1007 715 et
1030 651 1143 719 ipse
1176 651 1328 705 testis
1360 650 1562 706 Christi
1604 649 1806 719 passio-

216 759 376 810 num,
404 744 494 813 qui
521 751 576 799 et
598 740 714 810 ejus
739 752 876 810 quae'
903 741 955 795 in
994 739 1176 795 futuro
1215 741 1499 796 revelanda
1526 749 1611 795 est
1634 740 1803 811 gloria

215 836 654 893 communicatur
682 852 695 887 :
722 834 931 903 pascite
960 836 1052 903 qui
1084 835 1137 887 in
1166 833 1317 888 vobis
1339 842 1423 889 est
1450 848 1662 904 gregem
1685 835 1801 899 Dei,

213 930 566 1000 providentes
610 940 717 981 non
760 933 975 989 coacte,
1027 923 1123 980 sed
1162 931 1457 993 spontanee
1506 924 1801 981 secundum

216 1017 432 1079 Deum;
465 1028 639 1082 neque
682 1012 855 1081 turpis
902 1012 1036 1067 lucri
1084 1013 1258 1081 gratia
1274 1018 1297 1077 ,'
1336 1012 1431 1067 sed
1470 1012 1800 1077 voluntarie;

215 1120 397 1175 neque
422 1113 482 1159 ut
505 1085 840 1159 dominantes
869 1104 921 1157 in
956 1104 1135 1169 cleris,
1159 1104 1254 1158 sed
1279 1104 1451 1158 forma
1476 1089 1600 1157 facti
1626 1104 1805 1173 gregis

212 1209 287 1251 ex
329 1196 512 1250 animo
557 1213 571 1248 :
608 1202 665 1248 et
700 1210 821 1249 cum
859 1193 1461 1270 apparuerit'princeps
1500 1200 1799 1261 pastorum,

213 1286 533 1356 pereipietis
558 1282 1059 1339 immarcescibilem
1083 1282 1266 1352 gloria:
1286 1296 1542 1338 coronam
1570 1281 1621 1350 (I
1652 1279 1798 1335 Petr.

214 1376 299 1449 v).
348 1397 369 1430 ι

772 1462 1001 1519 CAPUT
1039 1461 1255 1518 XXXV.

215 1553 477 1627 Eutropio
514 1552 926 1629 Rechqbitanm‘t
936 1552 1157 1629 docetur
1176 1550 1416 1629 popglus.
1430 1551 1796 1629 obedientium,

430 1634 481 1679 et
520 1623 843 1692 promittitur
868 1622 993 1691 ﬁliis
1036 1620 1249 1676 Sechab'
1282 1620 1584 1674 benedictio.

296 1754 317 1788 ι
346 1735 581 1791 Verbum
602 1734 746 1803 quod
767 1733 967 1787 factum
996 1739 1079 1786 est
1100 1731 1167 1785 ad
1193 1728 1481 1785 Jeremiam
1511 1746 1541 1785 a
1574 1731 1799 1787 Domino

1907 558 2187 621 Dominus,
2214 556 2359 625 quod
2404 571 2509 610 non
2540 557 2755 611 deficiat
2799 557 2884 611 vir
2924 558 2990 610 de
3038 549 3482 625 stirpeJonadab

1907 644 1999 700 ﬁlii
2042 645 2281 707 Rechab,
2309 655 2461 699 stans
2486 646 2538 699 in
2568 654 2860 715 conspectu
2898 662 2995 701 suo
3021 648 3231 703 cunctis
3269 648 3477 708 diebus.

1906 735 2127 807 Mystice
2155 736 2448 793 autemisti
2472 737 2783 793 Rechabitae
2809 740 3118 811 significant
3138 756 3233 797 eos
3276 742 3368 812 qui
3390 744 3481 799 de-

1904 826 2107 881 siderio
2154 824 2505 895 perfectionis
2531 826 2753 881 arctiori
2783 828 2895 882 vita
2929 820 3319 895 transcendunt
3349 831 3483 901 legis

1905 920 2195 973 mandata:
2237 919 2390 988 juxta
2430 919 2483 973 id
2510 919 2655 988 quod
2712 920 2814 974 sibi
2846 920 3118 991 Evangelii
3149 923 3399 993 dogmata
3430 936 3482 976 rt

1903 1009 2209 1079 Apostolica
2250 1010 2527 1064 insinuant
2562 1010 2827 1081 exempla.
2883 1010 3021 1068 Justi
3066 1014 3231 1079 enim,
3282 1015 3477 1085 quibus

1904 1098 1986 1155 lex
2023 1116 2128 1155 non
2152 1110 2237 1155 est
2258 1100 2455 1170 posita,
2479 1101 2559 1155 sic
2594 1102 2911 1171 probantur,
2939 1119 3043 1157 non
3070 1120 3191 1160 esse
3219 1106 3319 1162 sub
3342 1105 3479 1177 lege,

1902 1200 1962 1245 ut
1984 1189 2221 1258 justitias
2268 1190 2403 1260 legis
2445 1207 2549 1246 non
2596 1192 2769 1247 solum
2802 1194 3048 1262 implere,
3080 1211 3270 1250 verum
3308 1199 3480 1253 etiam

1902 1294 2158 1349 superare
2193 1279 2566 1334 contendant:
2615 1280 2789 1349 sitque
2832 1282 3043 1337 dcvmio
3087 1298 3276 1338 eorum
3321 1283 3482 1355 legali

1904 1369 2073 1439 major
2094 1369 2341 1440 imperio,
2375 1385 2494 1439 quae
2534 1370 2937 1437 observantiam
2980 1374 3261 1429 cumulans
3282 1373 3485 1445 prlece-

1902 1468 2117 1529 ptorum
2156 1460 2457 1514 voluntaria
2484 1460 2645 1515 addat
2670 1462 2738 1514 ad
2780 1456 2982 1517 debita.
3027 1464 3103 1517 ita
3154 1480 3388 1534 namque
3427 1476 3486 1523 et

1902 1549 2176 1603 Abraham
2206 1548 2401 1605 futura:
2442 1550 2575 1621 legis
2621 1561 2888 1621 przecepta
2908 1552 3145 1623 legimus
3175 1568 3487 1625 supergres-

1902 1654 2043 1704 sum,
2076 1655 2197 1695 cum
2226 1641 2492 1708 superatis
2524 1651 2755 1723 quatuor
2798 1642 3012 1711 regibus
3054 1644 3122 1698 de
3148 1644 3333 1713 spoliis
3384 1644 3485 1700 So-

1902 1732 2203 1797 domorum,
2238 1748 2358 1803 quae
2379 1734 2481 1789 sibi
2504 1734 2646 1790 velut
2674 1737 2861 1791 victori
2891 1752 2995 1809 non
3025 1736 3295 1791 immerito
3322 1737 3487 1793 debe-

215 1842 239 1877 ι
274 1824 332 1878 in
388 1823 591 1889 diebus.
641 1820 884 1877 Joachim
952 1819 1044 1873 lilii
1091 1815 1250 1873 Josire
1298 1818 1442 1888 regis
1492 1817 1655 1883 duda,
1712 1820 1797 1875 di-
1830 1805 1874 1862 Β
1902 1821 2117 1886 bantur,
2150 1829 2207 1876 et
2255 1822 2469 1890 quidem
2518 1837 2642 1893 rege
2678 1824 2792 1893 ipso
2818 1806 3182 1895 cujus-spolia
3226 1826 3487 1885 retulerat

215 1932 403 1972 «cens
452 1933 465 1969 :
515 1933 534 1967 ι
585 1912 875 1985 (Manlius)
938 1911 1070 1968 Cum
1132 1912 1392 1982 propheta
1448 1914 1502 1967 in
1552 1912 1799 1983 proximo

210 2012 458 2082 capitulo
496 2011 561 2066 de
590 2009 853 2065 Sedechia
890 2024 1015 2079 rege
1056 2017 1113 2062 et
1158 2008 1241 2062 bis
1284 2008 1377 2077 qui
1408 2008 1508 2063 sub
1558 2023 1623 2063 eo
1656 2007 1797 2062 facta

209 2112 348 2159 sunt
383 2117 687 2159 sermonem
723 2102 1019 2165 habuisset,
1052 2116 1194 2155 nunc
1241 2108 1419 2154 autem
1451 2098 1645 2153 iterum
1668 2095 1795 2151 Joa-

209 2200 364 2256 claim
392 2198 485 2253 lilii
539 2195 701 2253 Josiae
749 2196 891 2267 regis
943 2194 1081 2249 Juda
1132 2202 1377 2264 tempore
1430 2192 1796 2247 narrationem

210 2296 542 2355 convertat,
587 2295 738 2358 patet
764 2286 1028 2357 profecto,
1079 2286 1205 2356 quia
1250 2283 1357 2341 no'n
1386 2285 1633 2340 ordinem
1664 2292 1801 2338 tem-

209 2381 367 2452 pris
392 2380 445 2435 in
470 2379 778 2433 narratione
805 2376 1196 2438 observaverit,
1224 2374 1362 2429 sicut
1384 2373 1497 2441 jam
1528 2388 1689 2443 supra
1718 2372 1799 2426 di-

208 2477 368 2525 ctum
412 2476 515 2531 est,
570 2468 665 2522 sed
713 2466 1007 2522 secundnm
1056 2464 1508 2534 dispensationem
1566 2462 1799 2528 Spiritus

209 2558 412 2624 sancti,
448 2558 539 2628 qui
566 2558 619 2611 in
652 2571 718 2610 eo
742 2555 950 2611 locutus
978 2562 1083 2618 est,
1112 2568 1210 2623 pro
1240 2554 1643 2623 opportunitate
1669 2569 1797 2609 cau-

208 2662 442 2711 sarum,-
478 2656 533 2702 et
580 2633 956 2701 convenientia
1004 2659 1185 2699 rerum
1252 2644 1593 2713 prophetiam
1643 2659 1795 2699 suam

209 2734 495 2790 conscribi
521 2726 708 2797 voluit,
754 2734 895 2787 sicut
928 2740 981 2788 et
1008 2732 1060 2786 in
1084 2732 1297 2787 ceteris
1336 2732 1631 2803 Scripturis
1672 2748 1798 2788 san-

211 2825 348 2890 clis,
379 2833 432 2880 et
463 2825 695 2879 maxime
738 2824 791 2877 in
827 2823 1115 2895 Evangelia
1144 2822 1342 2877 factum
1369 2825 1669 2893 reperimus
1697 2843 1709 2878 :
1739 2833 1799 2879 ut

209 2916 356 2971 sciat
399 2916 567 2971 lector
599 2916 907 2985 Scripturas
946 2930 1129 2969 sacras
1170 2930 1278 2969 non
1304 2915 1671 2985 dispositione
1699 2918 1798 2972 hu-

211 3021 381 3061 mana
418 3006 745 3076 compositas
791 3020 929 3069 esse,
981 3005 1075 3060 sed
1116 3005 1463 3074 inspiratione
1491 3013 1545 3060 et
1581 3007 1800 3061 ordina-

212 3098 366 3153 tione
388 3097 588 3152 divina.

1901 1911 2212 1982 suppliciter
2235 1911 2516 1976 oll‘erente,
2562 1912 2693 1975 nihil
2724 1914 2940 1983 penitus
2977 1915 3275 1985 acquiescit
3316 1917 3481 1973 attin-

1901 2014 2047 2070 gere,
2082 2002 2183 2057 sub
2215 2002 2381 2056 divini
2411 2002 2645 2058 nominis
2683 2004 3062 2061 testificatione
3102 2006 3439 2077 proclamans
3467 2026 3479 2061 :

1902 2090 2198 2145 Extendam
2253 2107 2470 2145 manum
2528 2106 2701 2148 meam
2744 2094 2812 2149 ad
2865 2095 3153 2151 Dominum
3189 2097 3483 2161 excelsum,

1899 2179 1991 2247 qui
2025 2178 2153 2234 fecit
2178 2180 2374 2235 cmlum
2401 2190 2456 2237 et
2482 2191 2703 2248 terram,
2735 2185 2779 2239 si
2808 2199 2836 2237 a
2870 2185 2960 2240 illo
3002 2186 3358 2256 subtegminis
3395 2204 3484 2242 us—

1900 2283 2005 2337 que
2028 2269 2096 2322 ad
2127 2268 2417 2339 corrigiam
2447 2270 2634 2342 caliga:
2678 2273 2943 2343 accipiam
2975 2289 3045 2329 ex
3082 2275 3485 2347 omnibusqua:

1902 2368 1992 2413 tua
2023 2366 2150 2415 sunt
2173 2358 2323 2431 (Gen.
2348 2362 2482 2432 xiv).
2512 2361 2603 2417 Sic
2646 2363 2813 2417 David
2837 2358 3104 2435 praecepta
3131 2364 3263 2436 legis
3286 2380 3487 2438 cogno-

1900 2447 2101 2504 scimus
2148 2465 2580 2521 supergressum,
2642 2453 2753 2520 qni,
2810 2454 3156 2524 pra‘cipicnte
3208 2454 3377 2526 Moysi
3427 2469 3487 2513 ut

1889 2537 2132 2596 inimicis
2179 2542 2308 2595 talio
2336 2540 2667 2605 redderetur,
2700 2534 2806 2595 non
2850 2543 3025 2598 solum
3064 2545 3167 2600 hoc
3194 2560 3305 2605 non
3331 2544 3481 2607 fecit.

1899 2647 2087 2688 verum
2108 2633 2272 2688 etiam
2305 2632 2595 2688 dilectione
2622 2633 2939 2703 complexus
2963 2644 3048 2689 est
3072 2644 3481 2704 persequentes.

1898 2731 1955 2777 et
1977 2738 2077 2793 pro
2108 2724 2193 2778 his
2239 2723 2466 2779 Domino
2510 2724 2597 2794 pie
2640 2724 2951 2797 supplicans
2994 2725 3157 2779 etiam
3185 2724 3487 2797 lugubriter

1899 2810 2050 2884 ﬂevit,
2078 2820 2136 2867 et
2182 2801 2415 2868 ululatus
2452 2822 2538 2869 est
2580 2812 2912 2868 interfectos.
2954 2814 3030 2868 Ita
3068 2799 3485 2884 Eliam‘quoque

1901 2910 1954 2957 ct
1977 2901 2265 2957 Jeremiam
2293 2892 2580 2972 probamus
2609 2918 2715 2957 non
2750 2902 2917 2958 fuisse
2938 2905 3040 2959 sub
3063 2903 3200 2975 lege,
3241 2904 3481 2973 quicum

1900 2990 2048 3047 iicito
2090 2993 2165 3047 uti
2200 2992 2454 3063 conjugio
2479 2993 2685 3063 absque
2716 2976 3137 3063 reprehensione
3184 2980 3482 3063 potuerint,

1899 3082 2136 3153 virgines
2186 3092 2367 3137 tamen
2432 3095 2781 3152 perseverare
2847 3082 3171 3138 maluerunt.
3234 3083 3325 3140 Sic
3374 3084 3484 3140 Eli-

290 3208 312 3241 α
351 3190 499 3245 Vade
540 3190 607 3244 ad
635 3189 852 3245 domum
900 3190 1313 3245 Rechabitarum
1340 3198 1394 3244 et
1433 3191 1653 3261 loquere
1677 3192 1793 3247 eis:

1902 3179 2067 3227 sinum
2098 3187 2161 3226 ac
2191 3172 2426 3243 reliquos
2464 3171 2622 3242 hujus
2650 3173 2909 3242 propositi
2956 3174 3101 3231 viros
3135 3173 3367 3231 Mosaica
3405 3176 3488 3233 le.

212 3301 234 3332 c
268 3290 330 3335 et
370 3281 677 3335 introduces
703 3296 798 3335 eos
830 3281 881 3335 in
908 3282 1125 3336 domum
1166 3279 1377 3335 Domini
1406 3282 1459 3335 in
1474 3283 1651 3335 ‘unam
1676 3296 1796 3336 exe-

214 3389 234 3422 ι
265 3370 425 3424 dram
457 3369 832 3425 thesaurorum
864 3389 875 3424 :
904 3379 960 3425 et
996 3371 1149 3425 dabis
1185 3370 1265 3424 eis
1298 3369 1482 3425 bibere
1502 3370 1705 3424 vinum.
1734 3370 1797 3423 Et

215 3482 235 3515 ι
276 3462 543 3532 assumpsi
570 3461 885 3516 Jechoniam
927 3462 1091 3517 lilium
1131 3451 1378 3517 Ieremia:
1405 3461 1498 3516 filii
1525 3462 1793 3526 Absaniat,

214 3573 235 3605 ι
269 3563 331 3609 et
354 3552 550 3608 fratres
576 3551 711 3621 ejus,
740 3561 795 3608 et
836 3568 1025 3609 omnes
1064 3553 1204 3607 ﬁlios
1246 3551 1381 3621 ejus,
1409 3562 1464 3607 et
1490 3553 1796 3608 universam

214 3664 235 3697 ο
267 3646 491 3700 domum
514 3643 959 3709 Rechabitarum,
985 3652 1041 3699 et
1085 3644 1357 3699 introduxi
1380 3659 1475 3699 eos
1503 3644 1556 3698 in
1580 3644 1797 3699 domum

214 3755 233 3788 ι
274 3735 511 3799 Domini,
537 3735 605 3789 ad
649 3734 1087 3813 gazophylacium
1115 3734 1347 3789 ﬁliorum
1376 3735 1548 3799 A’nan,
1592 3733 1684 3787 filii
1711 3732 1799 3787 Je-

215 3847 233 3879 ι
272 3825 485 3898 gadalia
519 3826 751 3889 hominis
792 3824 909 3888 Dei,
939 3824 1081 3895 quod
1135 3834 1256 3879 erat
1289 3824 1441 3893 juxta
1487 3823 1799 3893 gazophila—

214 3938 233 3969 σ
270 3918 419 3973 cium
446 3916 768 3987 principum,
798 3929 960 3983 super
986 3914 1300 3983 thesaurum
1331 3912 1544 3971 Maasiae
1572 3913 1663 3967 lilii
1691 3912 1800 3967 Sel-

214 4029 232 4060 ι
269 4008 407 4071 lum,
438 4007 528 4077 qui
555 4012 871 4078 eratcustos
894 4005 1167 4068 vestibuli,
1196 4014 1251 4060 et
1271 4004 1423 4074 posui
1447 4018 1633 4058 coram
1672 4004 1799 4058 filiis

211 4116 233 4149 ι
266 4098 466 4151 domus
486 4095 902 4151 Rechahitarum
926 4096 1128 4165 cyphos
1143 4095 1329 4166 plenos
1346 4096 1491 4159 vino,
1509 4091 1564 4149 et
1580 4094 1798 4159 calices,

216 4207 236 4240 ι
274 4198 337 4243 et
365 4187 477 4242 dixi
519 4185 585 4240 ad
618 4201 752 4240 eos:
784 4185 960 4240 Bibite
996 4186 1199 4261 vinum.
1232 4172 1343 4251 Qui
1373 4186 1799 4255 responderunt:

210 4299 232 4342 ρ
272 4276 390 4331 Non
417 4275 650 4331 bibimus
666 4275 866 4339 vinum,
890 4274 1015 4344 quia
1029 4273 1270 4330 Jonadab
1289 4274 1430 4329 illius
1460 4274 1679 4330 Rechab
1704 4288 1800 4342 pa-

210 4388 231 4419 ο
264 4376 353 4422 ter
372 4373 556 4423 noster
570 4366 824 4435 prmeepit
845 4366 999 4421 nobis
1014 4366 1196 4422 dicens
1219 4381 1232 4419 :
1259 4364 1373 4421 Non
1398 4366 1593 4421 bibetis
1618 4365 1803 4419 vinum

1895 3266 2074 3337 gimus
2100 3281 2386 3336 superasse
2424 3268 2675 3322 mandata
2698 3306 2713 3332 ,
2740 3267 2824 3349 de.
2842 3268 3040 3338 quibus
3083 3269 3377 3339 Apostolus
3406 3271 3485 3327 ita

1897 3353 2028 3408 dicit
2056 3371 2069 3407 :
2101 3358 2120 3404 ά
2148 3354 2464 3413 Circuibnnt
2486 3356 2537 3410 in
2567 3354 2778 3411 melotis
2801 3363 2857 3411 et
2887 3352 2939 3411 in
2964 3356 3195 3427 pellibus
3217 3359 3479 3429 caprinis,

1898 3453 2139 3515 egentes,
2172 3446 2483 3516 angustiati,
2530 3445 2733 3512 amicti,
2766 3447 2962 3515 quibus
2990 3447 3185 3519 dignus
3213 3464 3322 3506 non
3362 3464 3485 3507 erat

1900 3536 2149 3601 mundus,
2194 3535 2247 3590 in
2277 3536 2655 3607 solitudinibus
2683 3549 2952 3603 errantes,
2997 3550 3055 3595 et
3092 3542 3391 3611 montibus,
3427 3555 3486 3599 et

1899 3626 2192 3695 speluncis,
2215 3635 2271 3681 et
2308 3626 2361 3681 in
2402 3626 2651 3682 cavernis
2685 3635 2853 3698 petras
2882 3628 3069 3701 (Hebr.
3114 3630 3214 3699 ιι).
3250 3650 3270 3685 ι
3305 3631 3401 3687 Sic
3426 3643 3485 3685 et

1902 3732 2043 3770 nunc
2068 3717 2155 3771 isti
2204 3716 2297 3770 filii
2342 3716 2607 3782 Jonadab,
2660 3727 2882 3788 propter
2928 3718 3295 3776 obedientiam
3340 3722 3483 3789 patri

1901 3820 2001 3860 suo
2028 3806 2326 3860 exhibitam
2365 3806 2550 3861 divino
2592 3822 2844 3873 sermone
2871 3806 3175 3873 laudantur,
3208 3817 3265 3863 et
3302 3810 3483 3865 futura

1902 3896 1980 3949 eis
2004 3896 2143 3949 bona
2173 3894 2581 3963 promittuntur,
2610 3896 2702 3966 qui
2737 3910 2927 3951 omnes
2959 3896 3155 3953 olferre
3187 3900 3485 3969 possessio-

1904 3994 2030 4042 nu’m
2054 4002 2273 4043 suarum
2313 3988 2555 4043 decimas
2584 4003 2690 4068 non
2724 3990 2987 4053 contenti,
3016 3990 3111 4045 sed
3138 3990 3254 4060 ipsa
3280 3992 3481 4063 praedia

1906 4088 2242 4150 respuentes,
2273 4080 2592 4157 semetipsos
2627 4081 2805 4149 potius
2849 4079 2960 4135 Deo
3003 4097 3066 4136 ac
3109 4096 3236 4137 suas
3271 4082 3483 4137 animas

1905 4168 2234 4223 obtulerunt.
2269 4168 2375 4222 Pro
2418 4170 2611 4239 quibus
2641 4168 2787 4223 nulla
2816 4170 2885 4223 ab
2922 4169 3139 4225 homine
3168 4170 3289 4227 fieri
3329 4187 3479 4228 com-

1906 4259 2132 4313 mutatio
2159 4268 2373 4328 potest:
2407 4258 2547 4312 sicait
2586 4258 2846 4313 Dominus
2875 4258 2927 4312 in
2969 4258 3259 4331 Evangelio
3300 4270 3483 4318 conte—

1906 4357 2117 4403 statur:
2150 4368 2167 4399 ε
2224 4347 2801 4415 ρυειηιςόςώἰι-Ἰιοηιο
2847 4351 3323 4406 commutationem
3368 4367 3471 4423 pro

211 4479 232 4511 ι
270 4473 374 4513 vos
402 4465 459 4513 et
486 4428 586 4511 lilii
608 4428 773 4511 vestri
796 4471 965 4525 usque
994 4456 1047 4509 in
1072 4457 1480 4527 sempiternum,
1501 4466 1555 4511 et
1583 4457 1799 4511 domum
1828 4484 1879 4543 ι)
1907 4441 2087 4497 anima
2118 4441 2248 4543 59??
2274 4459 2291 4490 ι
2311 4438 2524 4543 (Μαεξθ-
2550 4439 2681 4543 ΠΙ)οο
2699 4441 3034 4543 ῼυίιιξτορξθι·
3054 4442 3195 4543 εείιέξ
3217 4428 3480 4502 demus

213 4569 237 4601 ι
275 4562 386 4602 non
426 4540 782 4612 tediticabitis,
818 4555 875 4601 et
910 4556 1202 4601 sementem
1247 4561 1353 4600 non
1382 4546 1595 4611 seretis,
1641 4554 1695 4600 et
1732 4546 1801 4599 vi-

215 4660 234 4691 ι
270 4653 406 4693 neas
426 4652 531 4692 non
556 4636 883 4706 plantabitis,
900 4652 998 4692 nec
1028 4636 1292 4691 habebitis
1320 4654 1333 4689 :
1365 4636 1454 4690 sed
1482 4636 1533 4690 in
1558 4636 1802 4691 taberna-

216 4749 239 4781 σ
272 4728 415 4785 Culis
460 4719 770 4783 habitabilis
806 4728 1015 4783 cunctis
1044 4728 1231 4781 diebus
1254 4726 1467 4792 vestris,
1508 4739 1568 4780 ut
1608 4726 1800 4784 vivatis

218 4837 240 4870 ι
281 4815 469 4871 multis
488 4815 677 4871 diebus
699 4830 862 4885 super
882 4816 1071 4871 faciem
1089 4824 1267 4880 terrm,
1293 4816 1343 4869 in
1376 4831 1480 4885 qua
1514 4832 1613 4871 nos
1645 4832 1799 4887 pcreJ

218 4923 241 4959 ι
270 4906 635 4977 g'vinamini,»
678 4916 732 4960 et
772 4906 998 4974 reliqua.
1024 4905 1103 4960 Ad
1139 4906 1571 4961 confundendum
1610 4916 1805 4978 super-1

210 4998 365 5057 binm
378 5007 434 5053 et
444 4999 837 5054 contumaciam
852 4995 1177 5061 Iudaeorum,
1194 4998 1284 5066 qui
1303 5013 1515 5066 semper
1532 4999 1801 5054 mamlatis‘

216 5088 314 5145 Dei
350 5087 696 5145 adversantes
723 5088 1056 5151 restiterant,
1100 5087 1361 5156 propheta
1388 5087 1541 5156 jussu
1586 5087 1798 5143 Domini

216 5178 544 5238 Bechabitas
577 5180 890 5235 obedientes
918 5188 973 5233 et
1017 5180 1176 5233 mites
1195 5178 1255 5251 in
1305 5178 1671 5233 testimonium
1699 5180 1797 5233 ad-

216 5268 494 5336 iibiIerat,
517 5272 606 5342 qui
650 5269 1202 5341 przeceptisJonadab
1240 5268 1341 5323 filii
1381 5269 1606 5343 Rechab
1631 5271 1801 5341 patris

215 5376 412 5429 eorum
435 5363 490 5417 in
515 5363 764 5417 omnibus
794 5362 1073 5431 parebant,
1100 5360 1173 5413 ita
1200 5369 1258 5413 ut
1277 5374 1387 5414 nec
1418 5359 1599 5413 vinum
1642 5361 1794 5415 bibe—

222 5459 367 5515 rent,
418 5464 517 5505 nec
566 5451 780 5504 donmm
831 5449 1179 5511 aedificarent,
1220 5446 1315 5501 sed
1353 5444 1454 5501 nec
1500 5456 1796 5501 sementem

222 5547 489 5605 sererent,
516 5550 689 5609 neque
717 5540 901 5593 vineas
948 5538 1253 5607 plantarcnt
1286 5578 1299 5601 ,
1344 5539 1436 5591 se.l
1466 5538 1518 5589 in
1552 5539 1801 5591 taberna-

223 5631 361 5697 culis
386 5630 703 5686 habitabant
729 5630 939 5684 cunctis
978 5627 1168 5683 diebus
1198 5644 1369 5697 usque
1411 5629 1477 5681 ad
1504 5628 1799 5701 necessita-

222 5736 309 5777 ειη
356 5722 663 5776 (Ξὴςιωιιὶρω
710 5721 1059 5788 captivitatis,
1105 5722 1256 5789 juxta
1302 5722 1481 5774 omnia
1528 5735 1646 5789 qua:
1689 5722 1791 5775 sibi

1908 4548 2027 4610 nos,
2043 4547 2071 4587 a
2089 4533 2283 4602 quibus
2308 4547 2412 4587 non
2450 4532 2563 4601 jam
2584 4532 2817 4603 exigitur
2838 4533 3008 4603 legale
3033 4535 3368 4605 mandatum,
3387 4536 3484 4590 sed

1905 4626 2100 4695 quibus
2126 4625 2467 4694 evangelicus
2492 4625 2732 4694 quotidie
2766 4626 2979 4679 intonat
3012 4640 3191 4681 sermo
3221 4642 3238 4681 ι
3270 4645 3289 4695 ᾳ
3321 4626 3379 4682 Si
3403 4630 3486 4682 vis

1904 4716 2176 4787 perfectus
2208 4732 2349 4782 esse,
2394 4718 2547 4791 vade.
2594 4718 2768 4777 .vende
2812 4717 2992 4772 omnia
3041 4732 3161 4786 quae
3188 4706 3388 4785 habes,
3427 4732 3485 4775 ct

1905 4810 1972 4877 da
1998 4810 2341 4879 pauperibus,
2367 4809 2665 4865 ethabebis
2690 4812 2998 4864 thesaurum
3023 4810 3074 4863 in
3096 4810 3342 4873 (πίομαι
3361 4815 3483 4867 veni

1896 4912 2131 4967 sequere
2146 4912 2233 4953 me
2249 4898 2463 4969 (Matth.
2482 4897 2617 4969 xix).
2653 4918 2670 4948 ι
2688 4897 2820 4953 Cum
2835 4899 3149 4955 decimasde
3168 4900 3485 4957 substantiis

1901 4990 2101 5057 nostris
2129 4987 2406 5043 oderimus
2444 4988 2554 5042 Deo
2587 4988 2763 5043 adhuc
2787 4988 3180 5058 quodammodo
3219 4990 3323 5056 sub
3347 4990 3485 5061 legis

1902 5080 2115 5135 sarcina
2166 5078 2415 5143 detineri,
2454 5088 2510 5132 et
2554 5078 2780 5132 necdum
2825 5080 2892 5132 ad
2942 5069 3309 5149 evangelicum
3353 5077 3483 5134 illud

1904 5171 2177 5241 fastigium
2203 5170 2538 5241 pervenisse;
2580 5170 2721 5239 quod
2767 5172 3199 5239 obtemperantes
3226 5170 3329 5231 sibi
3370 5186 3482 5226 non

1904 5270 2109 5317 tantum
2139 5262 2423 5331 prasentis
2450 5260 2572 5313 vita:
2616 5259 2910 5321 boneliciis,
2954 5260 3046 5313 sed
3078 5261 3241 5315 etiam
3289 5260 3483 5315 futuris

1905 5348 2139 5423 praemiis
2180 5360 2517 5406 numeratur.
2564 5351 2673 5405 Lex
2702 5350 2842 5405 enim
2892 5348 3183 5411 factoribus
3212 5350 3327 5406 suis
3372 5367 3480 5405 non

1908 5456 2192 5510 regnorum
2219 5440 2519 5495 caelestium
2552 5439 2791 5508 prmmia,
2820 5438 2913 5492 sed
2954 5440 3078 5493 vita:
3110 5440 3269 5509 hujus
3292 5441 3483 5499 solatia

1910 5532 2238 5599 repromisit,
2264 5531 2449 5584 dicens
2476 5544 2491 5583 :
2521 5550 2537 5580 ι
2574 5516 2672 5594 Qui
2717 5528 2903 5584 fecerit
2936 5530 3037 5585 hoc
3067 5531 3199 5585 vivit
3222 5531 3278 5585 in
3303 5531 3420 5585 eis:
3460 5552 3480 5580 ι

1910 5621 2169 5679 Dominus
2202 5629 2376 5675 autem
2423 5620 2698 5690 discipulis
2739 5620 2851 5674 suis
2894 5629 2950 5675 et
2992 5622 3181 5676 amicis
3213 5623 3486 5690 promittit

1909 5735 2071 5789 regna
2100 5719 2395 5779 cmiorum:
2447 5735 2461 5765 ‹
2514 5714 2686 5778 Beati,
2732 5715 2922 5783 inquit,
2969 5731 3229 5786 pauperes
3272 5715 3491 5785 spiritu-
