3952 6332
476 340 607 396 1071

1125 338 1186 393 Β.
1226 336 1474 393 RABANI
1514 334 1729 391 MAURI
1767 332 2082 389 ARCIIIEP.
2127 334 2429 391 MOGUNT.
2468 334 2749 391 OPL‘RUM
2789 335 2965 391 PARS
3002 333 3087 390 Ill.

3574 331 3711 389 £073

462 447 723 520 quoniam
750 445 989 517 ipsorum
1019 454 1101 501 est
1133 459 1356 514 regnum
1378 443 1636 499 caelorum
1662 442 1873 512 (Matth.
1905 441 1988 512 v).
2012 461 2030 491 ι
2068 449 2109 506 Α
2145 463 2162 493 σ
2198 445 2331 498 sima
2362 463 2374 497 :
2412 447 2663 514 quoniam
2693 459 2916 516 magnus
2941 444 3094 499 furor
3122 454 3176 498 et
3206 444 3522 515 indignatio,
3546 460 3709 514 quam

463 539 550 604 Et,
589 557 606 591 ‹
643 538 819 593 omnis
857 537 948 606 qui
992 535 1206 604 reliquit
1231 526 1444 587 domum
1472 532 1557 586 vel
1589 532 1803 595 fratres,
1830 539 1922 584 aut
1948 544 2032 585 so—

462 642 617 685 rores
642 633 734 682 aut
750 635 965 696 patrem
993 632 1085 678 aut
1111 633 1334 677 matrem
1374 631 1466 676 aut
1499 636 1718 675 uxorem
1756 629 1849 673 aut
1895 619 2033 673 ﬁlios

462 728 554 774 aut
584 733 743 790 agros
772 725 988 787 propter
1017 728 1210 769 nomen
1244 729 1443 777 meum,
1476 712 1781 780 centuplum
1806 710 2033 778 accipiet

461 818 517 865 et
544 810 705 864 vitam
726 815 983 861 aeternam
1008 804 1305 874 possidebit
1331 802 1546 874 (Matth.
1576 801 1712 872 XIX).
1747 819 1766 852 ι
1802 799 1909 855 Nec
1930 800 2031 853 im-

460 897 674 961 merito,
708 910 813 950 non
857 894 1002 949 enim
1040 902 1147 947 tam
1176 891 1443 948 laudabile
1488 899 1572 945 est
1617 890 1662 943 si
1709 889 1777 942 ab
1805 887 2028 952 illicitis,

460 1002 621 1057 quam
652 986 697 1040 si
724 984 887 1041 etiam
910 1000 941 1037 a
967 982 1132 1037 licitis
1182 993 1560 1052 temperemus,
1589 987 1644 1034 et
1683 978 1768 1033 bis
1810 988 2033 1048 propter

459 1074 578 1144 ejus
618 1073 975 1129 reverentiam
1002 1087 1107 1126 non
1138 1081 1372 1134 utamur,
1405 1068 1497 1139 qui
1536 1082 1598 1122 ea
1632 1067 1786 1122 nobis
1813 1075 2033 1136 propter

433 1152 832 1225 ‘inﬁrmitatem
886 1164 1129 1221 nostram
1192 1161 1389 1218 utenda
1430 1158 1696 1232 permisit.
1730 1157 1861 1217 ,Non
1887 1157 2030 1212 enim

458 1256 783 1329 generaliter
811 1252 1225 1325 praecipiendum
1275 1258 1411 1312 erat,
1458 1262 1559 1303 nec
1606 1256 1665 1303 ut
1698 1246 1773 1302 ita
1802 1246 2031 1301 dixerim

459 1348 721 1405 canonice
764 1346 831 1401 ab
878 1342 1128 1400 omnibus
1177 1339 1496 1410 exigendum
1542 1336 1593 1392 id
1627 1335 1771 1407 quod
1812 1341 2034 1404 propter

459 1439 743 1495 miriﬁcam
785 1432 1168 1491 sublimitatem
1194 1430 1261 1484 ab
1297 1428 1546 1494 omnibus
1568 1425 1771 1496 passim
1798 1438 1906 1478 non
1935 1438 2033 1493 po-

460 1536 567 1584 test
610 1521 960 1597 apprehendi,
1004 1519 1101 1575 sed
1142 1517 1367 1573 consilio
1396 1529 1584 1570 omnes
1622 1514 1802 1583 potius
1830 1524 2029 1581 provo-

458 1626 654 1672 cantur
676 1621 731 1669 et
764 1610 969 1682 gratia,
996 1618 1056 1663 ut
1104 1608 1159 1662 hi
1192 1607 1283 1675 qui
1314 1604 1492 1675 magni
1517 1610 1641 1658 sunt
1670 1601 1879 1671 possint
1904 1614 2028 1669 per-

460 1707 691 1762 fectione
717 1704 976 1757 virtutum
1002 1713 1108 1752 non
1138 1694 1405 1750 immerito
1426 1690 1693 1748 coronari.
1716 1688 1822 1756 Qui
1849 1695 2031 1742 autem

2141 552 2159 583 ι
2194 533 2404 588 locutus
2435 544 2517 587 est
2549 535 2804 588 Dominus
2832 536 3115 588 adversum
3146 532 3402 601 populum
3436 536 3604 589 hunc.
3640 535 3713 587 Et

2141 626 2171 673 ι’
2195 616 2320 677 fecit
2344 623 2552 677 Baruch
2579 623 2717 677 ﬁlius
2744 622 3086 690 Neriaejuxta
3129 622 3334 688 omnia,
3363 637 3484 693 quae
3508 638 3711 692 praecec

2138 734 2156 765 ‹
2194 723 2347 783 perat
2387 713 2435 767 ei
2480 712 2740 767 Jercmias
2782 714 3065 782 propheta,
3113 712 3298 780 legens
3343 720 3409 765 ex
3433 712 3708 768 volumine

2138 819 2156 851 ι
2193 815 2469 855 sermones
2498 800 2707 854 Domini
2734 800 2787 854 in
2811 800 2969 854 domo
2998 800 3225 853 Domini.
3258 818 3274 849 ι
3301 798 3553 869 Prompta
3582 802 3709 855 obe-

2132 890 2333 945 dientia
2391 890 2664 959 prophetrc
2716 890 3007 944 concordat
3066 888 3263 943 divinae
3323 887 3626 944 clementiae
3687 908 3702 943 :

2131 978 2385 1048 quoniam
2416 978 2556 1031 sicut
2583 978 2669 1031 ille
2708 977 2939 1031 consulit
2982 978 3228 1031 humanae
3270 976 3567 1031 inﬁrmitati
3610 993 3708 1047 per

2131 1067 2551 1122 admonitionem
2594 1065 2978 1131 conversionis,
3028 1066 3101 1118 ita
3150 1065 3250 1120 iste
3295 1066 3593 1121 obediendo
3640 1067 3706 1121 ad

2128 1156 2355 1211 salutem
2378 1153 2746 1226 proximorum
2770 1164 2987 1209 exercet
3008 1152 3240 1209 cilicium
3284 1156 3705 1224 praedicationis.

2129 1244 2232 1311 Qui
2250 1253 2305 1300 et
2330 1245 2377 1300 si
2404 1243 2619 1299 clausus
2648 1258 2868 1300 carcere
2907 1259 3007 1315 per
3052 1244 3399 1314 semetipsum
3443 1244 3496 1298 id
3544 1244 3709 1314 perﬁ-

2128 1349 2252 1391 cere
2278 1349 2387 1389 non
2415 1333 2599 1397 valuit,
2631 1322 2729 1403 per
2754 1334 3099 1403 interpretem
3133 1342 3311 1389 tamen
3343 1335 3525 1389 omnia
3550 1335 3705 1403 juxta

2129 1426 2185 1482 id
2226 1423 2370 1494 quod
2399 1408 2506 1478 sibi
2549 1422 2760 1490 jussum
2808 1421 2983 1478 fuerat
3035 1423 3251 1492 explere
3293 1425 3519 1478 curavit.
3569 1424 3709 1491 Quid

2127 1528 2256 1585 ergo
2286 1528 2385 1569 nos
2414 1512 2614 1566 inertes
2649 1511 2703 1565 in
2731 1509 2914 1565 futuro
2936 1510 3139 1580 judicio
3158 1512 3253 1565 Dei
3276 1510 3473 1567 dicturi
3499 1527 3707 1578 sumus,

2129 1605 2221 1674 qui
2249 1602 2559 1663 absolutiet
2582 1601 2828 1655 libertate
2855 1600 3031 1670 potiti,
3070 1600 3331 1670 proximis
3374 1603 3580 1657 nostris
3606 1604 3708 1657 Do-

2132 1692 2264 1748 mini
2292 1692 2517 1747 verbum
2561 1690 2865 1759 expendere
2916 1689 3276 1760 negligimus:
3328 1691 3546 1760 quando
3596 1692 3707 1756 ille,

460 1799 610 1868 parvi
647 1806 791 1860 sunt,
818 1802 873 1849 et
903 1803 1209 1846 mensuram
1253 1786 1436 1840 relatis
1456 1782 1803 1856 plenitudinis
1831 1777 2031 1835 Christi
2064 1770 2108 1827 B
2134 1780 2503 1852 quiaclaustris
2530 1781 2813 1835 obseratus
2835 1787 2975 1845 erat,
3014 1795 3122 1835 non
3165 1795 3261 1850 per
3306 1782 3708 1837 excusationem

461 1867 682 1959 implere
710 1900 817 1941 non
857 1888 1100 1955 possunt,
1154 1878 1281 1933 licet
1334 1874 1540 1945 fulgore
1581 1870 1842 1940 majorum
1881 1867 2027 1922 velut

459 1957 695 2034 siderum
734 1974 860 2029 tecti
897 1973 1079 2027 laetare
1120 1967 1426 2030 videantur,
1485 1971 1665 2017 tamen
1715 1975 1745 2014 a
1790 1957 2025 2013 tenebris

460 2065 922 2126 maledictionum,
967 2075 1088 2131 qua:
1122 2058 1325 2127 in-lege
1377 2061 1501 2109 sunt
1532 2050 1718 2115 alieni,
1766 2064 1865 2103 nec
1890 2061 2024 2116 pra:-

458 2161 690 2218 sentium
714 2155 977 2211 maiorum
1004 2151 1249 2207 cladibus
1269 2148 1610 2209 addicuntur,
1642 2156 1743 2196 nec
1765 2137 2028 2209 supplicio

456 2234 765 2323 plectuntur
795 2256 1018 2302 azterno.
1052 2240 1166 2295 Non
1197 2254 1326 2310 ergo
1354 2236 1604 2292 Christus
1634 2232 1699 2286 ad
1744 2230 1833 2285 illa
1861 2229 2031 2283 virtu-

460 2317 571 2396 tum
600 2336 813 2393 excelsa
842 2331 1056 2402 fastigia
1079 2328 1333 2399 praecepti
1360 2337 1682 2396 quemquam
1710 2317 2031 2396 necessitate

458 2428 798 2499 constringit,
827 2425 920 2480 sed
956 2421 1108 2477 liberi
1138 2418 1347 2473 arbitrii
1385 2421 1639 2486 provocat
1663 2416 1947 2481 potestate,
1977 2414 2033 2463 et

461 2498 777 2575 salubritate
835 2512 1044 2570 consilii
1106 2524 1171 2565 ac
1222 2506 1490 2564 desiderio
1534 2498 1882 2574 perfectionis
1936 2511 2033 2553 ac-

459 2611 660 2669 cendit.

993 2691 1217 2749 CAPUT
1266 2686 1505 2745 XXXVI.

459 2812 667 2868 Baruch
706 2826 806 2875 ,ρας
871 2822 1075 2861 carcere
1130 2803 1371 2858 Jeremite
1422 2798 1657 2875 mittitur
1719 2810 1836 2853 cum
1879 2792 2034 2873 libro,

534 2862 682 2953 quem
709 2862 963 2934 ,Joachim
992 2876 1277 2936 comburit,
1309 2882 1355 2926 et
1381 2870 1515 2925 alius
1542 2877 1720 2921 contra
1759 2880 1877 2919 eum
1907 2862 2036 2916 scri-

531 2954 687 3006 bitur.

2129 1871 2578 1944 impossibilitatis
2608 1870 2819 1925 Domini
2850 1871 3104 1926 mandato
3137 1870 3369 1937 obstitit,
3420 1872 3515 1926 sed
3564 1872 3707 1940 quod

2129 1964 2243 2033 ipse
2270 1976 2366 2032 per
2403 1976 2461 2016 se
2486 1960 2701 2030 explere
2725 1976 2834 2015 non
2862 1960 3048 2040 valuit,
3078 1975 3175 2030 per
3202 1960 3497 2030 subjectam
3527 1977 3711 2032 perso-

2128 2068 2250 2109 nam
2273 2050 2623 2107 solertissime
2656 2051 2918 2121 perlicere
2959 2049 3259 2105 festinavit.

2204 2162 2221 2194 ι
2258 2142 2479 2197 Factum
2509 2148 2592 2195 est
2639 2149 2816 2196 autem
2851 2141 2902 2194 in
2948 2155 3089 2195 anno
3122 2142 3311 2209 quinto
3336 2140 3581 2199 Joachim
3613 2141 3708 2195 ﬁlii

2136 2252 2154 2285 ‹
2190 2232 2350 2288 Josia:
2394 2232 2537 2301 regis
2562 2228 2698 2285 Juda
2746 2229 2798 2283 in
2842 2244 3024 2284 mense
3069 2244 3231 2295 nono,
3275 2230 3711 2300 pradicaverunt

2135 2341 2153 2374 ι
2186 2320 2451 2391 jejunium
2510 2319 2563 2374 in
2617 2327 2910 2388 conspectu
2956 2319 3167 2375 Domini
3202 2304 3348 2374 omni
3406 2321 3602 2390 populo
3655 2322 3709 2376 in

2135 2408 2508 2473 «Jerusalem,
2558 2416 2612 2462 et
2669 2408 2932 2461 universae
2972 2407 3299 2462 multitudini
3340 2424 3461 2478 qurc
3505 2408 3709 2464 conﬁu-

2136 2520 2155 2554 ι
2191 2506 2345 2556 xerat
2370 2499 2435 2553 de
2454 2498 2761 2553 civitatibus
2801 2496 2966 2563 Juda,
2998 2499 3048 2552 in
3089 2497 3406 2553 Jerusalem.
3449 2499 3710 2570 Legitque

2137 2609 2159 2642 ι
2194 2588 2404 2643 Barueh
2450 2602 2516 2642 ex
2544 2586 2816 2642 volumine
2853 2602 3132 2642 sermones
3158 2586 3406 2643 Jeremiae
3456 2589 3509 2643 in
3550 2590 3711 2645 domo

2139 2700 2157 2731 ε
2201 2677 2410 2734 Domini
2440 2677 2494 2732 in
2520 2677 2888 2748 gazophilacio
2912 2676 3294 2742 Gamarise,fdii
3331 2677 3549 2747 Sapban
3577 2681 3709 2734 scri-

2140 2789 2158 2821 ‹
2196 2770 2311 2833 bne,
2372 2769 2422 2822 in
2475 2767 2739 2822 vestibulo
2800 2767 3105 2836 superiori,
3154 2768 3211 2821 in
3263 2768 3485 2823 introitu
3540 2777 3712 2837 porta:

2141 2880 2158 2911 ι
2197 2874 2349 2914 novae
2388 2860 2579 2914 domus
2622 2858 2865 2921 Domini,
2902 2858 3151 2912 audiente
3179 2859 3323 2913 onmi
3352 2858 3568 2928 populo,
3604 2878 3619 2909 ›
3657 2869 3713 2912 et

2139 2952 2361 3021 reliqua.
2392 2950 2729 3006 Conveniens
2756 2948 2907 3009 ordo,
2939 2957 2995 3002 ut
3035 2949 3089 3001 in
3120 2948 3411 3003 indictione
3443 2950 3711 3017 poeniten-

541 3085 559 3115 ε
596 3065 661 3118 Et
692 3064 886 3117 factum
924 3068 1007 3113 est
1035 3059 1085 3111 in
1131 3070 1273 3110 (ιιιηο
1296 3060 1491 3123 quarto
1536 3049 1779 3105 Joacltim
1821 3045 1913 3099 ﬁlii
1942 3043 2033 3097 ,ιο-
2082 3121 2097 3123 ζ
2130 3045 2225 3099 Jim
2254 3043 2574 3115 praedicetur
2596 3042 2854 3112 jejunium
2884 3040 3246 3111 parcimonite,
3288 3050 3348 3093 ut
3375 3042 3465 3108 qui
3506 3055 3601 3107 per
3623 3038 3710 3091 lu—

469 3180 486 3219 l
520 3160 614 3221 size
646 3160 784 3235 regis
823 3155 979 3225 Juda,
1023 3152 1222 3213 factum
1265 3158 1348 3211 est
1378 3148 1597 3207 verbum
1644 3147 1744 3205 hoc
1774 3143 1839 3201 a'l
1886 3138 2028 3201 Jcre-
2062 3121 2104 3187 Ο
2138 3152 2263 3195 xum
2294 3150 2401 3194 nou
2428 3133 2664 3193 cavendo
2687 3132 2816 3191 vitia
2866 3130 2918 3190 in
2948 3141 3223 3206 peccatum
3265 3131 3581 3199 inruerant,
3614 3145 3714 3203 per

471 3280 488 3309 ι
527 3256 690 3311 miam
710 3232 749 3308 *ει
796 3254 1044 3315 Domino,
1074 3250 1259 3303 dicens
1288 3264 1299 3299 :
1336 3244 1484 3299 Tolle
1511 3232 1762 3297 volumen
1804 3237 1947 3299 libri,
1979 3244 2034 3290 et

473 3367 489 3399 ι
528 3347 733 3403 scribes
764 3344 818 3398 in
862 3357 928 3397 eo
965 3340 1147 3396 omnia
1174 3336 1359 3401 verba,
1399 3350 1519 3404 qua:
1549 3332 1759 3386 locutus
1788 3344 1905 3382 sum
1938 3325 2031 3380 tibi

468 3458 487 3488 ‹
521 3437 806 3490 adversum
854 3429 1018 3486 Israel
1060 3437 1117 3482 et
1162 3425 1375 3489 ludam,
1423 3432 1479 3478 et.
1518 3422 1799 3475 adversum
1839 3427 2035 3470 omnes

468 3546 487 3579 ι
520 3536 705 3598 gentes
738 3539 769 3579 a
802 3524 887 3579 die
921 3537 1026 3592 qua
1055 3519 1266 3575 locutus
1291 3530 1410 3571 sum
1448 3512 1515 3567 ad
1555 3520 1605 3565 te
1631 3524 1697 3564 ex
1728 3507 1917 3562 diebus
1943 3503 2035 3561 Jo-

471 3637 490 3669 ι
524 3594 619 3673 sia:
652 3630 821 3685 usque
866 3614 933 3668 ad
970 3613 1108 3667 hanc
1149 3608 1331 3663 diem:
1373 3604 1431 3659 Si
1480 3602 1621 3659 forte
1658 3598 1908 3685 audiente
1934 3594 2033 3649 do-

471 3727 490 3760 ‹
523 3722 610 3761 mo
645 3683 793 3761 Juda:
850 3702 1098 3757 universa
1135 3696 1295 3760 mala,
1338 3706 1456 3762 quae
1495 3705 1596 3759 ego
1629 3687 1807 3758 cogito
1859 3683 2035 3737 facere

472 3816 490 3849 1
524 3796 604 3851 eis
639 3798 936 3849 revertatur
973 3785 1340 3855 unusquisque
1389 3796 1419 3835 a
1442 3779 1527 3833 via
1572 3791 1667 3831 sua
1695 3772 1948 3845 pessima,
1982 3778 2037 3823 et

472 3908 491 3943 ε
525 3887 785 3961 prOpitius
819 3898 914 3939 ero
942 3876 1209 3950 iniquitati
1240 3883 1295 3930 et
1314 3880 1534 3943 peccato
1558 3880 1764 3923 eorum.
1797 3881 1814 3914 ι
1868 3860 2038 3961 (Mau-

472 3951 695 4051 ncs.)-O
718 3979 975 4032 immensa
1005 3967 1288 4026 clementia
1316 3973 1373 4020 et
1410 3954 1796 4018 inaestimabilis
1824 3951 2037 4008 bonitas

472 4070 766 4129 conditoris
797 4064 987 4125 nostri,
1039 4060 1130 4129 qui
1176 4074 1207 4111 a
1262 4052 1507 4125 superbis
1551 4053 1887 4114 contemptus
1931 4056 2035 4095 non

471 4164 725 4218 ultionem
754 4153 999 4225 supplicii
1038 4146 1387 4220 peccantibus
1432 4140 1646 4211 ingerit,
1679 4134 1773 4191 sed
1816 4146 2039 4187 conver-

470 4255 543 4309 sis
570 4266 665 4321 per
695 4242 1064 4319 paenitentiam
1095 4232 1478 4305 indulgentiam
1506 4225 1791 4298 promittit,
1835 4231 1905 4321 et.
1933 4236 2040 4274 non

473 4310 678 4395 tantum
696 4310 965 4403 unigeniti
1003 4328 1331 4387 Iudaeorum,
1356 4319 1451 4377 sed
1479 4318 1545 4373 ad
1570 4328 1757 4371 omnes
1797 4310 2042 4366 nationes

472 4434 711 4501 gentium
742 4401 1043 4481 sermonem
1072 4412 1463 4489 praedicationis
1505 4425 1601 4480 per
1624 4406 1941 4477 pr0phetam
1962 4401 2039 4455 di-

475 4492 617 4591 rigit,
647 4519 692 4574 si
723 4512 989 4586 quomodo
1032 4514 1334 4563 revertatur
1374 4498 1740 4568 unusquisque
1776 4509 1807 4546 a
1835 4492 1918 4545 via
1946 4504 2040 4545 sua

473 4588 723 4682 pessima,
766 4616 819 4660 et
864 4618 959 4672 per
987 4596 1198 4654 Domini
1234 4588 1656 4649 misericordiam
1700 4588 2042 4653 peccatorum

473 4714 696 4757 suorum
716 4696 955 4751 obtineat
983 4690 1214 4745 veniam.

552 4810 569 4839 ι
611 4784 831 4841 Vocavit
856 4795 984 4849 ergo
1010 4774 1273 4832 Jeremias
1312 4768 1523 4827 Baruch
1568 4766 1733 4821 ﬁlium
1773 4761 1969 4823 Nerize,
1994 4764 2048 4810 et

484 4900 502 4930 ι
547 4876 763 4943 scripsit
804 4871 1011 4926 Baruch
1046 4883 1114 4923 ex
1141 4880 1238 4921 ore
1283 4860 1528 4920 Jeremice
1555 4870 1740 4912 omnes
1775 4861 2049 4908 sermones

487 4991 503 5021 ι
535 4966 768 5027 Domini,
801 4977 933 5031 quos
962 4962 1171 5016 locutus
1199 4968 1281 5010 est
1321 4953 1388 5007 ad
1434 4966 1556 5005 eum
1598 4950 1651 5002 in
1682 4944 1950 5000 volumine
1986 4941 2049 4993 li-

488 5078 506 5111 ι
546 5058 651 5119 bri,
693 5065 749 5107 et
777 5030 1028 5122 praecepit
1078 5044 1341 5101 Jeremias
1392 5038 1621 5101 Baruch,
1673 5036 1896 5091 dicens:
1939 5030 2050 5099 Ego

492 5170 510 5203 ι
541 5149 759 5203 clausus
779 5119 936 5203 isum,
981 5153 1080 5191 nec
1114 5134 1263 5187 valeo
1308 5128 1510 5201 ingredi
1570 5127 1625 5179 in
1668 5126 1883 5178 domum
1930 5119 2048 5181 Dei,

489 5261 509 5291 ι
546 5234 827 5309 ingredere
851 5246 977 5299 ergo
1005 5238 1057 5281 tu
1080 5234 1133 5278 ct
1161 5225 1270 5293 lege
1294 5222 1360 5275 de
1382 5218 1674 5280 volumine,
1705 5216 1757 5267 iu
1787 5227 1893 5281 quo
1922 5209 2054 5263 scri—

491 5350 511 5383 ‹
548 5298 702 5399 psisti
728 5342 795 5380 ex
822 5298 1063 5377 oreinieo
1092 5316 1253 5369 verba
1291 5309 1525 5371 Domini,
1568 5305 1817 5359 audiente
1862 5298 2053 5369 populo

493 5437 513 5471 ι
546 5389 600 5473 in
623 5416 779 5470 domo
799 5410 1032 5471 Domini,
1060 5407 1112 5459 in
1135 5403 1218 5459 die
1239 5399 1425 5468 jejunii
1453 5397 1705 5463 ;insupcr
1728 5400 1783 5445 et
1808 5389 2055 5443 audiente

494 5528 515 5562 ι
548 5508 800 5563 universo
825 5500 979 5563 Juda,
1010 5498 1099 5567 qui
1125 5494 1347 5548 veniunt
1373 5491 1439 5543 de
1471 5484 1777 5541 civitatibus
1811 5482 1941 5546 suis,
1980 5479 2055 5532 lc-

498 5620 515 5650 ι
550 5613 641 5665 ges
680 5597 779 5659 eis,
808 5593 852 5648 si
900 5591 1037 5646 forte
1064 5587 1220 5640 cadat
1259 5581 1429 5637 oratio
1458 5592 1641 5632 eorum
1685 5575 1737 5628 in
1767 5576 2054 5640 conspectu

501 5711 518 5742 ι
564 5687 796 5752 Domini,
826 5691 879 5741 et
908 5686 1208 5738 revertatur
1244 5670 1612 5741 unusquisque
1641 5681 1669 5721 a
1699 5666 1781 5719 via
1810 5679 1903 5720 sua
1939 5676 2057 5731 pes-

2136 3232 2515 3287 abstinentiam
2543 3238 2595 3283 et
2625 3229 2965 3283 aﬂlictiouem
2998 3229 3241 3299 corporis
3263 3229 3449 3282 eadem
3484 3238 3708 3298 peccata

2136 3324 2354 3378 abluere
2386 3321 2732 3377 contendant.
2782 3319 2983 3391 (Greg.)
3015 3318 3148 3373 Nam
3181 3319 3521 3389 cogitandum
3561 3334 3713 3373 sum-

2137 3425 2354 3483 mopere
2382 3420 2483 3475 est,
2511 3418 2570 3463 ut
2599 3410 2689 3478 qui
2720 3424 2777 3463 se
2809 3408 2990 3463 illicita
3024 3408 3270 3461 meminit
3297 3408 3651 3471 commisisse,
3682 3423 3717 3461 τι

2137 3503 2455 3574 quibusdam
2491 3501 2651 3555 etiam
2697 3499 2858 3555 licitis
2904 3499 3132 3553 studeat‘
3163 3498 3437 3555 abstinere
3476 3516 3487 3551 :
3524 3508 3714 3565 quate-

2138 3609 2241 3647 nus
2267 3607 2361 3662 per
2408 3592 2508 3644 hoc
2552 3588 2815 3643 conditori
2863 3604 2961 3643 suo
3017 3585 3333 3651 satisfaciat,
3366 3586 3538 3655 utqui
3568 3600 3716 3639 com-

2139 3683 2286 3738 misit
2312 3681 2602 3752 prohibita,
2652 3677 2966 3747 sibimetipsi
2996 3677 3309 3731 abscindere
3350 3676 3509 3731 debet
3548 3675 3714 3730 etiam

2140 3787 2420 3837 concessa,
2451 3779 2505 3825 et
2533 3769 2889 3840 reprehendat
2933 3768 2987 3822 in
3030 3768 3287 3834 minimis,
3330 3767 3423 3837 qui
3468 3768 3719 3822 meminit

2142 3861 2193 3915 in
2227 3860 2476 3915 maximis
2497 3858 2802 3928 deliquisse.

2217 3969 2233 4000 ε
2270 3949 2525 4003 Miserum
2559 3948 2737 4017 itaque
2761 3961 2947 4001 omnes
2992 3945 3265 4017 principes
3291 3943 3359 3999 ad
3384 3944 3595 3999 Barucli
3648 3944 3719 3997 ﬁ-

2148 4060 2165 4091 ι
2200 4041 2329 4093 lium
2359 4037 2557 4103 Nerite,
2601 4036 2694 4090 ﬁlii
2744 4035 3044 4100 Natltaniae,
3090 4034 3183 4087 ﬁlii
3211 4033 3399 4098 Cbusi,
3433 4033 3715 4088 dicentes:

2150 4150 2168 4181 ι
2208 4130 2486 4195 Volumen,
2513 4143 2581 4183 ex
2609 4142 2716 4198 quo
2764 4126 2939 4197 legisti
2984 4126 3232 4179 audiente
3276 4124 3509 4194 populo:
3562 4141 3721 4181 sume

2150 4241 2169 4275 ι
2201 4222 2255 4275 in
2291 4235 2450 4275 manu
2490 4227 2577 4273 tua
2607 4226 2661 4273 et
2688 4212 2829 4272 veni.
2865 4216 3009 4271 Tulit
3035 4230 3163 4286 ergo
3198 4214 3407 4270 Baruch
3438 4214 3580 4269 ﬁlius
3610 4214 3718 4269 Ne—

2150 4328 2171 4363 ι
2200 4309 2294 4365 riae
2337 4307 2588 4364 volumen
2622 4307 2677 4360 in
2728 4322 2888 4359 manu
2945 4320 3064 4371 sua,
3116 4314 3169 4359 et
3214 4305 3362 4358 venit
3396 4304 3463 4359 ad
3489 4319 3601 4359 eos.
3652 4304 3721 4357 Et

2155 4422 2173 4453 ι
2209 4401 2460 4455 dixerunt
2515 4396 2582 4449 ad
2629 4410 2752 4449 eum
2800 4412 2814 4448 :
2868 4393 3006 4449 Sede
3050 4404 3105 4448 et
3141 4393 3256 4464 lege
3306 4394 3422 4447 haec
3470 4393 3524 4447 in
3575 4393 3722 4447 auri-

2074 4460 2123 4519 Β
2154 4510 2173 4543 ¢
2212 4491 2311 4544 bus
2336 4486 2556 4542 nostris.
2604 4485 2672 4539 Et
2715 4484 2843 4555 legit
2889 4484 3099 4538 Baruch
3148 4460 3216 4536 inV
3248 4484 3472 4549 auribus
3508 4498 3717 4537 eorum.

2157 4599 2175 4631 ι
2207 4579 2369 4649 Igitur
2395 4591 2518 4631 cum
2561 4575 2837 4629 audissent
2874 4576 3054 4629 omnia
3092 4573 3276 4638 verba,
3327 4573 3725 4643 obstupuerunt

2157 4689 2174 4721 ‹
2211 4668 2573 4736 unusquisque
2602 4664 2669 4720 ad
2693 4666 2995 4734 proximum
3040 4680 3215 4719 suum.
3260 4663 3326 4717 Et
3352 4663 3608 4717 dixerunt
3652 4661 3720 4715 al

2159 4778 2176 4809 ι
2209 4758 2417 4812 Baruch
2448 4774 2460 4810 :
2495 4755 2751 4810 Nuntiare
2790 4753 3045 4809 debemus
3075 4754 3185 4823 regi
3210 4768 3398 4807 omnes
3442 4766 3722 4807 sermones

2160 4867 2177 4899 ι
2208 4847 2372 4914 istos?
2417 4846 2483 4899 Et
2529 4845 2995 4912 interrogaverunt
3039 4858 3184 4907 eum,
3221 4842 3504 4897 dicentes:
3540 4839 3721 4893 indica

2154 4956 2171 4988 ‹
2202 4937 2355 4991 nobis
2401 4934 2668 5004 quomodo
2712 4931 2973 5001 scripsisti
3024 4944 3213 4985 omnes
3260 4941 3538 4984 sermones
3587 4927 3725 4982 istos

2156 5048 2173 5078 ‹
2208 5046 2274 5083 ex
2300 5042 2393 5082 ore
2416 5025 2569 5094 ejus?
2598 5024 2742 5077 Dixit
2769 5032 2947 5076 autem
2995 5022 3204 5075 Baruch
3234 5020 3313 5074 eis
3343 5038 3355 5071 :
3402 5020 3481 5073 Ex
3507 5034 3603 5072 ore
3624 5033 3723 5072 suo

2156 5138 2173 5168 ι
2207 5117 2540 5184 loquebatur,
2571 5113 2723 5183 quasi
2755 5112 2934 5182 legens
2976 5110 3041 5164 ad
3089 5123 3178 5163 me
3217 5121 3406 5162 omnes
3445 5120 3725 5160 sermones

2160 5225 2177 5257 ι
2216 5207 2368 5269 istos,
2391 5212 2446 5258 et.
2484 5217 2581 5272 ego
2610 5200 2912 5256 scribebam
2956 5198 3011 5252 in
3034 5197 3307 5251 volumine
3333 5203 3660 5255 atramento,
3696 5212 3717 5245 ι

2156 5304 2211 5350 et
2248 5295 2471 5364 reliqua.
2505 5292 2657 5358 Quod
2701 5289 2909 5342 Baruch
2941 5288 3303 5355 interrogatus
3330 5299 3362 5338 a
3392 5280 3727 5353 principibus

2155 5384 2333 5453 populi
2378 5381 2646 5451 quomodo
2690 5377 2997 5446 scripsisset
3046 5389 3321 5429 sermones
3372 5369 3623 5427 Jeremire
3657 5386 3725 5425 ex

2160 5491 2253 5530 ore
2282 5473 2399 5543 ejus
2440 5492 2451 5527 :
2496 5471 2773 5540 respondit
2822 5469 2961 5539 quod
3006 5484 3072 5522 ex
3114 5482 3210 5522 ore
3240 5482 3339 5520 suo
3388 5464 3604 5520 locutus
3655 5464 3724 5519 sit

2159 5568 2225 5622 ad
2250 5582 2392 5630 cum,
2422 5564 2575 5641 quasi
2615 5562 2794 5631 legens
2821 5554 3097 5615 sermones
3128 5559 3261 5613 istos
3308 5557 3561 5618 insinuat,
3598 5556 3725 5623 quia

2161 5658 2328 5714 sancti
2360 5656 2630 5726 propheta:
2679 5661 2731 5708 ct
2779 5652 3018 5721 apostoli
3052 5650 3252 5720 Spiritu
3296 5657 3485 5705 sancto
3536 5645 3723 5707 locuti,
