3952 6312
221 388 364 447 1073

1111 380 1473 441 EXPOSITIO
1514 379 1739 439 SUPER
1777 376 2145 434 JEREMIAM.
2184 406 2253 415 —
2292 374 2418 429 LIB.
2458 370 2596 427 Xlll.

218 504 422 561 nullam
457 498 830 557 necessitatem
861 507 1183 553 tractatuum
1218 495 1302 549 vel
1346 493 1621 564 penuriam
1646 490 1791 560 passi
1822 496 1867 555 Α
1896 489 2035 559 ignis
2082 486 2369 543 studebant
2430 480 2753 537 consumere
2823 478 3035 531 ﬂamma
3082 495 3094 528 :

3344 357 3483 415 lO‘Il»

3163 474 3383 542 insuper
3428 484 3497 527 eL

219 603 349 649 sunt
380 593 686 654 verborum,
719 590 813 644 sed
838 588 1040 652 omnia,
1072 594 1131 640 ut
1159 584 1441 653 oportebat
1475 590 1718 651 prompte
1748 586 1803 633 et
1901 578 2251 649 prophetam,
2283 588 2446 643 quem
2475 587 2571 642 per
2610 569 2841 638 gratiam
2877 566 3135 621 doctrina:
3166 573 3329 631 atque
3365 576 3487 654 cor-

221 684 382 739 facile
401 697 586 736 coram
616 680 950 734 auditoribus
978 678 1112 741 suis,
1161 675 1396 745 Spiritus
1433 673 1601 727 sancti
1629 668 1801 740 gratia

222 766 517 836 tribuente,
555 770 801 839 proferre
827 780 830 787 ‘
844 774 1116 835 poterant.
1166 764 1316 819 Unde
1346 763 1459 831 ipsa
1503 759 1713 815 Veritas
1748 755 1801 810 in

222 861 513 932 Evangelio
543 858 817 928 discipulis
870 856 986 909 ait:
1026 875 1043 907 ι
1080 855 1216 909 Dum
1249 850 1510 907 steteritis
1552 856 1680 902 ante
1718 859 1804 899 re-

224 969 320 1022 ges
342 962 397 1008 et
434 952 709 1022 praesides,
752 948 919 1003 nolite
949 947 1209 1017 cogitare,
1253 942 1521 1013 quomodo
1557 946 1651 994 aut
1676 936 1805 1006 quid

225 1043 520 1113 loquamini
547 1060 558 1094 :
585 1040 798 1094 dabitur
820 1038 963 1093 enim
995 1036 1147 1091 vobis
1186 1035 1240 1089 in
1283 1032 1373 1086 illa
1402 1031 1538 1085 hora
1569 1027 1697 1097 quid
1728 1025 1805 1079 lo-

222 1133 487 1203 quamini.
516 1130 629 1185 Non
653 1130 796 1185 enim
818 1144 913 1185 vos
934 1128 1086 1193 estis,
1116 1126 1207 1194 qui
1231 1120 1532 1192 loquimini,
1563 1118 1655 1171 sed
1678 1113 1803 1185 Spi-

226 1225 368 1280 ritus
412 1222 588 1277 Patris
623 1221 818 1284 vestri,
860 1220 951 1288 qui
992 1218 1232 1288 loquitur
1262 1216 1313 1269 iu
1350 1212 1503 1267 vobis
1544 1207 1693 1280 (Luc.
1754 1222 1803 1271 ι,

228 1316 421 1370 Matth.
448 1314 525 1383 ι).
563 1332 581 1365 ι
612 1312 679 1367 Et
722 1313 850 1367 item
881 1329 903 1365 :.
928 1330 949 1363 ‹
988 1309 1239 1379 Spiritus,
1271 1304 1465 1374 inquit,
1488 1299 1803 1372 paraclitus,

224 1420 388 1475 quem
415 1405 593 1459 mittet
629 1404 790 1459 Pater
833 1402 887 1456 in
930 1399 1147 1455 nomine
1194 1410 1317 1451 meo
1350 1393 1439 1448 ille
1469 1406 1565 1447 vos
1592 1389 1809 1445 docebit

224 1498 411 1551 omnia
449 1505 505 1551 et
547 1502 799 1568 suggeret
820 1493 970 1548 vobis
1010 1489 1190 1546 omnia
1242 1498 1576 1557 quaecunque
1622 1481 1810 1536 dixem

226 1586 383 1642 vobis
406 1585 586 1657 (Joan.
619 1582 753 1655 xvn).
786 1602 803 1634 ›
836 1581 1056 1649 Hocque
1085 1578 1382 1641 sciendum,
1409 1574 1553 1645 quod
1587 1586 1695 1626 non
1723 1584 1811 1625 so«

226 1675 340 1730 lum
369 1676 700 1740 doctoribus,
749 1673 843 1729 sed
893 1671 1057 1726 etiam
1111 1664 1449 1722 auditoribus
1505 1660 1809 1718 necessaria

224 1774 314 1821 est
342 1767 518 1838 gratia
565 1765 800 1835 Spiritus
837 1761 1032 1826 sancti,
1056 1759 1209 1831 quia,
1238 1764 1300 1813 ut
1323 1770 1487 1826 supra
1528 1751 1641 1821 jam
1671 1750 1812 1805 dixi-

1904 668 2164 738 reptionis
2210 665 2406 721 merito
2454 663 2722 717 honorare
2774 658 3094 721 debuerant,
3158 651 3488 709 contumelia

1904 757 2115 814 allicere
2140 752 2660 816 contendebant._Et
2681 751 2823 805 unde
2854 748 3000 804 hoc?
3028 746 3130 801 nisi
3163 746 3291 815 quia
3322 743 3486 814 spiri-

1904 856 1990 903 tus
2026 861 2283 915 nequam,
2313 844 2403 914 qui
2433 857 2645 912 semper
2672 840 2886 912 Spiritui
2929 838 3119 910 gratia:
3144 836 3487 900 adversatur,

1905 938 1959 993 in
1990 936 2245 993 cordibus
2273 949 2462 990 eorum
2494 932 2709 988 duritia:
2745 930 3095 1000 asperitatem
3140 943 3247 981 non
3294 924 3491 981 levita-

1906 1038 2014 1084 tem
2053 1026 2369 1083 obedientia:
2396 1022 2827 1084 machinabatur,
2873 1034 2941 1075 ne
2968 1018 3254 1075 credentes
3282 1024 3338 1071 et
3371 1030 3491 1086 poe-

1905 1099 2186 1175 nitentiam
2227 1123 2447 1187 agentes
2475 1113 2610 1169 salvi
2655 1111 2883 1167 ﬁerent?

1982 1228 1999 1260 ι
2040 1208 2107 1263 Et
2132 1206 2388 1278 prmcepit
2414 1219 2508 1261 rex
2549 1201 2802 1261 Jeremiel
2852 1199 2964 1257 filio
3002 1198 3280 1260 Amalech,
3314 1204 3369 1251 et
3396 1193 3495 1249 Sa-

1913 1318 1933 1351 ‹
1970 1297 2099 1353 raise
2165 1296 2276 1351 ﬁlio
2329 1293 2537 1360 Ezriel,
2593 1301 2648 1347 et
2702 1291 2950 1347 Selemim
3008 1290 3119 1344 tilio
3169 1285 3495 1361 Abdecltut

1913 1406 1932 1440 ι
1970 1385 2492 1456 comprehenderent
2560 1380 2773 1436 Baruch
2820 1381 3057 1436 scribam
3099 1386 3156 1435 et
3204 1375 3495 1432 Jeremiam

1914 1496 1935 1531 ‹
1968 1477 2321 1549 prophetam:
2346 1472 2630 1529 abscondit
2658 1480 2844 1527 autem
2865 1485 2961 1527 eos
2986 1468 3267 1525 Dominus.
3305 1486 3324 1518 ›
3354 1465 3491 1519 Fru-

1910 1576 2022 1624 stra
2072 1566 2234 1638 igitur
2283 1563 2489 1632 aliquid
2542 1576 2704 1631 agere
2736 1559 2927 1615 nititur
2972 1560 3209 1615 humana
3240 1572 3500 1627 praesum-

1909 1659 2045 1731 ptio,
2074 1658 2164 1713 ubi
2188 1656 2443 1712 resistere
2462 1651 2709 1709 voluerit
2730 1650 2912 1707 divina
2941 1648 3259 1705 dominatio.
3286 1646 3503 1703 Praece-

1912 1751 1994 1820 pit
2026 1762 2122 1804 rex
2176 1754 2445 1810 terrenus,
2499 1751 2559 1798 ut
2596 1740 3187 1810 comprehenderentur
3237 1737 3498 1809 propheta

229 1830 375 1924 mus:
418 1859 520 1914 nisi
560 1830 699 1913 idem
741 1856 964 1927 spiritus
991 1830 1141 1910 cordi
1186 1850 1328 1906 adsit
1356 1846 1648 1911 audientis,
1673 1844 1812 1900 otio—
1840 1838 1887 1897 Β
1914 1849 1970 1896 et
2019 1838 2263 1895 notarius
2311 1836 2463 1908 ejus,
2512 1842 2570 1891 et
2620 1834 2908 1889 mittantur
2954 1832 3011 1887 in
3058 1846 3355 1897 carcerem,
3406 1830 3503 1886 sed

228 1963 324 2002 sus
348 1950 432 2002 est
474 1962 652 2001 sermo
678 1944 934 2001 doctoris.
972 1942 1142 1997 Nemo
1169 1955 1299 2011 ergo
1343 1937 1559 1994 docenti
1611 1932 1821 1990 homini

230 2038 455 2103 u'ibuat,
489 2034 631 2106 quod
676 2051 743 2091 ex
774 2050 873 2090 ore
906 2034 1151 2090 docentis
1198 2030 1509 2100 intelligit:
1540 2028 1665 2098 quia
1715 2024 1821 2080 nisi

230 2128 376 2183 intus
403 2128 492 2193 sit,
545 2128 637 2197 qui
690 2128 904 2193 doceat,
953 2125 1192 2182 doctoris
1237 2124 1419 2193 lingua
1470 2121 1715 2179 exterius
1766 2118 1822 2172 in

228 2231 459 2273 vacuum
486 2216 712 2271 laborat.
744 2214 882 2271 Ecce
912 2229 1078 2270 unam
1101 2212 1371 2283 loquentis
1403 2224 1600 2266 vocem
1628 2222 1820 2264 omnes

228 2308 439 2377 pariter
466 2308 520 2361 in
548 2306 784 2361 Ecclesia
812 2305 1078 2369 audimus,
1109 2318 1215 2358 non
1249 2311 1429 2373 tamen
1457 2300 1663 2370 pariter
1694 2312 1821 2353 sen-

232 2412 357 2451 sum
385 2397 581 2451 auditae
607 2397 755 2452 vocis
780 2395 1127 2467 percipimus.
1160 2392 1295 2449 Cum
1339 2406 1470 2463 ergo
1495 2405 1602 2445 vox
1642 2389 1823 2459 dispar

230 2501 343 2541 non
370 2488 459 2551 sit,
490 2501 588 2541 cur
629 2486 684 2543 in
722 2487 972 2542 cordibus
1011 2484 1211 2540 nostris
1240 2483 1424 2554 dispar
1459 2490 1543 2539 est
1567 2482 1713 2537 vocis
1742 2481 1825 2536 in-

231 2575 573 2648 telligentia:
608 2577 713 2632 nisi
740 2576 864 2646 quia
898 2592 995 2647 per
1032 2576 1156 2641 hoc,
1209 2577 1354 2645 quod
1394 2588 1501 2631 vox
1546 2572 1819 2644 loquentis

230 2668 595 2724 communiter
629 2669 904 2733 admonet,
932 2675 1016 2724 est
1054 2667 1311 2738 magister
1351 2664 1600 2731 interior,
1632 2664 1724 2733 qui
1755 2663 1822 2718 de

232 2758 389 2813 vocis
411 2757 764 2829 intelligentia
792 2757 1053 2827 quosdam
1077 2755 1385 2827 specialiter
1414 2754 1591 2810 docet.
1622 2753 1699 2809 De
1718 2753 1823 2810 hac

233 2861 454 2920 quoque
483 2845 716 2918 Spiritus
738 2848 910 2903 sancti
944 2849 1117 2917 gratia
1151 2862 1250 2918 per
1276 2843 1538 2901 Joannem
1582 2844 1821 2900 dicitur:

242 2959 259 2990 ι
282 2938 439 2994 Sicut
455 2940 636 2995 unctio
656 2939 771 3010 ejus
794 2940 951 2995 docet
964 2953 1056 2994 vos
1068 2938 1133 2993 de
1150 2937 1398 3003 omnibus
1412 2934 1464 3007 (Ι
1476 2935 1640 2989 loan.
1660 2933 1815 3005 xu)»

235 3033 345 3087 Pcr
378 3046 565 3087 vocem
608 3046 737 3102 ergo
771 3046 878 3087 non
919 3030 1225 3093 instruitur,
1279 3014 1497 3099 quando
1537 3041 1692 3081 mens
1726 3040 1822 3095 per

234 3121 487 3191 spiritum
514 3136 620 3177 non
646 3120 877 3193 ungitur.
916 3119 1023 3176 Sed
1050 3135 1155 3175 cur
1183 3120 1284 3175 ista
1326 3120 1393 3174 de
1426 3118 1675 3173 doctrina
1717 3116 1821 3172 ho-

1919 1928 2201 1987 abscondit
2244 1942 2340 1983 eos
2386 1925 2497 1982 Rex
2545 1925 2803 1990 cmlestis,
2853 1926 2955 1979 hoc
2989 1931 3094 1989 est,
3150 1921 3407 1993 protexit,
3435 1936 3505 1977 ne

1920 2025 2157 2081 humana
2206 2021 2416 2077 malitia
2467 2019 2755 2075 laederetur
2806 2024 3119 2072 sanctorum
3171 2014 3503 2081 innocentia.

1927 2134 1947 2167 ι
1983 2114 2229 2171 Custodit
2270 2114 2415 2170 enim
2464 2112 2724 2167 Dominus
2769 2123 2960 2166 omnes
3005 2107 3288 2179 diligentes
3338 2114 3506 2173 se,,et

1920 2219 2111 2261 omnes
2156 2212 2471 2275 peccatores
2524 2199 2789 2271 disperdit
2836 2197 3011 2271 (Psal.
3062 2197 3296 2270 cxuv);
3330 2215 3349 2249 ›
3401 2205 3501 2253 et:

1928 2314 1947 2349 ι
1982 2293 2347 2351 Ambulabuut
2373 2293 2641 2357 homines,
2682 2299 2742 2347 ut
2774 2291 2899 2347 caeci
2920 2330 2936 2357 ,
2968 2290 3095 2361 quia
3120 2289 3349 2346 Domino
3377 2304 3503 2359 pec—

1921 2398 2184 2448 caverunt
2208 2388 2398 2461 (Soph.
2429 2388 2492 2461 1).
2530 2406 2548 2440 ι

1998 2502 2018 2537 ‹
2047 2481 2274 2538 Factum
2301 2489 2388 2537 est
2417 2480 2642 2536 verbum
2685 2474 2900 2535 Domini
2930 2477 3001 2533 ad
3037 2474 3329 2532 Jeremiam
3356 2480 3509 2545 post-

1928 2591 1948 2627 ι
1987 2586 2151 2645 quam
2171 2572 2543 2629 combusserat
2568 2586 2663 2625 rex
2686 2569 2957 2635 volumen,
2982 2575 3036 2624 et
3060 2576 3339 2623 sermones
3360 2580 3498 2634 quos

1928 2665 2272 2735 «scripserat
2294 2663 2506 2719 Baruch
2528 2677 2593 2717 ex
2614 2677 2710 2717 ore
2731 2659 3003 2725 Jeremiaa,
3021 2658 3206 2715 dicens
3232 2671 3246 2711 :
3269 2656 3506 2711 Rursum

1927 2773 1947 2808 ι
1978 2756 2108 2811 tolle
2119 2754 2373 2811 volumen
2389 2753 2562 2818 aliud,
2580 2760 2635 2808 et
2658 2751 2837 2825 scribe
2856 2751 2911 2805 in
2934 2766 3001 2806 eo
3017 2763 3208 2805 omnes
3223 2760 3505 2803 sermones

1928 2866 1947 2900 ι
1980 2846 2215 2917 priores,
2246 2844 2338 2916 qui
2366 2852 2525 2900 erant
2553 2844 2609 2898 in
2638 2842 2910 2897 volumine
2935 2840 3134 2911 primo,
3168 2839 3313 2909 quod
3354 2852 3508 2895 com-

1928 2935 2418 2995 «bassitJoachim
2473 2952 2567 2993 rex
2614 2934 2773 2999 Juda,
2817 2942 2874 2990 et
2916 2933 2985 2990 ad
3032 2931 3280 2989 Joachim
3329 2944 3513 3001 regem

1928 3046 1947 3081 ι
1981 3026 2143 3093 Juda,
2172 3026 2319 3083 dices
2348 3045 2363 3081 :
2392 3024 2519 3083 Haec
2547 3026 2679 3081 dicit
2702 3024 2963 3080 Dominus
2987 3041 3000 3078 :
3052 3023 3132 3078 Tu
3165 3021 3511 3079 eombussisti

1929 3136 1948 3171 ι
1977 3117 2228 3174 volumen
2269 3116 2429 3183 illud,
2467 3115 2654 3171 dicens
2686 3132 2699 3168 :
2730 3114 2911 3182 Quare
2948 3112 3215 3185 scripsisti
3246 3112 3301 3167 in
3328 3126 3394 3167 eo
3414 3126 3513 3165 an-

234 3180 446 3265 minum
493 3180 763 3280 loquier
791 3212 1005 3282 quando
1041 3218 1100 3267 et
1149 3210 1264 3281 ipse
1307 3209 1554 3265 conditor
1595 3224 1703 3265 non
1751 3207 1819 3263 ad
1848 3180 1892 3243 (ἶ
1930 3225 1949 3259 ι
1983 3207 2264 3271 nuntians,
2309 3180 2537 3261 festinus
2575 3180 2772 3260 veniet.
2793 3218 2889 3259 rex
2917 3180 3208 3273 Babylonis
3237 3209 3291 3257 et
3324 3208 3510 3257 vasta-

233 3301 593 3357 eruditionem
620 3302 825 3356 homini
873 3301 1133 3371 loquitur,
1158 3301 1205 3356 si
1243 3299 1417 3356 eidem
1467 3299 1672 3355 homini
1721 3314 1820 3369 per

234 3392 551 3447 unctionem
584 3392 807 3461 spiritus
859 3408 966 3448 non
1016 3391 1303 3463 loquatur?
1328 3390 1622 3462 (ΜΑυιιυε.)
1659 3389 1820 3446 Certe

230 3483 371 3539 Cain
405 3483 717 3555 priusquam
746 3484 1106 3540 fratricidium
1144 3499 1307 3553 opere
1336 3491 1692 3553 perpetraret,
1720 3498 1820 3537 au-

235 3575 414 3631 divit:
472 3593 491 3626 ι
547 3574 809 3642 Peceasli,
859 3575 1078 3647 quiesce
1118 3572 1270 3648 (Gen.
1325 3575 1430 3643 ιιι).
1479 3592 1497 3625 ι
1533 3573 1643 3629 Sed
1691 3573 1818 3643 quia

231 3664 409 3733 culpis
434 3664 546 3721 suis
572 3664 910 3737 exigentibus
929 3680 1117 3721 vocem
1138 3665 1467 3729 admonitus,
1499 3680 1605 3718 non
1638 3663 1690 3718 in
1722 3678 1820 3717 un-

231 3758 420 3811 ctione
469 3754 657 3811 audire
707 3756 803 3811 Dei
851 3756 1014 3811 verba
1056 3756 1254 3826 potuit,
1288 3755 1383 3810 sed
1428 3768 1649 3810 scrvare
1684 3769 1819 3809 con-

238 3847 461 3917 tempsit
491 3861 506 3901 :
542 3848 622 3903 sic
648 3858 703 3904 et
731 3863 897 3913 nunc,
934 3863 1053 3919 qua:
1089 3856 1389 3917 sequuntur
1437 3848 1489 3900 in
1523 3848 1627 3901 hoc
1671 3847 1821 3917 capi-

237 3940 375 4005 tulo,
416 3939 625 4010 prolata
669 3940 1075 4007 demonstrant,
1127 3940 1273 4009 quod
1321 3936 1567 3993 Joacbim
1617 3952 1713 3992 rex
1765 3946 1820 3991 et

233 4030 382 4086 servi
405 4029 541 4101 ejus,
579 4028 705 4099 quia
732 4044 839 4085 non
886 4026 1101 4083 fuerunt
1148 4027 1383 4099 Spiritus
1412 4026 1584 4082 sancti
1623 4024 1819 4097 gratia,

232 4137 347 4193 qua
388 4121 643 4191 propheta
671 4120 881 4176 loeutus
930 4128 1037 4184 est,
1091 4119 1236 4174 intus
1282 4118 1606 4183 illuminati,
1654 4119 1819 4173 verba

234 4212 338 4268 Dei
362 4211 577 4281 quidem
601 4212 793 4267 audire
815 4227 943 4267 aure
970 4211 1212 4281 corporis
1231 4218 1504 4280 poterant,
1548 4212 1642 4266 sed
1677 4211 1823 4266 auri-

234 4304 341 4359 bus
367 4303 543 4358 cordis
570 4317 675 4357 non
701 4310 968 4372 poterant,
999 4318 1133 4373 quas
1159 4302 1417 4357 Dominus
1444 4302 1496 4357 in
1526 4302 1820 4373 Evangelio

235 4397 488 4468 requirit,
516 4399 699 4453 dicens
729 4416 741 4452 :
775 4416 792 4449 ι
825 4395 928 4464 Qui
955 4396 1117 4452 habet
1140 4411 1299 4452 aures
1342 4396 1595 4450 audiendi
1638 4396 1820 4450 audiat

235 4488 571 4558 (diuulgati;
630 4487 761 4543 Luc.
807 4488 948 4560 vin).
983 4507 1001 4540 ι
1058 4488 1123 4542 Et
1168 4488 1223 4543 in
1265 4486 1628 4558 Apocalypsi:
1663 4507 1680 4539 ι
1717 4486 1819 4554 Qui

232 4579 419 4645 habet,
470 4579 660 4648 inquit,
708 4594 869 4635 aures
912 4579 1161 4635 audiendi
1188 4579 1371 4634 audiat
1420 4579 1548 4648 quid
1580 4580 1817 4650 Spiritus

230 4672 383 4725 dicat
413 4658 655 4725 ecclesiis
679 4671 861 4741 (Apoc.
904 4670 985 4743 ιι).
1026 4691 1044 4723 ›
1078 4670 1213 4725 Nam
1240 4672 1507 4741 sequitur.

314 4780 333 4811 σ
378 4761 494 4816 Rex
540 4771 720 4816 autem
748 4762 970 4824 sedebat
1010 4762 1065 4816 in
1093 4763 1251 4817 domo
1289 4762 1507 4818 hiemali
1548 4764 1603 4818 in
1636 4777 1824 4819 mense

236 4877 259 4908 ε
300 4870 445 4909 nono
474 4869 489 4907 :
518 4862 574 4909 et
600 4854 773 4923 posita
804 4864 921 4907 erat
943 4854 1092 4909 arula
1122 4869 1303 4909 coram
1332 4869 1397 4909 eo
1418 4855 1611 4925 prunis
1639 4855 1819 4925 plena.

238 4966 259 4998 ς
297 4944 542 5015 Cumque
582 4945 801 5016 legisset
848 4946 936 4999 vix
980 4954 1092 5000 tres
1148 4946 1385 5016 pagellas
1431 4946 1516 5001 vel
1566 4956 1820 5015 quatuor,

238 5055 260 5087 ε
292 5034 455 5089 scidit
498 5033 627 5089 illud
668 5035 921 5105 scalpello
949 5037 1162 5101 scribae,
1190 5044 1244 5090 et
1271 5037 1499 5106 projecit
1533 5038 1585 5092 in
1617 5038 1817 5108 ignem,

240 5144 261 5175 α
297 5125 532 5193 quierat
561 5137 722 5193 super
746 5125 972 5189 arulam,
1020 5126 1189 5180 donec
1219 5138 1627 5182 consumeretur
1660 5143 1821 5184 omne

242 5237 261 5269 ι
296 5215 550 5271 volumen
579 5216 709 5285 igni,
732 5216 824 5286 qui
861 5225 978 5270 erat
1004 5217 1056 5270 in
1084 5217 1257 5281 arula,
1289 5228 1345 5271 et
1372 5234 1479 5271 non
1500 5219 1815 5285 timuerunt,

244 5322 475 5375 tneque
532 5307 807 5362 sciderunt
856 5307 1175 5363 vestimenta
1229 5324 1325 5361 sua
1380 5324 1473 5362 rex
1521 5318 1575 5364 et
1630 5326 1819 5365 omnes

242 5421 265 5454 ι
300 5399 447 5454 servi
474 5398 611 5469 ejus,
639 5398 1317 5467 quiaudicruntuni-versos
1330 5415 1607 5455 sermones
1635 5401 1818 5465 istos,»

238 5497 297 5545 et
325 5487 555 5555 reliqua.
614 5487 657 5541 Ο
708 5486 949 5539 miranda
977 5487 1189 5541 cmcitas
1233 5488 1483 5541 humana:
1522 5490 1736 5554 mentis,
1768 5501 1823 5544 et

241 5584 514 5655 stupenda
555 5582 793 5651 nequitia
836 5582 1071 5636 indurati
1120 5583 1341 5636 cordis!
1397 5581 1497 5648 Qui
1526 5584 1823 5638 debuerant

242 5675 467 5732 monitis
495 5673 817 5743 salutaribus
848 5672 1152 5742 compungi,
1200 5673 1268 5727 ad
1316 5683 1665 5744 peccatorum
1696 5691 1822 5731 suo-

246 5784 369 5828 rum
404 5765 798 5839 poenitentiam,
830 5766 991 5823 verba
1026 5764 1237 5822 Domini
1270 5764 1325 5821 in
1353 5766 1490 5823 libro
1516 5767 1733 5837 scripta,
1770 5766 1821 5823 in

1925 3319 1944 3351 ι
1978 3299 2059 3355 bit
2084 3306 2285 3353 terram
2313 3298 2473 3361 hanc,
2504 3306 2562 3352 et
2584 3309 2800 3351 cessare
2826 3294 2991 3349 faciet
3016 3309 3083 3348 ex
3116 3292 3207 3353 illa
3236 3291 3512 3347 hominem

1927 3409 1946 3443 t
1978 3396 2033 3446 et
2053 3389 2377 3461 jumentum.
2406 3388 2702 3458 Propterea
2725 3387 2842 3442 lucc
2870 3385 3002 3443 dicit
3034 3385 3294 3441 Dominus
3318 3391 3514 3441 contra

1926 3499 1945 3533 ι
1977 3478 2224 3537 Joacbim
2254 3492 2437 3549 regem
2468 3476 2645 3533 Juda:
2681 3476 2798 3531 Non
2844 3475 2948 3531 erit
2998 3490 3066 3531 ex
3101 3491 3167 3532 eo
3198 3475 3293 3545 qui
3327 3475 3516 3531 sedeat

1928 3591 1946 3624 ι
1985 3585 2149 3641 super
2174 3568 2369 3626 solium
2399 3568 2592 3633 David,
2624 3576 2679 3623 et
2703 3567 2937 3622 cadaver
2958 3564 3074 3635 ejus
3099 3563 3414 3637 projicietur
3438 3564 3509 3621 ad

1927 3681 1946 3716 ι
1984 3670 2175 3716 aestum
2218 3675 2316 3731 per
2339 3658 2502 3723 diem,
2536 3666 2591 3714 et
2615 3658 2682 3713 ad
2731 3659 2850 3727 gelu
2900 3673 2994 3729 per
3034 3666 3271 3723 noctem,
3302 3667 3359 3713 et
3386 3656 3517 3713 visi-

1928 3772 1945 3805 t
1977 3752 2103 3807 tabo
2130 3760 2319 3806 contra
2347 3766 2491 3817 eum,
2530 3759 2587 3806 et
2632 3759 2820 3805 contra
2847 3764 3031 3805 semen
3064 3749 3205 3819 ejus,
3237 3758 3295 3805 et
3322 3756 3513 3805 contra

1930 3863 1947 3895 ι
1981 3857 2167 3899 servos
2211 3841 2331 3913 ejus
2377 3840 2695 3911 iniquitates
2744 3856 2891 3907 suas,
2945 3850 3000 3895 et
3045 3842 3311 3897 adducam
3348 3856 3517 3912 super

1931 3950 1948 3984 ι
1986 3947 2079 3988 eos
2125 3942 2179 3988 et
2220 3945 2383 4001 super
2422 3930 2757 3985 habitatores
2782 3919 3133 3996 Jerusalem,
3159 3938 3215 3986 ct
3244 3945 3409 4001 super
3435 3930 3518 3986 vi-

1929 4045 1946 4077 t
1986 4041 2076 4081 ros
2100 4024 2261 4093 Juda,
2287 4028 2449 4081 omne
2476 4025 2703 4091 malum,
2733 4024 2879 4095 quod
2907 4025 3123 4081 locutus
3154 4041 3276 4082 sum
3298 4025 3367 4080 ad
3395 4040 3513 4096 eos,

1928 4136 1946 4169 ι
1977 4124 2032 4171 et
2066 4132 2173 4172 non
2201 4116 2506 4172 audierunt.
2546 4135 2564 4167 ι
2598 4115 2793 4171 Merito
2821 4116 3060 4171 vindicta
3093 4124 3278 4174 secuta
3309 4126 3393 4174 est
3425 4133 3518 4175 re-

1924 4224 2045 4282 gem
2088 4206 2375 4278 perlidum,
2421 4215 2486 4262 ut
2524 4208 2617 4277 qui
2650 4222 2929 4263 sermones
2960 4207 3175 4263 Domini
3223 4208 3457 4278 scriptos
3484 4224 3517 4264 a

1922 4302 2185 4371 propheta
2214 4298 2534 4365 combussit,
2567 4299 2619 4352 in
2650 4299 2776 4370 igne
2812 4298 2983 4369 ipsius
3023 4300 3256 4356 cadaver
3281 4301 3513 4370 projice-

1924 4401 2073 4449 retur
2102 4392 2170 4446 ad
2198 4400 2389 4447 mstum
2418 4405 2514 4461 per
2560 4390 2726 4457 diem,
2768 4398 2823 4445 et
2850 4391 2917 4445 ad
2944 4389 3063 4459 gelu
3111 4406 3209 4461 per
3253 4401 3513 4448 noctem:

1924 4492 2192 4556 quatenus
2217 4490 2406 4537 contra
2432 4496 2553 4537 eum
2595 4488 2651 4537 et
2674 4488 2864 4537 contra
2910 4497 3096 4537 semen
3125 4482 3263 4553 ejus,
3295 4490 3350 4538 et
3379 4498 3514 4539 eon-

1925 4588 2009 4633 tra
2055 4592 2242 4646 servos
2286 4576 2403 4646 ejus
2445 4576 2801 4632 visitarentur
2848 4576 3165 4646 iniquitates
3216 4591 3427 4643 eorum,
3458 4587 3516 4632 et

1923 4686 2085 4727 omne
2108 4671 2309 4725 malum
2367 4670 2509 4739 quod
2534 4654 2745 4725 locutus
2767 4679 2852 4724 est
2877 4669 3135 4725 Dominus
3165 4687 3335 4741 super
3359 4674 3510 4727 viros

1922 4761 2079 4827 Juda,
2112 4771 2165 4817 et
2191 4762 2524 4817 habitatores
2559 4760 2857 4817 Jerusalem
2882 4762 3142 4818 velociter
3177 4766 3463 4820 adveniret
3494 4784 3508 4819 :

1923 4865 1983 4911 ut
2007 4855 2342 4919 ostendatur,
2372 4855 2513 4923 quod
2545 4856 3089 4925 quicunque-Domini
3116 4858 3385 4913 mandatis
3418 4874 3507 4912 re-

1925 4946 2083 5001 bellis
2125 4945 2421 5010 exstiterit,
2473 4955 2529 4999 et
2581 4947 2774 4999 durum
2821 4961 2916 5000 cor
2958 4954 3122 5016 atque
3166 4948 3513 5017 impaenitens

1928 5035 2199 5099 habuerit,
2234 5044 2439 5090 certam
2489 5036 2707 5091 ultionis
2751 5036 3049 5091 vindictam
3102 5040 3333 5095 subeat:
3377 5056 3513 5109 quo-

1928 5126 2073 5180 niam
2097 5127 2252 5196 juxta
2308 5126 2456 5181 Pauli
2519 5129 2863 5182 sententiam.
2899 5148 2917 5180 t
2977 5130 3107 5196 Qua:
3160 5132 3513 5189 seminaverit

1925 5219 2089 5273 homo
2132 5218 2247 5273 hcce
2274 5227 2327 5273 et
2372 5226 2570 5282 metet;
2616 5228 2670 5271 et
2715 5220 2806 5288 qui
2854 5229 3087 5274 seminat
3133 5221 3185 5274 in
3228 5236 3408 5285 carne,
3445 5224 3515 5276 de

1926 5324 2091 5365 carne
2137 5319 2303 5364 metet
2332 5311 2775 5379 corruptionem:
2824 5311 2914 5379 qui
2970 5320 3146 5364 autem
3190 5312 3425 5365 seminat
3452 5312 3511 5368 in

1925 5399 2139 5468 spiritu,
2169 5400 2235 5453 de
2261 5399 2453 5468 spiritu
2498 5408 2663 5454 metet
2703 5400 2868 5453 vitam
2909 5408 3188 5453 alternam.
3220 5420 3237 5451 ι
3274 5401 3380 5456 Sed
3409 5418 3510 5457 no-

1930 5495 2147 5548 tandum
2180 5492 2321 5563 quod
2370 5492 2423 5546 in
2452 5493 2592 5548 libro
2620 5492 3070 5561 Paralipomenon
3103 5494 3321 5563 legitur,
3364 5496 3511 5563 quod

1928 5586 2070 5638 hunc
2121 5583 2365 5637 Joachim
2431 5584 2929 5638 Nabuchodonosor
2976 5602 3071 5639 rex
3130 5584 3510 5642 Chaldaeorum

1927 5674 2165 5727 vinctum
2208 5677 2413 5730 catenis
2450 5675 2663 5729 duxerit
2691 5675 2741 5728 in
2772 5675 3116 5746 Babylonem.
3149 5676 3353 5747 Regum
3384 5693 3515 5733 vero

1928 5764 2065 5820 liber
2106 5778 2293 5823 narrat
2326 5768 2465 5837 quod
2497 5767 2759 5823 dormiret
2804 5767 3048 5825 Joachim
3096 5787 3219 5826 cum
3265 5771 3515 5841 patribus
