3952 6318
463 376 609 433 1075

1137 383 1196 439 Β.
1240 385 1489 442 RABANI
1529 386 1743 441 MAURI
1782 386 2097 442 AliCHlEP.
2138 388 2443 445 MOGUNT.
2483 390 2764 446 OPERUM
2803 388 2979 453 PARS
3006 390 3094 445 Ill.

3568 388 3707 443 £076

459 490 596 555 suis,
620 491 1032 560 regnaveritque
1063 490 1306 547 Iuacbim
1340 493 1480 550 illius
1515 492 1634 561 ejus
1662 508 1760 563 pro
1802 508 1887 548 eo.
1934 492 2041 549 Sed
2069 501 2113 556 Α
2149 514 2167 545 ι
2201 495 2434 550 donosor
2450 509 2541 549 rex
2556 494 2839 567 Babylonis
2864 496 2917 550 in
2937 505 3079 551 terra
3101 496 3255 563 Iuda,
3272 505 3327 552 et
3345 512 3454 552 non
3477 495 3718 559 obedivft

458 577 730 648 Iosephus
767 579 1249 652 historiographusr
1268 580 1573 643 Iudaeorum
1614 581 1701 638 his
1740 583 1921 637 verbis
1956 581 2044 638 Ie-
2141 604 2168 636 4
2208 584 2323 654 ipse
2341 592 2396 639 et
2429 586 2567 639 servi
2593 584 2729 654 ejus,
2750 594 2809 649 et
2826 584 3055 655 populus
3083 592 3243 640 terrae
3269 586 3453 641 verbis
3478 583 3716 650 Domini,

463 668 650 725 rentia
692 670 866 741 magis
906 671 1236 733 concordare
1284 672 1536 727 videtur:
1582 687 1827 727 asserens
1869 672 2044 741 ipsum

463 760 713 822 Ioachim
740 768 952 830 patrem
994 759 1269 815 Iechonim
1309 777 1338 814 a
1389 777 1513 833 rege
1539 761 1828 832 Babylonis
1862 762 1915 816 in
1952 760 2043 816 Ie-

460 850 700 906 rusalem
727 849 899 905 fuisse
927 848 1291 915 interfectum,
1324 866 1440 925 non
1465 852 1736 922 captivum
1772 851 1825 906 in
1866 851 2044 922 Baby-

458 939 642 1019 lonem
660 936 905 1005 ductum,
940 940 1033 1008 qui
1075 940 1129 994 in
1159 940 1368 997 decimo
1398 940 1799 1011 Antiquitatum
1824 956 2046 996 suarum

463 1030 607 1101 libro
632 1030 710 1085 ita
731 1028 921 1096 refert,
948 1030 1175 1086 dicens:
1212 1031 1348 1086 Dum
1389 1047 1484 1087 rex
1525 1032 2048 1103 Babylonizeintras-

463 1130 549 1179 set
569 1122 625 1178 in
652 1122 951 1188 civitatem,
986 1122 1147 1177 fidem
1173 1138 1517 1193 nequaquam
1546 1123 1798 1187 servavit,
1842 1122 1936 1178 sed
1959 1121 2047 1191 ju-

467 1226 636 1267 venes
677 1209 1002 1268 fortissimos
1044 1221 1099 1267 et
1133 1211 1531 1283 pulchritudine
1559 1213 1784 1267 decoros
1835 1211 2049 1269 Ieroso-

461 1304 855 1375 lymitanorum
894 1305 1092 1360 occidit
1127 1320 1233 1358 una
1274 1319 1398 1359 cum
1428 1318 1552 1374 rege
1594 1301 1860 1371 Ioachim,
1887 1318 2049 1374 quem

463 1395 631 1449 etiam
667 1401 794 1449 ante
816 1408 1001 1450 muros
1042 1391 1370 1463 insepultum
1411 1394 1604 1463 projici
1639 1392 1823 1462 jussit.
1852 1393 2049 1449 Filium

461 1498 594 1538 vero
621 1483 739 1556 ejus
781 1482 1026 1539 Ioachim
1068 1482 1585 1553 constituit-regem
1624 1483 1889 1539 universa:
1926 1496 2051 1553 pro-

462 1572 674 1628 vincite.
706 1573 812 1629 Eos
841 1580 1041 1638 autem,
1078 1572 1172 1642 qui
1199 1580 1356 1626 erant
1377 1572 1433 1626 in
1474 1572 1827 1642 dignitatibus
1848 1572 2052 1628 consti-

462 1664 585 1731 tuti,
607 1655 836 1720 numcro
856 1663 960 1719 tria
987 1661 1151 1717 millia
1179 1663 1420 1733 captivos
1440 1661 1652 1717 induxit
1676 1648 2047 1731 Babyloniam,

463 1754 607 1809 inter
631 1761 766 1823 quos
793 1761 911 1807 erat
940 1752 1204 1822 propheta
1242 1751 1515 1816 Ezechiel,
1544 1765 1669 1807 cum
1698 1758 1845 1806 esset
1874 1750 2050 1827 adhuc

2151 696 2168 725 ι
2208 688 2327 744 quae
2374 674 2585 729 locutus
2624 684 2711 729 est
2753 674 2807 728 in
2862 689 3024 729 manu
3067 664 3314 730 Ieremiie
3356 674 3656 745 propheta.
3686 692 3710 726 ο

2146 763 2437 836 (Maenas)
2465 763 2617 831 Quod
2662 762 2918 820 Sedeeias
2943 773 3065 834 post
3090 762 3367 830 Ioachim,
3397 765 3494 835 qui
3518 778 3718 836 cogno-

2146 854 2381 909 minatus
2409 861 2492 908 est
2511 851 2822 917 Iechonias,
2852 854 3163 924 regnaverit
3191 867 3384 908 novem
3408 853 3584 918 annis,
3611 868 3719 908 non

2146 943 2320 1000 solum
2361 942 2641 1009 Ieremias,
2670 943 2765 998 sed
2802 941 2941 998 liber
2967 942 3175 1013 Regum
3197 952 3251 997 et
3290 942 3467 999 Verba
3509 942 3719 999 dierum

2148 1042 2370 1105 narrant
2399 1051 2413 1086 :
2441 1032 2705 1102 siquidem
2749 1041 2873 1103 post
2890 1030 3091 1087 Iosiam
3118 1040 3326 1103 patrem
3362 1033 3481 1103 ejus
3520 1044 3716 1101 regna-

2146 1126 2224 1179 vit
2269 1122 2507 1201 Ioaehaz
2561 1124 2837 1179 mensibus
2872 1114 3070 1189 tribus,
3113 1132 3233 1193 post
3260 1138 3424 1194 quem
3463 1122 3717 1189 Eliacim,

2147 1215 2238 1285 qui
2266 1225 2322 1271 et
2362 1215 2609 1271 Ioachim
2638 1214 2807 1270 frater
2845 1214 2963 1284 ejus
2991 1213 3151 1269 annis
3174 1230 3387 1270 novem.
3416 1214 3549 1270 Post
3576 1214 3722 1271 hunc

2146 1318 2361 1374 quoque
2388 1301 2635 1359 Ioacliim
2668 1302 2815 1357 illius
2842 1300 3089 1357 Ioachim
3126 1302 3403 1358 mensibus
3442 1302 3617 1357 tribus
3665 1311 3723 1357 et

2148 1397 2336 1451 diebus
2367 1394 2577 1461 decem,
2607 1404 2730 1465 post
2756 1408 2916 1464 quem
2944 1392 3203 1449 Sedecias
3228 1404 3455 1464 patruus
3495 1391 3635 1463 ejus,
3663 1400 3724 1447 ut

2149 1484 2381 1539 diximus
2404 1484 2561 1540 annis
2595 1498 2809 1549 novem,
2835 1483 2929 1538 sed
2948 1498 3137 1539 omnes
3166 1483 3223 1538 hi
3238 1483 3407 1553 iniqui
3431 1491 3486 1537 et
3498 1482 3721 1554 pessimi

2134 1576 2304 1644 reges
2318 1572 2557 1640 fuerunt,
2571 1575 2663 1644 qui
2674 1582 2863 1630 contra
2878 1573 3049 1645 legem
3066 1572 3276 1627 Domini
3291 1580 3723 1643 repugnaveruut

2149 1670 2204 1717 et
2228 1662 2543 1720 idololatria;
2562 1664 2733 1735 magis
2755 1679 2914 1734 quam
2958 1664 3142 1719 divino
3166 1662 3333 1719 cultui
3352 1662 3524 1718 dediti
3542 1668 3721 1726 erant,

2153 1760 2479 1825 quapropter
2498 1751 2702 1822 justam
2730 1753 3020 1809 vindictam
3048 1754 3261 1809 Domini
3292 1761 3629 1810 meruerunt.

462 1858 618 1915 puer.
646 1843 748 1900 Hic
779 1858 909 1914 ergo
944 1842 1105 1898 tinem
1136 1842 1325 1897 habuit
1350 1840 1595 1897 Ioachim
1628 1856 1747 1905 rex,
1790 1841 1882 1911 qui
1913 1840 2049 1894 vixit
2075 1832 2122 1890 Β
2224 1860 2244 1895 ι
2276 1841 2344 1897 Ει
2390 1842 2539 1898 misit
2565 1858 2662 1898 rex
2715 1840 2967 1899 Sedecias
3006 1841 3192 1898 luebat
3240 1842 3411 1897 [ilium
3450 1840 3721 1908 semelia,

461 1932 681 2005 quidem
708 1934 868 1990 annis
891 1948 985 1989 sex
1012 1942 1067 1988 et
1095 1932 1336 2002 triginta,
1368 1932 1616 2003 regnavit
1661 1942 1843 1987 autem
1892 1932 2049 1988 annis

461 2040 677 2080 novem.
721 2023 1014 2081 Successor
1040 2038 1169 2078 vero
1215 2024 1363 2093 regni
1406 2022 1673 2089 Ioachim,
1698 2038 1790 2080 rex
1832 2023 2050 2079 nomine

464 2116 633 2181 Onos,
664 2115 909 2186 regnavit
956 2114 1231 2170 mensibus
1272 2098 1446 2170 tribus
1496 2122 1552 2168 et
1607 2112 1811 2170 diebus
1840 2114 2046 2171 decem.

465 2206 573 2263 Sed
628 2215 811 2262 utrum
860 2205 1158 2263 Jerusalem
1199 2224 1266 2262 an
1314 2208 1368 2263 in
1419 2206 1667 2263 Clialdzea
1718 2216 2048 2264 memoratus

464 2296 709 2352 Ioachim
764 2296 1007 2367 perierit,
1054 2311 1160 2351 non
1222 2296 1355 2351 mihi
1412 2296 1631 2355 videtur.
1673 2296 2046 2367 quaarendum,‘

464 2402 589 2441 cum
627 2395 840 2442 constat
880 2400 1065 2441 verum
1096 2385 1251 2454 juxta
1311 2386 1384 2452 id,
1432 2387 1575 2456 quod
1620 2387 1891 2457 propheta
1924 2395 2049 2442 ante

462 2479 804 2548 praedixerat,
834 2479 1063 2550 cadaver
1106 2476 1223 2545 ejus
1253 2491 1381 2535 esse
1418 2476 1713 2548 projectum
1760 2477 1826 2531 ad
1855 2485 2047 2533 aestum

462 2584 559 2632 per
584 2568 729 2623 diem
758 2566 895 2623 etad
924 2566 1042 2637 gelu
1071 2581 1165 2637 per
1191 2575 1425 2623 noctem.
1458 2567 1610 2633 Quod
1635 2568 1895 2621 nimirum
1921 2583 2049 2622 cono

463 2659 745 2715 venienter
789 2666 969 2714 actum
991 2666 1111 2723 est,
1154 2667 1215 2713 ut
1256 2659 1347 2728 qui
1393 2657 1731 2729 Seripturam
1775 2659 2049 2729 propheti-

392 2750 393 2753 “
466 2764 590 2803 eam
618 2764 685 2805 ex
714 2750 853 2805 libro
874 2750 1142 2805 abscisam
1165 2751 1287 2823 igne
1317 2767 1663 2807 concremare
1692 2752 1915 2818 studuit,
1973 2752 2052 2821 ip-

467 2842 581 2897 sius
610 2841 842 2897 cadaver
864 2850 996 2897 testu
1029 2842 1158 2897 solis
1206 2851 1260 2896 et
1299 2843 1419 2913 gelu
1451 2844 1624 2898 noctis
1650 2842 1975 2899 alliceretur.

552 2947 571 2981 ι
603 2928 868 2997 Ieremias
901 2940 1079 2985 autem
1126 2930 1245 2985 tulit
1270 2932 1516 2987 volumen
1549 2932 1693 2987 aliud
1732 2940 1786 2986 et
1808 2931 1956 2987 dedit
1984 2930 2049 2986 il-

474 3039 491 3069 ι
529 3018 619 3075 iud
648 3019 858 3075 Baruch
888 3019 996 3074 filio
1019 3018 1192 3075 Nerine
1217 3021 1425 3085 scribae,
1455 3022 1547 3091 qui
1574 3020 1792 3091 scripsit
1808 3021 1863 3077 in
1890 3036 1957 3076 eo
1980 3032 2046 3076 ex

472 3127 489 3157 ι
526 3122 623 3164 ore
647 3108 893 3180 Ieremia:
919 3125 1106 3165 omnes
1133 3125 1409 3183 sermones
1434 3112 1582 3178 libri,
1606 3127 1767 3183 quem
1792 3113 2047 3168 combuss

473 3217 489 3245 ι
529 3205 677 3252 serat
698 3174 938 3253 Ioachim
953 3213 1046 3251 rex
1076 3196 1208 3254 Iuda
1242 3176 1363 3270 igne
1389 3219 1400 3254 :
1431 3209 1486 3256 et
1509 3172 1905 3271 insit-peradditi
1923 3209 2047 3255 sunt
2072 3172 2118 3234 Ο

474 3304 493 3335 ι
534 3299 812 3341 sermones
837 3286 1005 3341 multo
1020 3286 1225 3356 plures,
1246 3304 1405 3359 quam
1429 3298 1584 3344 antea
1604 3289 1835 3345 fuerant.
1868 3310 1886 3341 ›
1908 3289 2048 3358 Quid

468 3390 602 3446 ergo
628 3375 758 3439 vult,
783 3376 922 3444 quod
945 3378 1206 3447 propheta
1222 3386 1489 3449 praecepto
1504 3380 1717 3434 Domini
1746 3380 2046 3435 commonia

471 3475 584 3535 tas,
613 3475 738 3540 post
761 3466 1189 3527 combustionem
1221 3469 1721 3543 priortsuluminls
1754 3470 1873 3532 tulit
1902 3471 2047 3532 aliud

472 3559 750 3625 volumen,
796 3568 850 3614 et
877 3560 1023 3614 dedit
1051 3561 1179 3615 illud
1206 3560 1419 3617 Baruch
1447 3545 1658 3629 scriba}.
1696 3565 1787 3633 qui
1826 3566 2044 3635 scripsit

471 3648 527 3702 in
562 3662 628 3702 eo
652 3662 719 3703 ex
741 3662 838 3707 ore
877 3648 1046 3718 ipsius
1073 3646 1319 3703 Ieremia:
1349 3664 1538 3705 omnes
1568 3665 1845 3707 sermones
1892 3652 2039 3718 libri,

470 3751 631 3807 quem
652 3736 1023 3792 combusserat
1036 3735 1279 3792 Ioacbim
1312 3754 1407 3793 rex
1433 3737 1569 3792 Iuda
1595 3738 1704 3808 igni
1732 3757 1743 3793 :
1774 3740 1877 3795 nisi
1900 3742 2043 3810 quod

472 3826 756 3898 reprobate
779 3827 848 3882 ob
870 3820 1151 3896 perﬁdiam
1183 3820 1388 3893 Iudaea,
1414 3829 1533 3883 libri
1570 3829 1703 3900 legis
1723 3834 1779 3896 et
1812 3832 2044 3901 prophe-

474 3926 656 3970 tarum
684 3917 753 3971 ad
799 3918 1037 3988 gentium
1071 3917 1301 3972 salutem
1358 3920 1555 3974 servati
1609 3930 1753 3986 sunt,
1804 3920 1871 3976 ad
1912 3938 2044 3993 quas

471 4006 648 4071 omnis
674 4005 844 4077 gloria
874 4008 1085 4063 Veteris
1113 4008 1442 4065 Testamenti
1462 4023 1584 4079 poSt
1603 4011 1808 4067 Christi
1838 4013 2041 4067 adven-

471 4106 583 4151 tum
610 4097 867 4152 translata
914 4109 995 4153 est
1018 4139 1033 4163 ,
1061 4101 1315 4168 quoniam
1350 4120 1368 4151 ι
1398 4102 1581 4155 omnia
1633 4102 1684 4156 in
1714 4102 1883 4174 ligura
1913 4119 2042 4159 con-

468 4185 748 4259 tingebant
798 4186 905 4241 illis
936 4204 948 4239 :
981 4188 1183 4257 scripta
1237 4198 1361 4242 sunt
1414 4198 1594 4245 autem
1636 4192 1703 4245 ad
1743 4192 2040 4260 correptio-

473 4282 883 4344 nenrnostram,
925 4276 991 4330 ad
1018 4290 1155 4347 quos
1182 4275 1317 4331 fines
1353 4278 1672 4333 smculorum
1711 4280 2041 4336 devenerunt

470 4366 523 4435 (Ι
546 4366 666 4420 Cor.
694 4368 772 4437 ι).
804 4386 823 4419 ι
850 4368 1003 4423 Unde
1049 4370 1186 4423 bene
1217 4370 1499 4425 subditur:
1524 4380 1577 4425 et
1622 4372 1840 4442 insuper
1873 4371 2038 4426 additi

472 4462 599 4509 sunt
639 4468 916 4510 sermones
966 4456 1132 4511 multo
1162 4458 1343 4527 plures
1367 4498 1382 4522 ,
1412 4474 1573 4527 quam
1628 4469 1753 4513 ante
1799 4461 2033 4525 fuerant,

470 4544 597 4613 quia
626 4543 701 4598 illi
728 4531 1008 4601 historiam
1040 4556 1269 4611 tantum,
1324 4564 1421 4603 nos
1450 4556 1631 4603 autem
1660 4564 1780 4603 eum
1808 4550 2034 4604 historia

466 4635 754 4705 mysticum
801 4650 1020 4690 sensum
1076 4636 1383 4693 habemus:
1428 4638 1502 4693 illi
1554 4640 1697 4693 enim
1745 4654 1909 4709 super
1947 4654 2043 4693 cor

465 4724 714 4779 velamen
765 4725 1078 4792 habebant,
1122 4743 1250 4782 cum
1306 4728 1575 4799 legeretur
1624 4728 1851 4798 Moyses.
1882 4748 1899 4779 ι
1934 4728 2042 4783 Nos

467 4822 649 4869 autem
694 4815 928 4870 revelata
979 4817 1116 4872 facie
1164 4818 1385 4888 gloriam
1437 4820 1649 4875 Domini
1698 4818 2041 4888 speculantes

465 4907 523 4960 iu
576 4906 822 4961 eamdem
856 4907 1139 4979 imaginem
1190 4909 1639 4964 transformamur
1669 4950 1684 4975 ,
1731 4926 1761 4963 a
1796 4910 2040 4964 claritate

465 4996 521 5049 in
577 4996 877 5050 claritatem
911 5008 1163 5067 tanquam
1194 5014 1225 5052 a
1262 4998 1472 5053 Domini
1515 5000 1704 5068 spiritu
1736 5018 1747 5052 :
1782 4998 2040 5054 Dominus

467 5096 647 5139 autem
677 5087 896 5155 spiritus
944 5098 1041 5148 est.
1076 5089 1163 5142 ubi
1214 5097 1393 5143 autem
1442 5090 1663 5158 spiritus
1696 5090 1935 5153 Domini,
1964 5090 2036 5144 ibi

466 5175 688 5229 libertas
723 5174 807 5245 (ΙΙ
833 5174 954 5228 Cor.
989 5178 1091 5245 lli).
1133 5197 1151 5227 ι

1002 5285 1225 5342 CAPUT
1250 5286 1395 5341 XXX
1406 5288 1508 5342 Vll.

470 5374 751 5446 Sedechius
800 5377 1013 5429 "tundat
1042 5394 1191 5430 orare
1223 5378 1500 5430 Dominum
1529 5394 1623 5446 pro
1651 5395 1705 5431 se
1747 5389 1792 5431 et
1822 5379 2032 5446 populo,

538 5444 792 5497 leremias
816 5447 1017 5513 capitur
1055 5456 1103 5499 et
1135 5447 1359 5498 mittitur
1384 5448 1437 5498 in
1464 5444 1743 5510 carcerem,
1784 5444 1869 5499 cui
1890 5444 2034 5501 torsa

538 5514 691 5580 panis
717 5516 944 5582 quotidie
970 5514 1146 5568 datur.

548 5642 566 5673 ι
591 5624 658 5678 Et
687 5626 926 5693 regnavit
956 5642 1049 5681 rex
1080 5625 1336 5681 Sedecias
1366 5626 1505 5681 filius
1537 5626 1695 5681 Iosize
1725 5642 1822 5695 pro
1847 5625 2038 5681 Jecho—

476 5732 497 5767 t
520 5716 604 5768 nia
632 5715 739 5767 filio
766 5714 1201 5785 Joacltitn,quetn
1226 5718 1504 5774 constituit
1540 5734 1715 5776 regem
1755 5716 2036 5772 Nabucho-

2155 1952 2173 1985 ι
2204 1940 2258 1989 et
2283 1931 2611 2002 Sophoniam
2662 1931 2829 1988 tilium
2860 1931 3075 1988 Maasia:
3094 1933 3429 1988 sacerdotem
3458 1933 3527 1988 ad
3569 1930 3722 1988 Iere-

2154 2042 2173 2073 ι
2210 2022 2373 2077 miam
2421 2022 2739 2093 prophetam
2766 2062 2781 2087 ,
2822 2021 3009 2078 dicens
3036 2040 3051 2077 :
3083 2021 3191 2079 Ora
3227 2036 3327 2092 pro
3352 2020 3511 2077 nobis
3541 2018 3724 2078 Domi-

2154 2133 2172 2166 ‹
2212 2128 2341 2169 num
2360 2114 2529 2169 Deum
2546 2121 2789 2169 nostrum
2819 2129 2833 2167 :
2858 2111 3125 2169 Ieremias
3141 2121 3321 2167 autem
3344 2112 3513 2168 libere
3533 2112 3722 2167 ambu-

2154 2224 2173 2256 ι
2210 2205 2357 2261 labat
2381 2206 2437 2259 in
2488 2205 2667 2260 medio
2703 2204 2885 2274 populi
2916 2222 2931 2258 :
2959 2218 3065 2258 non
3096 2204 3241 2259 enim
3290 2203 3551 2258 miserant
3595 2215 3722 2256 eum

2155 2313 2172 2345 ι
2212 2295 2266 2349 in
2319 2294 2621 2351 custodiam
2670 2294 2923 2349 carceris.
2963 2311 2982 2353 ι
3052 2292 3404 2362 Nequaquam
3467 2289 3722 2345 Sedecias

2150 2394 2308 2439 orare
2334 2398 2431 2454 pro
2466 2398 2547 2448 se,
2593 2391 2650 2437 et
2692 2396 2791 2453 pro
2839 2380 3033 2453 pepulo
3059 2395 3158 2435 suo
3185 2380 3503 2450 prophetam
3533 2384 3722 2449 postu-

2148 2471 2301 2537 iavit,
2327 2472 2419 2542 qui
2440 2471 2637 2527 divinis
2679 2471 2948 2526 mandatis
2972 2470 3189 2525 obwire
3213 2469 3406 2534 noluit,
3435 2469 3559 2539 quia
3588 2468 3722 2523 scri-

2147 2568 2300 2631 ptum
2321 2570 2430 2616 est:
2454 2579 2471 2612 ι
2494 2560 2595 2629 Qui
2625 2560 2823 2615 avertit
2842 2574 3029 2615 aurem
3049 2574 3201 2615 suam
3222 2574 3291 2614 ne
3313 2558 3495 2614 audiat
3522 2558 3716 2629 legem,

2147 2652 2323 2709 oratio
2366 2652 2480 2722 ejus
2523 2651 2629 2707 erit
2679 2651 3026 2707 exsecrabilis
3054 2649 3224 2722 (Psal.
3252 2648 3487 2720 xxviii):
3519 2668 3538 2700 ι
3567 2648 3723 2705 Unde

2149 2744 2291 2800 idem
2320 2744 2579 2814 propheta
2628 2741 2897 2797 Ieremias
2936 2741 3237 2812 prohibitus
3274 2748 3388 2807 est,
3422 2756 3490 2796 ne
3535 2749 3725 2796 oraret

2147 2848 2245 2904 pro
2269 2833 2369 2899 eis,
2414 2833 2628 2888 dicente
2655 2834 2723 2888 ad
2766 2848 2890 2888 eum
2920 2832 3183 2888 Demino:
3219 2849 3238 2884 ι
3273 2829 3355 2886 Tu
3384 2836 3562 2885 autem
3606 2830 3718 2886 noli

2147 2937 2305 2977 orare
2328 2938 2424 2992 pro
2457 2922 2653 2992 populo
2702 2922 2827 2988 hoc,
2858 2936 3033 2992 neque
3059 2936 3305 2976 assumas
3346 2935 3447 2991 pro
3477 2920 3557 2975 eis
3595 2920 3719 2974 lau-

2150 3011 2270 3067 dem
2298 3020 2353 3065 et
2379 3012 2702 3077 orationem,
2736 3011 2865 3081 quia
2911 3025 3020 3067 non
3046 3010 3331 3066 exaudiam
3354 3019 3427 3077 te,
3458 3010 3586 3064 dicit
3611 3009 3720 3065 Do-

2152 3100 2330 3155 minus
2353 3102 2514 3157 Deus.
2557 3122 2575 3154 ›

2225 3208 2241 3240 ι
2277 3181 2444 3260 igitur
2477 3192 2751 3245 exercitus
2786 3190 3048 3246 Pharonis
3076 3200 3328 3263 egresSus
3373 3198 3456 3246 est
3505 3191 3572 3245 de
3618 3188 3717 3244 E-

2152 3296 2170 3331 c
2205 3288 2386 3351 gypto,
2424 3291 2477 3335 et
2502 3282 2780 3336 audientes
2811 3280 3066 3345 Chaldaei,
3090 3281 3182 3351 qui
3208 3280 3522 3336 obsidebant
3554 3278 3716 3335 Ieru-

2150 3385 2169 3418 ι
2204 3368 2369 3423 salem
2395 3366 2765 3437 hujuscemodi
2794 3370 3063 3435 nuntium,
3109 3378 3444 3427 recesserant
3465 3370 3533 3426 ab
3561 3368 3716 3424 Ieru-

2150 3476 2168 3510 ι
2204 3458 2387 3513 salem.
2419 3459 2487 3514 Et
2504 3458 2704 3514 factum
2725 3468 2806 3514 est
2830 3460 3053 3517 verbum
3085 3459 3298 3513 Domini
3330 3462 3397 3513 ad
3425 3458 3714 3514 Ieremiam

2149 3576 2166 3607 ι
2202 3551 2519 3625 prophetam
2535 3550 2715 3607 dicens
2745 3568 2759 3605 :
2784 3549 2911 3606 llam
2934 3549 3063 3606 dicit
3083 3549 3338 3605 Dominus
3358 3549 3713 3610 Deuslsrat'l‘.

2149 3666 2167 3698 ι
2198 3646 2295 3703 Sic
2316 3648 2507 3703 dicetis
2528 3648 2639 3719 regi
2667 3648 2823 3709 Iuda,
2854 3647 2947 3716 qui
2972 3648 3119 3702 misit
3156 3663 3250 3701 vos
3278 3648 3343 3700 ad
3374 3648 3713 3716 interrogan—

2149 3756 2166 3788 ι
2200 3736 2326 3791 dum
2350 3753 2435 3792 me
2460 3756 2473 3790 :
2503 3737 2640 3792 Ecce
2688 3738 2959 3791 exercitus
2988 3736 3303 3799 Pharaonis,
3328 3736 3422 3804 qui
3464 3750 3715 3805 egressus

2149 3844 2167 3875 ί
2210 3835 2293 3880 est
2315 3827 2459 3880 vobis
2486 3827 2541 3880 in
2587 3825 2866 3889 auxilium,
2901 3833 3203 3881 revertetur
3233 3826 3289 3879 in
3330 3834 3529 3879 terram
3556 3841 3713 3879 suam

2147 3934 2165 3965 ι
2209 3914 2261 3968 in
2312 3914 2627 3986 ASgyptum,
2663 3923 2719 3969 et
2766 3916 2974 3969 redient
3026 3914 3282 3981 Chaldzei,
3330 3924 3387 3969 et
3434 3914 3709 3969 bellabunt

2146 4019 2165 4061 ί
2205 4011 2393 4057 contra
2434 4003 2704 4058 civitatem
2732 4003 2889 4066 hanc,
2930 4010 2985 4057 et
3006 4002 3223 4072 capient
3250 4018 3392 4066 eam,
3427 4009 3484 4055 et
3527 4002 3714 4056 incen-

2139 4094 2268 4147 dent
2300 4094 2427 4163 igni,
2464 4114 2481 4145 ι
2502 4101 2558 4148 et
2582 4094 2805 4163 reliqua.
2854 4092 3128 4159 Quomodo
3153 4100 3332 4157 autem
3379 4090 3617 4153 Chaldari
3642 4091 3713 4146 ad

2142 4194 2355 4254 tempus
2425 4186 2684 4240 solverint
2738 4183 3308 4255 Ierosolymitanorum
3375 4184 3711 4239 obsidionem

2138 4286 2361 4346 propter
2398 4276 2680 4347 Egyptios
2722 4277 3076 4332 adventantes
3103 4316 3118 4341 ,
3162 4274 3429 4345 Iosephus
3482 4273 3709 4330 manife-

2138 4375 2245 4421 stat
2272 4386 2283 4420 :
2311 4367 2403 4436 qui
2433 4367 2649 4423 Vafrem
2688 4380 2870 4436 regem
2898 4364 3117 4437 Egypti
3141 4364 3339 4421 Iudaeis
3375 4366 3430 4419 in
3451 4364 3712 4420 auxilium

2141 4460 2353 4513 venisse
2406 4458 2676 4513 narrando
2728 4458 2802 4511 ita
2849 4456 3032 4522 refert,
3080 4456 3305 4511 dicens:
3336 4456 3551 4511 Interea
3582 4457 3708 4511 dum

2143 4551 2245 4604 hoc
2281 4549 2617 4619 cognovisset
2659 4547 2963 4620 Babyloniae
2990 4563 3084 4602 rex
3116 4555 3295 4602 castra
3326 4547 3495 4600 movit
3521 4547 3708 4601 adver-

2141 4656 2234 4695 sus
2261 4654 2408 4704 eum,
2426 4648 2482 4693 et
2506 4637 2699 4693 afllieta
2727 4639 3097 4707 provincia,et
3120 4637 3448 4691 munitiones
3473 4634 3590 4703 ejus
3604 4652 3707 4690 una

2142 4728 2422 4798 diripiens,
2452 4729 2519 4782 ad
2548 4728 2720 4798 ipsam
2757 4727 3209 4803 Ierosolymorum
3254 4726 3529 4781 civitatem
3558 4726 3709 4780 obsi-

2142 4818 2371 4873 dendam
2401 4834 2525 4873 cum
2573 4833 2767 4889 magno
2796 4818 3047 4873 veniebat
3085 4817 3346 4872 exercitu.
3384 4815 3498 4870 Rex
3530 4824 3707 4883 autem

2142 4906 2426 4978 Egyptius
2466 4906 2711 4971 audiens,
2750 4908 2874 4976 quia
2904 4907 2954 4961 ei
2985 4905 3237 4961 Sedecias
3286 4904 3495 4960 amicus
3541 4916 3704 4967 esset,

2141 5004 2351 5064 sumpta
2375 4996 2571 5049 virtute
2596 4995 2827 5049 maxima
2845 4995 3185 5057 bellatorum,
3201 4994 3345 5047 venit
3379 4994 3446 5047 ad
3471 4992 3705 5048 Iudaeam

2142 5086 2292 5154 quasi
2332 5086 2450 5154 ejus
2475 5085 2747 5139 soluturus
2774 5086 3162 5140 obsessionem.
3181 5085 3508 5155 BahyIOnius
3528 5093 3703 5137 autem

2144 5174 2367 5229 recessit
2403 5174 2471 5227 ab
2500 5172 2849 5244 Ierosolymis
2868 5213 2883 5237 ,
2907 5182 2961 5228 et
2987 5175 3223 5228 occurrit
3248 5173 3520 5244 Egypliis
3551 5190 3563 5225 :
3593 5172 3705 5228 Eis-

2143 5278 2248 5333 que
2292 5262 2599 5329 congressis
2658 5263 2842 5332 praelio
2884 5262 3173 5330 superavit,
3208 5271 3265 5317 et
3303 5276 3398 5317 eos
3422 5262 3477 5315 in
3525 5261 3704 5332 fugam

2141 5369 2327 5408 versos
2366 5354 2431 5407 de
2464 5350 2620 5422 Syria
2667 5353 2843 5423 coegit
2892 5353 3059 5407 exire.
3086 5354 3329 5422 Dumque
3380 5352 3704 5409 excessisset

2139 5442 2551 5513 Babyloniorum
2593 5456 2685 5495 rex
2728 5443 2796 5496 ab
2838 5440 3205 5513 Ierosolymis,
3234 5444 3561 5512 deceperunt
3583 5440 3703 5498 falsi

2142 5534 2414 5603 propheta:
2466 5532 2745 5587 Sedeciam
2802 5534 3090 5589 dicentes:
3127 5535 3252 5603 quia
3305 5549 3481 5591 neque
3525 5535 3701 5605 Baby-

2139 5624 2309 5678 lonios
2361 5624 2536 5678 denuo
2590 5632 2778 5679 contra
2822 5641 2943 5679 eum
2988 5637 3247 5696 pugnare,
3295 5627 3384 5680 sed
3416 5626 3699 5680 contribuli

2138 5730 2321 5769 eorum
2354 5730 2487 5780 quos
2516 5715 2579 5769 de
2635 5716 2905 5785 provincia
2953 5718 3018 5772 ad
3044 5716 3391 5787 Babyloniam
3436 5716 3698 5787 demigra-
