3952 6368
233 432 379 490 ΙΘῚΊ

1101 432 1465 495 EXPOSITIO
1506 437 1728 494 SUPER
1769 438 2130 495 JEIIEMIAM.
2171 473 2241 484 —
2276 441 2399 498 LIB.
2443 442 2575 499 XIII.

3315 450 3342 504 Ι
3350 450 3457 510 078

228 556 447 614 verunt,
473 561 595 602 cum
621 545 717 603 Dei
745 547 889 603 vasis
906 549 1177 608 omnibus.
1211 566 1331 619 quae
1364 565 1458 605 rex
1502 551 1695 605 tulerat
1724 551 1790 605 ad
1817 557 1865 613 Α
1898 571 1917 602 ι
1948 566 2077 621 ergo
2113 553 2258 617 audi,
2280 554 2524 620 obsecro,
2558 555 2781 609 Domine
2814 555 2887 609 mi
2912 571 3028 621 rex,
3060 557 3238 612 valeat
3261 558 3459 630 depre-

226 638 337 693 hoc
372 637 625 708 templum
668 647 1087 711 reverterentur.
1119 639 1227 695 Sed
1262 638 1526 703 Jeremias,
1553 642 1639 697 his
1667 657 1795 697 con-

227 728 397 783 traria
431 734 595 799 atque
616 743 765 794 vera,
793 731 1063 787 transiens
1085 732 1139 785 in
1171 731 1403 786 medium
1426 732 1791 802 prophetavit,

224 817 455 874 dicens:
489 820 629 889 quod
666 820 806 876 male
849 820 1067 890 quidem
1118 820 1358 876 facerent
1404 822 1504 888 illi,
1552 821 1645 891 qui
1680 822 1793 892 regi

224 908 361 962 talia
389 908 647 975 dicerent,
681 909 895 980 quando
918 924 1015 978 per
1053 908 1336 981 Egyptios
1370 910 1505 965 nihil
1551 910 1792 979 adjuvari

225 1009 470 1068 possent,
498 1015 640 1071 quos
656 1001 839 1071 utique
868 1000 1155 1056 devincens
1181 1001 1485 1072 Babylonia:
1502 1017 1597 1058 rex
1621 1002 1674 1057 in
1698 998 1793 1055 Je-

210 1070 523 1163 lrosolymar
552 1070 838 1157 remearet,
890 1105 1115 1161 eamque
1155 1070 1371 1147 fortiter
1416 1094 1708 1159 obsideret,
1739 1101 1794 1148 et

223 1181 485 1250 populum
530 1181 672 1237 fame
714 1190 1113 1253 corrumperet,
1154 1198 1217 1237 ac
1271 1182 1504 1252 reliquos
1535 1186 1795 1255 .captivos

223 1269 523 1332 abduceret
547 1271 979 1341 substantiasque
1021 1272 1297 1341 diriperet,
1347 1272 1585 1329 simulet
1608 1275 1794 1345 templi

224 1359 446 1416 divitias
493 1362 840 1427 exhauriret,
878 1369 932 1416 et
974 1376 1098 1415 eum
1139 1362 1358 1431 insuper
1399 1374 1791 1429 concremaret,

220 1452 629 1521 civitatemque
652 1452 979 1508 obruerent:
1011 1462 1065 1507 et
1099 1463 1280 1509 essent
1331 1455 1575 1509 servituti
1619 1454 1794 1528 Baby—

222 1539 369 1595 lonis
407 1541 517 1611 regi
554 1542 776 1611 ejusque
819 1542 1100 1611 nepotibus
1137 1544 1292 1599 annis
1339 1546 1713 1616 septuaginta:
1742 1555 1797 1602 et

222 1630 296 1685 ad
327 1631 466 1686 hanc
519 1641 821 1687 remeantes
863 1634 1049 1688 urbem
1094 1634 1410 1696 aediﬁcaturi
1450 1646 1632 1693 eesent
1660 1645 1795 1693 tem—

220 1720 374 1789 plum
398 1736 585 1778 rursus
611 1732 665 1778 et
688 1721 1073 1795 Jcrosolymam
1109 1724 1285 1781 denuo
1319 1727 1640 1796 reparaturi.
1668 1726 1795 1784 Hzec

222 1810 441 1866 dicente
466 1808 721 1879 Jeremia,
750 1812 967 1883 plurimi
1011 1814 1227 1883 quidem
1256 1815 1620 1883 crediderunt,
1647 1815 1794 1886 prin-

1899 660 1917 693 ‹
1948 642 2091 697 catio
2113 658 2228 697 mea
2268 645 2321 698 in
2360 653 2645 715 conspectu
2676 654 2784 711 tuo,
2828 654 2973 701 etne
3006 648 3247 703 remittas
3288 666 3381 706 me
3399 652 3456 707 in

1898 753 1916 785 ε
1954 734 2169 789 domum
2197 733 2461 790 Jonathan
2484 737 2691 804 scribae,
2722 753 2790 793 ne
2826 738 3027 793 moriar
3060 739 3153 794 ibi.
3198 738 3458 813 Prmcepit

1898 841 1917 874 ι
1950 837 2079 894 ergo
2108 839 2202 878 rex
2243 823 2493 881 Sedecias
2518 834 2579 881 ut
2616 828 2921 883 traderetur
2961 821 3225 887 Ieremias
3264 831 3318 885 in
3360 846 3454 887 ve-

1898 932 1915 963 ι
1948 913 2168 985 stibulo,
2194 924 2249 969 et
2286 916 2504 969 daretur
2526 916 2582 985 ei
2608 923 2748 974 torta
2780 919 2935 989 panis
2968 920 3455 992 quotidie-excepto

1898 1022 1916 1053 ι
1955 1004 2249 1073 pulmento,
2283 1006 2455 1062 donec
2484 1018 2931 1065 consumerentur
2956 1026 3143 1067 omnes
3184 1026 3363 1081 panes
3380 1012 3456 1068 de

1898 1110 1915 1143 ι
1951 1093 2188 1149 civitate.
2226 1095 2290 1149 Et
2319 1095 2517 1151 mansit
2538 1094 2801 1153 Jeremias
2823 1100 2877 1153 in
2903 1101 3167 1156 vestibulo
3193 1102 3451 1167 carceris,

1898 1198 1917 1232 ι
1951 1191 2054 1235 etc.
2092 1202 2110 1234 ι
2140 1182 2292 1249 Quod
2322 1183 2585 1242 -Sedecias
2629 1186 2917 1243 Jeremiam
2947 1206 3053 1245 non
3100 1200 3309 1261 sponte,
3358 1192 3452 1247 sed

1893 1269 1945 1323 vi
1983 1271 2161 1340 populi
2204 1282 2443 1340 coactus,
2476 1282 2531 1331 et
2576 1286 2767 1349 rogatu
2815 1278 3115 1349 principum
3147 1282 3201 1335 in
3256 1280 3453 1336 calum.

1894 1359 2040 1413 niam
2064 1358 2428 1435 [profundum]
2452 1370 2684 1421 carceris
2722 1367 2985 1433 mitteret,
3010 1366 3209 1423 frustra
3235 1370 3450 1439 quidam

1892 1464 2015 1504 eum
2054 1456 2356 1508 excusant:
2406 1455 2532 1511 illud
2578 1459 2645 1514 ad
2677 1459 3143 1516 conﬁrmationem
3184 1462 3455 1532 opinionis

1893 1554 2004 1596 sua:
2026 1541 2445 1611 introducentes,
2472 1548 2611 1616 quod
2639 1550 2710 1613 ei,
2739 1552 2891 1620 quasi
2934 1552 3023 1621 pio
3046 1551 3241 1607 aﬁ‘ectu
3268 1552 3322 1607 in
3352 1567 3453 1608 ne-

1894 1631 2147 1687 cessitate
2169 1634 2415 1688 maxima:
2454 1634 2613 1691 laniis
2628 1636 2851 1705 jusserit
2876 1640 3079 1696 cibaria
3106 1642 3254 1708 dare,
3280 1643 3451 1698 donec

1892 1730 2338 1778 consumerentur
2374 1739 2561 1781 omnes
2595 1742 2761 1797 panes
2800 1730 2867 1785 de
2900 1732 3158 1787 civitate:
3190 1733 3314 1787 dum
3342 1732 3451 1798 ille,

1893 1810 1984 1879 qui
2015 1810 2124 1867 Deo
2171 1812 2400 1868 inﬁdelis
2445 1823 2501 1869 ct
2532 1818 2834 1873 contrarius
2875 1814 2990 1880 fuit.
3048 1822 3247 1877 homini
3295 1821 3450 1876 ﬁdem

220 1899 376 1968 cipes
407 1908 583 1955 autem
613 1908 668 1955 et
715 1900 864 1971 impii
917 1902 1215 1958 excessisse
1251 1918 1380 1958 eum
1418 1918 1449 1957 a
1484 1918 1579 1958 sua
1609 1913 1791 1960 mente
1821 1894 1867 1953 Β
1895 1898 2130 1968 perfecte
2163 1917 2381 1959 servare
2418 1919 2521 1959 non
2551 1908 2820 1975 potuerit:
2847 1910 3099 1978 quoniam
3120 1910 3272 1981 juxta
3304 1911 3449 1966 veri-

222 1987 499 2052 dicebant,
547 2002 776 2056 eumque
819 1990 919 2043 sub
962 1989 1062 2044 hoc
1090 1989 1276 2045 fomite
1306 1989 1617 2062 [prmtextu]
1648 1990 1792 2046 deri-

219 2075 447 2132 debant.
490 2077 657 2147 Igitur
684 2092 807 2132 cum
838 2079 885 2131 ei
932 2078 1221 2148 placuisset
1241 2081 1308 2134 ad
1343 2080 1574 2149 patriam
1604 2095 1797 2151 prope-

222 2175 372 2226 rare,
404 2176 522 2230 qua:
547 2161 745 2216 dicitur
772 2161 1010 2217 Anatbot
1050 2172 1269 2218 centum
1312 2164 1652 2247 septuaginta
1683 2174 1795 2221 sta-

220 2255 334 2310 diis
353 2253 537 2324 procul
563 2254 631 2309 ab
657 2252 1005 2325 lcrosolymis
1028 2256 1337 2310 constituta.
1362 2255 1645 2312 lnveniens
1666 2271 1793 2312 eum

220 2344 495 2399 initinere
522 2344 737 2414 quidam
785 2344 1110 2414 principum,
1155 2347 1608 2415 comprehensum
1652 2347 1788 2401 deti-

218 2432 345 2487 nuit
393 2431 714 2487 calumniam
765 2432 968 2487 faciens
1026 2433 1099 2499 ei,
1153 2434 1307 2504 quasi
1351 2434 1418 2488 ad
1469 2433 1793 2505 Babylonios

220 2522 370 2577 iret:
399 2521 491 2576 Ille
535 2536 661 2576 vero
700 2522 913 2575 mentiri
942 2523 1159 2591 quidem
1207 2524 1357 2578 illum
1401 2533 1457 2579 et
1502 2525 1791 2583 calumnia:

217 2607 329 2664 sibi
353 2608 559 2665 crimen
610 2608 872 2664 fallaciter
916 2598 1137 2675 inferre,
1177 2602 1235 2667 se
1260 2626 1390 2666 vero
1441 2612 1509 2667 ad
1552 2613 1787 2682 patriam

213 2718 515 2775 properare
562 2703 794 2759 dicebat.
823 2702 927 2770 Qui
976 2704 1044 2757 ad
1092 2705 1207 2759 haec
1236 2705 1398 2759 verba
1444 2720 1553 2760 non
1597 2704 1788 2773 ﬂexus,

216 2793 465 2850 vinctum
491 2792 711 2851 deduxit
748 2793 818 2848 ad
846 2792 1093 2848 Iudicum
1148 2793 1483 2864 magiStrum.
1518 2794 1565 2849 Α
1598 2796 1792 2865 quibus

214 2883 406 2940 omnia
447 2884 674 2940 verbera
725 2892 780 2938 et
813 2891 1078 2938 tormenta
1126 2900 1410 2955 perpessus
1440 2926 1456 2951 ,
1506 2887 1577 2957 ad
1642 2889 1790 2945 necis

216 2973 546 3044 supplicium
592 2973 970 3028 reservabatur
1003 2974 1130 3043 :qui
1158 2988 1255 3043 per
1278 2977 1545 3044 quoddam
1580 2986 1789 3047 tempus

215 3067 363 3133 hinc,
390 3081 509 3137 qua:
536 3066 885 3136 pnediximus
933 3054 1145 3135 injuste
1166 3069 1437 3126 sustinuit.
1466 3070 1621 3127 Anno
1658 3089 1789 3131 vero

213 3170 364 3212 nono
412 3155 690 3212 Sedechite
742 3157 884 3231 regis
935 3158 1144 3213 decimo
1190 3160 1294 3225 die,
1344 3164 1547 3218 mensis
1594 3164 1787 3220 decimi

1899 1989 2027 2044 tatis
2059 1993 2377 2047 sententiam
2408 2033 2423 2059 ,
2467 1997 2557 2065 qui
2601 1996 2653 2051 in
2700 1998 2923 2054 minimo
2964 1998 3133 2055 ﬁdelis
3173 2009 3275 2065 est,
3319 2000 3450 2054 etin

1896 2077 2087 2148 majori
2135 2079 2305 2136 ﬁdelis
2346 2091 2466 2138 est:
2496 2092 2551 2140 et
2581 2106 2599 2135 ι
2640 2087 2731 2154 qui
2765 2088 2818 2141 in
2858 2087 3067 2144 modico
3109 2090 3321 2161 iniquus
3348 2100 3451 2157 est,

1894 2176 1951 2224 et
1978 2170 2034 2224 in
2084 2172 2287 2241 majore
2312 2172 2526 2243 iniquus
2570 2183 2653 2231 est
2693 2175 2845 2247 (Luc.
2874 2178 3007 2250 xvr).
3040 2198 3058 2231 ι
3088 2178 3268 2234 Claret
3307 2180 3452 2235 enim

1894 2261 1949 2317 in
1981 2264 2232 2332 operibus
2259 2263 2395 2332 ejus,
2421 2268 2562 2336 quod
2611 2284 2783 2339 neque
2805 2271 2858 2325 in
2897 2272 2991 2327 Dei
3021 2272 3233 2342 timore,
3278 2288 3453 2345 neque

1892 2353 1949 2407 in
1975 2354 2206 2422 proximi
2238 2354 2521 2411 dilectione
2556 2357 2755 2428 aliquid
2780 2358 2889 2416 Deo
2910 2350 3059 2431 grate
3082 2363 3271 2434 egerit,
3298 2373 3354 2419 et
3382 2365 3450 2419 ob

1893 2441 1998 2497 hoc
2027 2444 2273 2498 meritam
2308 2445 2593 2501 vindictam
2638 2458 2977 2518 peccatorum
3026 2468 3245 2508 suorum
3289 2455 3357 2509 ab
3386 2468 3451 2509 eo

1892 2534 2209 2604 susceperit.

2410 2627 2634 2686 CAPUT
2660 2629 2942 2689 XXXVIII.

1894 2730 2164 2797 Quwrilur
2181 2732 2437 2814 Ieremia:
2462 2737 2528 2814 ad
2550 2742 3296 2814 mortem,_mittimriulacum
3323 2744 3446 2814 (uti,

1961 2817 2025 2887 es
2049 2819 2150 2884 quo
2172 2804 2236 2856 ab
2266 2803 2603 2861 Abdemelech
2639 2803 2947 2877 extrahitur,
2974 2822 3023 2866 et
3044 2814 3292 2883 praedicat
3323 2803 3446 2887 regi;

1961 2880 2015 2923 ut
2044 2880 2211 2940 prius.

1963 3001 1985 3033 ι
2010 2982 2076 3036 Et
2101 2983 2352 3039 dixerunt
2387 2985 2653 3056 principes
2680 2991 2812 3061 regi.
2845 2989 3116 3060 Rogamus
3142 3000 3273 3049 teut
3300 2995 3448 3051 oeci-

1894 3089 1914 3123 ‹
1948 3072 2108 3127 datur
2144 3074 2305 3130 homo
2329 3075 2451 3131 iste.
2479 3077 2553 3133 De
2597 3078 2857 3136 industria
2880 3083 3024 3137 enim
3050 3084 3294 3140 dissolvit
3334 3077 3449 3140 ma-

1895 3178 1915 3212 ι
1950 3177 2052 3217 nus
2084 3163 2321 3218 virorum
2350 3165 2685 3235 bellantium,
2724 3171 2821 3239 qui
2861 3184 3239 3238 remanserunt
3285 3178 3340 3231 in
3368 3177 3446 3233 ci-

210 3244 473 3301 vicesima
518 3244 775 3310 secunda,
798 3244 1104 3318 Babylonia:
1136 3264 1231 3304 rex
1275 3251 1342 3305 ad
1393 3249 1785 3334 Jerosolymam
1815 3238 1859 3301 C
1894 3268 1917 3302 ι
1944 3251 2108 3307 vitate
2144 3252 2264 3318 hac,
2308 3262 2363 3309 et
2412 3270 2603 3312 manus
2634 3238 2870 3316 universi
2896 3264 3098 3333 populi,-
3128 3265 3351 3336 loquens
3379 3270 3447 3323 ad

211 3342 396 3389 castra
435 3342 668 3389 metatus
714 3344 818 3400 est,
859 3344 913 3391 et
939 3336 1131 3392 sedens
1163 3339 1306 3394 circa
1354 3356 1475 3396 eam
1519 3343 1702 3400 decem
1732 3352 1789 3401 et

209 3432 341 3480 octo
365 3439 602 3491 menses,
652 3440 775 3479 cum
824 3427 1001 3481 studio
1036 3443 1244 3499 magnae
1293 3431 1508 3488 virtutis
1527 3433 1735 3490 obsedit
1768 3454 1782 3489 :

208 3516 583 3584 obsessosque
606 3516 1013 3587 Jerosolymitas
1038 3521 1142 3574 duo
1165 3521 1303 3575 mala
1334 3522 1440 3576 alia
1467 3532 1520 3578 et
1549 3525 1784 3581 maxima

210 3603 608 3672 deprimebant,
640 3608 812 3661 morbi
859 3607 1085 3679 languor
1114 3618 1167 3663 et
1196 3610 1365 3667 fames
1387 3615 1465 3668 eis
1496 3617 1784 3672 vehemen-

210 3701 302 3759 ter"
326 3694 597 3751 insistens.
630 3696 893 3753 Jeremias
930 3716 1057 3755 vero
1114 3704 1375 3772 propheta
1404 3720 1526 3760 cum
1551 3716 1695 3762 esset
1728 3708 1781 3765 in

210 3783 480 3846 custodia,
510 3800 617 3840 non
639 3787 903 3854 cessabat,
947 3790 1039 3844 sed
1069 3791 1331 3847 clamabat
1359 3804 1413 3847 ct
1460 3796 1784 3863 pnedicabat

210 3881 401 3943 aperte
426 3876 693 3930 monendo
733 3878 1005 3947 populum,
1034 3888 1091 3933 ut
1145 3896 1323 3951 regem
1368 3882 1781 3954 Babyloniorum

210 3970 400 4029 portas
441 3964 745 4032 aperientes
775 3968 1122 4036 exciperent:
1170 3968 1283 4024 Hoc
1311 3972 1451 4024 enim
1497 3972 1657 4038 facto,
1690 3989 1783 4031 eos

207 4064 338 4104 cum
382 4050 528 4109 omni
572 4053 733 4127 domo
780 4068 937 4122 posse
967 4055 1183 4121 salvari,
1235 4058 1468 4127 alioquin
1526 4061 1779 4117 radicitus

208 4138 510 4206 asserebat,
558 4126 756 4213 evelli:
788 4145 1220 4214 praedicabatque
1259 4126 1484 4215 pariter,
1527 4150 1778 4219 quoniam

208 4232 254 4286 si
283 4233 377 4301 qui
436 4236 733 4289 manserint
761 4236 815 4290 in
856 4238 1098 4304 civitate,
1130 4241 1349 4303 omnino
1395 4243 1782 4313 perirent,‘aut

208 4322 357 4378 fame
395 4326 715 4395 consumpti,
750 4336 841 4381 aut
882 4328 1071 4397 gladiis
1118 4330 1395 4397 hostium;
1445 4334 1490 4389 si
1537 4350 1666 4391 vero
1712 4337 1778 4391 ad

206 4414 396 4471 hostes
431 4414 801 4486 confugerent,
826 4427 882 4473 et
908 4418 1156 4477 inimicos
1179 4429 1234 4476 et
1259 4432 1489 4480 mortem
1515 4428 1775 4496 quodam-

205 4505 371 4560 modo
398 4504 752 4561 declinarent.

280 4610 302 4645 ‹
338 4592 695 4660 Quamobrem
746 4596 870 4651 irati
914 4599 1183 4669 principes
1224 4611 1410 4658 contra
1455 4604 1767 4675 Jeremiam,

206 4698 231 4734 ι
261 4696 464 4736 caesum
483 4698 605 4737 eum
631 4683 959 4759 miseruntin
976 4691 1509 4760 carcerem,quierat
1534 4694 1587 4747 in
1615 4696 1771 4751 domo

208 4789 231 4826 ι
266 4770 536 4828 Jonathan
552 4774 743 4827 scribae
777 4788 793 4827 :
823 4776 1090 4843 ipsecnim
1121 4782 1441 4849 praepositus
1464 4793 1583 4839 erat
1610 4801 1771 4857 super

207 4879 233 4913 ι
251 4874 556 4916 carcerem.
586 4859 771 4929 Itaque
793 4861 1061 4931 ingressus
1082 4875 1165 4921 est
1192 4865 1454 4926 Jeremias
1476 4872 1530 4925 in
1553 4874 1765 4928 domum

207 4970 233 5005 ο
263 4953 369 5008 laci
395 4952 447 5005 in
473 4951 761 5019 ergastulo,
791 4960 845 5007 et
873 4955 1011 5008 sedit
1039 4956 1111 5011 ibi
1135 4956 1398 5014 Jeremias
1421 4962 1607 5018 diebus
1633 4966 1767 5019 mul«

208 5062 225 5094 ι
262 5044 353 5096 tis.
384 5041 598 5094 Mittens
622 5050 799 5094 autem
827 5059 920 5096 rex
955 5044 1241 5102 Sedechias
1276 5050 1396 5104 tulit
1428 5066 1570 5117 eum,
1599 5057 1765 5110 etin-

207 5150 227 5183 ι
267 5130 556 5200 terrogavit
580 5130 635 5183 in
659 5130 817 5186 domo
833 5147 928 5185 sua
956 5134 1284 5202 abscondite,
1311 5147 1365 5193 et
1384 5140 1547 5195 dixit:
1579 5144 1767 5201 Putas-

209 5242 227 5276 ι
265 5224 335 5279 ne
358 5230 442 5277 est
462 5237 639 5277 sermo
662 5238 694 5276 a
718 5224 987 5279 Domino?
1012 5226 1083 5279 Et
1097 5227 1228 5281 dixit
1255 5228 1537 5299 Jeremias,
1575 5244 1676 5289 est.
1698 5237 1763 5292 Et

206 5333 229 5368 ι
267 5316 388 5370 ait-:
419 5315 478 5369 In
516 5330 706 5369 manus
734 5317 894 5385 regis
920 5318 1203 5388 Babylonis
1232 5321 1480 5377 traderis.
1520 5324 1587 5378 Et
1627 5326 1763 5383 dixit

208 5423 228 5456 ε
256 5402 518 5459 Jeremias
545 5404 613 5458 ad
650 5418 828 5473 regem
874 5404 1147 5461 Sedcciam
1183 5426 1195 5462 :
1224 5409 1362 5475 Quid
1394 5415 1613 5481 peccavi
1642 5416 1761 5482 tibi,

208 5511 228 5545 ι
261 5501 318 5549 et
337 5493 508 5549 servis
535 5492 663 5558 tuis,
711 5501 767 5548 et
798 5496 991 5564 populo
1022 5505 1143 5563 tuo,
1191 5488 1317 5568 quia
1359 5502 1551 5557 misisti
1577 5520 1663 5561 me
1706 5508 1761 5563 in

207 5602 227 5637 ι
256 5587 475 5641 domum
498 5585 769 5640 carceris?
798 5584 897 5641 Ubi
948 5598 1074 5642 sunt
1116 5591 1386 5667 propheta
1427 5595 1620 5661 vestri,
1670 5598 1761 5667 qui

210 5688 229 5721 ι
261 5672 653 5740 prophetabant
701 5676 867 5740 vobis,
922 5685 975 5731 et
997 5678 1284 5734 dicebant:
1318 5681 1433 5737 Non
1454 5686 1635 5741 veniet
1663 5703 1759 5743 rex

212 5778 229 5811 ι
262 5761 547 5823 Babylonis
576 5780 735 5832 super
758 5782 849 5821 vos
900 5776 952 5821 ct
992 5784 1151 5838 super
1191 5779 1387 5827 terram
1436 5776 1607 5830 hanc?
1642 5778 1758 5835 Non

1893 3359 1911 3391 ι
1942 3354 2053 3405 eos,
2099 3341 2253 3411 juxta
2306 3344 2420 3398 haec
2466 3345 2628 3401 verba
2665 3366 2678 3401 :
2716 3346 2987 3420 Siquidem
3017 3354 3176 3410 homo
3203 3358 3293 3413 hic
3340 3374 3445 3414 non

1892 3447 1909 3479 ι
1944 3430 2135 3498 quaerit
2181 3446 2369 3501 pacem
2397 3435 2578 3504 populi
2624 3438 2803 3509 hujus,
2850 3442 2946 3497 sed
2978 3444 3197 3499 malum.
3227 3446 3293 3500 Et
3316 3448 3448 3503 dixit

1892 3536 1910 3568 ι
1942 3517 2197 3576 Sedecias
2228 3538 2241 3574 :
2288 3522 2427 3577 Ecce
2453 3524 2508 3577 in
2538 3527 2784 3582 manibus
2825 3531 3021 3587 vestris
3050 3531 3164 3602 ipse
3205 3543 3307 3600 est,
3345 3552 3435 3591 net

1891 3626 1909 3659 ι
1944 3610 2087 3664 enim
2117 3609 2200 3667 fas
2229 3621 2313 3668 est
2340 3630 2520 3687 regem
2553 3618 2706 3673 vobis
2753 3620 3045 3691 quidquam
3081 3640 3299 3696 negare.
3334 3627 3440 3682 Tu-

1890 3715 1908 3749 ι
1943 3698 2258 3771 leruntergo
2276 3702 2585 3774 Jeremiam,
2608 3716 2663 3763 et
2681 3708 3161 3779 projecerunteum
3184 3716 3237 3771 in
3263 3716 3442 3791 lacum

1888 3806 1908 3841 ι
1940 3787 2172 3846 Helchia:
2185 3791 2277 3846 ﬁlii
2298 3794 2573 3863 Amalech,
2594 3799 2813 3867 quierat
2834 3802 2888 3856 in
2911 3804 3171 3861 vestibulo
3190 3787 3442 3877 carceris,

1888 3899 1907 3932 ι
1944 3882 2386 3943 etsubmiserunt
2418 3885 2703 3942 Jeremiam
2740 3891 2795 3943 in
2819 3890 3062 3960 funibus;
3086 3896 3216 3950 etin
3244 3897 3442 3966 lacum,

1888 3989 1916 4034 ι,
1941 3972 1995 4026 in
2020 3987 2124 4041 quo
2157 3988 2263 4027 non
2288 3983 2405 4032 erat
2429 3990 2587 4045 aqua,
2619 3980 2715 4034 sed
2740 3979 2931 4037 lutum.
2956 3970 3241 4043 Descendit
3263 3990 3443 4060 itaque

1886 4077 1905 4147 ᾳ
1937 4059 2198 4115 Jeremias
2237 4063 2289 4117 in
2324 4078 2555 4119 cmnum.
2592 4086 2611 4120 ι
2640 4067 2930 4143 (Mannum)
2956 4071 3057 4127 Hic
3084 4083 3256 4143 patet,
3298 4080 3441 4147 quod

1879 4146 2142 4206 Sedeeias
2177 4152 2231 4205 in
2278 4150 2566 4209 Jeremiam
2616 4172 2722 4211 non
2776 4159 2988 4216 sincero
3033 4154 3227 4220 affectu
3275 4146 3438 4225 mise-

1878 4239 2166 4296 ricordiam
2210 4242 2573 4312 impendebat.
2618 4246 2719 4314 Qui
2753 4250 2800 4304 si
2848 4267 2973 4308 vere
2998 4270 3121 4310 eum
3166 4257 3433 4331 diligeret,

1877 4330 2117 4400 nunquid
2146 4331 2214 4386 ob
2238 4330 2476 4387 favorem
2517 4350 2611 4390 seu
2648 4337 2889 4394 timorem
2914 4342 3212 4412 principum
3242 4330 3294 4401 in
3320 4364 3432 4418 pa:-

1875 4435 1999 4474 nam
2028 4420 2265 4475 carceris
2319 4422 2637 4479 trudendum
2680 4426 2783 4482 illis
2829 4432 3107 4487 traderet?
3132 4435 3199 4490 Et
3239 4439 3307 4499 ob
3332 4439 3436 4495 hoc

1876 4506 2205 4564 infructuosa
2234 4509 2351 4579 ejus
2389 4512 2491 4579 fuit
2543 4516 2792 4573 simulata
2841 4523 3135 4592 miseratio,
3189 4529 3328 4583 sicut
3380 4542 3436 4585 et

1877 4596 2053 4663 Pilati,
2099 4599 2191 4669 qui
2223 4600 2275 4653 in
2306 4604 2554 4671 passione
2579 4606 2791 4664 Domini
2843 4622 3061 4682 accepta
3090 4630 3227 4684 aqua
3248 4634 3431 4678 coram

1871 4685 2017 4739 omni
2053 4688 2247 4758 populo
2273 4689 2402 4745 lavlt
2445 4708 2636 4751 manus
2683 4713 2813 4755 suas
2856 4702 3039 4758 dicens
3073 4723 3085 4758 :
3127 4706 3432 4767 «Innocens

1871 4794 1970 4849 ego
1992 4796 2109 4834 sum
2139 4796 2170 4835 a
2199 4784 2456 4855 sanguine
2468 4786 2596 4855 justi
2616 4788 2795 4857 hujus,
2825 4808 2919 4848 vos
2942 4796 3186 4853 videritis
3212 4799 3427 4870 (Matth.

1870 4871 2068 4945 xxvn):
2106 4891 2124 4924 ι
2165 4874 2232 4927 Et
2287 4883 2462 4931 tamen
2487 4889 2671 4948 postea
2700 4883 3018 4955 ﬂagellatam
3051 4893 3269 4949 tradidit
3304 4910 3428 4954 eum

1867 4960 2065 5017 Judaeis
2092 4972 2151 5017 ut
2176 4965 2597 5037 cruciﬁgeretur.

1946 5068 1967 5102 ι
1994 5051 2209 5107 Audivit
2236 5063 2415 5140 autem
2460 5057 2816 5118 Abdemelech
2855 5065 3109 5140 Ethiops
3146 5073 3232 5128 vir
3260 5090 3428 5133 eunu-

1877 5160 1896 5193 ι
1930 5142 2083 5210 chus,
2112 5144 2204 5215 qui
2225 5138 2341 5200 erat
2374 5146 2428 5200 in
2454 5148 2609 5205 domo
2637 5154 2799 5225 regis,
2819 5158 2963 5225 quod
2983 5138 3257 5219 misissent
3278 5167 3416 5224 Jere

1874 5254 1893 5288 ι
1924 5238 2087 5292 miam
2115 5239 2171 5293 in
2204 5238 2399 5295 lacum.
2431 5241 2599 5297 Porro
2638 5260 2733 5301 rex
2755 5249 2974 5304 sedebat
3000 5252 3055 5305 in
3100 5265 3255 5323 porta
3288 5260 3424 5316 Ben-

1872 5346 1891 5379 t
1920 5327 2112 5397 jamin.
2169 5330 2237 5384 Et
2285 5345 2534 5402 egressus
2584 5343 2670 5390 est
2727 5336 3086 5397 Abdemelech
3144 5346 3211 5401 de
3265 5350 3423 5406 domo

1871 5438 1889 5470 ι
1920 5420 2083 5489 regis,
2133 5429 2187 5476 et
2218 5420 2427 5476 locutus
2474 5425 2647 5479 estad
2700 5440 2901 5497 regem,
2924 5429 3147 5488 dicens:
3196 5435 3422 5495 Domine

1872 5529 1891 5563 ‹
1929 5512 2004 5567 mi
2030 5527 2141 5577 rex,
2178 5514 2317 5569 male
2337 5513 2580 5572 fecerunt
2600 5519 2705 5573 viri
2731 5520 2841 5587 isti,
2872 5524 3050 5578 omnia
3090 5538 3422 5601 quaecunque

1869 5618 1888 5652 ι
1916 5610 2291 5670 perpetrarunt
2346 5613 2531 5659 contra
2571 5606 2855 5663 Jeremiam
2900 5615 3251 5683 prophetam,
3299 5620 3423 5675 mit-

1867 5708 1887 5742 ‹
1916 5698 2223 5748 tenteseum
2248 5695 2301 5749 in
2318 5696 2867 5764 lacum,utmoriatur
2890 5704 2960 5759 ibi
2978 5704 3137 5763 fame.
3159 5705 3274 5765 Non
3298 5721 3416 5767 sunt

1868 5798 1886 5831 σ
1922 5782 2063 5837 enim
2104 5798 2265 5853 panes
2296 5786 2433 5841 ultra
2482 5789 2533 5841 in
2560 5790 2793 5845 civitate.
2823 5793 3081 5865 Praecepit
3122 5799 3301 5868 itaque
3324 5818 3422 5858 rex
