3952 6360
432 378 569 433 1079

1068 384 1125 438 Β.
1172 384 1416 439 [MBAN]
1458 384 1674 442 MAURI
1712 384 2027 441 ARCIIIEP.
2073 383 2376 441 MOGUNT.
2420 386 2697 443 OPERUM
2741 385 2917 439 PARS
2957 386 3034 439 Ill.

3556 378 3693 439 1080

432 511 448 542 ι
482 490 842 547 Abdcmclech
901 497 1085 550 dicens
1117 517 1126 550 :
1175 497 1322 551 Tulle
1380 506 1555 552 tecum
1609 499 1735 552 hinc
1786 497 2001 567 triginta
2032 499 2077 554 Α
2106 496 2369 565 exemplis
2402 514 2413 549 ί
2446 512 2512 551 ne
2540 497 2783 551 inﬁrmos
2811 512 2909 551 nos
2934 512 2997 550 ac
3023 496 3240 549 timidos
3262 505 3531 565 praecepta
3560 496 3691 551 sub-

430 599 450 633 σ
488 581 676 647 viros,
722 590 779 637 et
826 583 942 638 leva
994 584 1282 641 Jercmiam
1343 590 1659 657 prephetam
1714 587 1779 641 de
1828 586 1999 648 lacis,

431 687 453 721 ‹
488 677 779 739 antequam
810 673 1093 727 moriatur.
1132 676 1437 744 Assumptis
1463 691 1593 745 ergo
1642 674 1999 729 Abzlcmelech

428 776 451 812 α
487 774 673 815 secum
702 761 855 827 viris,
882 763 1154 831 ingressus
1183 774 1263 819 est
1292 767 1507 820 domum
1539 767 1701 835 regis,
1742 782 1861 835 quae
1884 775 2003 820 erat

434 871 452 901 ι
490 849 591 905 sub
615 851 854 918 cellario,
885 862 940 907 et
969 854 1092 909 tulit
1120 855 1245 911 inde
1275 864 1485 911 veteres
1520 872 1748 927 pannos,
1779 864 1832 910 et
1861 856 2003 909 anti-

434 962 451 993 ι
486 958 591 1013 qua
628 943 978 1009 vestimenta,
1020 960 1140 1014 qua:
1182 956 1641 1015 computruerant,
1672 955 1727 1000 et
1752 946 2005 1001 submisit

434 1049 451 1081 ι
491 1046 554 1087 ea
582 1033 653 1087 ad
676 1032 966 1088 Jeremiam
1005 1035 1059 1089 in
1110 1036 1227 1090 lacu
1280 1052 1377 1105 per
1429 1035 1715 1091 funiculus.
1756 1035 2005 1105 Dixitque

430 1140 448 1170 ι
490 1121 850 1177 Abdemclecb
888 1123 1135 1194 [Ethiops
1162 1127 1228 1180 ad
1259 1126 1549 1180 Jcremiam
1586 1126 1773 1181 :Pone
1793 1139 2005 1182 veteres

432 1231 451 1259 ι
490 1225 715 1279 pannos,
746 1220 800 1265 et
829 1212 945 1267 hare
994 1214 1160 1267 scissa
1187 1220 1241 1268 et
1272 1214 1485 1282 putrida
1534 1216 1634 1268 sub
1682 1214 1866 1269 cubito
1894 1230 2005 1269 ma-

431 1318 450 1348 σ
486 1315 652 1355 nuum
681 1310 918 1367 tuarum,
940 1312 994 1357 et
1015 1318 1177 1371 super
1201 1302 1375 1358 funes.
1404 1302 1557 1359 Fecit
1594 1320 1723 1375 ergo
1744 1306 2007 1360 Jeremias

434 1412 452 1440 ι
492 1391 591 1458 sic,
619 1400 676 1447 et
718 1401 1075 1447 extraxerunt
1114 1392 1431 1449 Jeremiam‘
1461 1394 1695 1461 funibus,
1722 1406 1777 1451 et
1803 1397 2006 1451 eduxe-

430 1504 448 1533 ι
486 1491 613 1537 runt
636 1497 759 1537 eum
780 1484 845 1540 de
866 1484 984 1538 lacu
1011 1501 1026 1538 :
1049 1485 1246 1539 mansit
1272 1494 1453 1541 autem
1479 1484 1742 1542 Jeremias
1766 1487 1821 1541 in
1848 1489 2011 1543 vcsti-

435 1590 455 1621 ς
499 1570 624 1627 bulo
684 1574 941 1629 carceris.
1005 1595 1025 1627 ι
1080 1573 1232 1629 Sicut
1279 1575 1353 1631 illi
1400 1576 1671 1645 principes
1729 1576 2009 1643 Sedeciae,

426 1665 519 1733 qui
545 1666 863 1737 prophetam
912 1667 965 1721 in
1005 1666 1182 1722 laeum
1232 1668 1512 1732 miserant,
1570 1676 1755 1738 typum
1796 1668 2009 1723 illorum

426 1756 730 1827 principum
752 1757 1129 1827 praeferebant,
1159 1758 1226 1813 de
1254 1758 1447 1827 quibus
1470 1755 1668 1812 Paulus
1684 1758 1762 1811 ait
1793 1773 1808 1812 :
1844 1777 1863 1809 ‹
1896 1756 2010 1811 Non

2105 587 2220 639 tilia
2263 586 2551 642 vulnerent
2598 587 2723 641 dum
2755 586 2956 640 levant.
2988 586 3151 652 Quasi
3190 587 3454 654 quosdam
3484 600 3696 655 pannos

2105 685 2313 731 veteres
2348 675 2847 745 Paulusapostolus
2873 673 3253 744 subjungebat,
3291 690 3415 729 cum
3446 674 3695 732 levandis

2104 766 2398 835 disciplinis
2412 766 2691 834 prveceptis
2703 764 2815 819 suis
2831 763 3161 833 spiritalibus
3186 765 3431 835 exempla
3449 773 3693 820 veterum

2104 857 2470 912 commodaret
2491 856 2677 911 dicens
2708 874 2720 908 :
2757 874 2774 907 ‹
2810 855 2947 910 Justi
2978 856 3208 911 ludibria
3236 867 3291 911 et
3318 858 3546 912 verbera
3586 871 3689 912 ex-

2105 948 2267 1018 perti,
2286 948 2506 1017 insuper
2532 956 2588 1002 et
2618 947 2849 1011 vincula,
2877 956 2931 1003 et
2960 949 3220 1014 careeris,
3269 948 3492 1018 lapidati
3544 959 3691 1013 sunt,

2106 1040 2240 1093 secti
2270 1046 2427 1103 sunt,
2458 1039 2651 1093 tentati
2683 1047 2807 1093 sunt
2837 1078 2850 1103 ,
2897 1039 2949 1093 in
2984 1030 3256 1094 occisione
3285 1040 3447 1109 gladii
3494 1043 3691 1096 mortui

2107 1138 2275 1195 sunt;
2325 1135 2438 1184 i'et
2482 1130 2641 1199 paulo
2688 1138 2852 1201 post:
2889 1152 2907 1182 ί
2950 1129 3221 1187 Habentes
3261 1132 3442 1202 itaque
3487 1140 3695 1187 tantam

2110 1218 2412 1288 impositam
2438 1218 2633 1272 nubem
2661 1219 2902 1284 testium,
2934 1218 3263 1288 deponentes
3278 1234 3440 1275 omne
3463 1219 3695 1289 pondus,

2109 1317 2164 1361 ct
2178 1308 2536 1362 circumstans
2559 1322 2655 1363 nos
2668 1316 2946 1378 peccatum
2965 1323 3062 1378 per
3073 1309 3388 1378 patientiam
3411 1326 3698 1365 curramus

2111 1398 2179 1451 ad
2207 1396 2541 1467 propositum
2584 1398 2738 1453 nobis
2777 1407 3078 1454 certamen.
3114 1399 3221 1454 nEt
3247 1400 3443 1455 iterum
3481 1417 3497 1454 :
3535 1419 3555 1453 ι
3591 1400 3699 1457 lle-

2114 1493 2296 1540 mento
2316 1486 2728 1555 praepositorum
2750 1494 3078 1555 vestrorum,
3095 1489 3187 1558 qui
3209 1490 3363 1545 vobis
3384 1490 3552 1545 locuti
3572 1498 3701 1547 sunt

2117 1576 2339 1632 verbum
2389 1577 2534 1633 Dei:
2572 1593 2799 1648 quorum
2851 1580 3123 1635 intuentes
3155 1580 3362 1637 exitum
3409 1597 3700 1639 conversa-

2118 1668 2280 1723 tionis
2316 1668 2606 1724 imitamini
2645 1669 2806 1729 ﬁderm
2837 1670 3025 1742 (Hebr.
3055 1670 3155 1742 xi).
3194 1692 3213 1725 ι
3244 1671 3508 1742 Superius
3552 1674 3703 1731 vide—

2116 1759 2265 1827 licet,
2320 1762 2446 1817 dum
2478 1750 2768 1832 spiritalia
2826 1772 3096 1832 praecepta
3152 1762 3492 1833 loqueretur,
3544 1764 3700 1834 quasi

426 1858 512 1902 est
537 1849 695 1906 nobis
709 1849 1024 1906 colluctatio
1050 1850 1309 1906 adversus
1345 1842 1567 1905 carnem
1594 1850 2006 1920 etsanguinem,
2044 1836 2089 1896 Β
2118 1852 2272 1907 funes
2294 1852 2518 1909 miserat
2547 1871 2559 1906 :
2584 1853 2927 1922 postmodum
2954 1868 3085 1908 vero
3124 1870 3432 1911 memorans
3455 1856 3698 1925 exempla

430 1942 525 1996 sed
547 1942 808 1996 adversus
829 1940 1103 2012 principes
1122 1952 1177 1996 et
1198 1949 1518 2011 potestates,
1544 1940 1806 1996 adversus
1822 1939 2012 1994 mundi

434 2039 672 2111 rectores
726 2030 1072 2087 tenebrarum
1112 2033 1330 2098 harum,
1377 2040 1566 2086 contra
1622 2030 1885 2102 spiritalia
1914 2044 2012 2085 ne-

433 2121 620 2190 quitiae
660 2122 715 2177 in
749 2123 1067 2179 ctelestibus
1094 2122 1310 2194 (Ephes.
1343 2124 1445 2194 vi),
1485 2142 1503 2174 ι
1538 2124 1632 2193 qui
1682 2136 1898 2194 semper
1922 2122 2015 2178 de-

431 2212 677 2267 siderant
703 2211 889 2269 ﬁdeles
915 2212 1112 2269 Christi
1144 2214 1197 2269 in
1223 2229 1439 2269 cmnum
1468 2211 1725 2268 vitiorum
1746 2221 1802 2268 et
1828 2214 2016 2269 sordes

430 2312 773 2373 peccator-em
800 2304 1117 2376 demergere
1148 2324 1160 2359 :
1186 2306 1262 2360 ita
1299 2305 1400 2360 iste
1430 2304 1680 2374 [Ethiops
1710 2304 2010 2369 eunuchus,

435 2395 529 2462 qui
560 2394 757 2449 timore
789 2403 846 2449 et
872 2409 1058 2450 amore
1106 2394 1203 2450 Dei
1232 2404 1610 2464 compunctus,
1643 2394 1849 2449 studuit
1889 2408 2016 2463 pro-

436 2485 657 2553 phetam
710 2484 941 2555 eripere,
984 2484 1254 2555 signiﬁcat
1296 2492 1515 2540 sanctos
1541 2484 1923 2555 praedicatores
1949 2483 2015 2536 de

438 2566 715 2644 gentibus,
735 2589 872 2644 quos
894 2574 1242 2647 Evangelium
1256 2574 1389 2630 dicit
1403 2577 1725 2644 semetipsos
1745 2582 2015 2630 castrasse

432 2671 656 2733 propter
687 2677 919 2737 regnum
943 2664 1205 2721 cmlurum
1233 2663 1448 2736 (Matth.
1482 2664 1679 2735 x),'qui
1718 2679 1861 2720 vera:
1887 2665 2017 2720 Cha--

431 2754 613 2809 vitatis
638 2754 920 2821 instinctu,
959 2756 1152 2825 inique»
1182 2771 1472 2827 oppressos
1512 2756 1730 2811 student
1772 2757 1939 2811 verbo
1963 2765 2018 2811 et

433 2844 681 2915 exemplo
704 2846 769 2901 dc
791 2845 944 2899 fovea
972 2846 1293 2927 perditionis
1322 2863 1515 2901 eruere
1547 2848 1719 2917 :quod
1732 2856 1793 2902 et
1823 2862 2017 2901 nomen

434 2938 605 3006 ipsius
652 2938 884 2992 eunuchi
936 2945 1183 2992 testatur.
1232 2928 1603 2993 'Abdemelecb
1655 2948 2018 3009 ergoservus'

438 3028 572 3098 regis
632 3029 1056 3097 interpretatur:
1087 3029 1230 3085 illius
1272 3030 1530 3085 nimirum
1580 3022 1742 3102 regis,
1797 3031 1863 3085 de
1903 3044 2018 3104 quo

435 3120 701 3188 scriptum
747 3128 832 3175 est
862 3140 874 3173 :
910 3139 929 3171 ι
984 3119 1249 3187 Quoniam
1294 3108 1555 3177 Dominus
1583 3137 1826 3177 summus
1854 3122 2015 3177 terri-

2118 1941 2405 2013 majorum,
2430 1946 2585 2014 quasi
2622 1952 2834 2001 veteres
2874 1961 3085 2015 pannos
3110 1946 3423 2003 adhibebat.
3469 1948 3699 2003 Excitati

2116 2032 2247 2105 ergo
2269 2042 2349 2091 tot
2386 2034 2595 2110 vicibus
2639 2045 3053 2106 pra'ceptorum,
3086 2038 3253 2107 adjuti
3298 2047 3378 2093 tot
3428 2054 3703 2109 compara-

2117 2126 2355 2183 tionibus
2402 2128 2797 2198 exemplorum,
2850 2128 2917 2182 ad
2961 2130 3124 2184 corda
3167 2140 3350 2185 nostra
3396 2130 3697 2192 redeamus,

2116 2214 2466 2270 discutiamus
2511 2231 2673 2272 omne
2709 2216 2853 2285 quod
2904 2217 3116 2288 agimus
3172 2235 3186 2271 :
3239 2225 3295 2272 et
3341 2218 3605 2288 quidquid
3649 2219 3703 2273 in

2116 2304 2273 2360 nobis
2287 2305 2483 2360 divina:
2498 2306 2835 2361 rectitudinis
2859 2306 3099 2377 regulam
3123 2305 3347 2363 offendit
3360 2323 3702 2376 accusemus,

2116 2402 2176 2448 ut
2195 2394 2336 2463 apud
2360 2393 2945 2463 districtum'judicem-
2965 2396 3082 2465 ipsa
3114 2411 3214 2451 nos
3243 2398 3523 2453 accusatio
3546 2413 3707 2454 excu-

2117 2493 2220 2540 set.
2253 2483 2367 2539 Hoc
2410 2482 2563 2540 enim
2607 2484 2806 2541 mentis
2840 2494 3042 2551 nostra:
3085 2485 3291 2554 judicio
3338 2495 3494 2541 tanto
3544 2488 3707 2542 citius

2118 2575 2463 2639 absolvimur,
2516 2585 2719 2645 quanto
2770 2590 2870 2630 nos
2911 2576 3177 2630 districtiu
3259 2590 3381 2631 reos
3435 2584 3703 2631 tenemus.

2119 2665 2231 2721 Nec
2255 2665 2324 2729 ad
2368 2666 2483 2721 haec
2515 2665 2721 2736 agenda
2751 2665 3025 2736 perdenda
3054 2674 3177 2721 sunt
3212 2675 3474 2735 tempora,
3507 2666 3707 2737 quibus

2128 2764 2295 2819 cacat,
2326 2754 2451 2824 quia
2480 2756 2548 2811 ad
2578 2756 2694 2810 hate
2721 2756 2927 2825 agenda
2961 2763 3084 2825 post
3108 2755 3268 2825 hujus
3298 2757 3423 2811 vitae
3463 2764 3707 2827 tempora

2122 2836 2228 2903 non
2257 2855 2437 2902 vacat.
2482 2847 2662 2903 Vacue
2700 2848 2898 2919 quippe
2938 2864 3044 2903 non
3076 2848 3296 2913 dicitur,
3340 2850 3706 2920 nequeenim

2121 2938 2263 2993 ultra
2292 2937 2345 2991 in
2377 2937 2610 2991 hominis
2637 2944 2907 3007 potestate
2929 2945 3028 3002 cst,
3063 2946 3124 2991 ut
3146 2937 3325 2991 veniat
3350 2938 3418 2991 ad
3447 2937 3618 2992 Deum
3638 2938 3697 2991 in

2114 3025 2400 3094 judicium.
2444 3024 2649 3081 Idcirco
2676 3040 2909 3095 namque
2963 3040 3353 3093 memoramur,
3382 3022 3529 3094 quod
3573 3033 3706 3081 tunc

2124 3133 2229 3173 non
2256 3131 2564 3187 possumus,
2588 3131 2656 3170 ne
2676 3130 2841 3175 nunc.
2869 3115 3016 3184 quod
3036 3129 3324 3185 possumus
3344 3112 3704 3185 ncgligamus.

433 3210 559 3265 bilis
580 3218 634 3265 et
662 3226 754 3266 rex
781 3226 1009 3282 magnus
1029 3224 1192 3280 super
1212 3226 1399 3266 omnes
1428 3213 1557 3267 deos
1583 3208 1754 3283 (Psal.
1778 3212 1922 3283 vai)
1948 3229 1961 3265 :
1995 3231 2013 3263 ι
2048 3188 2093 3248 C
2127 3208 2232 3264 Sed
2263 3222 2390 3262 ecce
2426 3206 2640 3275 negotia
2688 3202 2982 3275 occupant,
3026 3220 3148 3275 qua:
3177 3205 3334 3260 nobis
3364 3206 3707 3261 incessantur

433 3302 520 3355 cui
546 3301 682 3356 ordo
705 3300 1119 3371 prmdicatorum
1160 3310 1471 3356 sanctorum
1497 3301 1655 3373 digne
1680 3302 1869 3367 servit,
1898 3316 2019 3355 cum

431 3407 532 3462 per
575 3392 801 3447 verbum
851 3393 1128 3461 Evangelii
1181 3401 1369 3462 gentes
1421 3392 1743 3448 Christiana:
1787 3392 2021 3449 associat

432 3484 578 3538 ﬁdei.
623 3480 829 3554 (Greg.)
852 3483 987 3551 Quia
1018 3499 1147 3539 vero
1194 3486 1382 3539 eadem
1407 3484 1649 3539 charitas
1688 3484 1743 3537 in
1766 3483 2019 3539 cordibus

432 3576 732 3631 electorum
757 3585 1017 3645 perpetuo
1050 3585 1105 3631 et
1128 3575 1577 3647 inexstinguibilis
1597 3582 1799 3639 manet,
1822 3581 1944 3644 apte
1966 3575 2020 3628 in

436 3668 677 3725 chitico
708 3666 951 3722 dicitur:
1015 3684 1035 3718 ι
1079 3666 1224 3738 ignis
1276 3677 1362 3721 cst
1400 3667 1503 3721 iste
1553 3674 1865 3735 perpetuus,
1928 3666 2019 3734 qui

432 3775 711 3829 nunquam
742 3744 959 3815 deﬁciet
1009 3759 1077 3814 de
1120 3758 1277 3813 altari
1331 3756 1515 3828 (Lerit.
1543 3755 1641 3825 vi).
1682 3775 1700 3808 ι
1736 3754 2020 3825 Nunquam

435 3852 678 3923 profecto
716 3852 783 3907 de
805 3851 962 3905 altari
1002 3850 1142 3920 ignis
1190 3850 1291 3904 iste
1316 3848 1516 3911 deﬁcit,
1549 3847 1675 3916 quia
1701 3846 1867 3902 etiam
1901 3853 2023 3916 post

438 3946 581 3997 hanc
632 3942 797 3995 vitam
845 3942 901 3995 in
941 3956 1129 3995 eorum
1180 3939 1450 3994 mentibus
1507 3938 1689 3992 fervor
1738 3936 2021 3992 charitatis

435 4031 655 4087 crescit.
693 4030 921 4086 Aiterna
976 4032 1173 4100 quippe
1234 4028 1693 4098 contemplatione
1741 4027 1918 4095 agitur
1963 4034 2021 4079 ut

435 4121 775 4190 omnipotens
796 4121 957 4183 Deus,
988 4136 1095 4188 quo
1119 4121 1293 4190 magis
1313 4120 1461 4175 visus
1488 4118 1672 4183 fuerit,
1702 4134 1765 4174 eo
1790 4117 2021 4187 amplius

436 4210 713 4281 diligatur.
767 4209 919 4277 Quod
972 4218 1152 4263 autem
1199 4209 1395 4264 divinis
1463 4209 1920 4264 admonitionibus
1965 4217 2022 4263 et

438 4302 860 4370 praecedentium
903 4301 1164 4370 exemplis
1218 4301 1405 4371 adjuti,
1440 4303 1507 4357 de
1535 4300 1694 4369 hujus
1737 4301 1860 4356 vitae
1888 4316 2017 4371 pro-

438 4393 605 4446 fundo
651 4392 965 4454 liberamur,
1017 4392 1155 4445 bene
1182 4390 1345 4447 etiam
1382 4394 1641 4463 prOpbcta
1698 4392 2017 4464 Jeremiain

438 4490 663 4554 puteum
695 4482 860 4539 misso
891 4482 1159 4551 signatum
1182 4491 1287 4546 est,
1328 4483 1455 4553 quia
1488 4493 1547 4538 ut
1591 4483 1799 4539 levetur
1831 4499 1895 4537 ex
1923 4500 2017 4553 pu-

440 4586 554 4637 teu,
600 4576 755 4630 funes
794 4574 861 4629 ad
903 4587 1024 4630 eum
1071 4576 1137 4626 et
1172 4572 1334 4641 panni
1398 4582 1608 4629 veteres
1656 4575 2016 4642 deponuntur.

442 4665 582 4732 Quid
607 4668 752 4721 enim
781 4666 1021 4729 funibus,
1054 4664 1155 4721 nisi
1183 4674 1453 4736 prmeepta
1478 4666 1749 4720 dominica
1781 4665 2020 4733 ﬁguran-

446 4753 569 4806 tur?
595 4754 725 4821 Quae
756 4754 881 4823 quia
935 4770 1033 4808 nos
1079 4756 1130 4808 in
1167 4754 1306 4808 mala
1347 4755 1660 4823 operatione
1706 4755 1932 4823 positos,
1968 4762 2024 4809 et

446 4844 801 4911 convincunt,
844 4856 900 4900 ct
938 4846 1192 4915 eripiunt,
1222 4848 1398 4915 quasi
1444 4847 1632 4917 ligant,
1678 4858 1732 4902 et
1778 4848 2020 4913 trahunt,

445 4944 744 5002 coarctant,
770 4945 826 4991 et
848 4936 1095 4995 elevant:
1120 4937 1212 4991 sed
1237 4951 1304 4990 nc
1329 4935 1527 5006 ligatus
1549 4937 1632 4991 his
1656 4936 1870 4991 funibus
1898 4938 2024 4991 dum

447 5017 680 5079 trahitur
718 5026 1001 5088 incidatur,
1041 5026 1196 5080 simul
1232 5026 1394 5081 etiam
1426 5027 1587 5096 panni
1631 5036 1841 5081 veteres
1864 5026 2026 5097 depo-

446 5126 648 5169 nuntur
687 5113 851 5183 :quia
881 5130 947 5168 ne
998 5115 1176 5168 divina
1212 5124 1482 5184 praecepta
1521 5130 1618 5170 nos
1648 5123 1907 5179 terreant,
1938 5131 2027 5170 an-

448 5204 724 5272 tiquorum
778 5212 991 5270 patrum
1046 5219 1167 5257 nos.
1196 5206 1439 5275 exempla
1486 5204 1811 5267 confertam,
1852 5212 1909 5257 ut
1956 5219 2025 5258 ex

446 5296 1096 5363 eorumeomparatione
1144 5294 1325 5350 facere
1381 5312 1477 5349 nos
1521 5311 1684 5365 posse
1731 5310 2027 5365 pra-suma-

450 5402 593 5450 mus,
637 5385 878 5454 quodaex
924 5392 1104 5439 nostra
1144 5385 1509 5439 imbecillitate
1548 5385 1920 5439 formidamus.
1968 5383 2024 5438 Si

449 5492 580 5545 ergo
626 5475 791 5530 leVari
838 5476 902 5529 de
928 5476 1030 5530 hoc
1068 5474 1335 5545 profundo
1377 5476 1695 5530 festinamus
1733 5494 1743 5527 :
1775 5476 2026 5544 Ligcmur

451 5564 691 5629 funibus,
721 5564 775 5617 id
824 5571 928 5627 est,
971 5563 1253 5632 pneccptis
1306 5564 1588 5619 dominicis
1642 5565 2025 5631 astringamur,

453 5656 704 5711 intersint
730 5655 892 5708 etiam
924 5654 1085 5723 panni
1106 5663 1339 5718 veteres,
1369 5669 1489 5708 cum
1530 5653 1725 5723 quibus
1753 5663 1809 5705 ut
1840 5653 2030 5707 melius

456 5755 759 5799 teneantur.
790 5744 987 5810 Funes,
1010 5744 1061 5800 id
1084 5753 1187 5808 est,
1217 5745 1632 5812 Dl‘tL'CC'iC‘lllillln
1666 5744 2031 5799 cunfurlcmur

2050 4533 2099 4592 D

2123 3299 2367 3369 apposita
2380 3312 2410 3350 a
2427 3295 2837 3351 considerandis
2851 3288 3273 3363 nobismetipsis,
3292 3294 3495 3349 mentis
3508 3306 3709 3351 nostra:

2122 3384 2339 3442 oculum
2364 3384 2658 3441 declinant.
2706 3383 2763 3437 In
2797 3382 3179 3451 istisnamque
3218 3382 3543 3445 visibilibus,
3584 3397 3708 3451 qua:

2124 3476 2365 3530 intuetur
2379 3488 2475 3529 cor
2496 3482 2763 3539 nostrum,
2785 3480 2936 3526 extra
2952 3487 3010 3527 se
3034 3472 3306 3542 spargitur
3329 3488 3343 3526 :
3368 3481 3423 3525 et
3447 3472 3708 3541 quidquid

2123 3564 2190 3619 de
2216 3578 2276 3619 se
2304 3563 2632 3619 intrinsecus
2672 3570 2862 3634 agatur
2902 3559 3259 3627 obliviscitur,
3309 3560 3440 3616 dum
3496 3563 3706 3617 extrin—

2123 3667 2282 3709 secus
2295 3662 2606 3723 occupatur.
2624 3653 2814 3707 Divina
2829 3660 3010 3706 autcm
3025 3666 3127 3705 vox
3144 3650 3478 3706 terribilibus
3490 3660 3710 3707 senten-

2124 3746 2214 3801 tiis
2238 3746 2352 3801 suis
2386 3745 2542 3814 quasi
2571 3743 2890 3815 quibusdam
2920 3743 3087 3797 clavis
3126 3742 3252 3796 illud
3284 3744 3458 3813 ponit,
3505 3752 3565 3797 ut
3590 3743 3709 3799 evi-

2124 3837 2251 3908 gilet
2276 3854 2290 3889 :
2314 3843 2371 3891 et
2396 3837 2559 3893 homo
2585 3834 2803 3907 occulta,
2829 3849 2990 3903 super
3022 3849 3080 3887 se
3117 3833 3319 3903 judicia
3340 3874 3355 3899 ,
3387 3849 3508 3903 quae
3557 3850 3713 3905 pres-

2123 3943 2217 3984 sus
2277 3935 2520 3997 tempore
2567 3925 2903 3990 dissimulat,
2959 3934 3168 3979 terrore
3217 3924 3411 3980 saltem
3466 3925 3713 3995 pulsatus

2122 4025 2488 4089 expavescat:
2522 4032 2651 4091 cum.
2697 4015 2977 4085 Scriptura
3027 4028 3181 4068 sacra
3232 4022 3443 4069 terrore
3472 4015 3708 4083 quodam

2125 4110 2395 4181 torpentia
2427 4108 2590 4168 corda
2619 4108 2906 4177 transﬁgit,
2934 4121 3002 4160 ne
3030 4107 3082 4159 in
3112 4107 3197 4161 his
3240 4106 3481 4161 intereant
3505 4109 3597 4176 qui
3617 4120 3712 4163 ex-

2124 4201 2295 4256 terius
2314 4208 2516 4254 aeterna
2561 4196 2916 4264 perdiderunt
2953 4212 2966 4250 :
3010 4195 3217 4251 indicat
3262 4197 3394 4265 quid
3440 4198 3709 4251 sententia

2123 4291 2390 4347 occultata
2445 4289 2775 4354 decernitur,
2825 4302 2894 4344 ne
2929 4288 3281 4343 immoderate
3307 4302 3338 4341 a
3371 4288 3547 4343 ‘nobis
3595 4288 3712 4344 lucc

2123 4385 2337 4456 publica
2363 4383 2686 4453 cogitentur.

2200 4494 2219 4527 ι
2253 4474 2320 4527 Et
2337 4472 2484 4527 misit
2514 4486 2607 4525 rex
2637 4470 2912 4536 Sedecias,
2957 4478 3014 4525 et
3055 4469 3175 4524 tulit
3218 4470 3284 4524 ad
3332 4483 3392 4524 se
3420 4466 3713 4524 Jercmiam

2132 4584 2151 4619 ι
2189 4566 2506 4637 prophetam
2538 4567 2605 4621 ad
2634 4566 2831 4620 ostium
2858 4563 3095 4629 tertium,
3122 4565 3265 4636 quod
3286 4562 3432 4619 ‘erat
3462 4565 3515 4618 in
3553 4567 3714 4619 domo

2133 4674 2151 4708 ι
2190 4656 2423 4710 Domini.
2452 4656 2520 4709 Et
2552 4656 2687 4709 dixit
2726 4670 2822 4710 rex
2874 4654 2939 4708 ad
2961 4653 3251 4710 Jercmiam
3286 4673 3299 4708 :
3330 4654 3610 4724 Interrogo
3657 4663 3713 4708 te

2134 4764 2152 4798 ι
2190 4759 2288 4814 ego
2309 4758 2634 4807 sermonem,
2686 4759 2793 4797 non
2828 4743 3130 4798 abscondas
3166 4757 3197 4797 a
3230 4756 3314 4796 me
3358 4741 3562 4811 aliquid
3592 4759 3605 4794 :
3647 4740 3713 4794 Et

2137 4852 2155 4885 ι
2192 4834 2325 4888 dixit
2348 4832 2610 4888 Jeremias
2641 4832 2706 4886 ad
2731 4831 3013 4887 Sedeciam
3044 4850 3057 4886 :
3092 4830 3150 4887 Si
3171 4834 3567 4909 annuntiavero
3591 4831 3707 4893 tibi,

2138 4942 2155 4975 ι
2186 4922 2423 4991 nunquid
2454 4938 2559 4977 non
2616 4921 2910 4976 interﬁcics
2957 4922 3081 4977 me?
3104 4921 3170 4975 Et
3205 4920 3251 4975 si
3296 4921 3583 4975 consilium
3615 4918 3709 4974 tibi

2139 5033 2157 5065 ι
2192 5015 2407 5075 dedero,
2450 5030 2556 5068 non
2587 5030 2671 5067 me
2721 5015 2926 5069 audies.
2974 5013 3184 5067 iuravit
3238 5028 3367 5082 ergo
3412 5029 3505 5068 rex
3543 5011 3709 5067 Sede-

2139 5123 2156 5155 ι
2196 5104 2306 5159 cias
2354 5103 2603 5158 Jcrcmiae
2655 5103 2794 5157 clam
2851 5103 3074 5157 dicens:
3112 5102 3255 5156 Vivit
3286 5100 3568 5165 Dominus,
3617 5100 3706 5169 qui

2141 5216 2159 5249 ‹
2187 5198 2317 5252 fecit
2348 5198 2502 5252 nobis
2546 5196 2781 5251 animam
2828 5195 2992 5261 hanc,
3051 5195 3096 5249 si
3146 5193 3396 5248 occidero
3434 5201 3488 5247 te
3513 5232 3529 5258 ,
3565 5202 3621 5246 ct
3663 5193 3711 5247 si

2139 5308 2159 5341 ς
2200 5290 2469 5346 tradidero
2496 5291 2549 5343 in
2582 5304 2771 5343 manus
2794 5288 3032 5342 virorum
3063 5288 3290 5342 istorum
3337 5285 3430 5355 qui
3465 5292 3709 5355 quaerunt

2139 5402 2157 5432 ι
2192 5382 2427 5435 aliimam
2463 5390 2631 5443 tuam,
2674 5400 2691 5431 ι
2726 5388 2781 5434 et
2805 5378 3031 5448 reliqua.
3054 5377 3323 5447 PrOpheta
3364 5390 3497 5446 ergo
3525 5374 3579 5429 in
3604 5372 3713 5443 spi-

2135 5475 2241 5528 ritu
2278 5488 2584 5541 prmcavcns
2636 5468 2798 5541 super
2827 5486 3006 5542 regem
3033 5480 3088 5525 et
3130 5485 3292 5540 super
3330 5469 3586 5539 populum
3630 5466 3713 5521 fu-

2134 5574 2311 5618 turum
2334 5561 2592 5630 judicium
2620 5562 2855 5626 Domini,
2890 5561 3031 5630 quod
3064 5559 3323 5616 tradenda
3362 5566 3507 5641 esset
3521 5556 3713 5613 civitas

2137 5655 2189 5707 in
2233 5652 2483 5706 manibus
2527 5652 2923 5716 Cbaldmorum,
2971 5650 3255 5705 consilium
3310 5648 3461 5703 dedit
3486 5647 3625 5718 regi,
3652 5655 3713 5701 ut

2140 5751 2329 5811 sponte
2352 5759 2407 5799 se
2436 5743 2672 5799 traderet
2700 5744 2753 5797 in
2785 5759 2946 5798 manu
2992 5741 3135 5813 regis
3177 5739 3501 5809 Babylonis:
3531 5746 3711 5809 quate

3863 105 3905 607 Ι
