3952 6308
191 381 327 443 108!

1084 385 1441 443 EXI’OSl'l‘lD
1481 386 1705 442 SUPER
1742 386 2109 442 JEllEMlAM.
2151 420 2220 427 --—
2259 388 2383 443 LIB.
2426 388 2557 444 XIII.

3312 390 3453 447 l03‘2

189 512 297 553 nus
343 496 522 567 aliquo
584 498 740 550 modo
799 497 1068 566 mitigaret
1123 498 1468 551 furibundum
1528 499 1766 550 :mimum
1799 509 1844 564 Α
1880 520 1895 549 ε
1928 500 2041 554 clas
2091 516 2185 553 rex
2233 500 2674 565 Juda,etomncs
2709 500 2807 554 viri
2863 500 3169 567 bellatores,
3203 501 3448 572 fugerunt

188 588 331 657 ejus,
358 595 413 640 et
436 585 692 640 leviorem
730 587 797 639 ab
841 602 906 641 eo
946 588 1241 656 susciperet
1286 588 1613 655 captivitatis
1651 602 1768 639 sen-

191 676 439 730 tentiam.
468 674 573 730 Sed
606 675 1029 729 mens'indurata
1059 676 1254 745 corrigi
1300 691 1404 729 non
1437 679 1608 745 potuit
1637 676 1764 730 boni

190 763 406 819 consilii
452 764 831 835 providentia:
876 765 1017 820 sicut
1062 775 1116 818 et
1173 764 1471 819 Pharaonis
1526 765 1766 818 animum

191 860 503 914 induratum
543 875 642 915 nec
668 860 845 915 divina
874 861 1160 929 correptio,
1195 874 1295 913 nec
1325 859 1492 928 Moysi
1523 859 1763 914 admoni-

193 953 271 1005 tio
295 951 361 1005 ad
391 952 765 1021 penitentiam
790 950 1033 1005 mollivit.
1062 950 1137 1005 De
1162 966 1269 1019 quo
1298 950 1426 1004 dicit
1456 950 1763 1020 Scriptura:

198 1056 217 1089 ι
257 1037 569 1093 lnduratum
596 1045 679 1092 est
726 1052 822 1091 cor
845 1037 1145 1092 Pharaonis
1194 1053 1295 1092 nec
1346 1038 1551 1091 audivit
1582 1052 1767 1093 vocem

191 1128 411 1184 Domini
473 1126 679 1199 (Exod.
754 1129 957 1199 vn)“
1021 1128 1371 1198 quoadusque
1442 1141 1769 1196 persequens

191 1218 471 1275 lsraelitas
493 1220 547 1275 in
578 1218 825 1275 ﬂuctibus
848 1219 1014 1275 maris
1040 1219 1207 1275 Rubri
1260 1235 1383 1275 cum
1405 1220 1769 1274 exercitu'suo

192 1310 508 1366 submersus
532 1318 635 1365 est.

269 1423 289 1456 ι
334 1404 630 1473 Respondit
682 1414 860 1458 autem
900 1402 1163 1459 Jcremias
1200 1420 1213 1453 τ
1258 1400 1375 1457 Non
1435 1411 1486 1457 te
1533 1402 1766 1457 tradent.

197 1510 218 1543 ι
240 1493 383 1547 Audi
410 1507 615 1555 vocem,
636 1506 835 1559 quzeso,
854 1492 1084 1551 Domini.
1101 1508 1264 1561 quam
1287 1506 1386 1562 ego
1404 1491 1596 1560 loquor
1607 1491 1672 1544 ad
1696 1499 1766 1556 te,

196 1602 217 1631 ι
254 1592 309 1637 et
325 1583 463 1636 bene
484 1580 580 1635 tibi
597 1582 719 1645 erit,
738 1590 791 1634 et
812 1582 954 1636 vivet
972 1581 1152 1635 anima
1179 1590 1286 1634 tua.
1306 1580 1459 1647 Quod
1474 1581 1519 1635 si
1536 1580 1767 1634 nolueris

198 1690 218 1723 ι
263 1672 447 1743 egredi
472 1689 485 1724 :
521 1672 622 1726 iste
650 1680 730 1725 est
751 1686 949 1737 sermo,
982 1686 1141 1741 quem
1166 1671 1402 1726 ostendit
1432 1670 1561 1725 mihi
1591 1670 1771 1724 Domi—

198 1782 221 1817 ι
254 1780 377 1819 nus.
428 1763 566 1819 Ecce
605 1778 793 1818 omnes
832 1764 1107 1827 mulieres,
1141 1778 1264 1832 qua:
1308 1768 1682 1817 remanserunt
1714 1761 1767 1814 in

1876 608 1893 640 ι
1925 598 1977 643 et
2001 592 2207 660 egressi
2244 600 2367 644 sunt
2388 600 2541 646 nocte
2564 592 2629 646 dc
2652 592 2867 647 civitate
2888 606 2986 661 per
3012 594 3153 646 viam
3188 592 3327 646 horti
3369 609 3449 648 re-

1876 700 1892 731 ι
1924 682 2007 751 gis
2046 691 2100 735 et
2153 696 2250 751 per
2278 691 2513 751 portam,
2538 698 2655 751 qua:
2695 690 2811 738 erat
2850 683 2994 738 inter
3038 684 3171 738 duos
3227 697 3449 739 muros:

1876 790 1893 821 ι
1923 782 1975 824 et
2002 774 2206 841 egressi
2229 780 2356 826 sunt
2380 772 2448 826 ad
2473 771 2618 824 viam
2638 772 2854 827 deserti.
2878 771 3204 829 Persecutus
3230 783 3313 829 est
3354 790 3454 829 au-

1877 882 1894 914 ‹
1928 872 2031 917 tem
2055 878 2146 918 eos
2177 864 2448 919 exercitus
2490 863 2865 918 Chaldaeorum
2900 883 2913 919 :
2942 874 2996 920 et
3022 868 3451 936 comprehende-

1876 971 1894 1002 ι
1930 962 2054 1006 runt
2094 953 2374 1009 Sedeciam
2397 955 2450 1008 in
2492 969 2684 1024 campo
2709 954 3013 1011 solitudinis
3044 957 3450 1024 Jeriehontinze,

1877 1058 1894 1089 ι
1923 1048 1977 1093 et
2017 1049 2230 1108 captum
2268 1042 2607 1097 adduxerunt
2650 1042 2715 1095 ad
2740 1040 3235 1117 Nabuchodonosor
3264 1060 3449 1117 regem

1877 1151 1894 1182 ι
1924 1131 2210 1202 Babylonis
2235 1133 2287 1186 in
2308 1119 2553 1196 Reblata,
2594 1148 2711 1202 quae
2735 1116 2818 1188 est
2856 1135 2910 1188 in
2953 1144 3095 1189 terra
3140 1116 3352 1201 Emath,
3395 1142 3452 1191 et

1877 1241 1895 1273 ι
1924 1222 2132 1276 locutus
2157 1230 2239 1275 est
2258 1222 2323 1277 ad
2347 1239 2468 1276 cum
2486 1222 2707 1290 judicia.
2738 1222 2803 1277 Et
2824 1224 3022 1279 occidit
3043 1239 3137 1279 rex
3160 1224 3448 1293 Babylonis

1876 1331 1893 1363 ‹
1930 1311 2067 1366 lilios
2107 1311 2344 1366 Sedeciae
2386 1313 2436 1365 in
2472 1310 2695 1366 Reblata
2735 1314 2789 1367 in
2833 1314 3006 1369 oculis
3026 1313 3163 1381 ejus,
3191 1320 3246 1368 et
3265 1327 3454 1367 omnes

1877 1422 1894 1454 ι
1912 1402 2130 1459 nobiles
2152 1400 2287 1456 Juda
2312 1402 2510 1456 occidit
2533 1418 2625 1457 rex
2651 1404 2954 1473 Babylonis.
3002 1404 3203 1461 Oculos
3236 1418 3453 1474 quoque

1876 1510 1894 1541 ι
1929 1491 2167 1545 Sedeciae
2207 1490 2371 1553 eruit,
2404 1498 2457 1543 et
2480 1491 2650 1544 vinxit
2672 1505 2793 1545 eum
2817 1494 3186 1561 compedibus,
3207 1500 3268 1546 ut
3292 1492 3456 1547 duce-

1876 1600 1894 1633 ι
1922 1590 2071 1634 retur
2112 1580 2165 1633 in
2204 1579 2549 1650 Babylonem.
2592 1580 2818 1635 Domum
2854 1596 3065 1650 quoque
3099 1582 3243 1652 regis
3275 1590 3330 1636 et
3353 1580 3454 1635 do—

1878 1692 1896 1723 ‹
1928 1688 2072 1726 mum
2097 1671 2238 1741 vulgi
2270 1672 2668 1726 succenderunt
2711 1670 2945 1729 Clialdzei
2980 1672 3118 1740 igne,
3154 1679 3211 1726 et
3236 1666 3454 1725 inurunt

1873 1762 2169 1819 Jerusalem
2196 1764 2599 1829 subverterunt,
2630 1782 2650 1814 ι
2690 1770 2796 1819 etc.
2823 1761 3115 1833 (MAURUS.)
3141 1763 3217 1817 Le
3240 1764 3341 1818 hac
3364 1778 3457 1816 va-

197 1871 220 1905 ι
266 1854 427 1909 domo
450 1853 590 1924 regis
614 1853 771 1917 Juda,
794 1852 1090 1907 educentur
1119 1852 1187 1906 ad
1211 1852 1482 1922 principes
1505 1853 1648 1921 regis
1674 1850 1768 1903 Ba-
1802 1860 1848 1917 Β
1878 1858 2109 1908 statione
2129 1853 2690 1922 urbis,eteaptivitate
2712 1853 2893 1924 populi
2914 1853 3128 1923 plenius
3151 1853 3205 1907 in
3228 1867 3457 1922 sequen—

196 1965 218 1995 ι
244 1944 478 2015 bylonis,
502 1953 558 1999 et
576 1944 704 2013 ips-ae
723 1944 902 1998 dicent
927 1962 941 1998 :
965 1944 1321 1999 Seduxerunt'
1337 1952 1389 1998 te
1414 1951 1467 1998 et
1482 1942 1776 2013 prmvalue—

196 2056 217 2087 ι
249 2045 377 2091 runt
422 2037 710 2091 adversum
754 2044 805 2091 te
834 2036 933 2090 viri
956 2036 1165 2106 paciﬁci
1205 2037 1695 2101 tui,‘demerserunt
1720 2035 1774 2088 in

196 2147 217 2179 ι
255 2141 418 2183 coeno
440 2136 496 2183 et
521 2125 729 2183 lubrico
753 2128 916 2197 pedes
940 2136 1075 2187 tuos,
1106 2136 1161 2181 et
1180 2132 1525 2183 recesserunt
1546 2142 1574 2179 a
1600 2135 1671 2179 te.
1709 2125 1775 2178 Et

197 2237 217 2268 ι
252 2232 447 2273 omnes
474 2232 671 2272 uxores
705 2226 825 2279 tum,
850 2226 904 2272 et
934 2216 1027 2271 ﬁlii
1076 2218 1150 2271 tui
1198 2217 1492 2272 educentur
1514 2217 1583 2271 ad
1609 2215 1772 2271 Chal-

197 2325 219 2358 ι
258 2308 423 2373 (ianos,
459 2317 513 2363 et
542 2322 647 2363 non
678 2307 899 2380 effugies
922 2324 1112 2370 manus
1141 2324 1329 2363 eorum
1356 2326 1368 2362 :
1400 2308 1492 2363 sed
1526 2308 1579 2361 in
1608 2322 1770 2377 manu

197 2415 219 2448 ι
255 2397 402 2467 regis
424 2397 710 2468 Babylonis
740 2399 992 2469 capieris,
1022 2406 1076 2451 et
1099 2398 1371 2456 civitatem
1393 2400 1531 2453 hanc
1554 2399 1770 2452 combu—

196 2507 219 2541 ι
244 2487 474 2559 retigni,
497 2508 516 2541 ι
544 2497 598 2543 et
619 2488 845 2558 reliqua.
861 2487 999 2557 Quid
1014 2488 1277 2556 est,quod
1301 2485 1563 2542 Jeremias
1584 2487 1650 2540 ad
1677 2485 1773 2540 Se-

195 2578 410 2634 dcciam
450 2594 699 2635 sermone
759 2577 974 2635 Domini
1016 2578 1343 2648 increpando
1371 2577 1504 2632 dicit
1522 2594 1547 2630 σε
1589 2595 1606 2628 α
1634 2575 1773 2630 Ecce

189 2685 388 2727 omnes
433 2670 706 2735 mulieres,
753 2685 872 2740 qua:
918 2676 1291 2723 remanserunt
1341 2667 1395 2722 in
1428 2667 1587 2722 domo
1630 2666 1772 2736 regis

189 2759 361 2825 Juda,
391 2761 686 2816 educentur
709 2760 775 2814 ad
793 2760 1062 2830 principes
1085 2760 1229 2830 regis
1250 2758 1623 2829 Babylonis.et
1644 2758 1772 2827 ipsa:

191 2852 382 2906 dicent
415 2869 426 2903 :
457 2850 796 2905 Seluxerunt
824 2860 895 2913 te,
922 2860 975 2904 et
1000 2848 1396 2918 prmvaluerunt
1416 2847 1700 2901 adversum
1721 2852 1772 2899 te

193 2942 303 2995 viri
332 2942 537 3012 paciﬁci
568 2942 663 3006 tui,
694 2942 1061 2998 demerserunt
1091 2940 1143 2993 in
1170 2953 1326 2994 coeno
1356 2947 1411 2993 et
1434 2938 1640 2992 lubrico
1680 2950 1771 3006 pe-

195 3035 297 3089 des
324 3044 461 3097 tuos,
494 3042 549 3089 et
574 3041 914 3088 recesserunt
940 3047 970 3085 a
999 3040 1050 3088 te
1098 3051 1118 3085 ι
1157 3032 1258 3085 nisi
1295 3038 1356 3085 ut
1383 3030 1630 3085 ostendat
1677 3045 1774 3084 no-

194 3123 286 3179 bis
310 3123 451 3192 quod
484 3122 624 3176 ﬂuxa
652 3122 905 3193 cogitatio
927 3162 942 3186 ,
969 3130 1025 3177 et
1061 3122 1362 3192 voluptuosi
1398 3120 1771 3176 consiliatores

1877 1942 2020 1997 tibus
2040 1943 2181 1996 idem
2227 1943 2485 2012 propheta
2527 1950 2709 1995 narrat
2740 1960 2752 1996 :
2779 1942 2921 1997 unde
2954 1941 3301 2012 allegoricam
3340 1939 3458 2017 ejus

1875 2036 2271 2105 expositionem
2320 2035 2388 2088 ad
2429 2033 2676 2087 eumdem
2700 2033 2878 2087 locum
2900 2032 3201 2089 distulimus
3230 2049 3245 2086 :
3275 2032 3458 2101 ibique

1874 2128 1919 2182 si
1952 2127 2212 2182 Dominus
2235 2126 2443 2181 dederit
2468 2126 2597 2179 stilo
2630 2124 2933 2179 disserturi.
2976 2123 3083 2179 Sed
3126 2132 3305 2177 tamen
3351 2138 3455 2177 no-

1875 2219 2096 2273 tandum
2119 2217 2259 2288 quod
2282 2216 2449 2271 Isaias
2470 2215 2733 2285 prepheta
2758 2215 2821 2271 de
2846 2215 2945 2270 hac
2961 2215 3213 2269 vastitate
3237 2215 3291 2268 in
3314 2212 3456 2269 libro

1872 2324 1969 2363 suo
1991 2308 2141 2377 paria
2165 2305 2412 2361 Jeremiae
2436 2305 2730 2359 narrationi
2757 2304 2998 2373 protulit,
3024 2304 3212 2359 dicens
3236 2320 3250 2357 :
3281 2322 3301 2354 ι
3342 2301 3455 2357 Re—

1871 2402 2045 2457 cedite
2068 2417 2097 2455 a
2126 2415 2231 2466 me,
2258 2414 2443 2453 amare
2464 2397 2615 2461 ﬁebo,
2643 2397 2806 2451 nolite
2829 2398 3159 2462 incumbere,
3183 2404 3243 2450 ut
3261 2398 3457 2451 consoé

1871 2491 2327 2559 leminimesuper
2344 2489 2651 2545 vastitatem
2668 2488 2789 2543 ﬁlim
2802 2487 2981 2558 populi
2997 2487 3103 2543 mei
3134 2505 3147 2541 :
3180 2488 3294 2543 dies
3309 2489 3455 2541 enin

1871 2583 2263 2640 interfectionis
2306 2590 2363 2638 et
2399 2580 2841 2647 conculcationis,
2872 2588 2928 2635 et
2960 2578 3183 2635 ﬂetuum
3230 2570 3460 2632 Domino

1870 2676 1983 2731 Deo
2004 2675 2339 2731 exercituum
2367 2672 2422 2727 in
2448 2671 2585 2725 valle
2609 2660 2848 2736 visionis,
2875 2678 3122 2725 scrutans
3140 2682 3378 2730 murum,
3402 2672 3458 2720 et

1873 2766 2364 2837 magniﬁcus'super
2377 2772 2632 2820 montem.
2649 2760 2715 2814 Et
2729 2760 2865 2816 clam
2879 2758 3109 2837 sumpsit
3121 2758 3454 2827 pharetram,

1857 2828 2088 2911 'cursum
2105 2836 2343 2909 hominis
2368 2852 2584 2920 equitis,
2608 2858 2662 2905 et
2684 2850 2945 2919 parietem
2960 2828 3184 2900 nudavit
3210 2845 3452 2914 clypeus.

1877 2947 1941 2999 Et
1966 2952 2121 3000 erunt
2159 2944 2344 2998 electae
2380 2941 2549 2996 valles
2581 2950 2687 2996 tua:
2721 2940 3127 3010 quadrigarum,
3159 2926 3215 2990 et
3246 2934 3459 3004 equites

1875 3044 2080 3105 ponunt
2092 3034 2245 3090 sedes
2260 3049 2389 3089 suas
2402 3034 2455 3088 in
2473 3041 2708 3102 porta,et
2721 3029 3049 3085 revelabitur
3062 3025 3457 3097 operimentum

1876 3122 2065 3178 Judae:
2108 3133 2163 3177 et
2189 3124 2394 3178 videbis
2418 3122 2472 3177 in
2500 3122 2587 3175 illa
2612 3121 2696 3175 die
2732 3117 3213 3173 armamentarium
3263 3115 3456 3169 domus

196 3218 255 3271 in
310 3215 515 3271 lubrico
544 3215 842 3269 carnalium
890 3214 1301 3280 desideriorum,
1333 3222 1388 3268 et
1414 3228 1571 3268 emno
1614 3214 1772 3267 vitio-
1802 3201 1845 3261 C
1880 3213 2137 3281 saltus‘et
2174 3213 2442 3267 scissuras
2496 3210 2731 3265 civitatis
2785 3208 2952 3263 David
3009 3206 3282 3271 videbitis,
3328 3205 3457 3273 quia

194 3321 323 3361 rum
352 3320 597 3376 gressum
622 3320 845 3374 operum
872 3312 1182 3359 nostrorum
1214 3305 1553 3374 demergunt,
1578 3314 1773 3357 etcum

195 3398 466 3451 dimersos
506 3397 739 3451 viderint
791 3412 823 3451 a
870 3395 1024 3450 nobis
1054 3396 1309 3451 recedunt
1346 3410 1361 3448 :
1396 3396 1521 3465 quia
1552 3395 1778 3465 perditis

195 3485 408 3540 nullum
434 3486 563 3541 utile
582 3488 869 3543 consilium
899 3489 1154 3558 deinceps
1184 3490 1311 3562 dare
1338 3498 1580 3553 possunt,
1600 3490 1690 3558 qui
1708 3490 1777 3543 ad

198 3580 308 3633 hoc
334 3580 665 3636 solummodo
695 3582 929 3635 studium
960 3581 1359 3652 impendebant,
1390 3591 1447 3636 ut
1492 3582 1545 3637 in
1570 3582 1775 3653 peccati

197 3672 515 3740 voraginem
546 3671 645 3726 sibi
677 3672 1075 3727 consentientes
1112 3673 1511 3742 prmcipitarent
1546 3689 1559 3726 :
1592 3674 1777 3741 sicque

198 3764 248 3816 si
280 3777 377 3815 nos
406 3763 630 3817 consilio
659 3762 961 3818 divinarum
1008 3763 1409 3833 Scripturarum
1457 3780 1488 3819 a
1540 3765 1776 3845 peccatis

201 3852 407 3906 nostris
447 3852 739 3921 corrigere,
775 3861 830 3908 et
874 3854 1082 3907 animas
1125 3862 1341 3907 nostras
1388 3870 1418 3907 a
1480 3854 1778 3921 perditione

199 3944 388 3997 futura
412 3957 512 4011 per
534 3943 903 4011 ptenitentiam
930 3943 1159 3998 liberare
1200 3943 1467 4007 nolumus,
1492 3959 1613 3998 cum
1643 3958 1778 3996 uxo-

202 4033 381 4098 ribus,
404 4033 506 4088 hoc
530 4042 631 4095 est,
658 4033 1107 4102 concupiscentiis
1130 4033 1438 4087 carnalibus
1465 4040 1515 4086 et
1552 4032 1692 4096 ﬁliis,
1726 4031 1779 4085 id

200 4132 312 4187 est,
336 4122 539 4191 pravis
560 4122 767 4176 actibus
816 4123 882 4177 ad
910 4122 1208 4185 Chaldmos,
1240 4122 1331 4191 qui
1356 4123 1779 4189 interpretantur

202 4215 481 4269 daemones
509 4213 822 4277 educemur,
845 4220 901 4268 et
946 4214 997 4266 in
1048 4229 1210 4267 manu
1269 4214 1410 4283 regis
1450 4212 1779 4273 confusionis

200 4312 426 4356 :clernze
441 4292 604 4358 vincti
634 4304 906 4358 trademur
938 4304 1066 4372 :qui
1088 4304 1360 4357 civitatem
1393 4310 1651 4367 nostram,
1677 4304 1779 4357 hoc

200 4403 312 4456 est,
363 4409 581 4447 carnem
635 4394 795 4448 simul
840 4402 896 4449 et
942 4394 1173 4448 animam
1223 4394 1345 4465 igne
1379 4394 1661 4447 comburet
1696 4394 1777 4447 in-

202 4483 593 4553 (tastinguibili.

741 4594 977 4661 CAPUT.
1002 4595 1243 4651 XXXIX.

205 4682 374 4753 Fugit
418 4683 664 4754 S‘edecias
693 4697 842 4754 capta
867 4688 1088 4750 eivitate,
1123 4686 1517 4754 comprehensus
1552 4701 1779 4738 exca’ca-

276 4764 390 4811 tur.
432 4752 688 4807 Ieremia;
741 4752 973 4809 Godolia:
1008 4772 1123 4809 cum
1169 4752 1375 4809 ciuitate
1419 4756 1776 4821 committitur,

282 4822 621 4876 Abdemelech
654 4823 925 4876 liberatur.

286 4932 305 4961 ι
342 4912 406 4963 Et
432 4912 631 4965 factum
655 4919 757 4975 est,
781 4920 840 4964 ut
865 4920 1143 4980 caperetur
1164 4911 1458 4967 Jerusalem
1476 4927 1616 4965 anno
1638 4927 1779 4967 nono

213 5020 235 5052 ι
276 4998 516 5054 Sedecize
546 5002 685 5069 regis
715 4998 873 5063 Juda,
919 5015 1101 5054 mense
1141 5002 1368 5065 decimo,
1422 5002 1567 5053 venit
1606 5000 1781 5055 Nabu-

215 5109 236 5141 σ
278 5090 622 5144 ehodonosor
650 5104 740 5143 rex
762 5090 1071 5160 Babylonis,
1099 5100 1151 5145 et
1180 5092 1356 5145 omnis
1376 5092 1644 5146 exercitus
1668 5091 1783 5160 ejus

215 5200 235 5231 ι
273 5178 341 5231 ad
356 5176 673 5241 Jerusalem,
703 5186 758 5232 et
786 5178 1064 5233 obsidebat
1090 5195 1208 5234 eam
1239 5199 1250 5233 :
1284 5179 1575 5236 Undecimo
1602 5192 1781 5237 autem

214 5291 235 5321 ε
275 5283 421 5322 anno
470 5266 740 5332 Sedeciac,
775 5283 957 5322 mense
1011 5278 1222 5337 quarto,
1258 5272 1442 5339 quinta
1466 5271 1549 5325 die
1582 5274 1784 5327 mensis

215 5375 236 5407 ι
269 5363 458 5425 aperta
479 5365 561 5409 est
586 5356 799 5420 civitas,
833 5364 887 5409 et
909 5356 1135 5424 ingressi
1162 5368 1284 5412 sunt
1306 5374 1489 5414 omnes
1511 5361 1781 5429 principes

215 5466 237 5497 ι
272 5446 417 5512 regis
438 5445 750 5516 Babylonis,
774 5455 828 5502 et
864 5448 1113 5501 sederunt
1140 5449 1191 5500 in
1218 5457 1368 5518 porta
1392 5450 1587 5514 media,
1616 5450 1782 5506 Nere-

216 5555 239 5590 ε
269 5534 375 5607 gel,
403 5536 641 5596 Sercscr.
672 5536 1122 5607 Semergarnabu,
1148 5536 1476 5602 Sarsacbim,
1504 5540 1783 5609 Rabsares,

218 5648 239 5680 ι
262 5627 525 5701 _l.\'eregel,
550 5625 793 5691 Serescr,
818 5627 1076 5697 llebtnag,
1108 5637 1161 5681 et
1184 5645 1371 5683 omnes
1420 5630 1607 5699 reliqui
1650 5634 1784 5701 prin.

222 5736 241 5769 ι
276 5717 425 5785 cipcs
447 5715 588 5784 regis
619 5714 917 5783 Babylonis.
950 5717 1187 5784 Cumque
1222 5718 1325 5772 vidi
1360 5728 1435 5771 sct
1487 5732 1577 5773 eos
1625 5720 1784 5777 Selic-

1882 3302 2247 3372 multiplieatce
2277 3310 2420 3356 sunt.
2446 3302 2511 3355 Et
2540 3298 2905 3371 congregastis
2927 3312 3094 3366 aquas
3117 3296 3335 3367 piscinae
3368 3296 3455 3348 in-

1880 3392 2093 3446 ferioris
2114 3398 2169 3445 et
2194 3391 2381 3445 domos
2400 3390 2696 3445 Jerusalem
2714 3390 3040 3444 numerastis
3067 3406 3081 3443 :
3107 3396 3162 3444 et
3188 3385 3460 3442 destruxi-

1877 3483 1975 3536 stis
1998 3482 2215 3535 domum
2236 3480 2304 3534 ad
2328 3480 2674 3532 muniendum
2705 3494 2936 3543 murum,
2961 3487 3015 3532 et
3035 3477 3216 3532 lacum
3254 3475 3461 3532 fecistis

1878 3574 2019 3627 inter
2039 3572 2173 3627 duos
2198 3586 2403 3635 muros,
2425 3579 2479 3624 et
2502 3574 2695 3638 aquam
2725 3571 2943 3639 piscinae
2971 3572 3187 3635 veteris,
3237 3577 3293 3625 et
3346 3583 3455 3624 non

1878 3662 2196 3731 suspexistis
2227 3660 2294 3713 ad
2326 3660 2449 3714 eum
2488 3660 2579 3728 qui
2602 3659 2961 3723 lecerqteam,
2987 3668 3040 3713 et
3087 3659 3457 3730 Operationem

1879 3758 1993 3827 ejus
2016 3756 2082 3810 de
2104 3755 2260 3825 longe
2282 3770 2389 3808 non
2414 3754 2645 3809 vidistis.
2688 3753 2754 3807 Et
2774 3752 2984 3807 vocavit
3004 3752 3260 3807 Dominus
3298 3766 3457 3805 exer-

1878 3848 2079 3901 cituum
2101 3845 2154 3899 in
2178 3844 2263 3899 die
2284 3842 2371 3897 illa
2411 3844 2476 3897 ad
2502 3842 2685 3896 ﬁctum
2705 3850 2759 3897 et
2778 3842 3072 3911 plancttim,
3098 3849 3154 3895 et
3175 3841 3453 3895 calvitium

1879 3935 1943 3988 ad
1969 3933 2241 4003 cingulum
2266 3932 2428 3987 sacci.
2454 3931 2519 3985 Et
2544 3945 2669 3985 ecce
2698 3930 2948 3999 gaudium
2973 3937 3029 3984 et
3061 3928 3267 3995 lmtitia,
3304 3931 3454 3985 occi-

1880 4025 2005 4079 dere
2032 4023 2245 4087 vitulos,
2270 4025 2327 4077 ‘et
2352 4022 2565 4085 arietes,
2592 4022 2878 4077 comedere
2916 4036 3132 4085 carnes,
3171 4030 3226 4077 et
3264 4023 3453 4077 bibere

1879 4114 2085 4177 vinum,
2132 4112 2478 4167 comedamus
2521 4120 2577 4166 et
2628 4112 2893 4175 bibamus,
2937 4126 3059 4166 cras
3080 4112 3223 4166 enim
3252 4109 3458 4165 inoric-

1881 4219 2019 4256 mur.
2036 4203 2102 4256 Et
2124 4202 2354 4256 revelata
2369 4210 2453 4256 est
2477 4201 2526 4254 in
2550 4201 2768 4254 auribus
2792 4201 2924 4254 meis
2942 4216 3043 4254 vox
3058 4200 3270 4254 Domini
3291 4216 3452 4254 exer-

1880 4294 2080 4347 cituum
2108 4312 2119 4345 :
2145 4294 2188 4347 si
2218 4275 2503 4346 dimittitur
2532 4292 2645 4345 haec
2675 4291 2929 4360 iniquitas
2958 4289 3112 4345 vobis
3136 4291 3309 4347 donec
3344 4308 3459 4346 mo—

1882 4382 2121 4445 riamini,
2170 4381 2299 4434 dicit
2350 4382 2610 4435 Dominus
2661 4382 2994 4435 exercituum
3039 4382 3174 4453 (lsa.
3218 4383 3376 4449 χχιι).
3433 4403 3451 4435 ι

1884 4469 2153 4541 (ιΙίενοη.)
2185 4469 2463 4524 Manifestc
2493 4471 2858 4539 captivitatem
2886 4471 3169 4533 describit,
3199 4488 3317 4540 qua:
3356 4490 3458 4525 un—

1802 4546 1855 4604 D
1885 4559 2093 4613 decimo
2138 4574 2278 4613 anno
2321 4559 2463 4629 regis
2497 4558 2734 4614 Scdccia:
2764 4558 2903 4612 facta
2928 4569 3039 4625 est;
3072 4560 3138 4613 de
3162 4576 3265 4629 qua
3291 4570 3344 4614 et
3369 4559 3458 4615 Je-

1881 4649 2079 4703 rcmias
2108 4648 2231 4701 alibi
2256 4648 2508 4717 loquitur.
2552 4667 2570 4697 ι
2613 4648 2750 4702 Ecce
2794 4664 2893 4717 ego
2921 4650 3229 4703 convocabo
3273 4665 3460 4706 omnes

1882 4736 2227 4807 cognationes
2277 4752 2562 4806 regnortun
2593 4736 2895 4805 Aquilonis,
2949 4738 3024 4790 ait
3066 4738 3322 4791 Dominus
3364 4746 3459 4793 :et

1883 4829 2118 4889 venient,
2166 4834 2221 4880 et
2268 4835 2431 4895 ponet
2474 4827 2841 4894 unusquisque
2882 4825 3073 4879 solium
3107 4842 3262 4880 suum
3290 4826 3343 4879 in
3374 4828 3458 4880 in-

1887 4920 2050 4975 troitu
2078 4928 2357 4988 portarum
2378 4917 2693 4981 Jerusalem,
2732 4933 2893 4987 super
2917 4934 3106 4971 omnes
3130 4933 3313 4972 muros
3342 4919 3460 4989 ejus

1890 5012 1940 5065 in
1964 5011 2209 5065 circuitu.
2250 5031 2266 5061 ι
2306 5010 2456 5075 Quod
2486 5024 2553 5062 ne
2579 5016 2829 5077 putemus
2864 5024 2994 5063 voce
3037 5008 3373 5077 praedictum,
3404 5017 3459 5061 et

1887 5114 2049 5168 opere
2090 5115 2195 5152 non
2228 5098 2520 5165 expletum,
2555 5098 2697 5151 idem
2738 5096 2999 5151 Jeremias
3044 5098 3161 5150 ait:
3208 5116 3226 5147 ι
3284 5097 3459 5151 Unde-

1889 5190 2026 5243 cimo
2049 5204 2188 5241 anno
2214 5188 2507 5251 Sedcchim,
2526 5204 2707 5241 mense
2722 5198 2933 5255 quarto,
2948 5188 3135 5256 quinta
3152 5188 3237 5242 die
3258 5187 3461 5241 mensis

1888 5288 2069 5347 aperta
2100 5287 2184 5332 est
2225 5279 2437 5342 civitas,
2476 5286 2530 5331 et
2562 5278 2790 5347 ingrcssi
2819 5286 2942 5331 sunt
2981 5293 3166 5347 omnes
3193 5276 3460 5346 principes

1889 5367 2027 5438 regis
2054 5368 2360 5439 babylonis,
2386 5376 2441 5423 et
2470 5370 2733 5424 sederunt
2762 5370 2813 5423 in
2838 5377 2990 5437 porta
3012 5369 3210 5422 media.
3250 5388 3268 5419 ι
3310 5367 3460 5424 Tunc

1887 5473 2012 5527 ergo
2060 5460 2113 5512 in
2161 5460 2384 5513 circuitu
2438 5459 2673 5512 civitatis
2708 5458 3003 5513 Jerusalem
3053 5458 3461 5512 innumerabilis

1894 5546 2044 5601 fusus
2068 5558 2149 5601 cst
2177 5549 2463 5613 exercitus,
2492 5557 2757 5617 et'apcrta
2788 5557 2913 5601 sunt
2938 5556 3122 5601 sancta
3154 5556 3462 5601 sanctorum

1890 5638 2463 5703 etarmamentarium,
2494 5640 2633 5707 quod
2664 5655 2881 5693 nemore
2901 5640 3163 5693 consitum
3193 5646 3333 5702 erat,
3362 5639 3461 5692 bo—

1890 5726 1996 5780 stili
2028 5728 2365 5796 piqmlatiene
2392 5739 2705 5782 reseratum.
2739 5737 2784 5783 cl
2816 5747 2906 5797 per
2942 5739 3160 5785 cunctas
3183 5728 3463 5797 urbispar-
