3952 6320
476 352 613 411 1083

1140 357 1202 411 Β.
1250 357 1502 413 RABA'NI
1542 359 1763 415 MAURI
1800 356 2118 413 ARCHIEI’.
2161 353 2468 410 MOGUN’I‘.
2509 352 2794 410 OPERUM
2831 354 3010 409 PARS
3046 353 3133 409 Ill.

3606 353 3749 410 1086

475 475 555 522 tes
584 465 772 522 divisis
794 468 967 522 muris
992 468 1165 524 hostis
1200 466 1478 539 ingressus
1522 477 1650 542 εει..
1675 470 1831 537 Quod
1880 479 2060 523 autem
2092 471 2136 529 A
2172 486 2189 517 ι
2224 468 2389 536 phan,
2423 477 2482 520 ut
2505 467 2730 522 intraret
2755 467 2973 521 domum
3001 476 3056 522 et
3084 468 3356 523 habitaret
3386 469 3442 522 in
3472 468 3689 539 populo.
3722 489 3742 523 ι

472 558 639 615 dicit:
677 579 695 611 ‹
730 559 796 614 Et
824 560 1195 633 congregastis
1222 576 1392 630 aquas
1419 562 1642 631 piscium
1681 562 1978 628 inferioris,
2004 571 2061 619 et

473 650 662 706 domos
689 648 988 707 Ierusalem
1012 652 1361 717 numerastis,
1389 662 1445 707 et
1466 653 1812 709 destruxistis
1840 652 2057 707 domum

474 742 543 796 ad
564 742 914 799 muniendum
943 756 1179 809 murum,
1214 750 1269 798 et
1312 742 1488 798 lacum
1533 743 1736 799 fecistis
1758 745 1903 807 inter
1927 745 2062 799 duos

475 845 682 894 muros,
711 838 765 885 et
790 846 983 899 aquam
1014 829 1235 900 piscina:
1257 832 1481 897 veteris,
1504 842 1559 887 et
1600 849 1706 888 non
1742 834 2063 903 suspexistis

477 922 545 975 ad
574 935 720 985 eum,
772 920 864 990 qui
916 918 1121 976 fecerat
1161 937 1304 988 eam,
1369 930 1424 977 et
1471 931 1810 992 operatorem
1849 922 1967 992 ejus
1998 924 2064 979 de

474 1001 766 1082 longe’non
788 1010 1018 1066 vidistis.
1054 1031 1073 1063 ι
1102 1010 1298 1067 Narrat
1320 1013 1587 1083 quomodo
1608 1014 1947 1069 obsidionem
1968 1031 2065 1086 pa-

472 1100 715 1155 raverint
750 1114 879 1172 erga
904 1101 1202 1167 civitatem,
1225 1109 1281 1155 et
1311 1116 1479 1171 aquas
1518 1100 1792 1158 inferioris
1822 1104 2063 1174 piscinae,

475 1210 597 1265 qua:
617 1195 736 1265 capi
759 1202 1009 1264 poterant
1034 1195 1098 1249 ad
1137 1194 1469 1263 superiorem
1497 1196 1852 1251 munitionem
1888 1212 2060 1265 aquae.

478 1285 857 1340 transtulerint
880 1284 1279 1354 destructisque
1312 1284 1562 1361 domibus
1610 1300 1795 1340 muros
1830 1286 2065 1341 aedifica-

476 1370 879 1445 verint,'et'per
915 1373 1154 1445 singulas
1188 1375 1526 1445 cognationis
1569 1377 1761 1431 domus
1801 1384 2063 1445 quantum

479 1465 742 1520 haberent
782 1466 1110 1537 acceperint,
1144 1467 1425 1535 denuoque
1448 1468 1740 1522 cisternam
1768 1468 1910 1525 inter
1930 1469 2068 1525 duos

479 1573 666 1613 muros
702 1566 759 1613 et
795 1559 1057 1629 piscinam
1092 1569 1333 1614 veterem
1374 1560 1725 1614 instaurarint
1748 1561 1816 1614 ad
1844 1576 2065 1617 servan-

480 1650 576 1704 das
597 1665 802 1719 aquas,
840 1658 896 1705 et
931 1664 1038 1707 non
1076 1649 1248 1721 magis
1286 1649 1379 1705 Dei
1429 1650 1744 1704 invocarent
1780 1651 2061 1717 auxilium,

478 1741 569 1809 qui
606 1726 866 1796 conditor
909 1749 991 1796 est
1038 1741 1188 1795 urbis
1223 1739 1549 1809 pisciumque
1580 1740 1836 1797 Dominus
1865 1760 1877 1794 :
1907 1741 2064 1812 quasi

2162 556 2347 612 Justus
2372 566 2456 613 est
2478 558 2736 613 Dominus
2757 566 2811 612 et
2837 566 3042 612 rectum
3059 557 3321 627 judicium
3344 560 3483 629 ejus,
3509 560 3601 630 qui
3628 560 3749 615 red-

2162 648 2238 703 dit
2282 647 2506 718 singulis
2550 648 2844 702 secundum
2867 662 3030 717 opera
3076 661 3288 702 eorum.
3322 648 3569 718 Denique
3611 650 3751 704 sicut

2162 753 2260 807 per
2289 738 2566 793 ministros
2594 737 2786 807 ﬂagelli
2818 736 3064 807 superbis
3090 746 3144 791 ct
3165 739 3630 809 contemptoribus
3660 739 3747 794 di-

2163 846 2299 898 gnas
2340 831 2545 901 irrogat
2570 844 2778 901 pinnas,
2814 830 2893 884 sic
2914 830 3213 885 mansuetis
3270 839 3326 885 et
3368 831 3748 886 obedientibus

2164 936 2262 990 per
2287 920 2504 975 eosdem
2546 918 2906 973 miserationis
2950 925 3004 974 et
3042 919 3214 974 solatii
3247 919 3459 975 debitas
3487 920 3753 990 impendit

2163 1023 2342 1063 curas.
2376 1008 2530 1076 Quod
2558 1017 2612 1063 et
2635 1024 2779 1062 nunc
2806 1007 3133 1077 patefactum
3164 1016 3248 1063 est
3285 1010 3336 1063 in
3372 1008 3599 1064 Sedecia
3622 1022 3747 1077 rege

2164 1105 2219 1152 et
2246 1096 2481 1155 Ieremia
2501 1096 2786 1166 propheta,
2812 1111 2909 1166 per
2933 1094 3432 1152 Nabuchodonosor
3457 1098 3603 1167 regis
3630 1111 3751 1151 sen-

2165 1189 2410 1243 tentiam.
2444 1185 2553 1241 Nec
2589 1187 2807 1253 mirum,
2838 1187 2980 1255 quod
3008 1203 3077 1242 ex
3108 1188 3301 1242 iisdem
3328 1188 3640 1242 hominibus
3664 1187 3750 1241 di-

2164 1294 2321 1333 versa
2344 1277 2571 1348 singulis
2611 1277 2847 1346 disponit
2888 1278 3133 1347 praemia,
3165 1279 3255 1347 qui
3286 1294 3354 1332 ex
3400 1278 3593 1334 iisdem
3639 1278 3751 1333 ele-

2168 1370 2363 1425 mentis
2387 1384 2495 1441 pro
2531 1369 2849 1424 meritorum
2878 1368 3137 1439 qualitate
3174 1370 3362 1425 electis
3404 1378 3461 1425 et
3506 1355 3753 1440 reprobi:

2166 1462 2378 1517 diversa
2422 1462 2684 1532 impendit
2717 1468 3198 1523 remunerationes.
3238 1467 3373 1523 Nam
3405 1484 3545 1538 aqua
3587 1467 3754 1540 maris

2168 1552 2355 1617 Rubri,
2391 1568 2510 1622 qua:
2538 1554 2774 1610 cultores
2806 1555 2909 1611 Dei
2933 1556 3128 1613 illmsos
3173 1559 3424 1614 servabat
3455 1557 3748 1621 lsraelitas,

2164 1643 2352 1697 eadem
2382 1644 2652 1700 interfecit
2702 1644 2987 1717 [Egyptios
3021 1646 3333 1703 idololatras
3361 1648 3562 1719 (Exod.
3595 1647 3753 1719 xlv);

2164 1734 2411 1789 similiter
2448 1734 2665 1790 ﬂamma
2704 1736 2901 1791 camini
2944 1738 3035 1807 qui
3086 1739 3227 1810 regis
3276 1738 3567 1811 Babylonis
3596 1738 3756 1808 juxta

477 1829 600 1886 aiis
636 1831 815 1887 verbis
862 1831 1058 1887 dixerit
1089 1846 1102 1884 :
1136 1828 1413 1885 Fiduciam
1458 1830 1721 1885 habuistis
1762 1830 1814 1883 in
1846 1830 2064 1885 homine
2094 1846 2138 1904 Β
2169 1828 2442 1883 fornacem
2480 1840 2691 1884 atroces
2740 1828 3010 1885 interfecit
3060 1831 3371 1895 ministros,
3406 1831 3597 1886 eadem
3633 1830 3758 1884 lau-r

481 1929 539 1978 et
559 1936 663 1976 non
692 1921 745 1975 in
772 1920 899 1985 Deo,
929 1921 1018 1990 qui
1062 1918 1236 1974 factor
1260 1924 1343 1975 est
1371 1918 1606 2001 hominis
1638 1937 1652 1973 :
1690 1938 1709 1970 ι
1740 1919 1808 1973 Et
1832 1920 2064 1985 vocavit,

478 2013 678 2083 inquit,
708 2011 968 2066 Dominus
995 2010 1138 2065 Deus
1176 2008 1511 2065 exercituum
1542 2009 1595 2063 in
1637 2009 1723 2064 die
1747 2009 1835 2063 illa
1876 2010 1943 2065 ad
1974 2010 2067 2063 lle—

481 2115 621 2171 tum,
672 2113 728 2161 et
765 2104 1066 2175 planctum,
1097 2109 1153 2157 et
1181 2102 1454 2157 calvitium
1483 2102 1549 2155 ad
1577 2100 1851 2170 cingulum
1900 2100 2064 2165 sacci,

480 2204 537 2251 et
563 2209 691 2251 ecce
714 2195 967 2267 gaudium
995 2203 1050 2249 et
1074 2194 1257 2248 lmtitia
1286 2193 1537 2248 occidere
1564 2192 1780 2258 vitulos,
1816 2200 1871 2247 et
1907 2193 2067 2263 jugu-

478 2284 595 2343 lare
620 2286 844 2351 arictes,
868 2278 1152 2340 comedere
1186 2300 1399 2348 carnes,
1426 2291 1481 2338 et
1505 2284 1691 2338 bibere
1719 2284 1901 2338 vinum
1931 2302 1945 2337 :
1978 2299 2068 2339 co—

480 2375 761 2431 medamus
790 2383 845 2431 et
874 2374 1143 2437 bibamus,
1175 2389 1297 2429 cras
1316 2373 1460 2428 enim
1484 2373 1803 2428 moriemur.
1828 2372 1896 2439 Et
1916 2389 2067 2429 reve-

481 2465 590 2521 lata
606 2466 757 2522 estin
775 2464 996 2521 auribus
1018 2464 1153 2519 meis
1171 2479 1272 2518 vox
1298 2463 1507 2519 Domini
1530 2464 1890 2529 exercituum,
1913 2464 1957 2518 si
1982 2464 2067 2519 di-

482 2556 716 2611 mittitur
742 2556 859 2611 hz'ec
884 2554 1140 2625 iniquitas
1182 2554 1358 2620 vobis,
1383 2554 1553 2609 donec
1581 2554 1909 2619 moriamini,
1938 2555 2068 2610 dicit

482 2644 746 2702 Dominus
772 2645 917 2701 Deus
947 2645 1339 2700 exercituum.»
1377 2643 1703 2713 Captivitate
1728 2653 1994 2715 praesente
2014 2652 2069 2699 et

481 2737 705 2792 obsessa
723 2733 1048 2801 Jerusalem,
1073 2734 1306 2804 quicum
1336 2732 1561 2799 ferrum,
1585 2733 1776 2800 fames,
1807 2736 1943 2800 sitis,
1971 2750 2066 2789 ur-

431 2856 435 2861 -
485 2832 636 2897 geret
661 2824 871 2890 urbem,
903 2821 1137 2880 Ieremia
1184 2823 1250 2878 ad
1290 2824 1664 2895 paenitentiam
1712 2824 2062 2893 provocabat,

482 2922 536 2969 et
573 2914 882 2969 econtrario
932 2928 1087 2985 reges
1118 2929 1181 2969 ac
1207 2913 1479 2985 principes
1520 2922 1575 2969 et
1601 2912 1793 2984 vulgus
1839 2913 2056 2969 misera-

482 3003 611 3068 bile,
643 3003 1016 3074 desperatione
1058 3004 1422 3073 pereuntium,
1462 3019 1522 3059 se
1567 3005 1815 3059 tradebat
1868 3005 2064 3075 epulis.

483 3091 627 3147 Nihil
654 3100 833 3147 autem
861 3091 942 3147 sic
969 3091 1192 3148 offendit
1234 3093 1423 3158 Deum,
1471 3101 1801 3165 quam'post
1844 3104 2066 3164 peccata

394 3168 411 3190 κ
480 3192 664 3244 erecta
692 3184 899 3251 cervix,
927 3192 983 3240 et
1011 3200 1078 3241 ex
1107 3186 1482 3256 desperatione
1514 3186 2065 3263 conteniptus..Unde
2094 3205 2140 3267 ρ

479 3285 536 3332 et
562 3290 660 3346 per
682 3276 849 3333 Amos
876 3276 1114 3347 loquitur
1140 3297 1153 3331 :
1201 3298 1219 3329 ‹
1249 3278 1426 3349 Super
1457 3288 1566 3334 tres
1595 3288 1651 3333 et
1688 3288 1922 3349 quatuor
1959 3280 2065 3336 im-

480 3366 712 3435 pietates
735 3382 842 3421 non
867 3366 1198 3423 adversabor
1226 3382 1347 3421 eum
1380 3381 1394 3421 :
1420 3367 1560 3437 quod
1582 3376 1639 3422 et
1664 3368 1983 3439 cogitaverit
2011 3377 2067 3423 et

481 3458 692 3525 fecerit,
718 3469 774 3515 et
795 3477 901 3516 non
924 3462 1095 3533 egerit
1128 3462 1524 3533 paenitentiam,
1550 3462 1770 3532 insuper
1792 3469 1846 3515 et
1872 3462 2067 3516 docue-

482 3548 555 3603 rit
600 3549 803 3604 malum
851 3550 1031 3621 (Amos
1074 3552 1157 3623 ιι).
1190 3572 1207 3602 ι
1241 3552 1393 3608 Unde
1418 3561 1473 3607 et
1503 3568 1646 3607 nunc
1675 3552 1912 3607 dicitur:
1951 3572 1969 3605 ι
2006 3552 2064 3607 Si

482 3639 785 3694 dimittetur
809 3642 924 3697 haec
955 3641 1214 3711 iniquitas
1239 3643 1393 3697 vobis
1415 3644 1588 3697 donec
1608 3643 1940 3698 moriemini.
1970 3663 1988 3694 ι

559 3751 575 3782 ι
605 3731 943 3801 Praeceperat
960 3742 1140 3787 autem
1166 3733 1663 3789 Nabuchodonosor
1676 3750 1767 3789 rex
1780 3735 2069 3805 Babylonis

490 3837 507 3871 ι
537 3820 605 3874 de
635 3819 867 3876 Ieremia
900 3821 1259 3877 Nabuzardan
1290 3825 1550 3895 magistro
1576 3824 1795 3888 militire,
1840 3824 2025 3880 dicens
2051 3843 2062 3879 ε

488 3929 505 3961 ι
538 3910 683 3965 Tolle
702 3910 870 3976 illum,
896 3920 953 3966 et
979 3928 1119 3983 pone
1147 3928 1308 3983 super
1332 3929 1453 3967 cum
1476 3914 1660 3968 oculos
1676 3922 1815 3979 tuos,
1832 3915 2069 3985 nihilque

490 4018 508 4050 ι
542 3998 591 4053 ei
619 3999 744 4054 mali
770 4000 961 4066 facias,
992 4002 1086 4057 sed
1110 4011 1169 4056 ut
1195 4002 1448 4067 voluerit,
1480 4004 1561 4058 sic
1598 4002 1763 4059 facies
1811 4004 1882 4058 ei.
1925 4003 2070 4059 Misit

490 4107 511 4141 ι
545 4104 675 4160 ergo
736 4088 1095 4146 Nabuzardan
1142 4093 1403 4162 magiStcr
1459 4092 1703 4157 militiae,
1774 4100 1829 4147 et
1884 4091 2067 4147 Nabu-

489 4198 510 4233 ι
546 4180 777 4247 sezban,
820 4189 877 4237 et
915 4180 1221 4247 Rabsarcs,
1278 4190 1331 4237 et
1370 4181 1615 4254 Neregel,
1651 4190 1707 4236 et
1737 4181 1984 4249 Sereser,
2015 4191 2066 4237 et

489 4288 510 4322 ι
542 4268 806 4341 Rehmag,
841 4280 898 4327 et
918 4287 1105 4327 omnes
1125 4272 1412 4343 optimates
1434 4274 1576 4342 regis
1605 4272 1914 4344 Babylonis,
1960 4275 2065 4331 mi-

492 4380 511 4412 σ
546 4372 734 4417 serunt
757 4372 813 4418 et
851 4364 1087 4419 tulerunt
1111 4362 1398 4419 Ieremiam
1426 4364 1493 4417 de
1517 4364 1780 4419 vestibulo
1807 4367 2062 4431 carceris,

2166 1918 2356 1973 dantes
2381 1928 2437 1974 et
2466 1919 2844 1975 benedicentes
2874 1918 3162 1976 Dominum
3206 1922 3257 1976 in
3285 1921 3467 1977 medio
3498 1922 3640 1993 ignis
3669 1921 3752 1975 in-

2168 2019 2433 2067 nocentes
2450 2012 2792 2067 condervavit
2837 2028 3035 2085 pueros
3058 2012 3220 2085 (Dan.
3251 2015 3354 2086 ιιι).
3383 2013 3539 2073 Unde
3567 2015 3649 2067 vir
3669 2028 3753 2069 sa-

2166 2100 2320 2168 piens
2360 2101 2412 2154 in
2440 2100 2688 2156 laudibus
2722 2101 2813 2157 Dei
2847 2104 2962 2158 ait:
2996 2121 3017 2155 ι
3056 2104 3316 2160 Creatura
3344 2104 3493 2159 enim
3532 2105 3633 2159 tibi
3676 2103 3753 2158 fa-

2167 2190 2305 2244 ctori
2334 2191 2645 2246 deserviens
2679 2194 3026 2248 excandescit
3049 2194 3102 2247 in
3134 2201 3464 2249 tormentum
3494 2193 3752 2249 adversus

2168 2278 2417 2349 injustos,
2442 2288 2498 2334 et
2527 2281 2788 2336 I‘euior‘iit
2818 2282 2885 2336 ad
2915 2272 3365 2338 benefaciendum
3400 2299 3501 2354 pro
3548 2284 3633 2338 bis
3662 2285 3751 2353 qui

2168 2368 2221 2422 in
2258 2378 2309 2423 te
2331 2369 2606 2424 conﬁdunt
2629 2369 2777 2442 (Sap.
2806 2370 2939 2444 xvi).
2982 2392 3001 2424 ι
3034 2372 3155 2428 Hoc
3176 2374 3323 2428 idem
3342 2383 3399 2429 et
3427 2373 3484 2428 in
3521 2389 3757 2444 sequen-

2169 2458 2315 2513 tibus
2339 2459 2757 2525 demonstratur,
2789 2477 2912 2515 cum
2942 2462 3160 2517 dicitur.

2245 2568 2263 2599 ‹
2298 2549 2381 2604 Ad
2408 2547 2699 2605 Ieremiam
2738 2562 2919 2607 autem
2946 2551 3122 2609 factus
3143 2553 3319 2609 fuerat
3339 2568 3522 2610 sermo
3542 2554 3753 2612 Domini

2174 2656 2195 2688 ‹
2222 2653 2350 2707 cum
2397 2639 2613 2695 clausus
2655 2649 2798 2695 esset
2835 2641 2888 2695 in
2918 2643 3182 2699 vestibulo
3211 2645 3472 2711 careeris,
3520 2645 3705 2701 dicens
3733 2661 3753 2698 :

2175 2748 2193 2781 ι
2218 2729 2365 2787 Vade
2389 2740 2444 2787 et
2469 2731 2557 2787 die
2580 2732 2937 2791 Abdemelech
2954 2736 3215 2808 Ethiopi,
3241 2739 3429 2794 dicens
3451 2759 3463 2793 :
3483 2738 3609 2793 Haec
3624 2739 3755 2793 dicit

2176 2838 2192 2871 ι
2220 2820 2477 2877 Dominus
2499 2825 2835 2879 exercituum
2862 2826 3005 2881 Deus
3024 2827 3189 2883 Israel
3206 2849 3217 2881 :
3237 2830 3380 2885 Ecce
3392 2846 3493 2901 ego
3507 2830 3755 2887 inducam

2176 2932 2193 2963 ι
2235 2927 2514 2970 sermones
2546 2931 2697 2972 meos
2722 2934 2887 2989 super
2915 2921 3191 2977 civitatem
3222 2924 3362 2979 hanc
3395 2925 3452 2980 in
3474 2925 3678 2981 malum
3703 2934 3757 2981 et

2176 3024 2193 3081 ι
2217 3021 2323 3060 non
2357 3008 2411 3062 in
2438 3008 2661 3073 bonum,
2690 3020 2742 3067 et
2767 3016 2995 3068 eruntin
3012 3029 3307 3087 conspectu
3326 3029 3417 3075 tuo
3443 3021 3499 3075 in
3529 3022 3615 3077 die
3644 3021 3761 3088 illa,

2176 3114 2201 3147 «λ
2225 3104 2278 3150 ct
2299 3096 2542 3164 liberabo
2558 3100 2780 3158 teindie
2802 3102 2912 3169 illa,
2942 3104 3074 3161 dicit
3103 3106 3386 3174 Dominus,
3417 3118 3473 3165 et
3509 3126 3614 3166 non
3646 3120 3758 3166 tra-

2176 3206 2196 3236 ‹
2230 3188 2373 3243 deris
2402 3189 2457 3244 in
2482 3205 2672 3246 manus
2719 3194 2979 3259 virorum,
3012 3212 3149 3266 quos
3200 3207 3256 3252 tu
3315 3200 3594 3263 formidas.
3649 3201 3745 3256 sed

2177 3274 2425 3333 cernens
2476 3280 2718 3335 liberabo
2746 3291 2831 3347 te,
2867 3292 2923 3339 et
2963 3285 3141 3357 gladio
3179 3303 3289 3344 non
3327 3290 3513 3355 cades,
3538 3290 3761 3346 sederit

2179 3386 2196 3417 ι
2236 3368 2331 3441 tibi
2358 3369 2541 3424 anima
2572 3378 2663 3424 tua
2693 3372 2746 3426 in
2771 3374 3023 3437 salutem,
3053 3377 3180 3445 quia
3211 3377 3265 3431 in
3292 3392 3379 3432 me
3421 3378 3659 3433 habuisti
3698 3377 3755 3433 ﬁ-

2180 3474 2199 3506 σ
2238 3458 2469 3535 duciam,
2500 3461 2575 3514 ait
2598 3459 2875 3518 Dominus.
2913 3483 2929 3515 ι
2958 3464 3250 3537 (Μωιιυς.)
3299 3465 3503 3522 Omnes
3524 3468 3616 3537 qui
3640 3480 3759 3536 spe-

2171 3558 2293 3625 rant
2322 3550 2376 3605 in
2412 3549 2640 3607 Domino
2674 3569 2779 3608 non
2818 3554 3218 3612 confundentur
3250 3576 3264 3612 :
3302 3577 3320 3610 ι
3360 3557 3757 3613 confundantur

2172 3650 2355 3696 autem
2404 3642 2573 3711 iniqui
2626 3642 2887 3699 facientes
2936 3662 3072 3700 vana
3112 3647 3285 3718 (Psal.
3326 3647 3463 3717 xui)
3499 3665 3511 3700 :
3548 3667 3567 3702 ι
3620 3648 3760 3703 Ecce

2175 3733 2469 3803 principes,
2499 3734 2589 3802 qui
2635 3732 2925 3812 Ieremiam
2979 3739 3358 3809 expetiverunt
3401 3738 3471 3792 ad
3523 3737 3765 3791 carceris

2174 3838 2389 3894 ptenam
2415 3842 2430 3877 :
2467 3812 2771 3881 Chaldaicae
2792 3827 3117 3903 captivitatis
3149 3814 3391 3898 perpessi
3427 3836 3554 3882 sunt
3582 3828 3753 3893 _vindi«

2176 3925 2339 3971 ctam.
2370 3914 2472 3971 llic
2514 3925 2695 3973 autem
2739 3919 3038 3984 eunuchus,
3068 3919 3163 3989 qui
3192 3920 3512 3993 prOphetam
3560 3916 3751 3971 liberat

2176 4006 2242 4059 de
2265 4020 2507 4072 carcere,
2538 4006 2766 4063 Domino
2794 4016 3174 4063 remunerante
3192 4007 3437 4078 perfecta
3454 4008 3656 4077 potitus
3676 4014 3757 4061 est

2176 4097 2444 4152 libertate.
2492 4097 2551 4153 Si
2596 4107 2774 4155 autem
2816 4099 3153 4170 allegoriam,
3187 4114 3351 4170 quam
3382 4114 3541 4170 supra
3571 4098 3759 4168 posui-

2176 4203 2297 4243 mus
2335 4188 2404 4243 de
2441 4189 2547 4244 hoc
2575 4190 2823 4244 eunucho
2863 4189 3117 4259 Ethiope
3147 4190 3475 4259 respexeris,
3509 4189 3754 4251 eamdem

2174 4277 2622 4347 significationem
2650 4279 2879 4345 invenis,
2908 4280 3033 4350 quia
3055 4281 3297 4335 liberatis
3324 4280 3527 4335 sanctis
3557 4278 3752 4350 praedi-

2174 4368 2451 4422 caloribus
2490 4384 2517 4421 a
2546 4370 2845 4437 perditione
2886 4370 3087 4437 futura,
3130 4378 3512 4440 persecutores
3563 4383 3754 4424 eorum

491 4469 512 4502 r
543 4460 600 4505 et
642 4452 981 4508 tradiderunt
1007 4468 1131 4507 eum
1172 4452 1409 4508 Godolim
1446 4452 1555 4507 filio
1595 4453 1822 4508 Ahicam
1849 4454 1938 4507 lilii
1964 4453 2064 4509 Sa-
2094 4446 2146 4506 D
2175 4456 2375 4511 ultione
2403 4457 2660 4512 interient
2689 4468 2967 4529 perpetua.

1408 4700 1706 4776 LIBER
1764 4698 2219 4778 DECIMUS
2277 4700 2801 4794 QUARTUS.

558 4943 842 5013 Descripta
871 4943 1172 4998 vastatione
1200 4941 1373 5007 urbis,
1402 4950 1457 4996 et
1492 4939 1735 5006 interitu,
1784 4948 1947 5010 atque
1976 4954 2071 4994 ca-

491 5038 736 5109 ptivitate
758 5035 938 5107 populi
962 5032 1171 5090 Iudaici
1201 5049 1323 5089 cum
1350 5032 1555 5103 perﬁdo
1593 5047 1739 5103 rege,
1782 5031 1894 5101 jam
1928 5046 2072 5087 nunc

493 5140 719 5181 narrare
742 5125 1063 5195 incipiamus
1084 5123 1212 5194 quid
1237 5122 1305 5177 de
1329 5118 1564 5178 Ieremia
1592 5123 1793 5177 factum
1819 5120 1909 5184 sit,
1928 5129 1982 5174 et
2006 5119 2073 5173 de

493 5216 737 5289 reliquiis
764 5215 968 5285 pepuli,
988 5223 1044 5270 et
1067 5214 1337 5283 quomodo
1356 5213 1495 5267 idem
1523 5212 1785 5280 propheta
1817 5208 2074 5280 parvissi-

496 5322 638 5363 mam
659 5306 962 5377 portionem
992 5304 1192 5358 relicta:
1217 5303 1389 5373 plebis
1426 5318 1493 5356 ex
1514 5302 1679 5355 verbo
1724 5299 1937 5355 Domini
1978 5299 2071 5352 ad-

497 5399 785 5461 monuerit,
818 5404 879 5452 ut
905 5396 1157 5451 sederent
1183 5394 1359 5449 securi
1405 5394 1457 5447 in
1486 5403 1629 5448 terra
1675 5409 1791 5456 sua,
1824 5400 1879 5445 et
1908 5390 2073 5446 servi-

499 5495 618 5547 rent
643 5488 755 5559 regi
797 5487 1109 5556 Babylonis;
1137 5485 1239 5554 ipsi
1266 5500 1396 5539 vero
1426 5492 1833 5539 contemnentes
1874 5496 2076 5552 praece-

497 5592 649 5653 ptum
696 5578 813 5643 Dei,
860 5576 1040 5647 potius
1095 5577 1374 5645 elegerunt
1410 5574 1645 5644 migrare
1671 5574 1724 5627 in
1756 5570 2071 5643 Egyptum,

498 5675 590 5729 ubi
618 5670 957 5743 postmodum
992 5684 1086 5723 eos
1111 5667 1602 5724 Nabuchodonosor
1644 5665 1919 5735 reperiens
1960 5671 2071 5717 tru-

502 5763 719 5828 cidavit,
766 5760 1032 5829 simulque
1083 5771 1277 5814 terram
1316 5758 1527 5828 ASgypti
1560 5757 1804 5811 vastavit.
1840 5754 1991 5821 Quod
2020 5760 2073 5807 ct

2174 4944 2683 5013 prmsensprophcta
2711 4944 2874 4998 etiam
2899 4959 3003 4999 non
3028 4941 3322 5006 tacuit,sed
3352 4938 3545 4993 salutis
3566 4935 3759 4993 lucida

2176 5032 2413 5086 futurum
2442 5033 2521 5087 eis
2542 5040 2667 5087 ante
2700 5033 2971 5102 przedixit.

2763 5120 2989 5175 CAPUT
3035 5120 3146 5173 XL.

2177 5208 2480 5267 Liberatur'
2496 5213 2773 5271 Ieremias,
2812 5211 3045 5281 prirdia’t
3069 5211 3330 5281 .Ῐοαηηηη⁸
3350 5206 3587 5281 (ζοάοιὶω
3618 5222 3757 5260 mor-

2516 5293 2619 5337 tem
2659 5282 2722 5352 ας)
2746 5278 2961 5347 Ιειηαει,
2987 5296 3102 5351 quw
3125 5280 3172 5332 ei
3216 5278 3430 5331 accidit.

2254 5400 2272 5431 ι
2304 5378 2494 5441 Sermo
2543 5377 2633 5447 qui
2687 5376 2859 5431 factus
2898 5384 2981 5429 est
3020 5374 3087 5428 ad
3128 5370 3420 5427 Ieremiam
3450 5388 3479 5426 a
3507 5371 3753 5431 Domino,

2182 5492 2200 5523 ι
2232 5481 2511 5542 postquam
2540 5469 2794 5524 dimissus
2816 5476 2899 5523 est
2924 5484 2950 5521 a
2973 5466 3330 5520 Nabuzardan
3362 5467 3620 5537 magistro
3656 5462 3758 5519 mi-

2182 5583 2198 5613 ι
2237 5564 2362 5617 litire
2392 5564 2457 5617 de
2486 5563 2679 5624 Rama,
2707 5560 2922 5628 quando
2954 5557 3075 5611 tulit
3112 5571 3238 5610 eum
3281 5556 3522 5611 vinctum
3551 5563 3757 5611 catenis

2184 5673 2201 5705 ι
2242 5655 2293 5708 in
2338 5654 2515 5709 medio
2540 5650 2780 5707 omnium
2809 5649 2898 5718 qui
2927 5647 3236 5716 migrabant
3265 5645 3330 5700 de
3356 5644 3651 5700 Ierusalem
3697 5653 3757 5698 et

2186 5768 2201 5799 ι
2237 5746 2393 5813 Imla,
2449 5752 2502 5799 et
2559 5742 2891 5798 ducebantur
2922 5740 2973 5794 in
2998 5738 3343 5807 Babylonem.
3374 5735 3588 5792 'l‘uallens
3624 5748 3753 5803 ergo
