3952 6380
208 483 353 541 1085
1096 486 1456 545 EXPOSITIO
1496 488 1719 545 SUPER
1755 487 2120 543 JEREMIAM.
2162 517 2228 527 —-
2266 488 2391 542 LIB.
2436 488 2571 543 .\'lV.
3318 494 3457 552 1086

210 613 235 647 ι
273 590 523 666 princeps
563 598 765 653 militia:
793 595 1103 664 Jeremiam,
1133 601 1268 654 dixit
1302 601 1368 655 ad
1404 615 1525 654 eum
1555 618 1566 653 :
1595 600 1779 655 Domi-
1810 614 1856 672 Α
1890 620 1907 652 ι
1943 600 2208 670 Masphat,
2241 608 2295 655 et
2320 600 2650 671 collegerunt
2678 603 2859 657 vinum
2888 612 2945 658 et
2970 619 3195 660 messem
3237 609 3452 666 multam

212 708 236 743 ι
270 684 373 745 'nus
400 690 542 745 Deus
566 699 690 747 tuus
713 692 923 749 loculus
955 702 1038 749 est
1070 694 1269 748 malum
1299 694 1400 748 hoc
1425 709 1583 764 super
1603 694 1781 748 locum
1896 709 1914 742 ι
1952 692 2133 747 nimis.
2172 711 2189 742 ι
2222 690 2585 748 Miserationes
2635 694 2847 749 Domini
2898 697 3079 750 multae
3116 708 3242 753 sunt
3274 700 3455 769 nimis,

209 796 237 832 ο
266 779 453 843 istum,
481 789 536 836 et
568 782 792 838 adduxit
817 824 833 851 ,
864 793 920 838 et
940 784 1067 840 fecit
1095 786 1355 841 Dominus
1398 786 1539 841 sicut
1571 786 1781 841 locutus
1888 789 1943 835 et
1964 782 2163 851 judicia
2198 780 2314 850 ejus
2339 782 2564 852 abyssus
2594 784 2779 851 multa,
2826 786 2916 854 qui
2963 786 3104 841 sicut
3144 797 3456 857 peccatores

208 886 237 924 ε
261 878 369 937 est,
395 872 521 942 quia
546 875 810 942 peccastis
840 875 1088 940 Domino,
1114 884 1169 930 et
1191 890 1297 930 non
1328 875 1554 931 audistis
1594 892 1779 931 vocem
1888 881 1942 927 et
1962 872 2404 942 praevaricatores
2433 872 2566 942 legis
2584 890 2692 929 sua:
2707 874 2850 943 juste
2874 876 3154 946 corripuit,
3179 878 3251 932 ita
3272 879 3449 934 humi-

210 977 234 1009 1
275 957 415 1027 ejus,
437 967 493 1014 et
517 959 688 1015 factus
724 971 808 1018 est
836 963 987 1019 vobis
1005 979 1183 1020 sermo
1208 964 1493 1020 bic.‘Nunc
1513 982 1639 1037 ergo
1656 982 1781 1023 ecce
1888 964 2026 1019 libus
2051 972 2106 1019 et
2138 964 2509 1020 obedientibus
2549 965 2650 1019 sibi
2698 966 3118 1023 misericorditer
3149 969 3325 1027 solatii
3370 970 3453 1025 sui

213 1068 235 1099 ι
269 1049 407 1104 solvi
438 1051 657 1106 tebodie
670 1052 735 1108 de
756 1054 984 1119 catenis,
1008 1069 1126 1123 qua:
1146 1065 1270 1110 sttnt
1292 1056 1344 1109 in
1366 1057 1611 1113 manibus
1642 1059 1746 1114 tuis
1763 1076 1787 1132 :_
1887 1069 2042 1123 opem
2070 1054 2312 1109 contulit.
2343 1054 2448 1110 Per
2475 1055 2621 1123 ipsos
2648 1056 2789 1109 enim
2820 1057 3022 1122 hostes,
3049 1074 3316 1129 perquos
3340 1076 3439 1130 per

213 1157 233 1189 ι
270 1140 317 1195 si
338 1140 512 1210 placet
533 1142 737 1207 tibi,-ut
759 1144 941 1198 venias
978 1160 1186 1200 mecum
1212 1147 1265 1200 in
1286 1146 1632 1217 Babylonem,
1657 1149 1779 1203 veni
1890 1142 2051 1196 ﬁdum
2074 1159 2253 1214 regem
2279 1152 2334 1198 et
2362 1144 2588 1199 rebelles
2637 1145 2913 1217 ministros
2952 1145 3066 1213 ejus
3099 1149 3327 1216 punivit,
3357 1165 3458 1220 per

211 1248 232 1280 ι
258 1238 316 1285 et
334 1245 530 1301 ponam
558 1224 742 1288 Oculos
767 1242 917 1293 meos
953 1251 1113 1305 super
1140 1246 1212 1291 te.
1246 1235 1304 1292 Si
1335 1244 1513 1291 autem
1538 1238 1772 1307 displicet

1891 1231 1988 1285 bos
2011 1231 2172 1285 etiam
2217 1234 2459 1302 reliquiis
2492 1234 2673 1304 pepuli
2712 1236 2791 1289 sui
2820 1236 3151 1305 provisorem
3177 1238 3452 1295 Godoliam

213 1338 233 1368 ι
269 1320 368 1375 tibi
392 1321 797 1378 veniremecum
823 1324 874 1379 in
897 1325 1435 1395 Babylonem,reside
1464 1343 1476 1377 :
1502 1327 1641 1387 Ecce
1666 1343 1782 1383 om-
1888 1323 2183 1385 constituit,
2228 1333 2287 1378 ut
2330 1325 2444 1392 ejus
2478 1326 2760 1394 prudentia
2815 1337 2973 1383 terrae
3026 1328 3200 1384 cultus
3249 1332 3454 1385 utiliter

211 1427 232 1459 ‹
270 1410 356 1465 nis
385 1419 526 1466 terra
553 1412 605 1465 in
645 1426 933 1483 conspectu
982 1424 1073 1469 tuo
1122 1427 1224 1481 est,
1280 1416 1421 1485 quod
1468 1410 1693 1487 elegeris
1728 1425 1784 1472 et
1886 1420 2184 1475 exerceret,
2215 1419 2269 1467 et
2315 1415 2406 1482 qui
2454 1414 2682 1484 dispersi
2730 1415 2943 1488 fuerant
2984 1408 3454 1490 ‘recolligerentur,

210 1516 231 1547 ι
270 1511 379 1566 quo
416 1498 677 1567 placuerit
703 1501 795 1555 tibi
827 1510 885 1555 ut
907 1502 1093 1567 vadas,
1132 1502 1257 1557 illuc
1294 1518 1475 1573 perge,
1497 1512 1551 1558 et
1573 1510 1782 1559 meeum
1888 1504 2323 1572 babitarentque,
2354 1504 2398 1558 si
2426 1507 2689 1561 mandatis
2728 1508 2938 1562 Domini
2980 1508 3202 1564 Obedire
3237 1509 3457 1575 vellent,

211 1603 232 1635 ε
272 1586 382 1641 noli
410 1588 616 1653 venire,
664 1590 754 1644 sed
786 1590 967 1643 habita
990 1591 1129 1659 apud
1155 1591 1433 1645 Godoliam
1462 1591 1625 1645 ﬁlium
1653 1590 1783 1647 Abi-
1888 1595 1941 1647 in
1977 1602 2118 1645 terra
2164 1608 2260 1654 sua
2307 1594 2508 1662 absque
2563 1595 2753 1649 timore
2804 1596 3038 1651 hostium
3068 1608 3121 1653 et
3160 1598 3453 1654 calumnia.

211 1693 231 1725 ι
254 1690 377 1730 eam
404 1675 497 1730 lllii
529 1676 768 1745 Sapban,
786 1692 945 1746 quem
969 1680 1259 1749 praeposuit
1284 1694 1379 1734 rex
1400 1680 1685 1750 Babylonis
1705 1683 1782 1737 ci-
1888 1682 2111 1754 Mystice
2138 1690 2318 1737 autem
2341 1684 2481 1737 idem
2505 1682 2775 1748 Godolias,
2808 1685 2898 1753 qui
2927 1686 3310 1756 interpretatur
3346 1705 3458 1750 ma-

210 1762 690 1819 c'vitatibusludae.
707 1764 899 1820 Habita
921 1781 1273 1837 ergocumeo
1298 1767 1351 1821 in
1380 1770 1554 1823 medio
1578 1770 1777 1839 populi,
1887 1772 2173 1842 gniﬁcatus
2197 1772 2424 1829 Domino
2447 1783 2625 1844 typum
2649 1775 2787 1845 gerit
2810 1784 3115 1831 sanctorum
3142 1779 3457 1848 prazdicato-

210 1871 231 1904 ι
272 1852 358 1907 vel
379 1869 698 1925 quocunque
721 1856 985 1926 placuerit
1014 1859 1132 1925 tibi,
1166 1870 1223 1914 ut
1253 1861 1416 1915 vadas
1442 1862 1595 1915 vade.
1628 1859 1782 1915 Dedit
1890 1877 2031 1927 rum,
2062 1862 2153 1932 qui
2185 1863 2253 1916 ad
2290 1863 2393 1917 hoc
2422 1862 2601 1917 divino
2620 1870 2754 1921 nutu
2775 1862 3215 1933 prmliciuntur'in
3236 1867 3454 1933 mundo,

210 1959 233 1995 α
266 1957 480 2013 quoque
504 1945 554 1999 ei
593 1948 852 2017 magister
890 1948 1097 2004 militia
1138 1950 1338 2004 cibaria
1366 1958 1419 2005 et
1449 1950 1782 2016 munuscula,
1819 1944 1861 2001 B
1892 1952 2146 2009 utﬁdeles
2173 1953 2371 2021 quique
2400 1960 2455 2006 et
2484 1952 2735 2006 timentes
2755 1953 2925 2007 Deum
2949 1953 3456 2026 habeantreluginm

210 2050 232 2084 ι
270 2041 329 2088 et
361 2033 564 2091 dimisit
585 2050 725 2090 eum.
759 2057 777 2090 ›
817 2035 1108 2110 (ΜΑΠΒΠΒ.)
1139 2040 1410 2106 Quaeritur
1430 2050 1610 2095 autem
1649 2056 1786 2110 quo-
1893 2048 1947 2092 et
1970 2039 2241 2103 solatium,
2270 2055 2377 2109 quo
2402 2042 2608 2109 possint
2632 2040 2925 2096 subsistere
2965 2049 3020 2096 et
3069 2042 3123 2096 in
3164 2042 3257 2097 Dei
3294 2043 3460 2111 servi:

204 2125 373 2181 modo
406 2128 493 2184 hic
520 2143 699 2183 sermo
719 2128 933 2184 Domini
955 2131 1127 2186 factus
1153 2148 1273 2187 esse
1293 2132 1665 2199 adderemiam
1698 2134 1790 2188 de-
1894 2129 1969 2183 tio
1993 2130 2170 2184 devoti
2208 2143 2548 2199 permanere.
2581 2127 2644 2182 lli
2678 2130 2884 2184 animas
2921 2145 3045 2185 suas
3070 2146 3166 2200 pro
3193 2132 3461 2201 proximis

204 2218 501 2284 scribatur,
531 2227 587 2274 et
625 2236 733 2275 non
776 2223 1083 2277 ostenditur
1125 2224 1247 2295 quis
1294 2225 1395 2279 iste
1416 2240 1593 2280 sermo
1631 2224 1791 2280 fuerit
1893 2220 2004 2273 suis
2028 2227 2259 2288 ponunl.
2285 2227 2337 2274 ει
2372 2229 2557 2274 contra
2598 2218 2831 2288 Ρθτθάοε
2855 2221 3205 2289 ριόιεαιίοηίε
3245 2231 3457 2279 εουιιιω

204 2306 295 2362 vel
322 2307 450 2376 quid
466 2308 911 2365 manifestaverit.
946 2311 1093 2385 Unde
1114 2314 1169 2367 ni
1194 2311 1350 2369 fallor
1371 2314 1793 2383 daturintelligi;
1890 2318 2241 2378 opponentes,
2269 2324 2437 2378 usque
2466 2308 2533 2362 ad
2558 2316 2784 2363 mortem
2830 2309 2884 2362 in
2911 2319 3088 2378 empto
3125 2307 3297 2367 cilicio
3324 2309 3458 2365 ﬁde-

204 2396 354 2465 quod
384 2396 555 2465 ipsam
596 2397 970 2454 liberationem
1009 2416 1159 2455 suam
1188 2417 1287 2471 per
1322 2402 1618 2472 principem
1649 2403 1789 2457 mili-
1890 2398 2011 2453 liter
2038 2399 2352 2468 persistunt.
2385 2398 2532 2453 Unde
2554 2399 2694 2453 sicut
2715 2397 2967 2466 Godolias
3004 2398 3260 2453 innocens
3280 2414 3309 2451 a
3334 2412 3430 2468 per

205 2486 298 2540 tite
325 2486 507 2541 divino
545 2496 678 2542 nutu
727 2487 946 2555 factam,
990 2491 1253 2561 propheta
1281 2491 1493 2546 occulte
1516 2507 1613 2561 per
1642 2494 1785 2547 hunc
1891 2489 1998 2544 ﬁdo
2027 2499 2081 2544 et
2126 2490 2311 2545 doloso
2365 2489 2588 2544 lsmaele
2630 2489 2840 2543 occisus
2890 2495 2990 2553 est,
3021 2490 3094 2542 ita
3135 2498 3189 2542 et
3241 2490 3328 2544 isti
3359 2504 3457 2558 pro

204 2588 521 2629 sermonem
567 2576 636 2630 ad
677 2591 737 2631 se
766 2578 1035 2647 prolatum
1086 2581 1334 2635 intimare
1362 2581 1609 2648 voluerit,
1650 2582 1791 2637 sicut
1890 2580 2091 2635 Clu-isti
2118 2581 2387 2635 nominea
2416 2579 2852 2650 persecutoribus
2892 2578 3165 2646 Evangelii
3201 2588 3256 2634 et
3302 2578 3459 2633 Cbri-

198 2662 357 2717 idem
381 2660 736 2720 Nabuzardan
775 2667 843 2722 ad
862 2666 1151 2729 Jeremiam
1174 2670 1251 2723 ait
1278 2687 1291 2725 τ
1321 2690 1339 2721 ‹
1373 2670 1629 2725 Dominus
1649 2671 1789 2726 Deus
1890 2672 2077 2726 stianze
2101 2670 2380 2741 religionis
2400 2669 2795 2725 insecutoribus
2836 2669 3151 2723 innocenter
3194 2670 3460 2734 viventes,

205 2760 338 2805 tuus
360 2751 568 2808 loeutus
595 2763 677 2810 est
703 2756 903 2811 malum
929 2759 1053 2823 hoc,
1078 2760 1201 2828 quia
1234 2761 1498 2829 peceastis
1538 2760 1785 2825 Domino,
1890 2774 1997 2813 non
2050 2759 2319 2828 trepidant
2364 2764 2591 2812 mortem
2631 2757 2814 2812 subire
2845 2756 3212 2827 temporalem.
3254 2756 3329 2812 De
3358 2772 3463 2826 quo

206 2850 268 2897 et
288 2858 395 2897 non
412 2844 639 2899 audistis
653 2861 835 2901 vocem
849 2847 984 2916 ejus.
1020 2869 1038 2900 ι
1068 2850 1219 2904 Unde
1246 2851 1289 2904 si
1316 2850 1413 2915 illi,
1441 2852 1532 2920 qui
1563 2850 1789 2905 Domino
1889 2858 2070 2902 autem
2098 2856 2152 2901 et
2182 2832 2469 2902 subditur:

208 2946 596 3004 peccaverunt,
627 2947 681 2993 et
707 2937 825 3008 ejus
855 2942 968 2995 voci
1001 2957 1106 2996 non
1129 2942 1465 3007 obedierunt,
1498 2943 1652 3013 juxta
1675 2957 1789 2999 ser-
1964 2958 1981 2990 ι
2008 2938 2291 2994 Jobannan
2317 2948 2495 2993 autem
2520 2938 2659 2993 ﬁlius
2682 2937 2884 3003 Carere,
2906 2948 2958 2994 et
2980 2953 3168 2994 omnes
3191 2938 3463 3008 principes

210 3044 433 3083 monem
469 3030 682 3085 Domini
706 3032 758 3086 in
780 3034 1144 3103 captivitatem
1176 3034 1356 3088 traditi
1376 3042 1501 3088 sunt
1532 3051 1546 3087 :
1575 3035 1676 3088 istc
1698 3032 1788 3103 qui
1894 3052 1911 3082 ‹
1952 3030 2241 3095 exercitus,
2269 3030 2358 3098 qui
2393 3029 2621 3100 dispersi
2652 3037 2806 3084 erant
2843 3030 2897 3083 in
2946 3030 3272 3099 regionibus,
3302 3044 3461 3083 vene-

207 3125 503 3187 peccantes
543 3121 823 3189 corripuit,
875 3130 930 3177 et
969 3123 1181 3176 Domini
1231 3123 1484 3178 mandato
1530 3122 1785 3188 obedivit,
1894 3140 1912 3172 ι
1957 3122 2169 3174 runtad
2190 3119 2466 3174 Godoliam
2494 3120 2545 3173 in
2572 3120 2905 3188 Masphat,et
2927 3120 3177 3173 dixerunt
3204 3120 3287 3174 ei:
3314 3118 3463 3175 Scito

203 3206 368 3275 juxta
405 3209 814 3277 promissionem
845 3209 962 3279 ejus
997 3211 1063 3266 de
1100 3212 1331 3266 hostium
1364 3227 1582 3267 suorum
1611 3212 1786 3267 mani-
1834 3278 1843 3279 ί
1898 3229 1915 3260 ι
1957 3210 2098 3278 quod
2123 3208 2301 3263 Baalis
2333 3224 2425 3273 rex
2455 3208 2681 3263 ﬁliorum
2712 3208 2940 3263 Ammon
2972 3209 3116 3263 misit
3150 3208 3340 3264 lsmacl
3395 3209 3461 3263 li-

206 3298 316 3352 bus
338 3305 395 3352 et
422 3298 487 3353 de
516 3299 785 3368 ergastulo
817 3278 1053 3355 carceris
1078 3301 1337 3371 liberatus
1372 3310 1476 3357 est.
1813 3278 1857 3339 (ἶ
1894 3318 1912 3349 ι
1960 3299 2086 3353 lium
2134 3300 2412 3354 Natlianiae
2459 3308 2740 3368 percutere
2786 3301 3017 3359 animam
3074 3308 3238 3354 tuam.
3266 3301 3333 3353 Et
3355 3317 3461 3355 non

291 3402 312 3435 ι
370 3386 532 3440 Venit
564 3385 1028 3461 autemoleremias
1065 3390 1131 3443 ad
1162 3389 1437 3445 Godoliam
1460 3389 1627 3444 lilium
1656 3389 1787 3457 Ahi-
1894 3406 1913 3439 ι
1960 3388 2187 3443 credidit
2214 3389 2293 3443 eis
2313 3388 2563 3442 Godolias
2587 3388 2727 3442 illius
2746 3388 2993 3443 Abieam.
3025 3388 3304 3443 Jobannan
3334 3406 3464 3446 vero

211 3495 233 3527 ι
266 3490 388 3531 cam
425 3475 478 3529 in
523 3474 785 3546 Masphat,
832 3484 887 3532 et
922 3478 1184 3533 habitavit
1234 3495 1353 3534 cum
1385 3495 1449 3534 eo
1503 3479 1558 3533 in
1612 3479 1787 3534 medio
1892 3496 1909 3527 ί
1957 3476 2095 3530 illius
2121 3475 2304 3531 Cares:
2354 3476 2489 3529 dixit
2529 3476 2597 3529 ad
2638 3475 2916 3530 Godoliam
2957 3492 3199 3530 seorsum
3247 3478 3300 3531 in
3349 3478 3462 3532 Ma-

213 3588 233 3619 ι
284 3568 491 3639 populi,
517 3568 607 3637 qui
634 3568 854 3623 relictus
874 3569 1050 3624 fuerat
1080 3571 1133 3624 in
1169 3581 1331 3625 terra.
1364 3570 1494 3625 Cum
1539 3584 1667 3641 ergo
1694 3586 1786 3625 au-
1893 3584 1909 3615 ι
1955 3566 2114 3632 sphat
2138 3565 2363 3634 loquens
2388 3582 2401 3617 :
2429 3564 2517 3619 Ibo
2543 3574 2595 3619 et
2620 3566 2913 3634 percutiam
2944 3565 3135 3621 lsmacl
3170 3566 3335 3621 ﬁlium
3359 3566 3465 3620 Na-

211 3680 232 3709 ‹
279 3659 491 3712 dissent
526 3672 713 3712 omnes
761 3659 1031 3729 principes
1083 3662 1371 3725 exercitus,
1421 3660 1513 3730 qui
1560 3660 1785 3729 dispersi
1892 3674 1909 3705 t
1954 3656 2149 3710 tltanire
2179 3656 2325 3710 nullo
2358 3657 2582 3721 sciente,
2614 3672 2678 3709 ne
2712 3657 3001 3711 intcrllciat
3025 3658 3260 3711 animam
3290 3667 3460 3723 tuam,

212 3768 234 3799 σ
274 3749 494 3803 fuerant
540 3762 637 3817 per
690 3748 958 3818 regiones,
1015 3751 1115 3819 ipsi
1162 3760 1217 3805 et
1250 3751 1379 3806 socii
1406 3765 1614 3814 eorum,
1645 3751 1785 3819 quod
1891 3764 1908 3795 ε
1954 3755 2008 3801 et
2040 3747 2367 3815 dissipentur
2411 3762 2597 3802 omnes
2639 3746 2830 3811 Judmi,
2861 3750 2948 3817 qui
2990 3750 3295 3819 congregati
3337 3760 3462 3805 sunt

210 3859 231 3890 ι
273 3837 604 3907 ριιίιξΐεοίεεει
629 3851 723 3891 rex
744 3835 1032 3895 Babvlonis
1058 3837 1335 3893 Godoliam
1369 3838 1536 3897 lilium
1563 3838 1783 3893 Altieam
1893 3858 1909 3888 ι
1956 3840 2022 3892 ad
2053 3848 2125 3903 te,
2153 3849 2206 3893 et
2228 3840 2475 3909 peribunt
2509 3840 2747 3907 reliquis:
2789 3840 2943 3895 Juda.
2974 3841 3041 3894 Et
3087 3843 3162 3895 ait
3206 3842 3456 3899 Godolias

213 3950 233 3981 ι
279 3930 457 3993 terrae,
488 3936 542 3984 et
569 3929 711 3997 quod
739 3929 1167 3983 commendasset
1207 3930 1255 3984 ei
1294 3930 1459 3994 viros,
1507 3940 1561 3985 et
1598 3930 1788 3986 mulie-
1893 3947 1910 3980 ι
1959 3930 2097 3984 lilius
2120 3932 2345 3984 Abicam
2372 3931 2438 3985 ad
2477 3929 2755 3983 Joliaunan
2789 3931 2955 3984 lilium
3004 3931 3205 3987 Carere.
3240 3932 3354 3988 Noli
3387 3935 3464 3988 fa-

211 4040 233 4073 ι
272 4037 380 4085 res,
418 4029 473 4076 et
496 4020 852 4097 parvulosket
876 4020 943 4073 de
982 4022 1307 4088 pauperibus
1333 4031 1508 4086 terrae,
1559 4022 1650 4090 qui
1679 4038 1783 4075 non
1890 4040 1910 4071 ι
1952 4036 2075 4076 cere
2121 4023 2342 4076 verbum
2388 4022 2489 4077 hoc
2541 4040 2553 4074 :
2605 4020 2799 4075 falsum
2846 4022 2988 4077 enim
3018 4030 3073 4077 tu
3121 4024 3356 4092 loqueris
3399 4027 3465 4081 de

210 4135 231 4166 ι
271 4115 488 4169 fuerant
518 4112 758 4167 translati
780 4113 833 4165 in
852 4111 1202 4181 Babylonem,
1227 4120 1493 4166 venerunt
1516 4114 1583 4167 ad
1604 4113 1787 4168 ’Godo-
1895 4132 1913 4162 ί
1958 4112 2169 4167 lsmacl.
2208 4132 2226 4164 ι

212 4224 230 4256 ι
259 4205 389 4259 liam
422 4204 474 4257 in
501 4203 764 4271 Masphat,
793 4210 847 4256 et
862 4202 1050 4256 lsmacl
1064 4201 1204 4255 ﬁlius
1219 4201 1519 4267 Nathanim,
1548 4210 1601 4257 et
1626 4200 1785 4263 Joan-
2458 4202 2685 4258 CAPUT
2727 4202 2862 4257 XLI.

211 4315 231 4345 ‘
266 4310 373 4347 “an
397 4293 537 4348 mins
556 4292 826 4359 eam,“
847 4291 1136 4383 19mm“,
1168 4299 1223 4347 et
1250 4291 1446 4383 safe“
1467 4292 1614 4383 illius
1638 4293 1784 4383 rThc‘
1886 4313 2082 4368 Ismael
2112 4314 2296 4367 occidit
2325 4313 2599 4369 Godoliam
2632 4315 2970 4383 et‘octoginla
3016 4316 3151 4367 viros
3192 4325 3368 4368 euntes
3411 4317 3464 4369 iu

210 4403 232 4435 ι
274 4385 598 4447 nehumeth,
641 4392 695 4439 et
738 4384 829 4437 ﬁlii
858 4382 1140 4451 Ophi,qui
1169 4390 1323 4435 erant
1373 4382 1438 4435 de
1465 4381 1783 4451 thophati,
1953 4383 2265 4445 Jerusalem,
2316 4383 2528 4437 saluati:
2588 4383 2760 4435 decem
2792 4381 2973 4439 {quit
3011 4383 3293 4436 Johannan
3346 4399 3461 4437 cum

212 4493 234 4525 ι
264 4472 519 4529 Jezonias
559 4473 701 4527 ﬁlius
753 4472 1016 4527 Maacbali
1043 4511 1057 4536 ,
1107 4471 1205 4539 ipsi
1242 4478 1297 4524 et
1332 4470 1429 4523 viri
1467 4485 1653 4524 eorum
1685 4485 1699 4522 :
1731 4479 1773 4522 el

1107 4471 1205 4539 ipsi
1242 4478 1297 4524 et
1332 4470 1429 4523 viri
1467 4485 1653 4524 eorum
1685 4485 1699 4522 ε
1731 4479 1786 4523 ει
1956 4463 2069 4505 oclo
2094 4454 2215 4505 viris
2242 4454 2295 4505 in
2326 4451 2638 4521 Afgyptum.

212 4584 232 4614 ε
263 4564 569 4631 juraviteis
598 4561 850 4617 Godolias
886 4561 1027 4615 ﬁlius
1057 4560 1302 4625 Abicam,
1335 4559 1426 4611 lilii
1464 4558 1701 4629 Sapban,
1730 4566 1784 4613 et
1812 4601 1861 4659 Β
1964 4584 1982 4615 ε
2013 4564 2079 4617 Et
2109 4562 2307 4617 factum
2348 4570 2430 4617 cst
2466 4563 2519 4615 in
2554 4578 2738 4617 mense
2784 4562 3060 4631 septimo;
3083 4564 3231 4617 venit
3275 4562 3465 4617 lsmacl

212 4675 232 4707 σ
262 4655 551 4709 comitibus
597 4669 804 4718 eorum,
865 4653 1049 4707 dicens
1081 4650 1293 4705 :Nolite
1343 4651 1533 4705 timere
1583 4651 1783 4706 servire
1812 4650 1853 4659 "
1893 4675 1911 4706 ι
1956 4655 2095 4708 ﬁlius
2139 4653 2415 4707 Nathauia:
2465 4652 2558 4706 lilii
2616 4653 2847 4707 Elisama
2901 4653 2965 4707 de
3014 4652 3215 4706 semine
3266 4652 3462 4722 regali,

212 4766 231 4797 ι
264 4743 551 4799 Οιιειιάεείε.
608 4743 857 4798 Habitate
881 4744 934 4796 in
979 4751 1119 4796 terra
1151 4750 1199 4795 et
1232 4740 1432 4797 servite
1468 4741 1578 4811 regi
1610 4741 1773 4812 Baby-
1894 4764 1910 4796 ι
1957 4752 2011 4798 et
2064 4744 2349 4812 optimates
2405 4742 2576 4817 regis,
2632 4750 2686 4795 et
2730 4741 3044 4801 decemviri
3092 4756 3212 4795 cum
3258 4755 3356 4805 eo,
3397 4742 3462 4795 ad

214 4854 233 4884 ι
274 4834 433 4899 Ionis,
457 4842 510 4887 et
534 4833 668 4886 bene
694 4832 797 4887 erit
823 4833 993 4887 vobis.
1022 4832 1160 4891 Ecce
1186 4831 1371 4887 habito
1421 4831 1473 4884 in
1519 4830 1782 4899 Maspbat,
1894 4852 1911 4883 ι
1957 4832 2235 4887 Godoliam
2272 4830 2437 4885 ﬁlium
2466 4830 2707 4884 Abicam‘
2732 4830 2787 4883 in
2832 4830 3096 4897 Masphat,
3124 4838 3177 4883 et
3214 4822 3462 4883 comede-

213 4944 232 4974 ε
272 4930 333 4976 ιιι
356 4920 707 4991 respondeam
732 4920 1417 4992 prmeepto'ClIaldeorum,
1446 4921 1537 4990 qui
1565 4921 1786 4973 mittun-
1895 4942 1912 4972 ‹
1956 4930 2081 4975 runt
2103 4920 2174 4974 ibi
2202 4935 2393 4990 panem
2426 4918 2582 4973 simul
2606 4920 2658 4973 in
2685 4918 2947 4989 Masphat.
2984 4919 3344 4991 surrexerunt
3369 4934 3464 4971 au-

213 5035 233 5065 ‹
271 5025 362 5068 tur
383 5014 451 5068 ad
471 5029 568 5069 nos
593 5032 605 5066 :
634 5014 744 5068 Vos
763 5022 940 5067 autem
966 5013 1195 5082 colligite
1218 5012 1629 5073 vindemiam,et
1653 5025 1786 5064 mcs—
1896 5032 1913 5062 ι
1960 5019 2067 5064 tem
2098 5008 2284 5063 lsmacl
2308 5006 2451 5061 ﬁlius
2475 5006 2756 5061 Natbanire
2785 5016 2838 5061 et
2861 5008 3041 5060 decem
3067 5007 3190 5071 viri,
3222 5006 3313 5075 qui
3340 5021 3459 5060 cum

217 5121 237 5154 ι
282 5116 423 5165 sem,
452 5110 507 5154 et
532 5101 728 5165 oleum,
772 5109 825 5155 et
852 5100 1063 5156 condite
1102 5101 1153 5153 in
1181 5100 1324 5153 vasis
1352 5100 1563 5163 vestris,
1593 5107 1647 5153 ct
1670 5114 1783 5169 ma-
1896 5119 1913 5150 ι
1960 5113 2024 5153 eo
2051 5106 2223 5161 erant,
2252 5105 2303 5150 et
2325 5106 2707 5166 percusserunt
2732 5095 3010 5151 Godoliam
3042 5096 3207 5149 lilium
3234 5094 3455 5151 Aliicam

216 5209 237 5240 ε
276 5198 400 5243 nete
429 5188 482 5242 in
512 5189 735 5243 urbibus
774 5190 991 5251 vestris,
1034 5200 1183 5257 quas
1210 5189 1421 5242 tenetis.
1459 5186 1563 5241 Sed
1594 5199 1649 5241 et
1670 5203 1785 5241 om-
1898 5208 1912 5240 ι
1958 5188 2051 5242 lilii
2099 5187 2314 5257 Sapban
2359 5187 2555 5256 gladio,
2615 5193 2669 5240 et
2712 5184 3097 5239 interfecerunt
3136 5199 3256 5238 eum
3299 5199 3460 5265 quenr

218 5298 237 5329 ι
276 5292 378 5332 nes
410 5275 597 5339 Judaei,
634 5278 725 5346 qui
766 5288 921 5332 erant
967 5278 1017 5330 in
1066 5278 1239 5347 Moab,
1288 5286 1342 5331 et
1380 5277 1432 5329 in
1492 5276 1614 5329 ﬁliis
1657 5276 1784 5329 Am-
1896 5300 1913 5331 ι
1956 5277 2268 5349 praefecerat
2296 5292 2390 5331 rex
2414 5276 2697 5346 Babylonis
2718 5284 2891 5329 terrae.
2923 5275 3120 5330 Omnes
3140 5278 3350 5343 quoque
3369 5272 3461 5327 Juo

218 5387 239 5421 ι
272 5383 422 5433 mon,
452 5373 506 5422 et
532 5368 584 5421 iu
613 5366 864 5431 ldumma,
907 5376 959 5421 et
1012 5368 1063 5419 in
1120 5367 1386 5421 lllllVCl‘SlS
1438 5366 1779 5434 regionibus:
1896 5369 2120 5432 ¢-d;cos,
2151 5368 2240 5436 qui
2278 5375 2575 5421 erantcum
2604 5366 2825 5420 Godolia
2857 5366 2909 5418 in
2940 5364 3201 5434 Maspltat,
3230 5374 3285 5419 et
3306 5364 3462 5418 Chal.

216 5476 239 5509 σ
273 5455 462 5513 audito
502 5458 644 5526 quod
684 5456 915 5511 dedisset
961 5472 1052 5509 rex
1106 5455 1389 5525 Babylonis
1435 5454 1688 5522 reliquias
1729 5454 1783 5506 in
1895 5479 1912 5510 ‹
1953 5459 2118 5523 άιεοε,
2146 5459 2239 5527 qui
2266 5458 2463 5527 reperti
2493 5465 2627 5529 sunt
2647 5458 2744 5520 ibi,
2776 5465 2829 5510 et
2864 5457 3007 5510 viros
3032 5455 3313 5509 bellatores
3334 5469 3459 5523 per-

217 5566 240 5601 (
276 5546 485 5611 Iudaea,
521 5556 576 5601 et
606 5548 747 5617 quod
792 5546 1172 5617 praeposuisset
1202 5561 1361 5615 super
1390 5560 1483 5599 eos
1509 5544 1787 5598 Godoliam
1893 5566 1911 5597 ι
1958 5547 2125 5601 cussit
2158 5546 2366 5601 lsmacl.
2401 5544 2649 5599 Secundo
2684 5552 2863 5597 autem
2896 5543 2980 5596 die
3007 5549 3291 5609 postquam
3322 5541 3463 5595 occi-

218 5655 241 5689 ι
277 5636 450 5689 ﬁlium
473 5636 698 5690 Abicam
744 5636 839 5690 ﬁlii
870 5636 1107 5706 Sapban,
1156 5635 1357 5690 reversi
1381 5642 1521 5696 sunt,
1550 5635 1788 5703 inquam,
1895 5654 1912 5686 ο
1960 5637 2111 5691 derat
2139 5634 2413 5689 Godoliam
2444 5633 2589 5688 nullo
2617 5634 2793 5687 adhuc
2815 5632 3042 5694 sciente,
3072 5637 3334 5684 venerunt
3359 5628 3461 5681 viri

220 5749 245 5778 ι
284 5742 475 5783 omnes
501 5726 669 5782 Judtei
694 5728 759 5781 de
783 5728 1045 5782 universis
1075 5727 1225 5789 locis,
1257 5728 1323 5781 ad
1371 5744 1489 5795 qua:
1542 5725 1791 5795 prolugc-
1896 5746 1911 5774 ι
1957 5722 2023 5778 de
2071 5720 2306 5785 Sicbem,
2333 5730 2387 5775 et
2420 5722 2486 5776 de
2523 5722 2655 5787 Silo,
2689 5730 2742 5775 et
2796 5719 2863 5774 de
2899 5719 3141 5774 Samaria
3190 5718 3462 5787 octoginta

220 5836 239 5867 σ
270 5827 423 5879 rant,
449 5825 502 5871 et
532 5826 787 5879 venerunt
822 5818 884 5872 ad
911 5816 1186 5871 Godoliam
1222 5818 1272 5869 in
1317 5827 1511 5871 terram
1563 5814 1694 5869 Juda
1739 5816 1787 5868 in
1898 5836 1912 5864 ι
1960 5814 2077 5876 viri,
2128 5814 2231 5867 rasi
2258 5812 2447 5879 barba,
2489 5822 2542 5867 ct
2572 5814 2753 5867 scissis
2786 5812 3021 5866 vestibus
3052 5817 3102 5865 ct
3134 5809 3462 5865 suualeutcs.
