3952 6326
514 371 649 431 1087

1185 374 1244 431 Β.
1287 374 1540 431 RABAN]
1578 373 1793 432 MAURI
1830 372 2149 429 ARClllEP.
2190 372 2500 432 MOGUNT.
2539 373 2827 431 OPERUM
2858 373 3039 429 PARS
3074 373 3161 429 Ill.

3638 376 3777 435 1088

516 513 537 549 σ
581 510 802 551 munera
826 503 881 549 et
912 494 1035 549 thus
1063 494 1334 550 trahebant
1361 496 1412 549 in
1443 509 1623 562 manu,
1652 504 1712 550 ut
1754 494 2012 550 offerrent
2031 492 2087 547 in
2114 493 2166 555 Α
2192 493 2356 549 etiam
2391 494 2612 547 minima
2643 492 2936 547 subtrahit.
2969 491 3123 548 Unde
3150 501 3205 547 et
3238 500 3387 549 recte
3428 493 3633 551 dictum
3657 504 3775 550 est:

516 603 537 639 ι
579 588 794 642 domum
820 585 1045 641 Domini.
1070 585 1333 656 Egressus
1352 600 1480 655 ergo
1502 585 1694 640 lsmael
1724 574 1863 639 ﬁlius
1888 582 2091 638 Natha—

515 694 536 729 ι
576 678 678 731 nire
703 677 757 731 in
788 691 1073 731 occursum
1110 690 1299 731 eorum
1343 678 1409 731 de
1450 675 1711 746 Masphat,
1759 674 2013 731 incedens
2039 682 2093 729 et

514 785 536 821 ι
579 768 796 838 plorans
824 766 954 820 ibat.
986 764 1120 820 Cum
1150 775 1329 821 autem
1358 766 1700 822 occurrisset
1735 766 1835 830 eis,
1864 766 1999 821 dixit
2024 766 2091 820 ad

514 878 535 910 σ
578 872 671 914 eos
698 875 710 911 :
746 858 936 913 Venite
958 858 1025 913 ad
1060 857 1341 914 Godoliam
1370 858 1537 912 ﬁlium
1570 858 1815 913 Ahicam.
1838 856 1938 924 Qui
1967 873 2089 912 cum

513 971 531 1003 ι
576 951 855 1009 venissent
873 952 938 1006 ad
960 951 1195 1005 medium
1216 952 1467 1016 civitatis,
1498 950 1763 1005 interfecit
1781 965 1875 1006 eos
1898 950 2089 1007 lsmael

514 1061 531 1093 ι
578 1043 719 1097 ﬁlius
758 1042 1040 1119 Nathania:
1085 1042 1229 1113 circa
1284 1042 1518 1096 medium
1562 1040 1664 1095 laci
1691 1081 1706 1106 ,
1752 1042 1865 1111 ipse
1899 1050 1954 1096 et
1987 1039 2089 1096 viri
2128 1044 2131 1045 ⁷

513 1152 531 1182 ι
576 1132 666 1201 qui
688 1140 990 1186 erantcum
1015 1146 1101 1185 eo.
1141 1132 1335 1185 Decem
1380 1138 1559 1184 autem
1587 1130 1691 1184 viri
1730 1130 1931 1200 reperti
1963 1140 2089 1185 sunt

512 1243 531 1273 ε
579 1222 719 1277 inter
745 1238 860 1288 eos,
886 1223 979 1292 qui
1004 1223 1252 1277 dixerunt
1297 1221 1364 1275 ad
1410 1219 1599 1274 lsmael
1633 1237 1646 1274 :
1685 1219 1801 1275 Noli
1842 1221 2087 1276 occidere

512 1334 529 1364 ι
579 1328 696 1379 nos,
720 1313 845 1383 quia
874 1313 1131 1367 habemus
1157 1310 1464 1382 thesaurum
1488 1310 1697 1389 inagro
1720 1310 1996 1377 frumenti,
2032 1318 2088 1365 et

513 1422 531 1456 ε
575 1406 760 1460 hordei
785 1414 842 1461 et
868 1405 972 1461 olei
1010 1414 1064 1459 et
1100 1404 1292 1460 mellis.
1325 1403 1393 1458 Et
1422 1403 1675 1467 cessavit,
1702 1410 1885 1457 etnon
1915 1400 2085 1455 inter-

511 1514 527 1545 ι
574 1496 703 1550 fecit
729 1502 823 1551 eas
861 1511 983 1553 cum
1013 1494 1268 1549 fratribus
1312 1494 1441 1549 suis.
1482 1491 1727 1572 › ((;νε9.)
1763 1491 1889 1546 Haec
1938 1490 2085 1547 fraus

508 1594 635 1641 tunc
656 1587 872 1656 quidem
902 1586 1243 1642 historialitet
1272 1600 1368 1655 per
1389 1583 1661 1639 lsmaelem
1690 1582 1833 1637 facta
1855 1591 1959 1647 est,
1990 1581 2085 1638 sed

506 1692 649 1731 nunc
675 1677 914 1747 quotidie
968 1676 1283 1747 Spiritaliter
1327 1691 1425 1746 per
1471 1675 1751 1742 antiquum
1781 1672 1989 1727 hostem
2028 1672 2085 1727 in

506 1768 707 1824 mundo
740 1770 937 1838 agitur.
972 1768 1258 1824 Sciendum
1283 1780 1409 1820 vero
1430 1775 1533 1830 est,
1554 1764 1700 1835 quod
1734 1764 1875 1820 bona
1898 1769 2085 1817 nostra

2200 603 2221 637 ι
2251 586 2341 656 qui
2372 601 2493 641 cum
2522 586 2797 641 venissent
2826 586 2892 640 ad
2927 586 3165 641 medium
3210 588 3453 644 civitatis
3508 589 3778 646 interfecit

2193 691 2307 731 eos.
2345 694 2365 729 ι
2398 674 2559 731 Viros
2588 690 2717 746 ergo
2753 676 2819 730 ad
2853 674 3128 750 oﬂ‘erenda
3157 675 3268 730 Deo
3297 694 3528 734 munera
3553 678 3773 734 venien-

2194 773 2293 830 tes,
2322 765 2376 819 in
2404 766 2584 821 medio
2608 766 2845 822 civitatis
2882 766 3159 831 interﬁcit,
3185 768 3312 836 quia
3358 770 3561 825 divinis
3586 769 3779 825 dedit:

2156 882 2157 887 π
2194 860 2353 930 rebus
2378 866 2605 923 mentes,
2644 857 2746 912 nisi
2782 874 2975 929 magna
3004 873 3062 913 se
3088 859 3577 929 circumspectione
3598 868 3780 917 custo-

2191 947 2361 1011 diant,
2386 948 2711 1018 surripiente
2746 948 2901 1003 hoste
2931 951 3058 1004 dum
3095 949 3397 1005 devotionis
3438 962 3659 1020 portant
3684 953 3778 1008 bo-

2188 1036 2372 1103 stiam,
2401 1038 2453 1092 in
2486 1038 2602 1107 ipso
2640 1037 2835 1092 itinere
2856 1039 3092 1108 perdunt
3124 1039 3293 1094 vitam
3328 1059 3340 1092 :
3369 1042 3447 1096 De
3488 1040 3646 1109 cujus
3684 1042 3782 1097 hor

2191 1127 2291 1181 stis
2323 1142 2483 1181 manu
2512 1142 2617 1181 non
2654 1126 2920 1193 evaditur,
2963 1128 3066 1183 nisi
3097 1129 3260 1185 citius
3286 1131 3355 1185 ad
3399 1132 3776 1201 paenitentiam

2189 1230 2517 1275 recurratur.
2555 1218 2682 1275 Inde
2721 1218 2830 1274 illic
2875 1219 3219 1290 subjungitur
3251 1242 3263 1275 :
3304 1242 3321 1273 ‹
3360 1222 3556 1278 Decem
3598 1234 3777 1281 autem

2187 1311 2289 1367 viri
2318 1313 2515 1381 reperti
2542 1320 2668 1366 sunt
2708 1312 2850 1366 inter
2890 1327 2984 1367 eos
3024 1313 3114 1382 qui
3146 1314 3400 1369 dixerunt
3426 1316 3497 1369 ad
3535 1315 3731 1372 lsmael
3762 1334 3775 1371 :

2187 1400 2307 1457 Noli
2329 1401 2579 1457 occidere
2617 1417 2734 1467 nos,
2758 1402 2888 1472 quia
2936 1404 3199 1458 habemus
3244 1405 3531 1462 thesauros
3562 1408 3618 1461 in
3651 1423 3780 1478 agro

2185 1490 2441 1546 frumenti
2470 1500 2527 1545 et
2549 1491 2735 1546 hordei
2762 1500 2817 1546 et
2837 1492 2939 1547 olei
2964 1501 3021 1548 et
3058 1494 3257 1559 mellis,
3306 1504 3361 1550 et
3410 1513 3520 1551 non
3578 1498 3779 1553 occidit

2183 1594 2297 1635 eos.
2338 1600 2356 1633 ι
2388 1579 2699 1636 Thesaurus
2721 1581 2918 1652 quippe
2944 1582 2998 1635 in
3029 1597 3177 1653 agro,
3202 1599 3325 1654 spes
3351 1585 3404 1639 in
3431 1588 3779 1656 paenitentia,

2185 1687 2307 1742 qua:
2331 1673 2458 1743 quia
2486 1689 2593 1729 non
2621 1674 2878 1739 cernitur,
2906 1662 3062 1745 quasi
3094 1675 3145 1730 in
3180 1686 3324 1731 terra
3348 1677 3530 1733 cordis
3552 1678 3779 1734 suffossa

2187 1763 2515 1818 continetur.
2548 1750 2650 1831 Qui
2673 1779 2803 1835 ergo
2827 1765 3113 1821 thesauros
3154 1767 3209 1821 in
3238 1783 3370 1838 agro
3398 1768 3639 1823 habuere
3665 1786 3780 1826 ser—

507 1857 683 1911 tribus
724 1858 896 1913 modis
924 1858 1174 1925 antiquus
1202 1855 1373 1911 hostis
1404 1854 1728 1925 insequitur,
1753 1862 1813 1906 ut
1839 1851 2086 1907 videlicet
2114 1842 2161 1901 Β
2188 1856 2296 1909 vati
2322 1863 2477 1921 sunt,
2502 1856 2627 1926 quia
2655 1864 2778 1926 post
2806 1856 3086 1913 incautelae
3111 1872 3223 1913 sua:
3247 1859 3441 1914 vitium
3480 1862 3548 1914 ad
3578 1860 3779 1916 lamen-

509 1948 611 2003 hoc
635 1948 777 2017 quod
807 1956 1013 2003 rectum
1037 1962 1219 2003 coram
1246 1946 1558 2002 hominibus
1577 1945 1776 2015 agitur,
1807 1943 1861 1998 in
1889 1942 2085 1999 interni

500 2033 700 2105 judicia
719 2045 1008 2106 conspectu
1031 2037 1269 2091 vitietur.
1291 2034 1592 2104 Aliquando
1618 2046 1849 2102 namque
1868 2032 1922 2086 in
1943 2032 2087 2087 bono

506 2143 670 2198 opere
695 2128 1049 2184 intentionem
1074 2128 1283 2198 polluit,
1314 2135 1374 2179 ut
1406 2140 1566 2181 omne
1583 2124 1728 2193 quod
1757 2122 1970 2178 actione
1996 2123 2101 2177 se-'

506 2222 713 2290 quitur,
742 2236 809 2276 eo
840 2230 1045 2291 purum
1084 2218 1447 2288 mundumque
1486 2232 1594 2272 non
1631 2223 1827 2281 exstat,
1851 2230 1959 2284 quo
1984 2215 2087 2270 hoc

506 2312 579 2366 ab
613 2312 820 2383 origine
870 2313 1168 2383 perturbat.
1216 2311 1521 2381 Aliquando
1569 2308 1917 2365 intentionem
1958 2308 2088 2365 boni

486 2399 686 2471 operis
739 2402 933 2456 vitiare
972 2416 1078 2457 non
1125 2400 1400 2471 praevalet,
1431 2398 1527 2455 sed
1578 2399 1631 2453 in
1684 2400 1798 2469 ipsa
1842 2398 2087 2463 actione,

507 2489 664 2559 quasi
692 2489 747 2544 in
777 2489 971 2545 itinere
996 2491 1235 2561 opponit,
1270 2498 1330 2545 ut
1366 2505 1489 2544 cum
1525 2489 1859 2560 propositum
1894 2487 2090 2544 mentis

508 2581 753 2637 sewrlor
776 2582 1008 2656 quisque
1054 2582 1328 2653 egreditur
1360 2579 1642 2648 subjuncto
1669 2580 1896 2634 latenter
1930 2578 2088 2645 vitio,

509 2673 667 2745 quasi
694 2690 762 2731 ex
788 2675 998 2731 insidiis
1022 2675 1317 2744 perimatur
1346 2672 1695 2743 :‘Aliquando
1728 2686 1859 2728 vero
1883 2686 1983 2727 nec
2007 2670 2091 2725 iri-'-

510 2766 805 2822 tentionem
835 2767 1011 2831 vitiat,
1046 2782 1145 2820 nec
1168 2766 1221 2819 in
1260 2764 1453 2818 itinere
1482 2763 1808 2833 supplantat,
1836 2763 1928 2818 sed
1952 2778 2089 2832 opus

509 2858 709 2913 bonum
749 2856 801 2911 in
834 2856 942 2911 ﬁne
962 2857 1191 2911 actionis
1220 2855 1493 2925 illaqueat.
1524 2852 1657 2921 Quia
1678 2854 1822 2908 enim
1843 2853 1981 2907 bene
2002 2853 2089 2907 in-

511 2948 833 3005 choantibus
866 2949 1088 3003 subesse
1110 2947 1164 3000 in
1192 2947 1383 3001 itinere
1405 2945 1626 3015 laqueos
1644 2943 1928 2999 Psalmista
1954 2958 2085 2998 con-

512 3047 784 3108 spexerat,
813 3046 961 3095 recte
987 3038 1304 3108 prophetico
1352 3036 1542 3105 plenus
1586 3034 1779 3104 spiritu
1828 3033 2043 3088 dicebat
2072 3050 2085 3086 :

511 3128 569 3184 In
594 3130 679 3185 via
722 3130 826 3185 hac
873 3144 979 3200 qua
1012 3126 1347 3188 ambulabant
1400 3125 1797 3181 absconderant
1836 3124 2085 3193 laqueum

512 3212 664 3275 mihi.
688 3218 1003 3287 Quod’bene
1028 3232 1091 3271 ac
1122 3216 1392 3272 subtiliter
1416 3214 1677 3269 Jeremias
1698 3213 1954 3268 insinuat.
1984 3210 2087 3277 Qui

512 3309 639 3364 dum
670 3316 824 3378 gesta
854 3306 987 3362 foris
1009 3304 1214 3361 referre
1240 3305 1465 3368 studuit,
1488 3318 1608 3373 qua:
1632 3303 1776 3357 intus
1798 3300 1938 3371 apud
1960 3315 2089 3356 nos—

512 3394 774 3465 metipsos
816 3403 1072 3466 gerantur
1119 3393 1395 3457 indicavit,
1450 3392 1635 3446 dicens
1686 3410 1698 3445 :
1748 3410 1766 3442 ι
1815 3390 2091 3445 Venerunt

510 3488 786 3558 octoginta
810 3488 909 3542 viri
932 3488 999 3543 de
1025 3487 1263 3552 Sichem,
1288 3494 1343 3541 et
1372 3486 1437 3540 de
1483 3484 1616 3551 Silo,
1643 3493 1697 3539 et
1743 3484 1810 3539 de
1844 3483 2089 3538 Samaria

511 3578 837 3643 rasibarba,
868 3587 922 3634 et
948 3579 1131 3634 scissis
1154 3578 1391 3641 vestibus
1430 3577 1755 3646 squalentes,
1782 3591 2007 3635 munera
2033 3583 2089 3630 et

514 3670 640 3725 thus
681 3670 950 3741 habebant
975 3672 1029 3725 in
1058 3686 1237 3733 manu,
1260 3679 1319 3723 ut
1346 3668 1603 3745 offerrent
1645 3668 1698 3722 in
1735 3668 1953 3723 domum
1985 3667 2089 3721 Do-

516 3759 668 3813 mini.
691 3758 957 3829 Egressus
1006 3767 1181 3813 autem
1211 3758 1401 3814 lsmael
1440 3759 1579 3813 ﬁlius
1610 3758 1890 3811 Nathanice
1924 3757 1975 3811 in
2004 3771 2091 3811 oc-

512 3862 731 3902 cursum
762 3862 949 3902 eorum
976 3848 1040 3901 de
1065 3848 1325 3915 Masphat,
1354 3848 1606 3901 incedens
1631 3854 1685 3902 et
1712 3846 1930 3916 plorans
1953 3846 2085 3899 ibat.

513 3936 755 4006 Cumque
778 3938 1102 3991 occurrisset
1132 3938 1230 4001 eis,
1261 3938 1394 3990 dixit
1416 3938 1478 3990 ad
1500 3952 1629 3992 eos:
1668 3937 1853 3992 Venite
1884 3938 1949 3990 ad
1975 3936 2084 3991 Go—

514 4025 711 4080 doliam
732 4025 898 4079 ﬁlium
925 4026 1164 4080 Ahicam.
1193 4026 1292 4093 Qui
1320 4044 1440 4081 cum
1462 4026 1732 4081 venissent
1760 4026 1825 4080 ad
1852 4025 2086 4081 medium

513 4113 752 4168 civitatis
777 4112 1048 4169 interfecit
1076 4131 1186 4171 eos.
1225 4136 1243 4167 ι
1275 4117 1720 4186 Barbamquippe
1742 4117 1961 4181 radunt,
1992 4118 2085 4186 qui

514 4206 613 4260 sibi
640 4207 707 4261 de
729 4208 961 4277 propriis
990 4209 1195 4263 viribus
1238 4209 1486 4264 ﬁduciam
1522 4210 1863 4263 subtrahunt.
1897 4209 2087 4263 Vestes

515 4295 799 4364 scindunt,
830 4297 921 4368 qui
960 4299 1308 4369 sibimetipsis
1339 4300 1609 4354 interioris
1638 4300 1850 4355 decoris
1876 4300 2083 4354 lacera-

517 4386 719 4441 tionem
746 4403 851 4443 non
888 4398 1137 4457 parcunt.
1168 4390 1411 4444 Olilaturi
1444 4393 1497 4445 in
1526 4393 1687 4447 domo
1724 4391 1933 4446 Domini
1964 4392 2086 4447 tlius

517 4483 571 4528 et
609 4490 832 4530 munera
862 4477 1101 4541 veniunt,
1129 4479 1217 4545 qui
1248 4480 1504 4533 exhibere
1527 4494 1585 4534 se
1614 4480 1668 4533 in
1697 4480 1788 4533 Dei
1819 4481 2084 4536 sacriﬁcio

516 4565 815 4620 orationem
862 4581 984 4621 cum
1029 4565 1282 4637 operibus
1317 4570 1633 4638 pollicentur
1660 4588 1671 4623 :
1698 4571 1791 4624 sed
1834 4580 2011 4625 tamen
2039 4574 2082 4627 si

515 4666 573 4705 se
600 4653 651 4704 in
678 4652 791 4721 ipsa
816 4662 1014 4708 sancttc
1038 4655 1338 4709 devotionis
1362 4656 1444 4708 via
1466 4665 1621 4709 caute
1647 4655 1834 4709 nolunt
1853 4657 2084 4711 circum-

514 4746 742 4816 spicere,
757 4746 947 4801 lsmael
972 4747 1251 4801 Nathania:
1266 4746 1403 4800 ﬁlius
1418 4747 1471 4801 in
1488 4762 1672 4811 eorum
1696 4763 1980 4801 occursum
1994 4765 2086 4803 ve-

516 4841 594 4893 nit
624 4854 639 4893 :
671 4840 809 4911 quia
827 4840 1078 4915 nimirum
1105 4841 1329 4909 quilibet
1357 4841 1624 4911 malignus
1646 4841 1868 4909 spiritus
1889 4842 2087 4911 prioris

515 4930 620 4993 sui,
639 4928 853 4983 Satana:
882 4930 1142 4993 videlicet,
1160 4930 1399 5000 exemplo
1427 4932 1477 4984 in
1502 4932 1765 5000 superbia:
1786 4948 1969 4987 errore
1992 4950 2084 5003 ge-

515 5025 735 5072 neratus
758 5056 772 5082 ,
804 5032 862 5071 se
899 5018 965 5071 ad
994 5019 1238 5087 laqueum
1265 5022 1497 5087 deponit.
1532 5023 1605 5075 De
1640 5037 1747 5091 quo
1784 5033 1839 5078 et
1868 5024 2096 5090 benedi-_

514 5108 692 5162 citur:
723 5128 740 5158 ι
774 5107 1027 5163 incedens
1056 5118 1109 5163 et
1137 5110 1350 5177 plorans
1380 5112 1487 5163 ihat
1521 5129 1533 5164 :
1578 5132 1594 5162 ›
1624 5114 1746 5181 quia
1780 5123 1838 5166 ut
1862 5114 2087 5169 devotas

513 5196 723 5252 mentes
768 5198 1077 5251 interimere
1122 5198 1361 5253 feriendo
1401 5199 1708 5268 prmvaleat,
1740 5204 2086 5272 semetipsum

512 5276 668 5356 quasi
702 5288 801 5340 sub
830 5287 1091 5341 velamine
1117 5287 1327 5341 virtutis
1356 5289 1603 5352 occultat,
1632 5299 1685 5342 et
1714 5291 1835 5343 dum
1863 5307 2087 5345 concor-

512 5380 727 5432 dare‘se
754 5393 880 5431 vere
929 5377 1229 5447 lugentibus
1286 5379 1520 5442 simulat,
1554 5380 1621 5431 ad
1666 5380 1845 5433 cordis
1900 5381 2082 5434 intima

510 5468 755 5523 securius
799 5468 1091 5533 admissus,
1126 5469 1226 5522 hoc
1258 5470 1399 5537 quod
1441 5470 1583 5523 intus
1611 5470 1675 5523 de
1722 5463 1916 5524 virtute
1958 5470 2083 5525 latet

510 5559 727 5623 occidit,
759 5560 883 5628 quia
922 5559 1234 5628 plerumque
1271 5576 1328 5613 se
1360 5562 1582 5627 spondet
1621 5560 1687 5613 ad
1724 5560 1911 5613 altiora
1960 5576 2081 5628 pro-

509 5654 726 5706 vehere.
764 5651 912 5706 Unde
936 5650 1129 5705 dixisse
1163 5652 1471 5719 perhibetur
1498 5668 1508 5702 :
1548 5670 1563 5697 α
1596 5650 1783 5703 Venite
1814 5650 1881 5703 ad
1906 5650 2080 5705 Codo-

515 5741 638 5795 liam
670 5740 834 5795 ﬁlium
860 5741 1080 5795 Alricum
1112 5756 1123 5793 :
1160 5760 1173 5791 ι
1209 5750 1367 5809 atque
1409 5741 1532 5795 dum
1564 5740 1762 5810 majora
1789 5740 2073 5809 promittit,

2189 1952 2302 1998 tum
2340 1944 2585 2010 redeunt,
2618 1960 2721 2001 nec
2759 1947 2901 2017 capti
2927 1948 3251 2002 moriuntur.
3288 1950 3423 2005 Cum
3464 1967 3597 2007 vero
3637 1952 3777 2006 anti-

2187 2047 2327 2103 quus
2358 2033 2536 2089 hostis
2575 2050 2752 2105 neque
2780 2037 2833 2090 in
2863 2036 3087 2092 exordio
3136 2034 3451 2093 intentionis
3496 2038 3647 2106 ferit,
3680 2055 3777 2095 ne-

2187 2138 2293 2192 que
2318 2123 2373 2178 in
2405 2124 2597 2181 itinere
2625 2127 2853 2182 actionis
2875 2128 3172 2199 intercipit,
3204 2130 3451 2185 duriores
3481 2132 3535 2185 in
3567 2131 3674 2185 ﬁne
3694 2130 3777 2185 hr-

2188 2227 2355 2282 queos
2388 2216 2642 2270 ostendit.
2676 2217 2847 2283 Quem
2877 2226 3029 2273 tanto
3052 2220 3279 2288 nequius
3307 2220 3546 2284 obsidet,
3574 2232 3777 2291 quanto

2188 2306 2363 2361 solum
2391 2307 2494 2363 sibi
2540 2308 2869 2381 remansisse
2897 2310 2966 2362 ad
2998 2308 3372 2378 decipiendum
3405 2310 3643 2365 videtur.
3670 2310 3777 2367 Hos

2188 2411 2423 2467 namque
2450 2397 2543 2452 ﬁni
2575 2414 2672 2452 suo
2695 2398 2917 2467 laqueos
2943 2400 3217 2468 appositos
3254 2400 3517 2469 propheta
3547 2412 3775 2471 conspe-

2188 2495 2367 2552 xerat,
2389 2502 2513 2543 cum
2549 2488 2759 2543 dicebat
2793 2505 2805 2542 :
2844 2506 2863 2537 ε
2900 2487 3005 2558 1ρεί
3028 2487 3343 2559 caleaneum
3389 2503 3571 2543 meum
3596 2489 3780 2545 obser-

2189 2576 2581 2648 vabunt(Psal.
2612 2579 2721 2648 LV).
2759 2598 2778 2633 ι
2807 2577 2942 2645 Quia
2972 2578 3115 2632 enim
3157 2578 3211 2632 in
3249 2578 3509 2634 calcaneo
3548 2578 3671 2634 ﬁnis
3693 2588 3775 2636 est

2189 2665 2475 2736 corporis:
2513 2667 2642 2735 quid
2694 2683 2792 2737 per
2845 2668 2991 2722 hunc
3041 2668 3144 2722 nisi
3196 2669 3461 2723 terminus
3511 2669 3777 2741 ﬁguratur

2188 2756 2450 2811 actionis?
2478 2756 2607 2812 Sive
2634 2772 2763 2827 ergo
2793 2757 3013 2827 maligni
3067 2759 3307 2827 spiritus,
3342 2759 3458 2813 sive
3499 2763 3655 2828 pravi
3684 2761 3776 2816 bo»

2189 2848 2364 2903 mines
2395 2846 2611 2904 illorum
2655 2850 2920 2918 superbiae
2952 2843 3211 2919 sequaces
3238 2850 3555 2905 caleaueum
3591 2852 3774 2908 obser-

2190 2939 2396 2993 vabunt
2437 2955 2451 2991 :
2486 2953 2609 2992 cum
2662 2939 2890 2993 actionis
2948 2938 3101 2993 bonae
3160 2938 3323 2994 ﬁnem
3383 2940 3585 3003 vitiare
3632 2942 3775 2997 desi-

2188 3030 2403 3085 derant.

2266 3138 2285 3171 ι
2315 3117 2488 3175 Lacus
2519 3128 2699 3175 autem
2740 3120 2795 3174 in
2824 3134 2985 3189 quem
3011 3119 3315 3190 projeeerat
3349 3121 3546 3177 lsmael
3594 3124 3778 3179 omnia

2197 3224 2215 3258 r
2261 3208 2523 3263 cadavera
2560 3209 2823 3275 virorum,
2854 3224 2990 3278 quos
3037 3212 3305 3280 percussit
3343 3221 3567 3283 propter
3599 3213 3779 3270 Codo-

2194 3315 2214 3349 ι
2257 3297 2407 3364 liam,
2434 3299 2548 3368 ipse
2582 3308 2665 3355 est
2694 3314 2855 3368 quem
2886 3298 3015 3355 fecit
3058 3316 3152 3356 rex
3194 3300 3302 3356 Asa
3340 3311 3563 3373 propter
3603 3304 3776 3360 Baasa

2196 3409 2215 3443 ι
2264 3406 2445 3461 regem
2494 3391 2680 3447 Israel.
2728 3392 2906 3463 Ipsum
2962 3393 3191 3463 replevit
3259 3393 3451 3449 lsmael
3497 3395 3716 3450 occisis.
3752 3416 3773 3450 ι

2190 3483 2480 3555 (Μιιυιιυδ.)
2516 3483 2715 3539 Narrat
2757 3483 2894 3539 liber
2919 3484 3127 3555 Regum
3168 3483 3291 3555 (III
3328 3484 3459 3556 Reg.
3488 3487 3601 3559 xv),
3633 3488 3778 3557 quod

2187 3574 2359 3654 Baasa
2386 3589 2481 3629 rex
2508 3573 2674 3630 Israel
2721 3574 3025 3630 ascenderit
3064 3574 3118 3628 in
3160 3573 3423 3641 Iudaeam,
3459 3586 3514 3632 et
3540 3578 3780 3633 aediﬁca-

2186 3664 2326 3720 verit
2354 3663 2526 3718 Rama
2551 3672 2738 3718 utnon
2764 3664 3215 3734 possitquispiam
3240 3666 3422 3736 egredi
3443 3666 3525 3722 vel
3545 3668 3776 3740 ingredi,

2188 3754 2254 3808 de
2278 3760 2431 3821 parte
2448 3752 2555 3807 Asa
2584 3754 2726 3822 regis
2747 3751 2915 3808 Judze.
2935 3748 3088 3820 Quod
3110 3754 3334 3811 audiens
3354 3757 3462 3811 Asa
3486 3773 3581 3813 rex
3604 3758 3776 3827 Judaa,

2188 3843 2338 3898 misit
2364 3843 2432 3897 ad
2459 3843 2709 3919 Benedab
2749 3859 2931 3915 regem
2959 3845 3150 3917 Syriae,
3178 3845 3412 3903 offerens
3446 3849 3523 3904 illi
3553 3866 3778 3907 munera

2188 3931 2341 3985 multi
2368 3930 2424 3985 in
2450 3946 2583 3987 auro
2603 3942 2659 3986 et
2682 3941 2926 4003 argento,
2942 3940 3001 3986 ut
3024 3932 3389 4003 disrumperet
3411 3936 3589 3994 foedus
3630 3941 3776 4009 quod

2188 4022 2376 4076 habuit
2400 4037 2523 4076 cum
2553 4022 2725 4077 Baasa
2753 4039 2877 4093 rege
2897 4024 3087 4089 lsrael,
3112 4033 3167 4079 et
3192 4025 3361 4081 ferret
3385 4029 3485 4083 sibi
3517 4030 3775 4087 auxilium

2188 4119 2376 4166 contra
2405 4126 2549 4166 eum.
2588 4111 2691 4178 Qui
2724 4113 2873 4167 misit
2910 4115 3180 4185 principes
3202 4120 3477 4173 exercitus
3505 4121 3587 4175 sui
3615 4122 3667 4175 in
3698 4125 3776 4179 ci-

2187 4202 2383 4257 vitates
2416 4203 2597 4269 lsrael,
2647 4211 2702 4259 et.
2738 4218 3127 4275 percusserunt
3168 4208 3400 4276 Achion,
3454 4220 3510 4267 et
3554 4214 3691 4279 Dan,
3719 4222 3777 4269 et

2186 4291 2338 4357 Abel,
2362 4292 2579 4347 domum
2621 4293 2864 4360 Maacha,
2918 4306 2974 4351 et
3023 4299 3271 4353 universa
3298 4301 3628 4369 Cenneroth,
3657 4321 3774 4360 om-

2188 4396 2310 4435 nem
2346 4381 2552 4437 scilicet
2588 4390 2787 4437 terram
2823 4384 3111 4455 Neptalim.
3156 4389 3309 4455 Quod
3358 4409 3483 4448 cum
3535 4396 3774 4451 audisset

2190 4471 2358 4524 Baasa
2382 4470 2672 4526 intermisit
2698 4473 2968 4530 mdiﬁcare
2998 4476 3191 4544 Rama,
3220 4488 3277 4532 et
3310 4496 3560 4537 reversus
3598 4493 3680 4539 est
3718 4487 3777 4541 in

2191 4568 2391 4615 terram
2420 4576 2592 4614 suam.
2620 4560 2733 4617 Rex
2758 4572 2937 4618 autem
2967 4565 3075 4619 Asa
3110 4555 3359 4622 nuntium
3390 4554 3529 4625 misit
3560 4573 3617 4627 in
3650 4590 3771 4629 om.

2189 4664 2311 4703 nem
2334 4649 2549 4716 Judam,
2579 4660 2637 4705 ut
2666 4668 2823 4707 nemo
2862 4654 2935 4708 sit
2978 4669 3269 4713 excusatus
3296 4676 3313 4713 :
3340 4659 3409 4714 Et
3438 4662 3671 4719 tulerunt
3695 4664 3775 4719 ia-

2188 4741 2339 4810 pides
2364 4741 2530 4795 Rama
2550 4752 2604 4797 ct
2632 4744 2809 4813 lingua
2831 4746 2948 4813 ejus
2965 4747 3161 4813 quibus
3182 4749 3542 4807 :ediﬁeaverat
3560 4753 3729 4809 Baasa
3753 4771 3768 4808 :

2188 4839 2242 4885 et
2264 4832 2531 4886 exstruxit
2556 4834 2622 4887 de
2652 4835 2858 4889 eisdem
2890 4850 2987 4890 rex
3018 4836 3147 4903 Asa,
3171 4837 3375 4903 Gabaa,
3416 4840 3691 4912 Benjaniin
3716 4857 3769 4899 et

2191 4922 2455 4991 Masphat.
2486 4923 2598 4979 Hoc
2653 4935 2755 4991 est,
2795 4928 2937 4995 quod
2975 4944 3115 4983 nunc
3164 4930 3315 4996 dicit,
3367 4931 3540 4988 laeum
3578 4934 3775 4992 fecisse

2188 5012 2293 5066 Asa
2318 5023 2536 5084 propter
2560 5015 2727 5069 Baasa
2760 5031 2939 5086 regem
2984 5018 3169 5085 lsrael,
3198 5016 3357 5089 quem
3388 5022 3575 5079 lsmael
3599 5026 3768 5096 reple-

2188 5105 2265 5158 vit
2290 5106 2501 5160 occisis.
2526 5105 2705 5160 Potuit
2725 5108 2869 5161 enim
2892 5107 3010 5163 ﬁeri
3040 5120 3095 5162 ut
3128 5111 3269 5166 inter
3297 5121 3492 5167 cetera
3518 5117 3765 5183 aediﬁcia,

2188 5212 2307 5266 qua!
2332 5198 2437 5251 Asa
2469 5215 2562 5253 rex
2586 5190 2889 5254 construxit
2920 5200 2974 5255 in
3005 5201 3269 5272 Masphat,
3305 5203 3497 5259 fecerit
3524 5208 3663 5263 hunc
3689 5209 3756 5263 la-

2188 5302 2309 5341 cum
2334 5304 2491 5358 quem
2518 5289 2796 5359 Scriptura
2820 5301 3205 5348 commemorat
3230 5311 3244 5346 :
3274 5305 3495 5365 propter
3518 5312 3651 5367 opus
3670 5299 3765 5353 ali-

2191 5379 2333 5448 quod
2366 5380 2750 5434 neeessarium.
2788 5378 3011 5450 Mystice
3042 5394 3223 5437 autem
3254 5398 3621 5455 quoscunque,
3658 5389 3765 5457 spi-

2189 5468 2361 5523 ritalis
2383 5468 2573 5523 lsmael
2604 5468 2751 5522 ferus
2774 5476 2829 5524 et
2854 5471 3107 5538 crudelis,
3140 5472 3291 5540 cujus
3320 5490 3511 5531 manus
3546 5476 3767 5547 erigitur

2187 5569 2375 5616 contra
2404 5576 2613 5627 omnes,
2645 5570 2700 5614 et
2740 5576 2955 5633 semper
2994 5563 3062 5617 ad
3092 5566 3390 5619 nocendum
3422 5576 3640 5635 paratus
3662 5578 3759 5629 est.

2188 5653 2308 5707 dolo
2338 5653 2419 5708 vel
2462 5652 2649 5706 fraude
2684 5652 3033 5723 interfecerit,
3084 5656 3138 5711 in
3184 5656 3361 5712 lactnu
3403 5658 3674 5729 sulphuris
3709 5668 3765 5715 et

2189 5746 2323 5815 ignis
2344 5744 2527 5801 :etcrni
2559 5744 2931 5814 pr.ccipitabit.

3894 932 3899 1191 ἴ
