3952 6312
173 340 318 400 I089

1062 338 1426 398 EXPOSITIO
1465 337 1690 396 SUPER
1730 336 2095 395 JEltEMIAM.
2134 372 2201 382 —-
2237 340 2363 396 LIB.
2409 339 2541 398 XIV.

3301 341 3438 397 1090

250 472 273 509 ι
311 454 380 510 Et
410 454 652 524 captivas
682 453 834 508 duxit
862 453 1051 508 lsmael
1075 467 1266 508 omnes
1297 453 1552 523 reliquias
1583 454 1761 525 populi
1792 460 1844 520 Λ
1874 471 1893 507 ι
1935 463 2024 511 eet
2052 456 2173 512 illos
2203 475 2215 510 :
2247 466 2302 512 et
2323 458 2607 512 amicietur
2643 465 2787 512 terra
2824 457 3062 530 Egypti,
3093 457 3233 514 sicut
3259 459 3445 515 amici-

169 567 202 605 ί
243 551 338 622 qui
365 549 595 606 erantin
629 548 890 617 Maspbat,
919 549 1056 603 filias
1089 550 1231 619 regis
1259 557 1316 603 et
1337 549 1648 605 universum
1671 565 1766 619 po—

170 659 202 695 (
240 641 430 712 pulum
467 639 559 708 qui
617 647 952 694 remanserat
982 640 1035 693 in
1098 639 1382 708 Masphat,
1437 654 1572 708 quos
1620 654 1766 694 com-

172 750 201 783 τ
245 731 601 785 mendaverat
624 727 983 784 Naliuzardan
1012 729 1265 798 princeps
1299 728 1501 782 militia!
1528 728 1765 785 Codolim

175 837 202 870 ‹
249 817 363 873 tilio
386 819 636 890 Ahicam,
664 827 717 871 et
752 819 896 888 cepit
933 832 1025 872 eos
1055 817 1412 873 lsmael.filins
1441 818 1762 874 Nathanize.:

180 928 201 961 ι
248 919 304 964 et
326 911 459 964 abiit
496 920 557 964 ut
597 909 852 963 transiret
881 909 946 962 ad
979 907 1115 962 filios
1143 908 1396 962 Ammon.
1426 907 1643 963 Audivit
1671 925 1765 963 au-

179 1017 204 1050 c
251 1008 357 1053 tem
408 997 694 1054 Johannan
749 999 888 1053 filius
920 998 1128 1064 Careae,
1178 1007 1234 1054 et
1280 1014 1469 1054 omnes
1496 1000 1766 1070 principes

180 1109 201 1140 ι
249 1088 593 1152 bellatorum,
625 1089 714 1158 qui
739 1096 893 1142 erant
934 1102 1055 1143 cum
1087 1102 1171 1156 eo,
1212 1103 1372 1144 omne
1402 1089 1601 1143 malum
1627 1089 1769 1158 quod

179 1195 201 1228 ι
249 1175 455 1230 fecerat
475 1176 665 1231 lsmael
704 1176 843 1230 filius
875 1176 1176 1242 Nathaniaa,
1217 1186 1270 1234 et
1321 1179 1610 1248 assumptis
1645 1179 1767 1233 uni-

179 1286 202 1319 ι
252 1270 424 1323 versis
447 1269 600 1333 viris,
627 1267 854 1337 profecti
901 1277 1026 1324 sunt
1075 1277 1136 1323 ut
1180 1268 1445 1324 bellarent
1483 1270 1769 1326 adversum

180 1377 203 1408 ς
248 1358 439 1414 Ismael
464 1357 630 1412 filium
657 1358 961 1423 Natbaniae,
1000 1379 1020 1412 ι
1053 1368 1107 1414 et
1137 1357 1360 1429 reliqua.
1386 1359 1639 1431 Captivas
1667 1362 1767 1416 du-

173 1448 256 1503 cit
281 1447 471 1502 Ismael
491 1449 748 1517 reliquias
770 1448 974 1518 populi,
991 1448 1080 1517 qui
1103 1449 1331 1504 erantin
1355 1449 1621 1520 Masphat,
1645 1467 1770 1506 cum

175 1539 454 1610 malignus
482 1539 704 1609 spiritus
735 1540 918 1594 fideles
943 1541 1232 1609 quoslibet,
1257 1542 1345 1610 qui
1373 1550 1528 1598 erant
1559 1543 1613 1597 in
1637 1559 1770 1599 con-

177 1630 531 1700 templatione
560 1638 614 1684 et
643 1629 990 1686 meditatione
1024 1631 1157 1699 legis
1198 1631 1315 1698 Dei,
1355 1631 1438 1686 vel
1471 1633 1523 1686 in
1554 1635 1770 1702 speculo

176 1719 459 1781 virtutum,
495 1721 800 1774 seduceudo
829 1721 972 1777 vitiis
1001 1723 1316 1798 corrumpit,
1346 1732 1508 1792 atque
1532 1725 1770 1793 peccatis

1872 563 1892 597 ‹
1939 551 2024 599 tur
2049 556 2232 615 pastor
2259 546 2421 616 pallio
2441 561 2537 601 suo
2557 587 2572 610 ,
2599 557 2653 602 ct
2688 548 2999 622 egredietur
3036 548 3160 604 inde
3205 549 3259 603 in
3288 563 3445 620 pace,

1873 653 1892 687 ε
1936 643 1991 690 et
2023 645 2270 693 conteret
2300 645 2509 692 statuas
2535 640 2723 695 domus
2750 640 2899 705 solis,
2929 655 3048 708 quae
3070 648 3195 694 sunt
3223 640 3275 694 in
3300 649 3454 703 terra,

1873 743 1893 775 ι
1921 724 2154 798 Ᾰοίεγριί
2196 744 2209 780 :
2255 735 2310 782 et
2353 727 2575 782 delubra
2625 729 2844 783 deormn
2900 729 3114 800 [Egypti
3169 731 3448 786 eomburet

1874 835 1893 867 (
1934 815 2063 886 igni.
2103 836 2122 869 i
2155 817 2449 888 (MAURUS.)
2481 818 2633 872 Hanc
2683 818 2864 888 fugam
2903 821 3250 891 reliquiarum
3281 820 3460 876 Israew

1868 903 1999 958 litici
2030 905 2229 974 populi,
2264 916 2320 962 et
2349 907 2638 961 transitum
2672 916 2860 961 contra
2891 910 3111 963 verbum
3149 911 3360 964 Domini
3391 911 3445 982 in

1868 991 2180 1062 Egyptum,
2220 1010 2382 1064 quam
2432 996 2519 1050 hic
2567 995 2828 1064 propheta
2876 995 3136 1052 Jeremias
3167 999 3240 1053 'in
3276 1000 3447 1054 tribus

1869 1081 2136 1151 capitulis,
2175 1083 2278 1138 hoc
2307 1092 2409 1150 est,
2441 1086 2492 1138 in
2522 1094 2740 1140 centum
2765 1085 3152 1154 quinquaginta
3196 1099 3444 1156 quatuor,

1867 1178 1923 1225 et
1967 1179 2186 1225 centum
2222 1174 2604 1244 quinquaginta
2652 1175 2910 1244 quinque,
2953 1183 3008 1230 et
3052 1185 3267 1231 centum
3297 1179 3451 1246 quina

1867 1263 2123 1334 quaginta
2151 1277 2270 1328 sex,
2299 1263 2455 1334 longa
2495 1266 2804 1320 narratione
2846 1266 3081 1322 retexuit
3112 1285 3124 1321 :
3157 1266 3283 1322 olim
3326 1274 3450 1322 ante

1867 1350 2034 1406 Isaias
2065 1352 2316 1422 praedixit
2346 1367 2360 1406 :
2392 1353 2494 1408 hoc
2538 1360 2653 1430 est,
2694 1365 2906 1410 centum
2937 1356 3326 1428 quinquaginta
3355 1374 3450 1411 an-

1868 1444 1975 1508 nis,
2027 1443 2120 1514 qui
2163 1442 2383 1498 fuerunt
2425 1443 2567 1498 inter
2623 1443 2811 1498 lsaiam
2849 1454 2902 1500 et
2941 1445 3251 1501 Jeremiam.
3305 1447 3452 1502 Scri—

1868 1541 2019 1603 ptum
2048 1541 2133 1587 est
2159 1533 2305 1586 enim
2354 1532 2428 1586 ita
2478 1532 2532 1587 in
2578 1533 2715 1587 libro
2766 1533 2915 1587 Isaiae
2958 1537 3230 1604 prophetat
3265 1554 3276 1590 :
3307 1557 3324 1588 ‹
3359 1538 3451 1592 Vae

1870 1620 1965 1675 filii
1990 1621 2316 1685 desertores,
2338 1620 2467 1676 dicit
2489 1621 2768 1686 Dominus,
2794 1631 2850 1675 ut
2879 1621 3122 1678 faceretis
3141 1625 3448 1690 consilium,

1870 1719 1927 1765 et
1950 1725 2056 1765 non
2086 1727 2152 1766 ex
2179 1724 2267 1766 me
2305 1729 2319 1765 :
2347 1722 2404 1768 et
2427 1712 2741 1780 ordiremini
2773 1714 2954 1776 telam,
2982 1724 3037 1769 et
3079 1732 3182 1771 nou
3202 1733 3305 1787 per
3341 1719 3453 1787 spi-

175 1807 422 1879 obligat;
449 1824 547 1864 nec
584 1825 691 1863 non
720 1818 776 1864 et
801 1809 938 1866 filias
965 1813 1129 1882 regis,
1160 1792 1264 1869 hoc
1302 1824 1406 1879 est,
1433 1792 1640 1870 animas
1666 1831 1766 1869 no-
1798 1792 1844 1853 Β
1873 1801 2037 1856 Pilum
2061 1817 2261 1867 meum,
2282 1811 2342 1870 ιιι
2366 1804 2636 1860 addemus
2660 1797 2942 1875 Peccatum
2968 1819 3128 1876 ειψετ
3148 1817 3446 1877 Ρθοεθιηηιν

176 1899 339 1965 biles,
366 1901 562 1970 quibus
601 1901 794 1956 Petrus
822 1903 898 1956 ait
930 1920 943 1955 :
981 1922 998 1954 ι
1036 1904 1144 1958 Vos
1182 1905 1313 1960 estis
1351 1920 1523 1975 genus
1562 1906 1768 1976 regium

175 2000 238 2047 et
286 1991 623 2047 sacerdotale
655 1992 707 2062 (Ι
751 1991 896 2047 Petr.
930 1993 1014 2066 ιι).
1051 2013 1070 2046 ι
1104 1995 1175 2051 Ut
1217 1983 1509 2051 transferat
1554 1998 1674 2053 illas
1702 1997 1770 2052 ad

180 2080 326 2137 filios
363 2080 618 2147 Ammon,
653 2083 743 2151 qui
785 2083 1173 2153 interpretatur
1203 2087 1383 2157 populi
1425 2089 1680 2154 mmroris,
1715 2097 1772 2143 et

178 2188 281 2229 eos
323 2173 617 2243 participes
650 2182 704 2227 et
734 2174 911 2229 socios
936 2173 1104 2229 faciat
1136 2176 1456 2245 perditionis
1491 2178 1770 2232 damnato-

180 2277 308 2316 rum
353 2271 406 2316 et
435 2262 487 2316 in
518 2277 753 2317 moerere
800 2262 1134 2332 sempiterno
1162 2265 1598 2320 consistentium.
1630 2266 1770 2323 Con-

177 2361 268 2407 tra
300 2365 460 2421 quem
488 2348 775 2405 Johannan
804 2351 948 2405 filius
969 2351 1174 2417 Careae,
1206 2361 1261 2406 et
1283 2368 1471 2410 omnes
1498 2355 1770 2425 principes

176 2432 525 2507 bellatorum,
543 2442 634 2511 qui
659 2450 786 2496 sunt
809 2456 932 2497 cum
953 2456 1040 2506 eo,
1063 2441 1426 2513 confliguntur
1451 2458 1572 2505 cum
1595 2445 1775 2499 docto-

180 2549 274 2590 res
301 2533 474 2588 sancti
502 2539 557 2586 et
579 2532 837 2585 virtutum
861 2531 965 2584 viri
990 2532 1162 2601 gratia
1187 2540 1241 2588 et
1271 2532 1642 2588 misericordia
1674 2533 1771 2588 Dei

176 2624 497 2690 confortati,
553 2624 696 2693 quod
741 2632 898 2678 sonat
934 2621 1202 2688 Jollanna,
1262 2633 1451 2679 contra
1504 2625 1772 2694 nequitias

177 2716 456 2788 spiritales
494 2715 779 2786 pugnando
832 2715 1096 2769 reducunt
1145 2715 1532 2784 captivitatem,
1585 2723 1639 2769 et
1677 2730 1774 2785 per

178 2810 559 2882 paenitentiam
583 2816 745 2877 atque
767 2807 1156 2861 correctionem
1179 2807 1382 2862 erroris
1402 2807 1484 2861 sui
1512 2807 1774 2862 reducunt

178 2914 309 2956 eam
343 2899 408 2953 ad
435 2907 675 2952 sanctam
707 2896 1005 2952 Ecclesiam
1040 2912 1054 2950 :
1085 2907 1146 2949 ut
1168 2896 1259 2964 qui
1289 2896 1621 2978 praedaverat
1643 2911 1774 2951 con-

179 2989 341 3045 fusus
369 2989 622 3045 abscedat
649 3007 662 3043 :
693 2998 748 3044 et
783 2987 1172 3057 captivitatem,
1201 3001 1360 3055 quam
1402 2987 1596 3054 injuste
1623 2996 1771 3042 tene-

177 3081 301 3146 bat,
330 3088 615 3150 superatus
635 3079 870 3134 amittat.
912 3077 1080 3133 Sicut-
1100 3077 1245 3131 enim
1274 3077 1405 3132 dicit
1434 3077 1725 3147 Apostolus
1754 3096 1766 3132 :

187 3189 210 3224 σ
250 3171 506 3226 Resistite
535 3170 771 3236 diabolo,
806 3177 861 3224 et
903 3168 1070 3241 fugite
1109 3183 1142 3222 a
1184 3170 1338 3224 nobis
1364 3169 1578 3241 (Ephes.
1611 3170 1708 3242 vr).
1748 3189 1766 3221 ›

262 3281 284 3316 ι
314 3262 459 3317 Tulit
478 3276 604 3333 ergo
628 3260 910 3316 Johannan
940 3259 1080 3314 filius
1098 3259 1300 3324 Careze,
1333 3267 1390 3314 et
1417 3274 1605 3315 omnes
1627 3260 1774 3330 prin-

186 3369 213 3406 σ
257 3352 410 3423 cipes
440 3352 779 3416 bellatorum,
811 3350 900 3420 qui
929 3359 1229 3405 erantcum
1257 3365 1344 3414 eo,
1383 3351 1666 3406 universas
1690 3368 1774 3407 re-

187 3461 211 3495 c
255 3441 454 3512 liquias
475 3441 639 3512 vulgi,
655 3457 791 3512 quas
819 3442 1107 3497 reduxerat
1129 3442 1196 3495 ab
1217 3440 1440 3496 lsmaele
1454 3441 1564 3497 filio
1578 3441 1772 3496 Natha-

185 3554 208 3586 c
258 3533 460 3603 nizedc
488 3532 753 3602 Maspbat,
790 3543 1074 3602 postquam
1104 3532 1371 3603 percussit
1406 3533 1684 3588 Godoliam
1711 3533 1774 3587 fi-

188 3647 209 3678 ι
257 3602 390 3680 lium
432 3625 678 3689 Ahicam,
711 3624 877 3679 fortes
920 3625 1066 3680 viros
1091 3602 1159 3679 ad
1201 3624 1466 3694 praelium,
1495 3633 1550 3679 et
1577 3625 1771 3680 mulie-

187 3735 210 3768 ι
255 3731 363 3778 res,
430 3724 484 3770 et
527 3731 747 3784 pueros,
776 3723 829 3771 et
856 3716 1134 3782 eunuchos
1179 3730 1316 3784 quos
1373 3715 1660 3771 reduxerat
1707 3715 1774 3770 de

186 3825 208 3858 ι
254 3804 498 3869 Gabaon,
525 3812 580 3859 et
617 3805 886 3871 abierunt,
911 3815 966 3861 et
1003 3807 1260 3860 sederunt
1293 3807 1700 3875 peregrinantes
1720 3806 1773 3860 in

188 3914 211 3947 ι
253 3893 533 3959 Chanaan,
565 3881 683 3963 qua:
709 3905 790 3949 est
807 3894 959 3965 juxta
990 3894 1261 3950 Bethleem
1287 3911 1302 3948 :
1327 3905 1385 3949 ut
1412 3904 1697 3966 pergerent
1718 3905 1774 3950 et

189 4004 211 4036 ο
262 3984 546 4039 introirent
567 3983 856 4056 [Egyptum
904 4001 935 4039 a
985 3985 1121 4041 faeie
1168 3987 1562 4042 Chaldaeorum.
1589 3987 1772 4042 Time-

189 4092 211 4127 α
255 4075 390 4130 bant
420 4073 562 4129 enim
590 4089 704 4138 eos,
731 4076 855 4144 quia
889 4085 1232 4145 percusserat
1275 4077 1466 4132 Ismael
1496 4077 1637 4134 filius
1663 4077 1771 4131 Na-

189 4164 230 4217 c'
263 4165 466 4220 thania:
487 4164 764 4220 Godoliam
811 4165 976 4219 filium
1003 4166 1249 4231 Aiebam,
1281 4181 1440 4235 quem
1471 4182 1776 4236 praeposue-

189 4274 212 4308 ι
255 4264 342 4310 rat
373 4268 465 4310 rex
496 4254 782 4326 Babylonis
826 4256 878 4310 in
921 4263 1064 4310 terra
1090 4256 1223 4312 Inda
1245 4298 1260 4322 ,
1288 4266 1420 4321 etc.,
1454 4277 1471 4308 ι
1505 4273 1674 4326 usque
1704 4257 1772 4311 ad

183 4363 316 4404 eum
345 4346 520 4403 locum
548 4346 639 4403 ubi
665 4348 924 4418 scriptum
959 4357 1039 4402 est
1058 4349 1111 4402 in
1143 4349 1317 4418 capite
1352 4365 1502 4404 xuii.

629 4506 856 4562 CAPUT
895 4505 1031 4560 XLII
1056 4521 1124 4561 ET
1152 4504 1334 4559 XLIII.

187 4637 430 4707 Rogatur
476 4634 735 4707 Jeremins
790 4635 1058 4690 consulere
1092 4635 1443 4707 pro_reliquis
1487 4635 1768 4707 Dominum

259 4705 310 4778 é}
335 4706 626 4778 respondet,
651 4706 1029 4778 nolileintrare
1054 4707 1110 4759 in
1147 4705 1453 4778 ﬂgypl'um.
1481 4705 1560 4778 De
1605 4705 1768 4778 verbis

259 4774 512 4830 Ieremia
552 4775 621 4828 ad
669 4775 934 4843 populum,
990 4791 1141 4843 quem
1192 4774 1476 4828 J'ohannan
1523 4775 1665 4843 ducit
1713 4775 1767 4827 in

261 4841 870 4913 Afgypmm:l_eremias
913 4841 1384 4913 ascendithlapides
1430 4844 1485 4895 in
1538 4841 1767 4912 Taphnis

259 4904 420 4982 super
443 4929 573 4982 quos
603 4911 676 4965 ait
699 4921 939 4966 venturos
972 4927 1140 4982 regem
1153 4904 1456 4981 Babylonis.

269 5081 290 5114 ‹
336 5059 475 5115 Ecce
497 5074 596 5130 ego
624 5057 833 5112 mittam
869 5067 923 5113 et
958 5074 1229 5114 assumam
1275 5059 1769 5115 Nabuchodonosor

192 5173 214 5205 ‹
264 5166 445 5222 regem
476 5149 761 5220 Babylonis
802 5165 1019 5204 servum
1052 5167 1250 5214 meum,
1279 5160 1333 5205 et
1376 5167 1572 5220 ponam
1617 5153 1766 5207 thro-

192 5265 214 5296 ι
259 5257 391 5298 num
442 5239 557 5308 ejus
587 5255 748 5310 super
773 5240 978 5310 lapides
1012 5240 1143 5295 istos
1187 5255 1325 5310 quos
1375 5241 1628 5294 abscondi
1668 5251 1770 5296 :et

192 5354 216 5386 ‹
261 5339 470 5388 statuet
500 5330 693 5386 solium
734 5345 890 5386 suum
931 5345 1096 5401 super
1123 5345 1237 5386 eos.
1267 5331 1608 5400 Veniensque
1640 5347 1767 5402 per-

194 5443 217 5476 c
258 5421 430 5478 eutiet
461 5428 665 5475 terram
698 5419 937 5492 Egypti,
968 5434 1104 5489 quos
1135 5420 1189 5475 iri
1218 5428 1410 5486 morte,
1440 5420 1493 5474 in
1520 5431 1764 5484 mortem,

195 5529 218 5563 α
263 5517 322 5566 et
345 5524 481 5578 quos
510 5510 562 5563 in
590 5509 919 5579 captivitate,
959 5509 1014 5563 in
1040 5509 1426 5578 captivitatem,
1457 5519 1510 5564 et
1549 5525 1686 5578 quos
1717 5511 1769 5563 in

193 5621 216 5652 ς
261 5579 457 5671 gladio,
483 5598 535 5653 in
561 5599 793 5669 gladium
820 5617 832 5653 :
862 5607 917 5655 et
942 5600 1231 5655 succendet
1260 5601 1435 5672 ignem
1460 5603 1511 5654 in
1534 5601 1773 5656 delubris

193 5712 216 5744 ι
261 5692 486 5748 deomm
511 5688 749 5762 Egypti,
787 5699 837 5745 et
878 5691 1157 5747 comburet
1201 5706 1285 5758 ea,
1313 5701 1365 5747 et
1412 5691 1653 5761 captivos
1678 5691 1773 5747 du-

1796 4465 1849 4524 D

1875 1891 1968 1961 qui
2025 1890 2315 1947 ambulatis
2350 1902 2410 1947 ut
2441 1894 2776 1951 descendatis
2833 1896 2884 1950 in
2929 1897 3253 1968 Egj'ptiim,
3300 1906 3355 1953 et
3391 1914 3454 1952 os

1875 1996 2053 2036 meum
2094 1997 2197 2036 non
2230 1983 2602 2054 interrogastis
2627 2002 2640 2038 :
2667 1996 2948 2055 sperantes
2975 1988 3231 2043 auxilium
3264 1990 3316 2043 in
3345 1988 3452 2043 for-

1873 2070 2100 2124 titudine
2144 2070 2462 2139 Pharaonis,
2509 2083 2564 2128 et
2604 2075 2866 2131 habentes
2895 2075 3143 2131 fiduciam
3175 2077 3228 2131 in
3256 2079 3447 2132 umbra

1873 2159 2090 2230 [Egypti
2122 2179 2136 2215 :
2168 2161 2238 2216 Et
2275 2162 2382 2218 erit
2414 2164 2566 2218 vobis
2614 2163 2868 2220 fortitudo
2897 2165 3207 2230 Pharaonis,
3240 2167 3293 2229 in
3324 2183 3452 2222 con-

1872 2251 2161 2319 fusionem,
2210 2261 2266 2308 et
2291 2255 2486 2310 fiducia
2515 2257 2719 2312 umbra:
2746 2255 2963 2328 Egypti
2991 2258 3044 2312 in
3079 2258 3448 2329 ignominiam.

1873 2343 2053 2400 [erant
2092 2346 2234 2400 enim
2277 2347 2332 2401 in
2378 2345 2618 2418 Taphnis
2651 2347 2922 2417 principes
2960 2348 3059 2413 tui,
3095 2356 3150 2403 et
3174 2352 3343 2404 nuntii
3374 2350 3450 2405 tui

1875 2453 2046 2507 usque
2073 2440 2139 2494 ad
2160 2438 2410 2509 Taphnes
2431 2450 2795 2511 pervenerunt
2825 2461 2837 2494 :
2870 2440 3070 2498 Omnes
3097 2442 3304 2497 confusi
3327 2451 3454 2498 sunt

1872 2542 2036 2596 super
2064 2529 2280 2599 populo,
2322 2529 2414 2600 qui
2463 2533 2541 2586 eis
2589 2531 2846 2602 prodesse
2893 2547 2997 2588 non
3045 2542 3316 2601 poterant,
3343 2550 3450 2588 non

1874 2620 2103 2690 fuerunt,
2124 2621 2177 2676 in
2206 2621 2466 2678 auxilium
2493 2631 2549 2677 et
2576 2623 2628 2678 in
2656 2623 2890 2692 aliquam
2933 2624 3244 2690 utilitatem,
3277 2627 3370 2682 sed
3401 2625 3453 2682 in

1872 2709 2334 2766 confusionem‘et
2374 2713 2719 2782 opprobrium
2761 2713 2896 2784 (lsa.
2932 2714 3090 2785 xxx).
3122 2734 3139 2765 ι
3181 2701 3450 2787 (Hieron)

1874 2798 2124 2856 Praedicit
2152 2800 2296 2856 enim
2324 2801 2605 2857 historiam
2630 2804 2787 2868 hanc,
2813 2820 2973 2874 quam
3005 2805 3058 2860 in
3088 2804 3336 2862 Jcremia:
3358 2821 3452 2860 vo-

1873 2890 2076 2946 lumine
2129 2891 2388 2963 legimus,
2441 2895 2655 2963 quando
2707 2895 2965 2951 subversa
3013 2893 3345 2963 Jerusalem,
3398 2909 3453 2954 et

1874 2982 2124 3036 omnibus
2152 2980 2211 3054 in,
2232 2981 2557 3053 Babylonem
2582 2984 2774 3054 opibus
2796 2986 3239 3057 principibusque
3275 2995 3452 3042 trans-

1878 3069 2021 3134 latis,
2054 3071 2372 3141 praepositus
2397 3080 2484 3128 est
2511 3072 2594 3127 vir
2630 3074 2762 3142 regii
2801 3075 3016 3144 generis
3041 3076 3129 3130 his
3157 3076 3246 3146 qui
3281 3076 3332 3131 in
3359 3078 3453 3132 Ju-

1876 3159 1989 3214 daea
2020 3168 2392 3215 remanserant
2438 3161 2692 3217 Godolias
2729 3163 2870 3218 filius
2904 3164 3173 3220 Ahicam:
3210 3167 3326 3235 Quo
3355 3185 3467 3238 per,

1873 3247 2056 3302 dolum
2078 3263 2202 3304 cum
2227 3249 2488 3306 Chaldaeis
2509 3253 2672 3307 sociis
2687 3253 3008 3320 interfecto,
3035 3270 3226 3312 omnes
3251 3259 3451 3326 princi-

1871 3354 1969 3409 pes
1987 3337 2324 3403 bellatorum,
2356 3347 2411 3395 et
2445 3339 2727 3395 Johannan
2771 3341 2908 3396 filius
2935 3341 3140 3409 Careaz,
3169 3354 3222 3400 et
3258 3343 3452 3401 Jeclio-

1873 3428 1992 3482 nias
2033 3428 2178 3483 IIIIIIS
2208 3428 2371 3495 Osiae,
2403 3438 2459 3484 et
2493 3430 2756 3500 reliquum
2807 3432 3056 3502 vulgusa
3083 3448 3252 3504 parvo
3277 3450 3450 3505 usque

1872 3521 1939 3575 ad
1961 3533 2236 3591 magnum,
2270 3532 2619 3577 accesserunt
2661 3522 2730 3576 ad
2772 3521 3062 3580 Jcremiam
3106 3526 3447 3594 prophetam,

1872 3615 1928 3664 et
1964 3609 2218 3665 dixerunt
2241 3609 2290 3665 ei
2317 3627 2329 3663 :
2360 3628 2378 3661 ε
2411 3609 2579 3665 Cadat
2631 3611 2808 3674 oratio
2849 3618 3034 3678 nostra
3065 3612 3125 3687 in
3158 3626 3446 3684 conspectu

1876 3714 1989 3770 tuo,
2020 3712 2074 3758 et
2095 3719 2193 3759 ora
2218 3718 2316 3774 pro
2352 3703 2510 3760 nobis
2552 3707 2621 3760 ad
2664 3705 2949 3760 Dominum
2991 3705 3157 3761 Deum
3184 3714 3330 3767 tuum
3354 3724 3452 3776 pro

1875 3793 2144 3849 universis
2169 3793 2412 3864 reliquiis
2442 3793 2580 3858 istis,
2613 3795 2736 3864 quia
2773 3794 2942 3849 relicti
2973 3810 3159 3852 sumus
3205 3800 3362 3866 pauci
3388 3782 3454 3853 de

1873 3883 2116 3954 pluribus
2143 3883 2442 3938 sicutoeuli
2475 3883 2554 3958 tui
2581 3898 2678 3937 nos
2713 3883 2993 3938 intuentur
3034 3901 3047 3937 :
3091 3894 3146 3940 et
3170 3887 3455 3942 annuntiet

1875 3974 2028 4028 nobis
2053 3973 2310 4028 Dominus
2334 3973 2475 4029 Deus
2499 3982 2623 4029 tuus
2643 3974 2808 4039 viam,
2832 3988 2932 4042 per
2953 3988 3114 4044 quam
3142 3991 3450 4047 pergamus,

1874 4071 1929 4118 et
1953 4062 2172 4117 verbum
2198 4063 2341 4132 quod
2380 4061 2663 4120 faciamus.
2699 4083 2717 4115 ι
2748 4062 2990 4134 Cumque
3029 4063 3294 4121 Jeremias
3333 4078 3456 4135 post

1875 4154 2060 4209 decem
2083 4152 2198 4208 dies
2235 4168 2302 4208 ex
2337 4166 2587 4209 sermone
2632 4155 2844 4209 Domini
2897 4156 3298 4225 respondisset:
3326 4157 3451 4212 llaec

1875 4244 2006 4300 dicit
2035 4244 2294 4299 Dominus
2318 4243 2460 4298 Deus
2495 4243 2657 4298 Israel
2683 4257 2697 4296 :
2728 4242 2785 4298 Si
2816 4244 3159 4313 quiescentes
3184 4247 3449 4300 manseri-

1875 4332 1944 4387 tis
1990 4333 2043 4386 in
2093 4342 2235 4387 terra
2294 4333 2400 4388 hac
2452 4332 2731 4389 aedificabo
2764 4349 2878 4399 vos,
2923 4344 2980 4390 et
3008 4350 3115 4390 non
3158 4331 3447 4402 dcs'truam,

1873 4419 2123 4489 plantabo
2149 4428 2204 4474 et
2234 4435 2340 4476 non
2363 4421 2584 4476 evellam
2614 4439 2628 4475 :
2655 4423 2909 4492 quoniam
2944 4423 3184 4495 placatus
3210 4442 3328 4481 sum
3357 4443 3450 4482 su-
3474 4465 3476 4467 ›

1873 4526 1969 4581 per
1998 4510 2140 4566 malo
2159 4512 2301 4581 quod
2332 4510 2432 4566 feci
2461 4512 2630 4567 vobis.
2661 4511 2835 4567 Nolite
2863 4514 3054 4570 timere
3081 4529 3111 4568 a
3140 4514 3276 4570 facie
3306 4517 3446 4586 regis

1873 4597 2179 4669 Babylonis,
2211 4614 2368 4668 quem
2406 4615 2500 4654 vos
2522 4599 2696 4668 pavidi
2723 4600 3023 4656 formidatis
3055 4621 3066 4655 :
3098 4602 3164 4656 Et
3191 4613 3311 4673 post
3336 4620 3451 4662 mo-

1872 4690 2090 4745 dicum:
2122 4688 2180 4745 Si
2223 4699 2402 4764 autem
2435 4691 2677 4746 dixeritis
2728 4707 2834 4746 non
2884 4692 3190 4750 habitamus
3221 4696 3272 4749 in
3301 4706 3440 4751 terra

1872 4780 1997 4846 ista,
2035 4789 2089 4836 et
2118 4781 2404 4850 posueritis
2449 4779 2641 4836 faciem
2684 4791 2941 4847 vestram,
2970 4792 3028 4837 ut
3073 4784 3446 4854 iugrediamini

1871 4871 2184 4944 Egyptum,
2223 4882 2278 4927 et
2325 4873 2654 4928 intraveritis
2697 4881 2756 4928 ut
2799 4873 2872 4929 ibi
2921 4875 3194 4941 habitetis,
3238 4876 3448 4947 gladius

1877 4977 2034 5031 quem
2061 4977 2153 5016 vos
2179 4960 2480 5020 fermidatis
2511 4962 2580 5017 ibi
2618 4964 3034 5032 comprehendet
3054 4979 3172 5030 vos,
3198 4973 3254 5020 et
3280 4965 3448 5023 fames

1876 5065 1972 5119 pro
2006 5065 2110 5119 qua
2135 5050 2266 5105 estis
2295 5038 2504 5106 sollicﬁi
2533 5054 2823 5107 adhaerebit
2861 5053 3012 5108 vobis
3038 5055 3091 5109 in
3115 5053 3370 5127 Aigypto,
3393 5066 3450 5112 et

1877 5142 1948 5195 ibi
1992 5142 2315 5197 moriemini.
2354 5163 2371 5195 ι
2405 5143 2919 5214 Responderuntque
2958 5145 3062 5200 viri
3109 5147 3324 5217 superbi
3368 5148 3447 5202 di-

1877 5240 2058 5286 centes
2086 5220 2155 5287 ad
2179 5232 2463 5288 Jercmiam
2489 5251 2501 5286 :
2536 5252 2552 5284 ι
2587 5233 2918 5289 Mendacium
2941 5235 3194 5306 loqueris,
3219 5252 3324 5292 non
3347 5238 3450 5292 nii-

1876 5324 1946 5378 sit
1977 5332 2027 5379 te
2048 5324 2308 5379 Dominus
2351 5324 2492 5380 Deus
2540 5335 2745 5389 noster,
2799 5326 2986 5383 dicens
3016 5345 3030 5380 :
3063 5327 3140 5383 Ne
3177 5328 3449 5398 ingredia-

1873 5413 2007 5466 mini
2044 5413 2334 5483 {Egyptum
2385 5421 2443 5466 ut
2470 5414 2720 5471 habitetis
2749 5416 2876 5481 illic,
2909 5416 3004 5472 sed
3031 5416 3243 5473 Barnch
3299 5417 3446 5475 filius

1874 5505 2079 5562 Neeria:
2109 5505 2350 5560 incitavit
2396 5513 2448 5560 te
2482 5505 2764 5562 adversum
2796 5522 2894 5561 nos
2921 5521 2936 5560 :
2964 5516 3024 5562 ut
3054 5509 3229 5564 tradat
3254 5524 3352 5564 nos
3389 5511 3444 5565 in

1873 5597 2122 5653 manibus
2144 5595 2540 5662 Chaldxeorum,
2576 5605 2634 5651 ut
2678 5596 3006 5652 interficiant
3044 5613 3161 5662 nos,
3186 5607 3242 5652 et
3265 5606 3446 5655 trans-

1875 5690 2000 5745 duci
2031 5688 2230 5744 faciant
2265 5688 2316 5741 in
2345 5687 2690 5758 Babylonem.
2733 5708 2749 5741 ι
2784 5689 3023 5758 Denique
3057 5704 3246 5745 omnes
3287 5693 3443 5761 prin-
