3952 6320
532 350 663 407 1091

1166 342 1223 399 Β.
1270 339 1518 398 RABANI
1550 334 1772 392 .MAURI
1813 332 2127 389 ARCHIEP.
2173 326 2477 387 MOGUNT.
2518 324 2799 384 OPERUM
2836 316 3011 383 PARS
3046 326 3131 382 III.

3637 317 3765 374 1093

515 464 667 535 cipes
695 462 895 533 populi,
929 457 1172 527 reliquiis
1201 453 1561 526 congregatis,
1613 466 1735 534 cum
1778 448 2094 502 mulieribus
2121 453 2168 510 A
2197 446 2369 500 minus
2393 458 2525 535 esse,
2563 442 2780 513 Ᾱὲεῐριί
2812 441 3103 535 (ξῘ-νίιίδφωο
3133 454 3231 535 Ριξο
3260 452 3371 535 Ἧο
3420 437 3766 535 Septuaginta

517 530 756 623 parvulis
768 530 832 606 et
857 549 1068 604 ﬁliabus
1096 547 1259 617 regis,
1297 560 1405 599 non
1448 530 1727 598 audientes
1754 552 1942 593 vocem
1984 538 2092 592 Do-

517 642 649 698 mini
677 639 905 710 ingressi
928 644 1055 692 sunt
1079 636 1389 706 Egyptum,
1413 631 1702 701 assumptis
1737 642 1919 684 secum
1945 625 2096 680 εἰει-θ-

518 732 626 787 mia
672 740 728 786 et
754 729 966 784 Baruch
989 768 1003 793 ,
1041 735 1096 781 et
1135 731 1503 781 convenerunt
1538 722 1593 777 in
1624 721 1901 790 Taphnes,
1937 718 2009 771 ita
2036 726 2097 772 ut

517 817 780 874 Jeremias
828 816 883 871 in
914 816 1125 886 signum
1171 812 1502 883 captivitatis
1536 810 1715 865 futura
1746 808 2098 878 prophetaret

522 916 711 962 contra
755 906 1148 961 inobedientem
1190 902 1465 972 populum,
1492 915 1557 955 ea
1595 913 1714 969 quae
1764 901 1820 953 in
1857 898 1996 951 libro
2032 895 2095 949 il-

519 996 625 1053 lius
653 995 1016 1051 continentur.
1051 992 1205 1059 Quod
1245 992 1407 1061 igitur
1446 998 1633 1061 postea
1689 988 1929 1043 futurum
1977 992 2095 1040 erat

522 1094 648 1141 ante
682 1098 856 1139 annos
888 1083 1084 1137 multos
1116 1081 1441 1151 praedicitur,
1470 1086 1523 1133 et
1547 1078 1851 1133 desertores
1880 1073 1972 1128 ﬁlii
2004 1089 2097 1143 ap-

516 1172 808 1245 pellantur,
833 1173 924 1241 qui
948 1171 1161 1225 deserto
1191 1168 1413 1223 consilio
1440 1166 1559 1232 Dei,
1582 1167 1727 1235 quod
1766 1168 2095 1233 acceperant

518 1280 616 1335 per
637 1262 947 1335 Ieremiam,
980 1275 1133 1315 suam
1176 1257 1343 1313 secuti
1367 1267 1495 1312 sunt
1531 1256 1886 1319 voluntatem,
1917 1260 1972 1307 et
2007 1267 2091 1306 or-

517 1354 617 1416 diti
644 1353 804 1409 telam
833 1366 937 1406 non
965 1365 1060 1420 per
1085 1348 1333 1418 spiritum
1357 1346 1474 1411 Dei,
1496 1346 1586 1424 qni
1634 1359 1699 1399 ex
1725 1342 1972 1397 Jeremiae
1998 1357 2095 1397 ore

517 1442 761 1499 sonabat.
792 1423 1032 1497 orditam
1065 1449 1209 1493 tuam
1257 1437 1419 1493 telam
1448 1442 1790 1510 μεταφορικῶς
1814 1434 2011 1503 posuit,
2037 1440 2098 1488 ut

515 1544 743 1598 pravum
770 1528 1467 1584 consilium‘demonstraret
1494 1542 1507 1577 :
1538 1532 1594 1579 et
1621 1525 1724 1579 hoc
1748 1522 2013 1586 fecerunt,
2036 1531 2097 1577 ut

515 1630 736 1691 peccata
759 1619 987 1689 pristina
1018 1625 1275 1688 augerent
1303 1624 1524 1686 peccato
1554 1612 1973 1684 contemptionis
1998 1628 2095 1668 su-

516 1710 734 1781 perbize.
766 1710 867 1775 Qui
896 1708 1265 1771 descendistis,
1300 1708 1490 1775 inquit,
1525 1706 1576 1760 in
1601 1705 1917 1777 1Egyptum,
1952 1712 2006 1759 et
2033 1718 2096 1758 os

2195 534 2529 603 interpretati
2564 541 2739 587 sunt:
2774 550 2792 583 ι
2824 529 3010 607 Nuntii
3056 530 3274 599 pessimi
3317 528 3521 583 frustra
3564 526 3767 582 labora-

2193 611 2366 679 bunt:
2408 622 2499 691 qui
2531 621 2717 675 conﬁsi
2760 628 2884 675 sunt
2920 634 3080 688 super
3119 620 3375 689 p0pulum
3403 617 3649 690 Egypti,
3678 620 3766 688 qui

2194 714 2275 770 eis
2300 714 2553 783 prodesse
2593 727 2699 779 non
2745 711 2939 781 potuit,
2974 717 3027 765 et
3069 698 3283 764 fuerunt
3328 711 3380 763 in
3422 708 3765 780 opprobrium

2195 803 2602 873 sempiternum.
2637 820 2657 853 ι
2702 800 2931 867 Quidam
2958 800 3103 854 hunc
3143 799 3317 854 locum
3358 808 3546 853 contra
3584 798 3766 853 decem

2196 895 2365 949 tribus
2402 894 2457 947 in
2499 891 2742 967 Samaria
2794 891 3053 960 scriptum
3088 896 3299 960 putant,
3337 887 3479 956 quod
3510 888 3579 942 ab
3606 887 3768 958 Egy-

2193 982 2317 1052 ptiis
2341 980 2535 1035 auxilia
2557 978 2911 1049 postulantes,
2926 986 3095 1046 capta
3116 978 3222 1032 sint
3242 976 3311 1032 ab
3332 974 3588 1045 Assyriis.
3609 974 3769 1027 Juxta

2196 1068 2544 1140 tropologiam
2581 1080 2789 1129 omnes,
2846 1066 2937 1134 qui
2977 1065 3071 1119 Dei
3119 1064 3383 1134 religione
3434 1070 3764 1131 contempta,

2194 1166 2539 1214 revertuntur
2576 1154 2642 1209 ad
2669 1156 2926 1209 vomitum
2974 1169 3130 1208 suum
3159 1153 3341 1222 (Prov.
3370 1151 3543 1222 xxvi),
3577 1161 3633 1206 et
3671 1165 3766 1205 no-

2194 1246 2339 1300 mine
2366 1244 2577 1315 perdito
2609 1241 2840 1297 ﬁliorum
2895 1242 3337 1313 impudenti~simi
3382 1256 3543 1296 canes
3597 1241 3772 1311 appel-

2194 1334 2393 1399 lantur,
2452 1333 2640 1408 ineunt
2682 1332 2970 1387 consilium
3033 1345 3139 1387 non
3196 1336 3294 1400 per
3348 1329 3661 1395 Dominum,
3714 1340 3769 1385 et

2194 1424 2394 1479 feriunt
2418 1421 2595 1477 fmdus
2616 1438 2722 1477 non
2751 1436 2848 1492 per
2880 1420 3135 1491 Spiritum
3178 1418 3386 1475 Domini
3420 1438 3432 1472 :
3461 1420 3771 1497 adduntque

2194 1522 2416 1585 peccata
2461 1513 2721 1583 peccatis,
2771 1520 2829 1565 ut
2870 1510 3105 1580 superati
3148 1507 3545 1565 blandientibus
3601 1509 3767 1573 vitiis,

2195 1604 2355 1659 etiam
2408 1603 2715 1673 dogmatum
2765 1600 3024 1669 recipiant
3064 1599 3382 1667 pravitatem
3408 1616 3422 1651 :
3448 1606 3504 1652 et
3545 1598 3770 1653 descen-

2200 1694 2329 1748 dant
2358 1694 2414 1747 in
2446 1692 2666 1764 A‘Zgypti
2717 1690 2983 1753 tenebras,
3012 1698 3314 1765 quaerentes
3340 1688 3599 1742 auxilium
3629 1686 3766 1741 Pha-

515 1777 696 1855 rneum
739 1813 846 1853 non
884 1797 1276 1865 interrogastis.
1318 1795 1435 1849 Non
1467 1810 1574 1866 quo
1623 1792 2093 1864 interrogaverint,
2126 1783 2171 1841 B
2200 1783 2404 1847 raonis,
2433 1783 2523 1852 qui
2566 1789 2753 1851 regnat
2790 1781 2843 1833 in
2875 1780 3124 1850 Egypto,
3154 1778 3306 1849 cujus
3331 1778 3598 1847 protectio
3626 1777 3772 1866 ducit

522 1890 621 1947 sed
654 1905 762 1960 quo
806 1888 1088 1945 consilium
1127 1889 1403 1958 propheta:
1444 1887 1628 1941 audire
1654 1885 1944 1949 noluerint,
1972 1898 2093 1954 spe-

515 1987 702 2034 rantes
724 1964 982 2034 auxilium
1002 1962 1059 2033 in
1084 1974 1395 2033 fortitudine
1414 1976 1730 2039 Pharaonis,
1756 1984 1810 2029 et
1833 1975 2095 2029 habentes

515 2066 768 2123 ﬁduciam
796 2068 849 2122 in
872 2067 1229 2137 protectione,
1258 2067 1371 2121 sive
1402 2066 1590 2119 umbra
1612 2065 1850 2135 Egypti.
1884 2063 2097 2119 Pharao

515 2164 699 2223 autem
728 2157 871 2229 apud
892 2158 1186 2229 'ASgyptios
1219 2172 1415 2212 nomen
1458 2166 1543 2213 est
1578 2157 1738 2228 regiae
1762 2157 2045 2226 potestatis
2079 2175 2093 2211 :

514 2257 572 2305 et
600 2250 967 2319 unusquisque
993 2249 1211 2319 speciali
1232 2249 1532 2318 appellatur
1559 2248 1841 2313 vocabulo,
1872 2258 1929 2301 ut
1950 2248 2093 2302 Pha-

514 2351 612 2392 rao
630 2337 866 2403 Nechao,
894 2347 948 2393 et
966 2338 1177 2393 Pharao
1200 2338 1413 2407 Vaphre
1446 2355 1461 2395 :
1488 2340 1755 2408 quomodo
1786 2338 1827 2393 si
1856 2353 1954 2392 nos
1982 2337 2097 2393 Ca:-

514 2438 665 2490 sares
708 2433 766 2481 et
809 2425 1076 2497 Augustos
1106 2426 1335 2496 propriis
1362 2442 1546 2497 regum
1587 2426 1860 2482 vocabulis
1897 2442 2099 2496 praepo-

516 2522 728 2571 namus.
759 2534 779 2568 ‹
813 2516 879 2570 Et
905 2516 1031 2582 erit,
1062 2516 1251 2585 inquit,
1299 2516 1450 2571 vobis
1490 2517 1748 2571 fortitudo
1801 2516 2098 2571 Pharaonis

515 2605 573 2661 in
599 2604 991 2670 confusionem,
1028 2612 1083 2660 et
1123 2605 1316 2659 ﬁducia
1360 2607 1563 2660 umbra:
1606 2604 1825 2676 Egypti
1857 2606 1911 2659 in
1942 2605 2096 2676 igno-

514 2693 758 2749 miniam.
797 2713 816 2747 ι
846 2686 1045 2749 Scribit
1095 2694 1234 2749 idem
1276 2694 1537 2765 Jeremias
1591 2696 1733 2764 quod
1767 2695 1838 2749 'in
1879 2690 2097 2748 'Thanis

515 2784 648 2840 urbe
672 2782 894 2856 Egypti
932 2784 1185 2839 infoderit
1211 2784 1436 2854 lapides,
1465 2786 1519 2839 in
1557 2794 1713 2854 porta
1749 2784 1939 2841 domus
1962 2786 2098 2839 Plia-

516 2890 612 2931 rao
638 2884 694 2931 et
723 2876 921 2931 dixerit
948 2876 1082 2934 viris
1111 2873 1328 2930 Iudaeis.

591 2980 611 3015 ι
638 2960 763 3017 Hice
788 2962 918 3017 dicit
945 2961 1205 3017 Dominus
1231 2962 1565 3018 exercituum
1589 2963 1732 3018 Deus
1750 2962 1913 3018 Israel
1930 2984 1941 3017 :
1961 2963 2099 3019 Ecce

522 3072 541 3105 ι
586 3066 687 3123 ego
713 3052 922 3107 mittam
975 3060 1038 3106 et-
1077 3066 1349 3107 assumam
1378 3052 1868 3110 Nabuchodonosor
1915 3062 2095 3125 regem

526 3160 545 3191 σ
590 3141 878 3213 Babylonis
908 3156 1122 3197 servum
1154 3157 1352 3208 meum,
1393 3152 1448 3197 et
1485 3158 1679 3213 ponam
1706 3146 1955 3200 thronum
1981 3146 2096 3215 ejus
2122 3125 2166 3186 (ἶ

520 3249 539 3283 ι
585 3246 749 3302 super
785 3231 987 3302 lapides
1030 3232 1183 3297 istos,
1212 3247 1347 3301 quos
1391 3233 1664 3297 abscondi,
1695 3242 1749 3289 et
1779 3242 1978 3289 statuet
2003 3251 2093 3289 so-

521 3342 536 3372 ε
582 3322 712 3376 lium
737 3336 893 3377 suum
920 3336 1081 3391 super
1100 3336 1213 3387 eos,
1241 3321 1570 3391 veniensque
1599 3324 1866 3393 percutiet
1893 3324 2093 3377 terram

524 3430 543 3462 ι
588 3411 823 3482 Ᾰῐεγριί,
852 3426 987 3480 quos
1004 3411 1059 3465 in
1085 3420 1277 3478 morte,
1302 3412 1357 3466 in
1376 3421 1626 3478 mortem,
1652 3423 1706 3468 et
1730 3430 1865 3485 quos
1891 3416 1943 3468 in
1971 3430 2096 3485 cap-

523 3520 542 3551 ‹
591 3502 819 3567 tivitate,
852 3501 905 3555 in
935 3502 1321 3571 captivitatem,
1353 3512 1409 3558 et
1438 3518 1573 3573 quos
1601 3505 1653 3558 in
1684 3504 1881 3574 gladio,
1911 3507 1963 3561 in
1985 3507 2094 3577 gla-

522 3608 542 3641 ε
591 3591 737 3644 dium
779 3606 793 3643 :
832 3598 886 3645 et
932 3591 1221 3647 succendet
1266 3590 1443 3662 ignem
1486 3592 1539 3645 in
1589 3593 1826 3649 delubris
1871 3596 2095 3650 deorum

522 3697 541 3730 ι
587 3676 828 3749 AEgypti,
859 3685 911 3731 et
937 3678 1219 3734 comburet
1242 3694 1305 3733 ea
1342 3696 1357 3733 :
1391 3689 1447 3734 et
1471 3681 1713 3749 captivos
1749 3683 1909 3738 ducet
1935 3684 2092 3738 illos:

526 3784 546 3817 ι
591 3774 647 3821 et
672 3766 953 3821 amicietur
982 3776 1125 3821 terra
1158 3766 1401 3838 IEgypti,
1432 3770 1573 3824 sicut
1608 3772 1864 3826 amicitur
1910 3782 2098 3842 pastor

525 3876 545 3908 ι
589 3856 751 3925 pallio
776 3869 915 3910 suo:
948 3865 1002 3910 et
1031 3858 1337 3927 egredietur
1380 3859 1505 3929 inde
1545 3844 1779 3931 inpace.
1818 3862 1885 3915 Et
1914 3870 2097 3917 conte-

522 3966 541 3998 ι
585 3954 667 4002 ret
686 3952 895 4005 statuas
920 3946 1112 4001 domus
1142 3946 1291 4015 solis,
1314 3963 1435 4017 quae
1457 3959 1581 4003 sunt
1604 3951 1657 4004 in
1691 3960 1831 4006 terra
1857 3952 2094 4022 Egypti,

524 4054 546 4088 ι
590 4044 647 4091 et
672 4035 893 4090 delubra
915 4037 1136 4090 deorum
1166 4036 1385 4109 Egypti
1409 4040 1686 4095 comburet
1713 4042 1845 4111 igni.
1879 4061 1896 4092 ι
1930 4042 2101 4112 (Μω-

524 4124 665 4197 uus.)
694 4122 978 4199 Superatis
1007 4125 1151 4178 enim
1174 4124 1463 4197 Egyptiis,
1497 4128 1639 4197 capti
1673 4137 1797 4183 sunt
1826 4137 1879 4185 et
1907 4128 2097 4195 Judaei,

522 4215 615 4284 qui
644 4213 711 4267 ad
731 4209 1013 4285 Egyptios
1034 4212 1303 4283 fugerant.
1333 4212 1591 4284 Quodque
1611 4218 1852 4286 sequitur
1871 4208 1913 4271 ἐς
1936 4219 2103 4275 Erant

519 4294 577 4360 in
604 4304 845 4375 Taphnis
868 4304 1137 4374 principes
1166 4306 1263 4369 tui,
1312 4315 1366 4360 et
1406 4308 1579 4361 nuntii
1633 4309 1728 4372 tui,
1758 4324 1930 4379 usque
1960 4305 2099 4365 Tha-

519 4412 618 4453 nes
634 4405 1018 4467 pervenerunt.
1051 4415 1068 4447 ι
1095 4395 1228 4451 Cum
1251 4396 1501 4453 irrisione
1524 4407 1579 4455 et
1604 4400 1879 4475 ἕμφατικῶς
1913 4399 2096 4472 legen-

521 4488 670 4553 dum,
695 4488 837 4558 quod
858 4496 1041 4558 spreto
1062 4488 1156 4543 Dei
1186 4489 1409 4543 consilio
1434 4486 1702 4559 principes
1726 4507 1851 4547 suos
1874 4494 1940 4547 ad
1964 4493 2101 4548 Tha-

525 4577 612 4633 nis
639 4579 825 4632 urbem
846 4575 1066 4648 Egypti
1088 4577 1370 4643 miserunt,
1391 4580 1444 4634 in
1465 4594 1568 4648 qua
1591 4581 1789 4635 domus-
1802 4581 2101 4637 Pharaonis

524 4665 625 4721 fuit
648 4667 796 4738 regia
844 4684 857 4721 :
898 4675 953 4721 et
976 4667 1075 4721 sub
1104 4666 1250 4723 Mose
1289 4670 1441 4739 signa
1485 4685 1549 4725 ac
1600 4680 1847 4741 portenta
1872 4673 2101 4744 plurima

523 4766 825 4828 perpetrata
856 4768 1000 4823 sunt,
1024 4758 1231 4814 dicente
1266 4759 1510 4831 psalmo:
1547 4780 1565 4813 ι
1611 4761 1709 4828 Qui
1742 4762 2106 4820 fecitmirabi-

523 4847 593 4902 lia
616 4849 669 4903 in
695 4856 835 4903 terra
851 4846 1088 4927 Aigypti,
1104 4848 1157 4902 in
1171 4864 1364 4921 campo
1384 4850 1631 4907 Thancos
1646 4852 1816 4923 (Paul.
1830 4856 2055 4928 Lx'xvn).
2079 4876 2097 4909 ι

534 4939 601 4994 Et
646 4939 788 4993 idem
840 4938 1004 4994 Isaias
1056 4948 1245 4995 contra
1292 4940 1585 5011 Egyptum
1636 4944 1909 5012 loquitur:
1944 4965 1962 4997 ‹
1998 4945 2099 5005 Ubi

529 5035 659 5084 sunt
708 5042 851 5081 nunc
880 5028 1149 5097 sapientes
1192 5020 1656 5087 fuiiAnnuntient
1698 5034 1793 5088 tibi
1829 5026 1883 5090 et
1921 5036 2103 5091 dicant

528 5119 658 5190 quid
682 5109 1001 5189 cogitaverit
1024 5120 1282 5175 Dominus
1305 5119 1543 5195 Sabaoth
1566 5132 1751 5177 contra
1770 5125 2058 5197 Egyptum
2084 5145 2096 5180 ε

528 5208 843 5265 defecerunt
884 5208 1157 5279 principes
1185 5210 1431 5268 Thancos
1456 5211 1600 5284 (Isa.
1641 5214 1780 5278 xix).
1820 5234 1837 5266 ι
1867 5217 2011 5285 Quos
2036 5232 2101 5274 eo

530 5311 773 5375 tempore
810 5302 1075 5360 defecisse
1121 5314 1525 5371 commemorat,
1582 5307 1794 5376 quando
1844 5309 2101 5365 Dominus

532 5392 807 5462 ingressus
824 5401 908 5448 est
930 5392 1225 5463 Aigyptum
1257 5408 1415 5462 super
1441 5397 1633 5450 nubem
1662 5396 1854 5453 levem.
1887 5398 2102 5454 Thaucs

533 5488 715 5535 autem
739 5483 927 5535 urbem
968 5481 1187 5553 Egypli
1216 5483 1266 5536 in
1296 5484 1401 5537 alio
1430 5484 1543 5539 Ioco‘
1584 5502 1687 5539 non
1719 5486 1943 5556 legimus
1968 5505 1981 5540 :
2008 5488 2101 5542 sed

531 5580 601 5623 ex
626 5584 691 5624 eo
712 5570 852 5639 quod
878 5570 953 5623 ait
988 5589 1000 5623 :
1033 5590 1051 5622 ι
1089 5570 1270 5626 Nuntii
1302 5575 1376 5653 tui
1405 5590 1572 5643 usque
1600 5577 1815 5631 Thanes
1844 5593 2101 5647 pervene-

534 5666 680 5727 runt,
717 5678 735 5711 ι
768 5659 1114 5733 intelligimus
1131 5662 1371 5716 ultimam
1403 5663 1551 5733 juxta
1587 5666 1867 5738 Aithiopas
1897 5678 1951 5723 et
1980 5668 2097 5723 Ple-

2131 4463 2179 4522 D

2202 1874 2254 1927 in
2279 1871 2632 1941 ignominiam
2650 1879 2705 1923 et
2750 1870 2800 1924 in
2825 1870 3167 1940 opprobrium
3196 1869 3604 1937 sempiternum.
3634 1865 3772 1920 Sunt

2198 1962 2340 2018 enim
2370 1962 2422 2016 in
2470 1961 2672 2015 Thanis
2701 1961 2753 2014 in
2785 1960 3041 2014 mandato
3068 1957 3338 2023 videlicet,
3368 1958 3556 2012 humili
3606 1966 3769 2025 atque

2178 2050 2406 2120 .dejecto
2434 2046 2702 2126 principes
2728 2047 2844 2119 ejus
2889 2048 3308 2118 pessiminuntii
3339 2048 3432 2117 qui
3464 2046 3661 2101 frustra
3688 2045 3766 2098 la-

2197 2139 2390 2194 borant
2414 2152 2574 2207 super
2600 2136 2871 2207 populum,
2901 2136 2992 2204 qui
3028 2135 3106 2191 eis
3130 2135 3388 2204 prodesse
3417 2148 3523 2188 non
3552 2132 3766 2201 poterit.

2201 2229 2350 2284 Sicut
2378 2228 2518 2283 enim
2544 2235 2758 2282 sanctos
2787 2227 3075 2296 magistros
3095 2226 3244 2296 juvat
3271 2224 3652 2294 discipulorum
3675 2238 3768 2277 sa-

2196 2308 2302 2383 lus,
2335 2319 2413 2373 sic
2460 2316 2690 2387 perditio
2719 2315 3059 2371 seductorum
3108 2315 3284 2385 perdit
3320 2315 3657 2384 patriarchas
3678 2328 3771 2367 eo-

2199 2426 2317 2466 rum
2345 2411 2437 2481 qui
2460 2410 2525 2464 ad
2550 2409 2768 2480 Egypti
2792 2408 3048 2463 auxilium
3076 2406 3450 2478 confugerant.

2757 2559 2983 2615 CAPUT
3010 2558 3198 2615 XLIV.

2202 2694 2461 2771 Propheta
2487 2693 2715 2771 increpat
2739 2687 2986 2771 populant
3010 2688 3072 2771 de
3094 2687 3441 2771 inobedientia
3456 2698 3510 2771 et
3544 2674 3771 2771 idolola-

2270 2756 2373 2816 tria
2402 2778 2419 2814 :
2450 2756 2888 2814 comminatur‘eis
2959 2757 3182 2821 ladium,
3208 2767 3426 2810 mortem
3458 2768 3505 2810 et
3536 2756 3724 2826 famem
3752 2774 3769 2811 :

2272 2848 2373 2880 non
2429 2830 2685 2880 auditur.
2748 2829 2863 2880 ideo
2915 2775 3166 2880 gantiam
3222 2843 3311 2880 eos
3366 2826 3587 2880 deamat
3648 2830 3769 2879 dato

2272 2848 2373 2884 non
2429 2830 2685 2894 auditur,
2748 2829 2863 2882 ideo
2915 2826 3166 2881 Dominus
3222 2843 3311 2881 eos
3366 2826 3587 2881 destruit
3648 2830 3772 2879 dato

2269 2901 2437 2971 signa.

2278 3072 2295 3103 ι
2339 3052 2566 3115 Verbum
2589 3049 2729 3119 quod
2758 3047 2954 3103 factum
2975 3057 3058 3103 est
3080 3048 3145 3101 ad
3178 3046 3467 3103 Jeremiam
3488 3048 3555 3102 ad
3586 3063 3775 3103 omnes

2204 3162 2222 3194 ι
2266 3142 2495 3207 Judaeos,
2522 3142 2613 3212 qui
2644 3140 2889 3195 habitant
2934 3141 2985 3194 in
3022 3149 3162 3194 terra
3204 3139 3445 3211 Egypti,
3474 3140 3774 3195 habitantes

2204 3251 2221 3281 ι
2266 3231 2318 3285 in
2367 3230 2626 3301 Magdalo,
2680 3238 2734 3284 et
2784 3228 3051 3299 Taphnes,
3098 3239 3155 3283 et
3218 3229 3271 3283 in
3321 3240 3467 3283 terra
3517 3228 3775 3283 Phatures

2204 3340 2221 3372 ι
2268 3322 2450 3377 dicens
2506 3340 2518 3374 :
2584 3320 2705 3375 llazc
2754 3321 2885 3375 dicit
2931 3320 3189 3375 Dominus
3240 3318 3577 3385 exercitnbm
3633 3318 3777 3374 Deus

2203 3431 2220 3461 ‹
2268 3412 2464 3467 Israel:
2514 3413 2621 3468 Vos
2657 3420 2836 3467 autem
2886 3411 3097 3467 vidistis
3122 3411 3317 3465 malum
3349 3411 3490 3468 istud
3512 3411 3658 3481 quod
3682 3411 3775 3465 ad-

2202 3522 2219 3553 ε
2265 3501 2391 3556 duxi
2450 3516 2612 3571 super
2653 3499 2987 3565 Jerusalem,
3050 3513 3107 3555 et
3165 3514 3325 3568 super
3379 3514 3569 3554 omnes
3616 3494 3776 3552 urbes

2202 3611 2219 3643 ι
2266 3591 2399 3647 Juda
2442 3609 2454 3642 :
2499 3602 2554 3645 et
2581 3605 2706 3645 ecce
2750 3598 2874 3645 sunt
2903 3590 3131 3645 deserta:
3161 3589 3339 3655 hodie,
3370 3598 3425 3644 et
3451 3604 3556 3645 non
3586 3599 3672 3643 est
3716 3589 3772 3642 in

2202 3700 2220 3732 ι
2264 3682 2345 3736 eis
2381 3682 2649 3735 habitator
2692 3688 2911 3750 propter
2940 3679 3196 3734 malitiam
3223 3694 3383 3750 quam
3424 3679 3688 3743 fecerunt,
3717 3688 3777 3732 ut

2203 3789 2221 3820 ι
2266 3783 2352 3824 me
2374 3770 2441 3824 ad
2472 3766 3203 3838 iracundiamprovocarent,
3253 3776 3304 3839 et
3335 3768 3498 3833 irent,
3524 3776 3579 3823 et
3602 3769 3771 3823 sacri-

2203 3880 2221 3911 ‹
2267 3844 2510 3925 ﬁcarent,
2532 3866 2589 3914 et
2607 3858 2847 3913 colerent
2871 3857 3002 3913 deos
3026 3858 3249 3923 alienos,
3278 3862 3413 3927 'quos
3438 3858 3769 3913 nesciebant.

2204 3967 2222 4000 ι
2268 3957 2322 4003 et
2350 3948 2447 4013 illi,
2478 3946 2535 4001 et
2551 3962 2667 4013 vos,
2705 3955 2761 4002 et
2807 3957 2990 4017 patres
3034 3948 3219 4002 vestri.
3269 3947 3335 4000 Et
3388 3948 3512 4000 misi
3562 3947 3629 4001 ad
3681 3962 3775 4001 vos

2204 4032 2229 4088 «⁷
2264 4053 2451 4103 omnes
2476 4052 2657 4093 servos
2704 4052 2855 4092 meos
2900 4037 3198 4107 prophetas.
3230 4036 3297 4091 de
3346 4046 3505 4091 nocte
3550 4051 3773 4091 consur-

2206 4146 2223 4179 ι
2265 4140 2414 4195 gens,
2448 4126 2772 4196 mitteusque
2800 4135 2854 4181 et
2876 4127 3097 4181 dicens:
3130 4125 3305 4197 Nolite
3346 4127 3525 4181 facere
3552 4127 3771 4181 verbum

2206 4208 2225 4268 ά
2271 4217 2685 4272 abominationis
2706 4215 3092 4286 hujuscemodi,
3119 4226 3174 4272 et
3203 4232 3310 4273 non
3340 4218 3649 4283 audierunt,
3676 4234 3773 4272 nec

2205 4327 2222 4358 ε
2266 4307 2658 4362 inclinaverunt
2717 4323 2901 4362 aurem
2952 4324 3123 4374 suam,
3153 4316 3213 4362 ut
3255 4316 3697 4379 converterentur
3744 4325 3774 4361 a

2207 4417 2225 4449 ι
2272 4397 2427 4451 malis
2454 4397 2566 4451 suis
2613 4404 2668 4451 et
2694 4412 2799 4451 non
2830 4398 3196 4452 sacriﬁcarent
3230 4398 3333 4453 diis
3360 4398 3570 4465 alienis,
3606 4417 3624 4449 ι
3670 4407 3772 4453 etc.

2203 4486 2493 4561 (Manlius)
2539 4486 2710 4542 Sicuti
2754 4487 2807 4541 in
2865 4496 3009 4544 terra
3063 4486 3213 4542 Juda:
3268 4488 3533 4559 propheta
3590 4497 3776 4543 contra

2206 4577 2460 4647 reliquias
2505 4577 2869 4633 lsraelitarum
2917 4578 3209 4633 reluctatus
3241 4587 3346 4645 est,
3398 4580 3775 4635 contradicens

2203 4666 2283 4722 eis
2302 4663 2468 4723 verbo
2514 4667 2748 4745 Domini,
2778 4685 2843 4724 ne
2874 4669 3281 4739 ingrederentur
3308 4668 3603 4740 Egyptum
3637 4689 3651 4724 :
3701 4670 3773 4724 ita

2204 4766 2259 4815 et
2300 4759 2353 4812 in
2398 4768 2541 4813 terra
2586 4758 2803 4829 :Egypti
2850 4759 3157 4814 constitutis
3201 4754 3506 4816 sermunem
3566 4760 3776 4814 Domini

2208 4848 2507 4932 annuntiat,
2532 4850 2672 4918 quod
2725 4849 2967 4903 irritatus
2994 4863 3155 4918 super
3200 4848 3561 4905 ino‘cedientia
3592 4863 3773 4905 eorum

2206 4941 2495 4995 vindictam
2527 4941 2607 4994 eis
2627 4940 3010 5009 prteparaverit
3039 4957 3051 4992 :
3098 4939 3224 5008 quia
3253 4952 3347 4996 eos
3404 4940 3543 4996 sicut
3590 4938 3777 4994 Patres

2206 5045 2393 5085 eorum
2421 5030 2677 5102 punierit,
2717 5038 2878 5097 atque
2905 5031 3363 5085 consummaverit
3398 5031 3454 5085 in
3491 5030 3688 5101 gladio,
3722 5039 3777 5085 et

2206 5122 2423 5178 fameet
2468 5124 2522 5178 in
2568 5132 2754 5197 peste.,
2786 5122 3057 5193 Magdolus
3091 5138 3221 5194 ergo
3246 5124 3377 5187 urbs
3405 5132 3489 5179 est
3538 5124 3773 5197 Egypti,

2208 5213 2275 5268 ad
2299 5228 2458 5283 quam
2483 5212 2575 5267 ﬁlii
2606 5212 2769 5267 Israel
2794 5227 2914 5267 cum
2954 5213 3192 5269 exissent
3214 5213 3282 5269 de
3323 5211 3561 5287 Egypto
3583 5228 3775 5293 perve-

2208 5312 2400 5359 nerunt
2419 5312 2705 5373 antequam
2744 5304 3030 5381 transirent
3056 5318 3206 5359 mare
3230 5302 3497 5365 Rubrum.
3527 5304 3784 5374 Legimus

2208 5405 2262 5452 et
2299 5397 2349 5451 in
2386 5396 2663 5452 Ezechiele
2714 5415 2730 5447 ι
2768 5395 3010 5465 Magdan
3054 5410 3225 5466 usque
3249 5394 3469 5451 Steuem
3495 5413 3535 5449 :.
3564 5414 3584 5447 ι
3618 5393 3779 5449 Simi-

2209 5475 2332 5541 liter
2358 5486 2609 5555 Taphncs
2628 5486 2757 5539 urbs
2778 5494 2859 5539 est
2889 5471 3108 5557 Egypti
3138 5486 3278 5539 sicut
3314 5494 3779 5557 supra,ostensum

2208 5586 2291 5633 est
2317 5596 2329 5629 :
2355 5588 2407 5632 et
2430 5576 2693 5630 Phatures
2714 5576 2862 5645 regio
2888 5574 3104 5645 Egypti
3136 5575 3278 5629 sicut
3314 5590 3477 5646 supra
3505 5584 3779 5631 ostensum

2212 5678 2292 5723 est
2338 5687 2351 5721 :
2406 5676 2459 5723 et
2502 5667 2767 5723 Phatures
2811 5667 2961 5735 regio
2991 5664 3209 5736 Aigypti
3255 5664 3406 5735 juxta
3446 5664 3778 5721 Ezcclticletu
