3952 6328
208 344 350 400 1095

1087 343 1450 402 EXPOSITIO
1492 342 1718 401 SUPER
1753 344 2120 402 JEREMIAM.
2161 377 2229 387 —
2268 348 2393 403 LIB.
2439 350 2576 405 XIV.

3326 356 3463 413 1094

205 455 427 525 (Ezech.
462 454 645 523 xxxvi)
690 461 745 507 et
794 451 1108 520 Jeremiam,
1134 454 1190 508 in
1215 469 1319 523 qua
1342 452 1550 524 profugi
1574 454 1789 515 habjta-
1820 466 1863 523 Α
1898 475 1918 507 ι
1960 457 2171 514 locutus
2194 473 2255 513 cs
2280 459 2348 513 ad
2376 475 2475 515 nos
2503 460 2558 515 in
2581 461 2798 516 nomine
2821 461 3033 519 Domini
3060 478 3167 520 non
3185 466 3477 527 audiemus.

206 556 337 598 vere
359 540 551 598 Judzei.
592 541 743 609 Quod
766 552 944 598 autem
967 543 1098 597 dicit
1127 560 1143 597 :
1178 562 1196 593 ι
1226 543 1347 598 Misi
1388 543 1455 597 ad
1480 559 1578 599 vos
1600 559 1792 599 omnes

204 650 399 701 servos
426 648 595 699 meos,
649 635 937 704 prophetas
986 634 1052 689 de
1086 642 1243 691 nocte
1272 649 1624 705 consurgens,
1664 635 1790 689 mit-

207 738 436 798 tensque
462 739 519 784 et
544 727 728 783 dicens
778 745 791 781 :
846 726 1018 782 Nolite
1046 726 1224 783 facere
1249 728 1473 783 verbum
1507 728 1790 782 abomina-

206 816 371 871 tionis
394 814 785 893 hujuscemodi,
820 833 837 866 ι
858 815 1094 870 ostendit
1112 815 1429 883 immensam
1450 814 1790 881 clementiam

205 906 444 973 Domini,
467 915 523 962 et
550 906 882 977 vigilantiam
911 920 975 960 ac
1004 904 1374 973 strenuitatem
1403 907 1789 977 prophetarum

204 997 345 1066 ejus,
374 999 466 1069 qui
494 1014 601 1053 non
644 998 859 1067 ignave,
883 996 978 1051 sed
1019 995 1258 1052 studiose
1282 997 1505 1051 verbum
1557 996 1673 1062 Dei,
1721 998 1790 1051 ad

201 1102 344 1157 quos
370 1087 519 1141 missi
553 1093 700 1151 sunt,
724 1084 1091 1155 praedicabant
1137 1103 1152 1139 :
1187 1084 1433 1156 Arguens
1460 1085 1666 1154 tepidos
1690 1086 1790 1140 do-

198 1187 406 1241 ctores,
442 1177 534 1247 qui
565 1190 707 1230 nunc
733 1176 786 1229 in
822 1174 1075 1230 Ecclesia
1105 1175 1417 1240 dormitant,
1466 1174 1577 1229 otio
1615 1184 1671 1230 et
1699 1191 1790 1228 vo-

200 1268 500 1338 luptatibus
523 1267 831 1325 deserviunt
858 1266 1063 1332 saeculi,
1109 1281 1209 1321 nec
1236 1275 1428 1321 curant
1453 1266 1649 1336 populo
1693 1268 1787 1322 Dei

199 1358 536 1414 voluntatem
556 1358 674 1428 ejus
704 1357 1030 1411 annuntiare
1052 1364 1107 1411 et
1145 1365 1462 1412 convertere
1489 1372 1521 1411 a
1546 1358 1783 1428 peccatis

198 1451 271 1506 ad
296 1450 613 1506 exercitium
640 1447 767 1503 boni
796 1447 995 1518 operis.
1029 1447 1136 1503 Sed
1164 1462 1335 1518 neque
1383 1446 1650 1502 silendum
1704 1463 1789 1502 ar-

197 1542 395 1607 bitror,
430 1540 573 1610 quod
613 1540 781 1596 lsaias
812 1539 1030 1595 eosdem
1074 1538 1284 1608 Iudaeos
1323 1537 1567 1607 iumenta
1614 1534 1785 1597 austri

197 1633 573 1704 appellaverit,
620 1640 840 1703 propter
886 1619 1169 1686 stultitiam
1195 1645 1539 1700 sensus,‘qua
1571 1631 1785 1686 deserto

200 1722 302 1777 Dei
376 1722 602 1778 consilio
634 1761 650 1787 ,
722 1721 789 1776 ad
840 1720 1059 1792 Βαγριί
1136 1720 1426 1777 simulacra
1483 1720 1781 1790 fugerunt,

1898 566 1916 599 ι
1960 563 2027 604 ex
2052 558 2124 615 te,
2151 550 2246 604 sed
2274 550 2531 605 facientes
2568 551 2827 607 faciemus
2850 568 3011 609 omne
3042 555 3291 622 verbum,
3322 560 3466 627 quod

1896 655 1915 689 ι
1959 640 2231 709 egreditur
2268 640 2334 695 de
2374 649 2708 707 orenostro,
2756 650 2816 696 ut
2856 643 3223 700 sacrificemus
3268 648 3467 718 reginae

1896 746 1915 780 ι
1959 729 2101 794 cceli,
2129 738 2183 785 et
2206 729 2436 805 libemus
2462 730 2509 785 ei
2541 730 2819 798 libamina,
2849 732 2989 788 sicut
3011 732 3240 789 fecimus
3270 751 3369 790 nos
3409 746 3466 791 et

1895 836 1915 871 ο
1959 828 2138 889 patres
2177 820 2369 886 nostri,
2395 835 2550 891 rcges
2576 822 2766 885 nostri,
2792 830 2846 878 et
2873 825 3146 895 principes
3174 828 3366 891 nostri,
3410 828 3464 883 in

1894 908 2176 964 «urbibus
2199 906 2357 973 Juda,
2395 916 2450 963 et
2495 909 2549 962 in
2570 906 2761 977 plateis
2798 907 3462 986 Jerusalemretsatorati

1894 1014 1913 1048 ‹
1959 1012 2141 1051 sumus
2164 998 2411 1071 panibus,
2436 1006 2491 1051 et
2518 997 2655 1052 bene
2684 997 2839 1052 nobis
2860 1001 2996 1055 erat.
3026 1000 3331 1070 malumque
3357 1017 3463 1056 non

1893 1105 1912 1138 ι
1956 1084 2208 1139 vidimus.
2250 1085 2329 1139 Ex
2373 1100 2439 1139 eo
2478 1094 2659 1139 autem
2699 1072 2941 1155 tempore
2988 1100 3093 1154 quo
3133 1089 3463 1145 cessavimus

1893 1194 1912 1227 ι
1955 1173 2262 1229 sacriﬁcare
2301 1174 2498 1244 reginae
2552 1175 2674 1229 coeli
2732 1185 2786 1229 et
2842 1176 3011 1231 libare
3067 1177 3129 1243 ei
3182 1178 3460 1249 libamina,

1895 1282 1914 1315 ι
1956 1263 2275 1335 indigemus.
2300 1264 2568 1329 omnibus,
2592 1272 2646 1319 et
2674 1264 2869 1335 gladio,
2902 1275 2955 1321 et
2984 1265 3128 1321 fame
3157 1258 3460 1339 consumpti

1893 1371 1923 1407 ι
1955 1368 2160 1415 sumus.
2197 1352 2347 1420 Quod
2380 1353 2425 1409 si
2464 1367 2564 1407 nos
2594 1354 2959 1411 sacriﬁcamus
2985 1357 3185 1429 reginae
3234 1359 3380 1425 cmli,
3409 1366 3458 1416 et

1893 1464 1912 1496 ι
1957 1445 2187 1499 libamus
2226 1444 2275 1498 ei
2322 1444 2574 1501 libamina
2605 1462 2618 1498 :
2654 1447 2891 1515 nunquid
2926 1448 3042 1502 sine
3080 1449 3216 1505 viris
3263 1450 3461 1507 nostris

1891 1555 1910 1588 ι
1958 1534 2185 1589 facimus
2213 1534 2261 1588 ei
2308 1534 2584 1604 placentas
2613 1534 2680 1589 ad
2719 1534 2998 1589 celendum
3028 1550 3170 1600 eam,
3225 1546 3279 1592 et
3314 1538 3465 1611 liba-

1890 1648 1909 1680 ι
1953 1627 2100 1681 mina
2129 1626 2196 1680 ad
2224 1624 2497 1681 libandum
2523 1625 2547 1678 ἲ
2576 1625 2643 1679 Et
2686 1624 2817 1680 dixit
2862 1624 3123 1682 Jeremias
3151 1628 3217 1682 ad
3248 1643 3463 1683 omnem

1891 1737 1909 1769 ‹
1954 1717 2231 1788 populum,
2268 1718 2553 1771 adversum
2582 1716 2747 1783 viros,
2788 1724 2845 1771 et
2872 1716 3157 1772 adversum
3184 1719 3463 1786 mulieres,

192 1826 459 1882 spemque
479 1810 738 1867 habentes
751 1810 806 1865 in
824 1809 1103 1865 Pharaone
1124 1827 1136 1862 :
1155 1810 1239 1864 cui
1264 1810 1579 1879 quiinnisus
1600 1808 1781 1875 fuerit,
1820 1810 1862 1869 Β
1895 1826 1913 1859 ι
1960 1814 2015 1862 et
2039 1808 2325 1862 adversum
2366 1806 2671 1861 universam
2693 1805 2924 1875 plebem,
2954 1808 3045 1876 qui
3074 1809 3465 1878 responderant

193 1902 356 1970 quasi
404 1902 451 1957 si
497 1901 775 1957 incumbat
819 1899 1090 1964 arundini,
1158 1915 1278 1969 quae
1343 1898 1517 1954 fracta
1566 1915 1785 1954 manum

194 1992 446 2047 vulneret
468 1990 767 2045 innitentis.
790 1988 925 2042 Nam
949 1989 1021 2043 ibi
1040 1988 1115 2042 ita
1136 1988 1397 2058 scriptum
1427 1996 1508 2042 est
1539 2006 1551 2040 :
1590 2006 1608 2039 ι
1637 1987 1784 2068 Opus

191 2084 563 2153 iumentorum
590 2084 782 2139 austri.
812 2083 869 2138 ln
894 2091 1037 2139 terra
1060 2082 1426 2139 tribulationis
1445 2092 1501 2138 et
1522 2085 1783 2155 angustia:

194 2176 363 2231 leama
392 2183 447 2231 et
490 2175 593 2240 leo,
631 2189 695 2229 ex
731 2175 809 2229 eis
836 2174 1019 2244 vipera
1049 2182 1105 2228 et
1150 2172 1370 2243 regulus
1411 2164 1618 2237 volans,
1666 2189 1777 2244 pero

191 2275 376 2322 tantes
401 2280 562 2336 super
607 2266 861 2320 humeros
898 2264 1267 2335 iumentorum
1294 2263 1510 2318 divitias
1548 2278 1696 2330 suas,
1725 2273 1780 2319 et

190 2372 361 2427 super
381 2357 600 2427 gibbum
640 2355 969 2411 camelorum
1012 2354 1295 2408 thesauros
1341 2367 1488 2417 suos,
1519 2354 1587 2407 ad
1616 2368 1784 2423 popu-

190 2448 309 2502 lum
358 2447 450 2516 qui
504 2461 569 2502 ea
596 2446 849 2516 prodesse
874 2459 981 2499 non
1010 2443 1204 2514 poterit
1237 2460 1250 2498 :
1281 2442 1547 2514 Egyptiis
1587 2442 1783 2498 frustra

190 2548 253 2594 et
284 2552 423 2593 vane
447 2536 794 2591 auxiliabitur
816 2534 1035 2607 (Ezech.
1062 2532 1216 2604 xxx).
1256 2552 1273 2583 ι
1303 2519 1583 2606 (Ηὶενοιι.)
1614 2532 1781 2588 Terra

190 2637 381 2683 autem
422 2625 785 2683 tribulationis
839 2633 894 2679 et
940 2623 1201 2697 angustia:
1254 2621 1572 2677 latissimam
1612 2620 1783 2679 ere'mi

192 2720 470 2793 significat
494 2717 821 2780 vastitatem,
846 2730 944 2786 per
973 2730 1137 2785 quam
1180 2713 1421 2783 reliquiae
1483 2712 1781 2769 Jewsalem

189 2827 322 2868 cum
348 2810 593 2866 Jobanna
638 2807 749 2863 fllio
796 2806 1002 2870 Carem,
1034 2813 1090 2860 et
1123 2804 1337 2859 filiabus
1362 2802 1504 2875 regis
1539 2803 1779 2859 Sedeciae

192 2903 425 2971 sublatis
443 2901 699 2958 omnibus
714 2914 833 2970 qua:
860 2898 1060 2953 habere
1084 2903 1355 2966 poterant,
1392 2895 1460 2949 ad
1484 2894 1777 2966 Egyptum

194 2993 626 3063 transfugerunt.
673 2989 941 3046 Leaenam,
968 2998 1184 3056 quoque
1231 2993 1286 3039 et
1330 2984 1566 3040 catulum
1618 2983 1785 3039 leonis

192 3084 525 3149 Jerusalem,
578 3088 634 3137 et
675 3080 931 3152 populum
979 3075 1096 3146 ejus
1134 3083 1480 3151 μεταφορικῶς
1527 3074 1781 3145 intellige,

191 3178 413 3235 dicente
432 3174 649 3229 Balaam
678 3172 731 3225 in
758 3169 1007 3224 Numeris
1031 3184 1043 3221 :
1079 3184 1097 3218 ι
1126 3165 1265 3221 Ecce
1291 3164 1518 3236 populus
1536 3172 1596 3219 ut
1617 3164 1783 3219 leaena
1813 3153 1857 3215 C
1888 3166 1983 3207 sua
2024 3165 2040 3205 ε

193 3266 498 3338 consurgit,
543 3272 599 3319 et
649 3262 804 3334 quasi
853 3260 936 3316 leo
985 3258 1213 3330 erigitur
1267 3274 1282 3311 :
1332 3256 1446 3313 Non
1505 3256 1789 3311 accubabit

194 3357 645 3416 d,oncc.devoret
685 3352 949 3421 praedam,
998 3356 1053 3404 et
1108 3348 1410 3403 occisorum
1466 3347 1785 3418 sanguinem

191 3449 351 3507 bibat
381 3446 571 3517 (Num.
599 3443 781 3514 χχιιι).
813 3462 831 3495 ι
891 3440 1089 3511 Vipera
1110 3448 1165 3494 et
1198 3439 1417 3508 regulus
1436 3439 1641 3505 volans,
1666 3440 1784 3494 sive

195 3537 473 3610 genimina
526 3530 771 3605 aspidum
827 3530 1061 3586 volantia
1092 3570 1107 3595 ,
1159 3528 1300 3584 idem
1358 3537 1782 3598 nuncupantur,

196 3626 346 3697 quod
373 3623 625 3679 videlicet
647 3622 712 3676 de
750 3619 903 3674 malis
930 3617 1245 3689 parentibus
1281 3615 1492 3686 pejores
1543 3616 1785 3695 generati

199 3726 334 3774 sunt
362 3714 538 3770 liberi.
567 3712 645 3768 De
670 3710 866 3781 quibus
887 3762 891 3766 _
912 3718 967 3765 et
996 3702 1347 3777 Evangelium
1398 3705 1721 3775 loquebatur
1769 3723 1785 3761 :

204 3827 225 3859 ι
262 3805 559 3862 Generatio
586 3802 917 3873 viperarum,
960 3798 1083 3870 quis
1120 3797 1357 3852 ostendit
1405 3796 1557 3852 vobis
1605 3795 1789 3866 fugere

198 3898 272 3952 ab
301 3896 379 3951 ira
399 3904 625 3951 ventura
651 3894 673 3948 i
716 3912 733 3944 ι
770 3890 983 3964 (Manli.
1010 3888 1115 3962 ιιι).
1149 3889 1215 3943 Ει
1242 3888 1308 3943 ad
1340 3898 1539 3943 terram
1589 3887 1790 3957 dicitur

197 3985 370 4042 Israel
408 4002 421 4038 :
469 4002 489 4036 ι
540 3983 618 4039 'l‘u
644 3998 703 4039 es
734 3992 879 4038 terra
903 3981 955 4055 in
995 3994 1102 4050 qua
1134 3994 1240 4034 non
1271 3978 1427 4048 pluit,
1455 3992 1556 4033 nec
1618 3977 1791 4033 imber

197 4078 351 4133 venit
380 4089 542 4145 super
577 4083 634 4129 te
662 4074 715 4129 in
754 4073 840 4128 die
887 4071 983 4127 ira:
1040 4070 1221 4140 (Amos
1251 4070 1347 4140 ιν),
1385 4088 1403 4120 ι
1452 4068 1604 4139 cujus
1644 4069 1792 4138 prin-

198 4167 349 4237 cipes
372 4166 427 4219 in
463 4162 638 4219 medio
674 4161 815 4230 ejus,
840 4160 996 4230 quasi
1028 4160 1210 4214 leones
1256 4159 1549 4228 rugientes,
1584 4158 1792 4228 rapien-

200 4266 287 4312 tes
334 4253 595 4326 prsedam,
646 4252 855 4305 animas
890 4250 1211 4305 devorantes
1248 4262 1344 4317 per
1388 4246 1785 4317 pmnitentiam.

200 4348 311 4403 Ista
359 4343 633 4417 genimina
660 4343 990 4412 viperarum,
1024 4340 1137 4395 sive
1186 4339 1429 4409 aspidum
1475 4337 1785 4401 volantium,

202 4442 258 4495 id
288 4448 373 4495 est
410 4435 681 4509 principes
732 4432 931 4503 populi,
982 4440 1038 4486 et
1088 4431 1267 4485 omnis
1307 4430 1462 4484 turba
1502 4429 1789 4499 impiorum

1892 1916 1911 1949 ι
1957 1898 2007 1952 ei
2050 1897 2297 1962 verbum,
2344 1896 2583 1951 dicentes
2622 1913 2636 1949 :
2687 1894 2936 1970 Nunquid
2982 1912 3091 1951 non
3135 1897 3479 1953 sacrificium

1892 2006 1911 2040 ι
1954 1987 2096 2057 quod
2122 1985 2466 2042 sacrificastis
2493 1986 2547 2041 in
2581 1985 2885 2042 civitatibus
2907 1984 3073 2054 Judze,
3097 1995 3152 2041 et
3194 1988 3249 2042 in
3272 1978 3466 2059 plateis

1892 2097 1910 2130 ι
1955 2077 2274 2154 Jerusalem,
2305 2092 2401 2132 vos
2446 2084 2501 2132 et
2551 2084 2733 2145 patres
2753 2074 2940 2141 vestri,
2986 2068 3141 2147 rcges
3176 2078 3365 2143 vestri,
3408 2086 3464 2133 et

1891 2188 1908 2220 ι
1954 2168 2223 2238 principes
2262 2166 2443 2230 vestri,
2486 2173 2541 2221 et
2577 2164 2805 2234 populus
2843 2172 3021 2229 terrm,
3050 2164 3240 2219 horum
3284 2179 3465 2221 recor—

1888 2276 1908 2309 (
1951 2246 2107 2325 datus
2133 2251 2215 2312 est
2243 2256 2522 2321 Dominus,
2543 2262 2600 2314 et
2622 2255 2863 2310 ascendit
2887 2269 3051 2326 super
3075 2252 3183 2311 cor'
3203 2252 3361 2324 ejus?
3409 2263 3466 2311 et

1888 2368 1919 2421 «ν
1952 2363 2058 2404 non
2086 2355 2301 2418 poterat
2341 2346 2480 2401 ultra
2520 2340 2775 2402 Dominus
2802 2355 3019 2416 portare
3046 2356 3266 2417 propter
3302 2348 3461 2403 mali-

1890 2457 1908 2488 ι
1954 2439 2084 2492 tiam
2131 2437 2431 2492 studiorum
2470 2444 2792 2501 vestrorum,
2837 2445 2890 2493 et
2928 2447 3147 2506 propter
3187 2438 3465 2494 abomina-

1890 2544 1908 2576 ‹
1955 2525 2129 2580 tiones
2157 2539 2293 2593 quas
2321 2522 2562 2579 fecistis:
2595 2531 2651 2579 et
2682 2523 2821 2578 facta
2873 2532 2957 2579 est
3006 2534 3151 2581 terra
3198 2535 3375 2581 vestra
3408 2527 3464 2581 in

1890 2634 1908 2667 ι
1952 2614 2357 2676 desolationem,
2383 2622 2437 2669 et
2458 2614 2511 2668 iu
2533 2622 2823 2684 stuporem,
2848 2622 2903 2669 et
2924 2614 2979 2668 in
3000 2614 3366 2682 maledictum,
3396 2629 3465 2671 eo

1888 2722 1906 2755 ‹
1951 2704 2093 2772 quod
2123 2715 2227 2758 non
2260 2702 2644 2769 sithabitator,
2672 2704 2811 2758 sicut
2851 2714 2933 2758 est
2973 2703 3089 2759 dies
3118 2704 3256 2770 hzec,
3290 2723 3309 2756 ι
3352 2714 3461 2760 etc.

1884 2790 2175 2863 (MAUBUS.)
2205 2790 2249 2847 Ο
2297 2791 2575 2862 generatio
2601 2806 2766 2861 prava
2806 2798 2862 2847 et
2906 2805 3158 2860 perversa
3204 2809 3219 2845 :
3254 2780 3363 2846 filii
3407 2792 3462 2847 in

1884 2880 2078 2949 quibus
2100 2896 2203 2935 non
2247 2880 2398 2947 fides,
2426 2880 2523 2936 sed
2543 2880 2745 2934 malitia
2767 2880 3075 2936 dominatur
3098 2898 3111 2935 :
3139 2895 3271 2951 gens
3314 2880 3461 2935 fatua

1883 2979 1939 3023 et
1988 2985 2096 3025 non
2143 2971 2377 3040 sapiens,
2439 2986 2557 3040 quae
2607 2985 2818 3040 semper
2867 2973 3138 3027 contraria
3186 2972 3464 3030 beneficiis

1886 3061 2096 3115 Domini
2153 3062 2471 3132 rependens,
2521 3062 2751 3116 irritavit
2795 3077 2919 3118 eum
2968 3077 3066 3133 per
3116 3062 3255 3119 mala
3300 3080 3465 3134 opera

2088 3143 2425 3221 ecce‘quain
2459 3152 2775 3221 insipienter
2823 3153 3085 3223 loquitur,
3138 3158 3465 3225 respondens

1885 3244 2159 3312 prophetae
2199 3241 2412 3296 Domini
2442 3260 2455 3295 :
2512 3236 2826 3297 Sermonem
2857 3258 3018 3319 quem
3067 3242 3276 3299 locutus
3309 3257 3368 3300 es
3396 3246 3467 3300 ad

1887 3350 1985 3405 nos
2016 3334 2068 3388 in
2106 3333 2321 3388 nomine
2348 3332 2557 3388 Domini
2594 3348 2700 3389 non
2730 3334 3017 3389 audiemus
3041 3350 3108 3390 ex
3140 3341 3212 3399 te,
3257 3336 3353 3391 sed
3380 3334 3463 3391 fa~

1887 3424 2090 3479 cientes
2126 3423 2386 3477 faciemus
2414 3437 2574 3477 omne
2604 3421 2825 3477 vbrbum
2865 3423 3007 3491 quod
3049 3425 3355 3495 egredietur
3399 3427 3464 3480 de

1885 3528 1983 3569 ore
2006 3521 2190 3566 nostro
2217 3530 2229 3565 :
2261 3521 2318 3566 ut
2359 3511 2725 3567 sacrificemus
2761 3512 2960 3582 reginae
2984 3513 3130 3579 caeli,
3158 3523 3215 3569 et
3234 3512 3461 3571 libemus

1886 3604 1937 3660 ei
1964 3603 2260 3657 libamina:
2312 3603 2451 3657 sicut
2502 3601 2731 3657 fecimus
2777 3618 2875 3657 nos
2930 3611 2986 3659 et
3033 3610 3217 3674 patres
3262 3608 3460 3672 nostri,

1888 3708 2043 3769 reges
2088 3693 2286 3758 nostri,
2313 3702 2367 3747 et
2406 3693 2679 3763 principes
2721 3694 2910 3758 nostri,
2960 3694 3015 3749 in
3054 3692 3277 3750 urbibus
3301 3692 3463 3761 Juda,

1887 3784 2016 3838 etin
2056 3783 2246 3853 plateis
2269 3781 2589 3848 Jerusalem,
2610 3790 2666 3837 et
2685 3784 2911 3838 saturati
2953 3798 3139 3861 sumus
3164 3785 3389 3854 panibus
3413 3795 3468 3841 et

1887 3875 2023 3928 bene
2059 3874 2377 3943 nobiserat,
2411 3874 2717 3941 malumque
2739 3888 2845 3927 non
2872 3873 3122 3928 vidimus.
3148 3873 3311 3931 Obliti
3336 3885 3466 3931 sunt

1886 3963 2291 4030 benefactorum
2319 3962 2453 4031 ejus,
2503 3970 2558 4018 et
2578 3962 2905 4017 mirabilium
2929 3961 3065 4032 ejus,
3088 3978 3208 4034 qua:
3230 3968 3467 4021 ostendit

1888 4056 1966 4110 eis
1988 4069 2169 4123 coram
2197 4052 2440 4123 patribus
2468 4068 2676 4118 eorum,
2705 4052 2771 4107 de
2790 4052 2985 4122 quibus
2999 4051 3281 4124 Scriptura
3309 4069 3465 4110 sacra

1889 4142 2217 4199 sufﬁcienter
2242 4149 2472 4211 narrato:
2497 4139 2692 4197 Plueus
2710 4142 2819 4197 illis
2838 4141 2905 4197 de
2925 4142 3065 4198 caelo
3097 4134 3317 4209 manna,
3352 4162 3371 4196 ι
3408 4154 3464 4198 et

1888 4237 2081 4307 panem
2102 4236 2411 4307 angelorum
2432 4235 2773 4291 manducavit
2797 4236 2975 4303 homo,
2991 4235 3469 4313 frumentationem

1889 4326 2033 4381 misit
2059 4327 2141 4381 eis
2176 4326 2233 4381 in
2260 4325 2585 4381 abundantia
2619 4340 2634 4378 :
2666 4325 2826 4396 ejecit
2854 4341 2887 4403 a
2928 4325 3067 4383 facie
3116 4342 3304 4385 eorum
3330 4314 3464 4401 gen-

1893 4425 1992 4482 tes,
2032 4424 2085 4471 et
2112 4406 2255 4471 sorte
2284 4415 2466 4471 divisit
2493 4416 2571 4471 eis
2606 4422 2809 4470 terram
2841 4416 2895 4471 in
2940 4415 3178 4477 funiculo
3205 4418 3465 4474 distribu-

201 4493 461 4599 fugerunt
490 4525 555 4579 ad
586 4493 863 4594 pepulum,
896 4493 989 4591 qui
1032 4518 1114 4575 eis
1162 4518 1418 4588 prodesse
1460 4493 1789 4587 non-potuit,
1821 4493 1867 4552 D
1896 4506 2079 4599 tionis,
2118 4514 2185 4560 ‘et
2235 4505 2496 4562 habitavit
2547 4504 2602 4560 in
2648 4506 3009 4599 tabernaculis
3055 4496 3240 4561 eorum
3292 4508 3469 4599 tribus

202 4619 422 4673 dicente
460 4613 691 4669 Jeremia
725 4610 870 4681 quod
900 4610 1136 4663 traderet
1162 4608 1421 4663 Dominus
1453 4605 1791 4662 Pharaonem

203 4707 424 4777 Vaphre
453 4718 634 4774 regem
668 4700 885 4772 Egypti
930 4699 988 4754 in
1036 4715 1231 4754 manus
1268 4698 1609 4753 inimicorum
1652 4696 1789 4770 ejus,

205 4798 337 4853 etin
377 4810 570 4850 manus
598 4792 953 4862 qumrcntium
996 4790 1229 4845 animam
1268 4789 1451 4845 illius:
1494 4797 1553 4844 ut
1597 4804 1791 4845 consu-

206 4895 489 4963 merentur
512 4899 701 4940 omnes
722 4883 824 4937 viri
858 4881 1015 4949 Juda,
1046 4882 1137 4952 qui
1167 4888 1323 4937 erant
1346 4882 1402 4935 in
1438 4889 1583 4937 terra
1624 4880 1792 4953 IEgy-

205 4977 312 5049 pti,
342 4975 519 5046 gladio
546 4982 601 5029 et
620 4972 763 5029 fame
799 4987 969 5044 usque
996 4973 1063 5028 ad
1091 4972 1515 5028 internecionem
1547 4991 1559 5025 :
1593 4973 1647 5027 in
1675 4982 1792 5028 tan-

210 5080 327 5135 tum
376 5075 436 5123 ut
489 5065 702 5121 tradant
728 5064 937 5120 Hebraei
963 5064 1274 5135 priusquam
1300 5062 1793 5119 Nabuchodonosor

209 5158 506 5229 (Egyptum
527 5163 765 5227 caperet,
792 5153 1083 5210 Jeremiam
1108 5161 1162 5208 et
1181 5153 1394 5209 Baruch
1419 5152 1793 5209 imminentem

209 5249 583 5321 captivitatem
622 5254 793 5302 morte
828 5245 1050 5301 vitasse.

290 5356 312 5391 ε
355 5336 767 5406 Responderunt
788 5342 969 5392 autem
993 5332 1256 5391 Ieremia-
1267 5347 1455 5390 omnes
1479 5332 1604 5397 viri,
1627 5332 1799 5387 scien-

217 5444 244 5483 ι
290 5434 373 5483 tes
396 5425 538 5496 quod
568 5425 936 5481 sacrificarent
969 5436 1170 5478 uxores
1214 5436 1404 5476 eorum
1431 5421 1534 5477 diis
1583 5420 1794 5486 alienis,

220 5537 245 5574 ι
282 5526 340 5574 et
387 5515 654 5578 universa:
699 5514 951 5570 mulieres
999 5526 1227 5581 quarum
1288 5512 1464 5565 stabat
1513 5508 1797 5563 multitudo

222 5629 244 5665 ι
286 5609 505 5684 grandis
549 5624 563 5661 :
614 5613 670 5660 et
692 5605 868 5660 omnis
895 5602 1122 5673 populus
1150 5602 1503 5655 habitantium
1546 5600 1600 5654 in
1650 5608 1796 5653 terra

226 5722 245 5758 ι
290 5702 510 5776 Egypti
541 5701 594 5756 in
625 5698 915 5779 Phaturcs,
948 5694 1185 5752 (licentes
1220 5712 1231 5747 :
1278 5695 1591 5750 Sermonem
1635 5706 1793 5761 quem

1890 4598 2053 4655 Israel
2108 4616 2121 4651 :
2174 4605 2229 4653 et
2279 4605 2636 4661 teutaverunt,
2694 4608 2747 4651 et
2795 4596 3254 4653 exacerbaverunt
3296 4597 3467 4662 Deum

1891 4688 2273 4755 excelsumLet
2321 4686 2624 4741 testimonia
2666 4685 2784 4755 ejus
2812 4701 2921 4741 non
2962 4684 3333 4741 custodierunt
3365 4704 3379 4741 :
3413 4696 3468 4741 ct

1893 4788 2201 4838 averterunt
2214 4794 2290 4846 se,
2313 4788 2488 4834 etnon
2508 4778 2929 4833 observaverunt
2950 4765 3187 4846 pactum,
3211 4778 3465 4846 quemad-

1892 4874 2109 4929 modum
2154 4869 2338 4941 patres
2379 4883 2567 4924 eorum
2595 4866 2839 4923 conversi
2866 4874 2993 4921 sunt
3036 4867 3090 4921 in
3120 4881 3304 4921 arcum
3343 4882 3464 4938 pra-

1889 4980 2015 5020 vum
2041 4980 2055 5017 :
2089 4962 2147 5033 in
2170 4962 2250 5016 ira
2278 4960 2686 5016 concitaverunt
2711 4972 2833 5012 eum
2857 4958 2909 5012 in
2935 4956 3160 5014 collibus
3182 4958 3312 5023 suis,
3329 4968 3383 5013 et
3414 4960 3465 5014 in

1892 5050 2227 5122 sculptilibus
2269 5050 2381 5106 suis
2424 5048 2491 5103 ad
2541 5046 3090 5123 mmulationemmeum
3135 5061 3461 5117 provocare-

1892 5127 2020 5201 runt
2048 5156 2062 5196 :
2094 5140 2217 5197 ideo
2239 5140 2440 5196 audivit
2469 5137 2727 5193 Dominus
2752 5144 2807 5192 et
2827 5138 3050 5208 sprevit,
3073 5144 3129 5192 et
3154 5138 3220 5193 ad
3241 5138 3467 5208 nihilum

1895 5232 2100 5302 redegit
2128 5230 2291 5285 nimis
2312 5226 2512 5284 lsrael:
2539 5234 2593 5280 et
2629 5204 2933 5280 tradidit—in
2960 5204 3321 5293 captivitatem
3355 5226 3468 5279 vir-

1898 5332 2067 5379 tutem
2093 5326 2370 5384 eorum,et
2397 5316 2852 5387 pulchritudinem
2873 5328 3059 5368 eorum
3082 5313 3135 5367 in
3158 5327 3351 5367 manus
3371 5313 3472 5368 ini-

1896 5414 2042 5478 mici,
2074 5420 2129 5468 et
2152 5408 2415 5467 conclusit
2454 5407 2507 5461 in
2539 5406 2714 5476 gladio
2743 5404 2998 5485 populum
3021 5417 3198 5468 suum,
3226 5410 3283 5457 et
3304 5398 3474 5457 haere-

1896 5505 2120 5560 ditatem
2162 5514 2315 5557 suam
2360 5498 2579 5567 Sprevit.
2635 5494 2904 5550 Dominati
2958 5501 3101 5549 sunt'
3119 5507 3331 5558 eorum,
3381 5493 3474 5567 qui

1895 5582 2128 5649 ederunt
2179 5604 2290 5651 eos,
2340 5596 2395 5642 et
2446 5587 2838 5642 tribulaverunt
2887 5599 2981 5640 eos
3035 5582 3237 5639 inimici
3288 5596 3475 5636 eorum

1896 5683 2067 5755 (Psal.
2101 5680 2342 5749 LXXVII):
2382 5698 2400 5731 ι
2447 5687 2499 5732 et
2549 5678 2759 5732 merito.
2812 5675 3010 5731 Omnes
3051 5673 3193 5730 enim
3242 5679 3475 5738 montes,
