3952 6324
477 316 621 376 1095

1153 316 1211 373 Β.
1257 315 1508 372 li.\ll.\.\'i
1555 314 1770 370 NlAUlll
1819 310 2133 367 AllCIlllCP.
2180 309 2486 368 MUCUNT.
2532 313 2817 370 OPERUM
2862 315 3038 370 PARS
3079 313 3165 370 111.

3643 316 3665 370 1
3677 315 3776 374 096

469 429 639 488 valles
663 434 826 502 atque
845 439 1140 496 torrentes,
1170 432 1310 501 pleni
1332 433 1490 484 erant
1517 429 1820 492 daemonum
1845 425 2076 481 cultm'a.
2108 436 2158 494 Α
2187 424 2277 493 qui
2323 424 2560 494 effugere
2621 428 2875 494 poterant
2918 425 3200 494 gladium,
3269 425 3476 478 reversi
3548 438 3674 481 sunt
3717 429 3782 486 de

470 525 549 582 De
573 525 768 594 quibus
800 521 1066 577 Jcremias
1092 522 1252 576 modo
1299 521 1563 589 loquitur,
1612 517 1754 587 quod
1781 524 1962 584 patres
2010 529 2076 568 ac

467 617 566 674 filii
583 601 734 687 ligna
753 623 1117 685 comportcnt,
1140 614 1428 684 ignemque
1443 609 1774 666 succendant
1791 616 1847 661 ut
1871 605 2076 660 faciant

471 705 717 780 xwawa'c
743 705 951 759 militia:
979 704 1122 767 coeli,
1167 704 1271 758 hoc
1297 712 1400 765 est,
1448 700 1702 756 onmibus
1728 697 1914 760 stellis,
1947 711 2076 750 con-

422 847 426 854 .
470 796 772 852 terentibus
811 793 1029 850 feminis
1049 801 1212 864 atque
1244 791 1601 848 miscentibus
1624 789 1832 845 similae.
1864 786 2071 855 adipes,

468 897 530 943 ut
595 889 766 942 Deum
821 885 889 940 ad
959 884 1298 940 iracundiam
1367 891 1746 954 provocarent.
1826 877 2076 948 Nullique

467 978 691 1035 dubium
715 976 845 1048 quid
870 975 1161 1046 placendas
1182 973 1468 1046 signiﬁcet,
1495 973 1608 1027 sive
1642 968 1880 1024 crustula
1905 983 2070 1022 manu

466 1069 692 1126 artificis
719 1076 1020 1140 prteparata
1057 1085 1070 1122 :
1103 1067 1208 1121 hoc
1235 1064 1377 1118 enim
1397 1063 1580 1130 lingua
1604 1068 1788 1114 nostra
1821 1066 2072 1130 χαυῶνας

467 1167 647 1217 sonat.
676 1159 755 1213 De
785 1160 871 1213 his
917 1173 984 1212 ex
1015 1170 1245 1227 persona
1287 1152 1502 1207 Domini
1531 1149 1834 1223 prophetali
1881 1148 2074 1218 spiritu

465 1251 800 1324 prtecinebat
830 1249 1006 1304 Moses
1047 1247 1102 1302 in
1135 1244 1350 1301 cantico
1377 1239 1805 1306 Deuteronomii,
1842 1238 2028 1306 dicens
2057 1254 2070 1290 :

472 1361 495 1396 ι
527 1341 886 1398 Irritaverunt
905 1354 993 1394 me
1014 1339 1073 1409 in
1095 1337 1200 1392 diis
1240 1335 1432 1390 alienis
1463 1340 1518 1388 et
1562 1331 1619 1386 in
1652 1325 2074 1384 abominationi-

467 1435 571 1492 bus
594 1435 709 1490 suis
722 1431 790 1488 ad
812 1431 1151 1488 iracundiam
1173 1431 1630 1500 provocaverunt,
1655 1421 2076 1478 immolaverunt

469 1522 828 1587 daemonibus,
857 1529 1040 1588 etnon
1071 1519 1182 1572 Deo
1205 1516 1386 1588 (Deut.
1415 1514 1588 1585 χχχι).
1630 1531 1648 1564 ι
1681 1511 1750 1565 Ει
1776 1511 1881 1565 hoc
1933 1508 2076 1562 fece—

469 1621 600 1668 runt
623 1612 844 1684 propria
869 1609 1168 1674 voluntate,
1192 1607 1317 1677 quia
1350 1607 1404 1660 in
1433 1613 1618 1659 nostro
1645 1601 1893 1656 consistit
1921 1598 2070 1653 arbi-

473 1706 580 1762 trio
603 1704 805 1758 bonum
837 1701 918 1756 vel
950 1699 1153 1755 malum
1177 1698 1396 1770 eligere.
1425 1695 1690 1765 Reginam
1719 1689 1841 1746 cmli
1868 1697 1962 1752 aut
1994 1700 2075 1752 lu-

471 1809 597 1851 nam
626 1794 768 1849 sicut
791 1791 1041 1862 superius
1062 1790 1266 1851 dictum
1287 1796 1392 1858 est,
1418 1802 1510 1849 aut
1535 1790 1801 1848 lunonem
1831 1794 2075 1845 scrorcm
2106 1791 2152 1849 Β

468 1880 644 1948 lovis.
683 1891 778 1938 aut
830 1879 1232 1941 Berecb'utttam
1281 1901 1510 1941 uxorem
1566 1881 1789 1938 Saturni
1845 1878 2074 1933 matrem

469 1975 698 2030 deorum
777 1972 1076 2036 secundum
1135 1977 1399 2048 quosdam
1480 1980 1756 2044 nuncupat
1807 1990 1820 2026 :
1870 1970 2079 2036 Quibus

471 2061 616 2152 W50
670 2085 870 2127 nomen
956 2069 1258 2139 majestatis
1334 2064 1680 2121 ascribebant
1735 2079 1747 2114 :
1820 2059 2078 2130 quoniam

483 2183 503 2216 ι
525 2149 720 2219 omnes
741 2161 815 2218 dii
843 2161 1083 2232 gentium
1115 2149 1400 2224 dmmonia,
1423 2154 1686 2211 Dominus
1709 2160 1889 2207 autem
1913 2150 2080 2205 caelos

479 2254 609 2310 fecit
634 2253 807 2326 (Psal.
845 2252 991 2322 xcv).
1046 2270 1064 2302 ι
1102 2247 1326 2321 Mysticc
1371 2254 1551 2301 autem
1600 2256 1792 2298 omnes
1834 2238 2078 2294 haeretici

480 2343 536 2398 in
570 2341 804 2414 Egypto
835 2340 993 2396 istius
1019 2338 1231 2401 mundi,
1262 2337 1366 2390 hoc
1395 2343 1498 2400 est,
1522 2334 1578 2388 in
1607 2330 1850 2387 tenebris
1877 2326 2080 2381 erroris

480 2431 784 2496 constituti,
818 2428 1086 2486 sacrificia
1115 2435 1170 2481 et
1197 2425 1454 2480 libamina
1485 2438 1591 2477 non
1639 2421 1750 2477 Deo
1794 2433 1947 2482 vero,
1980 2415 2082 2470 sed

482 2522 634 2578 falsis
681 2519 994 2576 numinibus
1041 2516 1298 2582 offerunt,
1347 2530 1471 2569 cum
1509 2513 1757 2569 tictiones
1794 2522 2082 2581 perversas

481 2621 538 2670 et
555 2615 804 2684 dogmata
831 2625 997 2682 prava
1027 2609 1092 2664 ad
1116 2607 1463 2677 decipiendos
1485 2605 1755 2669 homines,
1779 2611 1836 2658 et
1859 2603 2084 2657 subver-

483 2702 701 2758 tendam
751 2700 910 2756 fidem
961 2709 1165 2754 rectam
1214 2697 1582 2752 conscribunt.
1629 2692 1838 2748 Idcirco
1868 2692 2085 2746 venient

479 2808 649 2863 super
672 2807 767 2848 cos
796 2789 956 2853 mala,
988 2797 1044 2844 et
1069 2795 1228 2843 erunt
1253 2787 1308 2842 in
1341 2785 1751 2848 desolationem,
1794 2791 1850 2836 et
1882 2783 1933 2835 in
1964 2790 2081 2835 stu-

485 2899 690 2954 porem,
720 2890 776 2937 et
802 2882 853 2936 in
881 2878 1225 2935 maledictum
1252 2895 1269 2938 ε,
1296 2876 1423 2947 quia
1439 2881 1807 2945 peccaverunt
1833 2871 2080 2933 Domino,

484 2986 684 3032 etnon
732 2973 1021 3028 audierunt
1071 2983 1262 3025 vocem
1307 2965 1546 3032 Domini,
1599 2978 1777 3032 neque
1828 2964 1881 3016 in
1942 2960 2080 3030 lege,

487 3079 664 3136 neque
693 3064 748 3119 in
775 3061 1059 3134 praeceptis
1084 3069 1140 3116 ct
1166 3057 1492 3114 testimoniis
1512 3055 1649 3124 ejus,
1676 3060 1826 3110 recto
1867 3052 2083 3106 tramite

487 3158 770 3216 catholica:
797 3153 1154 3212 confessionis
1187 3150 1620 3206 ambulaverunt.

566 3270 584 3302 ε
621 3249 770 3305 Dixit
807 3256 990 3302 autem
1036 3243 1300 3301 Jeremias
1349 3241 1416 3297 ad
1466 3253 1682 3296 omnem
1726 3234 1980 3308 populum
2033 3239 2088 3287 et

497 3358 519 3395 ι
564 3340 633 3395 ad
663 3339 946 3394 universas
974 3333 1230 3390 mulieres
1280 3350 1294 3387 :
1345 3330 1543 3387 Audite
1593 3329 1819 3384 verbum
1851 3323 2086 3388 Domini,

496 3448 520 3485 ι
561 3427 740 3486 omnis
767 3425 927 3492 Iuda,
953 3423 1046 3495 qui
1078 3425 1210 3479 estis
1239 3423 1292 3478 in
1333 3432 1479 3477 terra
1517 3418 1735 3491 {Egypti
1769 3431 1784 3471 :
1822 3415 1970 3480 llaec,
2001 3417 2088 3469 in-

499 3539 520 3572 ι
563 3519 682 3591 quit
729 3516 987 3572 Dominus
1049 3513 1384 3569 exercituum
1437 3510 1579 3565 Deus
1632 3506 1814 3571 Israel,
1850 3507 2084 3561 dicens:

500 3629 520 3661 ι
560 3609 666 3665 Vos
732 3614 788 3662 et
839 3619 1040 3660 uxores
1087 3611 1312 3667 vestrae,
1365 3599 1526 3656 locuti
1570 3599 1701 3654 estis
1737 3613 1833 3653 ore
1874 3605 2085 3662 vestro,

499 3721 519 3754 ι
563 3710 620 3756 et
665 3697 916 3754 manibus
940 3695 1136 3750 vestris
1162 3692 1449 3763 implestis,
1484 3690 1726 3745 dicentes
1758 3706 1769 3740 :
1807 3686 2090 3741 Faciamus

502 3810 522 3844 ι
569 3799 693 3845 vota
747 3796 954 3850 nostra,
997 3799 1116 3854 qua:
1164 3783 1430 3847 vovimus,
1475 3788 1534 3834 ut
1580 3779 1949 3835 sacrificemus
2008 3791 2092 3830 re-

505 3900 524 3933 ‹
570 3881 708 3950 gina:
754 3877 902 3944 cmli,
927 3886 982 3931 et
1006 3876 1237 3930 libemus
1263 3873 1314 3928 ei
1352 3870 1630 3928 libamina.
1661 3870 1928 3941 Implestis
1965 3877 2090 3923 vota

506 3990 525 4022 ι
570 3977 774 4035 vestra,
801 3976 858 4024 et
899 3981 1061 4037 opere
1106 3963 1460 4037 perpetrastis
1482 3977 1565 4016 ea.
1607 3961 1731 4015 lzleo
1755 3959 1937 4014 audite
1964 3972 2090 4012 vcr-

507 4079 525 4110 ι
571 4061 701 4115 bum
745 4056 960 4112 Domini
995 4055 1172 4110 omnis
1200 4053 1358 4118 Juda,
1408 4052 1501 4122 qui
1546 4050 1804 4106 habitatis
1848 4049 1903 4102 in
1947 4056 2092 4101 terra

507 4167 528 4202 ι
576 4146 792 4220 Egypti
827 4163 840 4199 :
885 4144 1024 4200 Ecce
1058 4159 1157 4214 ego
1181 4142 1357 4212 juravi
1386 4143 1440 4196 in
1483 4142 1701 4197 nomine
1726 4155 1850 4195 meo
1875 4154 2090 4209 magno,

508 4259 528 4292 ‹
573 4238 648 4293 ait
679 4236 957 4301 Dominus,
1007 4234 1131 4303 quia
1165 4232 1503 4303 nequaquam
1531 4232 1672 4291 ultra
1696 4245 1890 4286 nomen
1916 4244 2093 4284 meum

510 4349 530 4382 ε
572 4327 856 4383 vocabitur
875 4341 944 4382 ex
965 4339 1058 4380 ore
1081 4323 1259 4379 omnis
1280 4322 1382 4376 viri
1400 4319 1592 4385 Judaei,
1620 4319 1850 4374 dicentis
1885 4337 1898 4373 :
1952 4319 2097 4372 Vivit

510 4440 532 4476 ι
567 4419 830 4475 Dominus
854 4418 997 4472 Deus
1049 4417 1102 4470 in
1132 4415 1281 4470 omni
1314 4422 1456 4467 terra
1490 4412 1708 4483 [Egypti
1751 4426 1766 4465 :
1809 4411 1950 4466 Ecce
1997 4425 2095 4480 ego

512 4529 532 4564 ε
581 4508 811 4582 vigilabo
836 4521 999 4578 super
1033 4520 1126 4561 eos
1153 4506 1207 4559 in
1235 4504 1456 4567 malum,
1480 4512 1535 4557 et
1557 4517 1663 4557 non
1705 4502 1761 4556 in
1789 4504 2008 4565 bonum,
2041 4511 2093 4556 et
2126 4477 2173 4534 D

515 4618 535 4652 ι
578 4606 962 4656 consumentur
982 4611 1174 4651 omnes
1215 4595 1314 4649 viri
1340 4594 1493 4658 Juda,
1538 4595 1629 4665 qui
1675 4602 1799 4648 sunt
1846 4594 1898 4646 in
1955 4602 2095 4647 terra

519 4706 539 4740 ε
583 4686 825 4758 ΛΕεγριί,
870 4685 1048 4755 gladio
1084 4692 1152 4746 et
1198 4685 1380 4748 fame,
1410 4684 1581 4737 donec
1639 4683 1854 4753 penitus
1901 4698 2098 4737 consu-

517 4798 536 4832 ι
582 4785 823 4841 mantur,
853 4784 910 4831 et
955 4776 1045 4844 qui
1079 4774 1310 4844 fugerint
1349 4775 1582 4843 gladium
1645 4783 1985 4829 revertentur
2031 4773 2097 4828 de

482 4921 492 4944 ,
519 4886 538 4922 σ
581 4878 728 4925 terra
753 4865 993 4938 Egypti,
1028 4866 1080 4920 in
1110 4873 1311 4920 terram
1337 4864 1472 4919 Juda
1497 4867 1599 4919 viri
1631 4867 1811 4934 pauci,
1844 4875 1897 4919 et
1924 4865 2097 4918 scient

521 4977 538 5009 ι
583 4971 770 5013 omnes
801 4955 1043 5024 reliquiae
1089 4953 1224 5009 Juda
1255 4954 1670 5022 ingredientium
1706 4964 1904 5007 terram
1935 4953 2100 5023 zﬁgy-

522 5064 541 5097 ι
583 5047 683 5116 pti,
718 5053 779 5098 ut
804 5043 1048 5098 habitent
1079 5043 1173 5107 ibi,
1205 5043 1358 5112 cujus
1381 5057 1560 5097 sermo
1592 5041 1924 5109 compleatur
1950 5055 2100 5094 meus

525 5157 541 5188 ι
589 5151 655 5189 an
685 5133 920 5189 illorum.
954 5153 972 5184 i
1027 5132 1222 5187 Contra
1267 5132 1400 5187 dicit
1435 5133 1696 5202 pmpheta
1735 5147 1802 5186 ex
1851 5147 2100 5186 sermone

519 5224 756 5290 Domini,
779 5223 922 5293 quod
952 5237 1294 5292 nequaquam
1326 5223 1465 5276 ultra
1511 5239 1705 5278 nomen
1735 5221 1852 5290 ejus
1878 5231 2099 5276 vocetur

519 5330 590 5371 ex
617 5329 716 5370 ore
759 5312 938 5369 omnis
971 5313 1071 5366 viri
1120 5310 1288 5366 διιόωὶ
1319 5313 1547 5366 dicentis
1591 5328 1604 5364 :
1662 5312 1804 5365 Vivit
1843 5313 2101 5366 Dominus

525 5409 666 5464 Deus
707 5409 761 5462 in
807 5406 953 5464 omni
1007 5416 1150 5462 terra
1179 5407 1419 5477 Egypti.
1459 5407 1723 5474 Quoniam
1775 5408 1865 5477 qui
1912 5418 2100 5463 contra

523 5498 763 5554 divinum
826 5506 1154 5567 praeceptum
1200 5497 1326 5552 illuc
1383 5505 1757 5566 perrexerant,
1819 5499 2103 5566 protectio-

524 5605 647 5644 nem
694 5589 905 5645 Domini
955 5589 1152 5644 ibidem
1207 5591 1408 5646 habere
1463 5607 1571 5646 non
1615 5601 1949 5657 meruerunt,
2007 5592 2100 5647 sed

520 5679 858 5748 consumptis
933 5678 1256 5734 adversariis
1323 5679 1497 5750 gladio
1549 5691 1603 5736 et
1671 5681 1850 5748 fame,
1921 5685 2100 5750 pauci,

2181 524 2323 569 terra
2355 513 2576 586 ZEgypti
2608 517 2660 568 in
2702 524 2902 570 terram
2947 514 3106 580 Juda,
3153 523 3211 568 ut
3247 516 3543 585 posteritas
3598 517 3784 587 stirpis

2178 605 2411 674 antiquae
2438 615 2771 659 servaretur.
2820 603 3149 674 Spiritaliter
3195 615 3376 659 autem
3418 621 3528 660 non
3557 617 3783 660 vocatur

2177 708 2372 747 nomen
2415 693 2624 747 Domini
2652 708 2718 748 ex
2752 708 2846 748 ore
2869 694 3048 748 omnis
3069 693 3315 750 hmretici
3345 696 3399 750 in
3432 705 3579 751 terra
3610 696 3779 767 Egy-

2177 781 2296 851 pti,
2347 783 2474 851 quia
2518 797 2707 837 eorum
2747 797 2949 847 sermo,
3003 785 3238 853 quandiu
3280 794 3406 840 sunt
3461 787 3518 840 in
3571 802 3774 850 errore,

2177 885 2283 924 non
2305 871 2616 926 oratio-Deo
2641 871 2858 941 placita,
2887 873 2980 928 sed
3008 873 3342 944 blasphemia
3369 877 3635 945 probatur
3655 893 3778 933 esse

2175 960 2530 1029 nequissima.
2565 960 2718 1016 Unde
2751 963 3011 1033 scriptum
3054 974 3137 1020 est
3190 983 3202 1019 :
3261 965 3376 1021 Non
3423 978 3509 1022 est
3549 970 3776 1037 pulchra

2178 1050 2415 1107 laudatio
2443 1053 2496 1106 in
2520 1069 2618 1108 ore
2642 1056 2969 1124 peccatoris,
2998 1066 3149 1110 muta
3177 1057 3483 1113 ellieiantur
3507 1060 3652 1121 labia
3682 1069 3777 1122 do-

2177 1139 2313 1208 losa,
2343 1141 2462 1210 qua:
2499 1142 2792 1212 loquuntur
2836 1145 3098 1214 adversus
3148 1147 3313 1203 istum
3347 1147 3690 1224 iniquitatem
3721 1157 3774 1210 in

2176 1233 2428 1300 superbia
2452 1239 2861 1303 eteontemptu.
2889 1233 3102 1297 Idcirco
3141 1243 3452 1314 quicunque
3496 1246 3552 1298 in
3589 1259 3777 1300 errore

2175 1330 2437 1392 concepto
2467 1326 2924 1395 perseveraverit,
2958 1333 3140 1402 gladio
3163 1334 3294 1403 justi
3333 1335 3525 1404 judicii
3553 1337 3649 1391 Dei
3675 1352 3776 1406 pe-

2178 1412 2304 1467 ribit
2333 1429 2347 1467 :
2380 1415 2470 1482 qui
2495 1423 2699 1488 autem,
2750 1423 2936 1479 relicto
2963 1440 3152 1480 errore
3188 1440 3311 1491 suo,
3338 1434 3682 1483 revertentur
3708 1430 3778 1484 de

2179 1513 2322 1564 terra
2346 1504 2567 1583 (Egypti
2591 1513 2645 1567 in
2670 1522 2868 1569 terram
2892 1514 3050 1584 Juda,
3074 1527 3131 1572 et
3151 1526 3378 1588 agentes
3401 1521 3778 1589 paenitentiam

2181 1592 2438 1672 deinceps
2465 1617 2565 1672 per
2591 1604 2903 1666 omniarite.
2926 1615 3227 1675 sequuntur
3253 1607 3415 1665 fidem
3444 1609 3777 1665 catholicam

2181 1691 2554 1747 salvabuntur.

2257 1801 2274 1831 ‹
2321 1782 2388 1835 Et
2418 1782 2522 1838 hoc
2549 1781 2702 1838 vobis
2735 1783 2967 1853 signum,
3020 1784 3096 1838 ait
3126 1783 3410 1851 Dominus,
3453 1785 3599 1856 quod
3648 1787 3780 1842 visi-

2189 1889 2207 1922 ι
2255 1881 2361 1926 tem
2384 1887 2483 1942 ego
2508 1887 2672 1942 super
2699 1888 2794 1928 vos
2819 1874 2871 1926 in
2905 1873 3022 1930 loco
3052 1874 3177 1940 isto,
3202 1883 3260 1929 ut
3289 1876 3476 1931 sciatis
3495 1876 3621 1946 quia
3646 1892 3779 1932 vere

2186 1983 2204 2016 ‹
2252 1963 2661 2034 complebuntur
2688 1980 2966 2020 sermones
2988 1967 3090 2022 mei
3116 1977 3306 2022 contra
3337 1982 3444 2023 vos
3466 1969 3518 2023 in
3547 1969 3774 2024 malum.

2185 2072 2203 2104 ι
2238 2040 2376 2107 llaec
2405 2053 2538 2107 dicit
2569 2054 2826 2108 Dominus
2853 2055 2999 2108 Deus
3025 2073 3038 2108 :
3072 2054 3211 2110 Ecce
3258 2069 3360 2126 ego
3397 2056 3604 2110 tradam
3633 2056 3778 2111 Pha-

2187 2161 2206 2193 ι
2255 2158 2472 2197 raonem
2502 2141 2715 2212 Ephree
2753 2142 2932 2215 regem
2981 2142 3202 2214 Egypti
3239 2144 3291 2197 in
3320 2159 3484 2199 manu
3527 2145 3781 2200 inimico-

2188 2253 2206 2286 ι
2254 2250 2372 2289 rum
2417 2249 2664 2300 suorum,
2708 2244 2764 2289 et
2807 2235 2862 2290 in
2916 2250 3076 2289 manu
3120 2238 3480 2305 quaerentium
3537 2237 3778 2291 animam

2188 2344 2206 2374 ‹
2251 2324 2427 2388 illius,
2482 2325 2622 2379 sicut
2671 2323 2863 2380 tradidi
2926 2324 3207 2380 Sedeciam
3271 2341 3452 2397 regem
3534 2327 3670 2381 Juda
3722 2329 3775 2380 in

2189 2431 2208 2463 ‹
2253 2428 2415 2467 manu
2471 2411 2971 2469 Nabuchodonosor
3027 2415 3174 2486 regis
3218 2415 3512 2486 Babylonis
3568 2417 3776 2472 inimici

2191 2522 2208 2555 ‹
2241 2505 2321 2559 sui
2347 2514 2401 2559 et
2436 2505 2732 2574 quaarentis
2761 2504 2994 2558 animam
3020 2504 3157 2574 ejus.
3199 2526 3218 2558 ι
3269 2505 3522 2577 Congrue
3557 2509 3689 2562 satis
3719 2508 3776 2562 in

2184 2595 2399 2665 signum
2461 2593 2699 2650 Judaiea:
2753 2597 3024 2651 vastitatis
3082 2597 3344 2652 Dominus
3396 2599 3606 2668 Ephree
3660 2601 3776 2653 sive

2189 2683 2398 2754 Vaphre
2429 2699 2610 2757 regem
2666 2684 2885 2757 Egypti
2930 2687 3094 2753 dedit,
3128 2698 3188 2743 ut
3236 2705 3356 2744 cum
3387 2689 3537 2744 illum
3579 2691 3635 2745 in
3669 2707 3778 2760 quo

2184 2790 2332 2846 spem
2383 2791 2494 2831 sua:
2547 2769 2882 2831 liberationis
2933 2777 3201 2832 habebant
3230 2789 3445 2848 captum
3496 2791 3552 2834 et
3605 2781 3777 2836 inter-

2182 2877 2424 2936 emptum
2445 2867 2714 2932 viderent,
2746 2868 2845 2937 ipsi
2867 2869 2933 2922 ad
2953 2869 3057 2923 veri
3085 2870 3166 2923 sui
3187 2870 3497 2925 liberatoris
3517 2871 3775 2926 auxilium

2185 2945 2607 3012 reverterentur.
2664 2956 2940 3026 Siquidem
2999 2957 3266 3028 Vapbrem
3323 2975 3503 3030 regem
3555 2959 3772 3032 Egypu'

2186 3044 2406 3113 triginta
2457 3045 2615 3100 annis
2670 3060 2890 3114 regnum
2943 3047 3180 3102 tenuisse
3227 3047 3468 3102 historia:
3516 3051 3753 3118 produnt

2113 3134 2157 3195 C
2189 3133 2352 3202 Cujus
2379 3150 2521 3190 anno
2561 3142 2715 3191 sesto
2757 3136 3249 3192 Nabuchodonosor
3274 3154 3366 3193 rex
3399 3139 3773 3195 Chaldaeorum

2189 3218 2540 3297 Jerosolymis
2561 3227 2732 3297 captis
2764 3227 3018 3296 templum
3054 3229 3324 3293 incendit,
3349 3230 3493 3298 quod
3524 3229 3594 3284 ab
3625 3231 3775 3285 initio

2188 3318 2563 3374 zedificationis
2591 3334 2704 3374 suae
2726 3323 3001 3375 manserat
3029 3323 3189 3397 annis
3208 3324 3620 3394 quadringentis
3647 3342 3777 3396 qua—

2190 3409 2436 3478 draginta
2472 3410 2699 3464 duobus.
2735 3410 2828 3464 Cui
2867 3413 3149 3467 sententia:
3177 3415 3351 3467 etiam-
3369 3413 3622 3470 Clemens
3645 3432 3774 3471 conw

2190 3501 2335 3570 gruit
2366 3500 2417 3555 in
2445 3501 2619 3570 primo
2642 3499 2913 3557 Stromate
2938 3504 3350 3573 quadragesima
3372 3515 3567 3561 octava
3595 3507 3775 3576 Olym-

2189 3592 2365 3662 piade,
2381 3593 2747 3662 captivitatem
2761 3593 3009 3649 Judmoru
3019 3610 3067 3648 m
3093 3594 3289 3648 factam
3301 3610 3420 3650 esse
3439 3605 3774 3660 contestans,

2191 3693 2450 3752 regnante
2503 3685 2644 3753 apud
2711 3683 2995 3754 Aﬁgyptios
3044 3685 3283 3754 Vaphre,
3340 3687 3483 3756 apud
3535 3687 3778 3744 Athenas

2191 3772 2510 3842 Pltmnippo,
2537 3781 2592 3827 et
2617 3776 2892 3844 supputari
2933 3775 3268 3846 septuaginta
3296 3791 3469 3831 annos
3497 3777 3776 3833 desolatio-

2192 3864 2276 3917 nis
2308 3865 2487 3933 templi
2525 3879 2695 3933 usque
2729 3865 2780 3919 in
2834 3867 3129 3921 secundum
3177 3881 3377 3921 annum
3423 3869 3592 3922 Darii.
3623 3869 3774 3925 Jose-

2193 3956 2330 4023 pbus
2350 3963 2528 4010 autem
2563 3956 2629 4010 de
2649 3956 2750 4010 hoc
2770 3953 3024 4026 [Egyptio
3052 3957 3104 4011 in
3131 3957 3529 4028 Antiquitatum
3556 3975 3774 4014 suarum

2195 4049 2333 4102 libro
2366 4047 2577 4103 decimo
2606 4057 2812 4112 narrat,
2843 4049 3062 4103 dicens:
3095 4048 3262 4103 Porro
3284 4048 3779 4106 Nabuchbdonosor

2194 4141 2321 4195 dum
2351 4138 2578 4196 vixisset
2618 4141 2775 4196 annis
2821 4141 3176 4211 quadraginta
3207 4141 3492 4198 defunctus
3541 4152 3648 4208 est,
3698 4145 3780 4198 vir

2196 4231 2490 4285 industrius
2517 4239 2572 4286 ct
2593 4230 2830 4301 priorum
2863 4245 3049 4300 regum
3078 4231 3234 4286 valde
3262 4231 3488 4287 felicior.
3538 4232 3778 4289 Meminit

2197 4321 2354 4390 hujus
2399 4329 2579 4374 actum
2635 4329 2689 4373 et
2718 4303 2978 4376 ’Berosus
3015 4321 3070 4375 in
3125 4320 3264 4376 libro
3311 4323 3474 4377 tertio
3538 4323 3778 4378 historiae

2197 4409 2568 4464 Chaldmorum
2593 4408 2667 4462 ita
2691 4407 2877 4463 dicens
2909 4427 2920 4460 :
2948 4407 3186 4462 Audiens
3213 4417 3393 4462 autem
3420 4409 3588 4464 Pater
3604 4409 3780 4464 Nabu-

2199 4498 2536 4555 chodonosor
2559 4499 2703 4569 quod
2732 4497 2980 4568 Satrapa,
3009 4500 3098 4570 qui
3127 4499 3194 4553 ab
3223 4515 3288 4554 eo
3311 4502 3641 4556 constitutus
3669 4501 3780 4556 fue-

2200 4601 2285 4646 rat
2312 4592 2363 4645 in
2388 4589 2624 4661 {Egypto
2649 4599 2703 4645 et
2724 4590 2856 4645 locis
2886 4589 3055 4661 Syrim
3081 4590 3354 4645 inferioris
3383 4599 3436 4645 et
3462 4590 3778 4655 Phoenicim,

2199 4683 2512 4737 recessisset
2537 4680 2604 4735 ab
2627 4695 2693 4736 eo
2722 4698 2735 4734 :
2767 4696 2888 4736 cum
2906 4681 3018 4751 ipse
3039 4679 3150 4748 jam
3175 4681 3402 4752 fatigare
3434 4698 3544 4737 non
3575 4693 3777 4752 posset,

2198 4773 2541 4827 committens
2579 4771 2686 4827 ﬁlio
2731 4769 3219 4825 Nabuchodonosor
3265 4772 3450 4842 juveni
3490 4775 3780 4840 quatndam

2198 4875 2406 4934 partem
2431 4865 2721 4929 exercitus,
2755 4863 2902 4918 misit
2945 4863 3204 4918 adversus
3231 4877 3377 4917 eum.
3418 4863 3777 4920 Nabuchodo-

2201 4971 2364 5010 nosor
2389 4963 2566 5009 autem
2593 4969 2914 5025 congressus
2946 4955 3204 5009 adversus
3251 4969 3400 5020 eum,
3446 4956 3538 5025 qui
3569 4955 3640 5010 ab
3667 4957 3782 5024 ejus

2201 5047 2362 5101 Patre
2412 5055 2734 5111 recesserat,
2787 5045 2931 5100 facta
2969 5045 3337 5111 dimicatione,
3383 5056 3439 5101 et
3469 5036 3593 5101 eunt
3627 5048 3777 5108 vicit.

2199 5146 2254 5190 et
2274 5137 2606 5205 provinciam
2635 5151 2703 5190 ex
2733 5137 2836 5190 isto
2855 5135 3119 5205 principio
3141 5151 3239 5192 suo
3269 5136 3578 5206 subjugavit
3608 5138 3775 5207 impe-

2202 5228 2301 5281 rio.
2330 5228 2406 5281 Eo
2432 5228 2646 5297 quidem
2677 5237 2915 5295 tempore
2935 5229 3178 5299 contigit,
3203 5239 3262 5284 ut
3281 5229 3442 5283 Pater
3463 5227 3580 5298 ejus
3605 5229 3780 5285 Nabu-

2201 5318 2536 5371 chodonosor
2561 5325 2850 5395 aegrotaret
2875 5316 2928 5370 in
2957 5315 3250 5387 Babylonia
3276 5319 3496 5372 civitate
3524 5329 3581 5374 et
3607 5335 3637 5373 a
3668 5320 3778 5375 vita

2203 5408 2496 5462 recederet.
2529 5407 2629 5474 Qui
2665 5403 2911 5477 regiravit
2938 5408 3095 5462 annis
3138 5408 3330 5479 viginti
3373 5425 3543 5464 unum
3579 5409 3802 5468 Nabu—

2203 5501 2540 5554 cholonosor
2563 5509 2743 5555 autem
2769 5516 2876 5556 non
2909 5508 3033 5569 post
3057 5499 3285 5556 multum
3313 5509 3526 5573 tempus
3551 5511 3781 5557 mortem

2202 5592 2376 5647 Patris
2401 5607 2720 5662 agnoscens,
2764 5601 2818 5646 et
2858 5594 3149 5663 disponens
3190 5609 3384 5650 causas
3410 5594 3627 5665 Egypti
3654 5596 3775 5649 reli-

2202 5698 2469 5752 quamque.
2504 5682 2853 5752 provinciam,
2895 5690 2952 5739 et
2985 5684 3225 5753 captivos
3248 5683 3364 5753 ejus
3387 5693 3442 5738 et
3465 5683 3784 5739 Phoenicum
