3952 6358
307 372 447 430 109⁵1

1201 370 1564 431 EXPOSITIO
1602 371 1829 429 SUPER
1864 371 2227 431 JEREMIAM.
2267 408 2336 419 —
2374 379 2500 434 LIB.
2544 379 2680 435 XIV.

3436 388 3572 444 1098

301 492 362 540 et
390 482 673 553 Syriorum
702 489 757 538 et
783 483 1022 554 gentium
1048 482 1445 554 .IEgyptiarum,
1491 494 1546 540 et
1573 485 1889 554 praecipiens
1917 486 1968 546 Α
1993 488 2251 555 propheta
2276 489 2480 543 mistim
2513 495 2576 545 de
2607 490 2741 546 Juda
2772 501 2826 547 et
2868 493 3061 558 Israel,
3116 501 3172 549 et
3213 495 3278 550 de
3306 496 3572 558 Chaldaeis

300 574 627 646 quibusdam
664 574 874 639 amicis,
926 584 986 633 ut
1012 590 1133 629 cum
1165 591 1355 645 magna
1402 578 1618 641 virtute,
1662 586 1716 630 et
1745 575 1891 631 omni

297 667 536 721 utilitate
572 666 638 720 ad
678 666 1026 737 Babyloniam
1058 676 1249 721 cuncta
1301 668 1595 733 deferrent,
1628 667 1741 738 ipse
1768 684 1889 723 cum

295 760 490 830 paucis
512 774 609 828 per
636 760 908 814 desertum
936 760 1085 814 venit
1117 761 1184 813 ad
1213 760 1581 832 Babyloniam,
1605 770 1659 816 et
1686 762 1890 833 potitus

295 866 485 906 rerum
514 866 635 921 quaa
670 852 1111 922 gubernabantur
1156 859 1285 906 tunc
1309 869 1339 924 a
1370 851 1655 917 Chaldaeis,
1688 869 1717 908 a
1751 868 1887 922 quo-

294 942 422 997 dam
449 942 567 996 viro
609 942 812 1012 Optimo
861 957 1085 1012 regnum
1123 951 1486 1006 reservaturo,
1539 944 1702 999 totius
1732 944 1886 1016 regni

289 1032 502 1106 paterni
533 1032 779 1088 dominus
803 1039 887 1087 est
923 1029 1161 1086 eﬁ‘ectus.

875 1143 1102 1200 CAPUT
1137 1143 1298 1201 XLV.

288 1215 609 1306 increpatur
659 1233 877 1305 .Baruch
946 1251 979 1306 ᾳ
1025 1233 1257 1306 Ieremia
1307 1234 1371 1288 de
1403 1232 1834 1303 pusillanimitate
1862 1248 1882 1288 .°

694 1315 867 1358 tamen
897 1303 1041 1358 salus
1070 1304 1118 1357 ei
1139 1305 1480 1372 promittitur.

434 1396 668 1453 Verbum
698 1397 841 1466 quod
869 1395 1078 1452 locutus
1108 1405 1193 1451 est
1217 1396 1479 1452 Jeremias
1519 1397 1781 1467 propheta
1815 1398 1882 1452 ad

289 1503 313 1541 ι
361 1488 595 1554 Baruch,
626 1487 795 1542 ﬁlium
841 1486 1034 1551 Nerine,
1081 1502 1203 1542 cum
1246 1488 1550 1557 scripsisset
1573 1488 1736 1548 verba
1766 1489 1882 1543 hare

289 1596 314 1632 ι
358 1580 411 1635 in
443 1580 581 1633 libro
609 1580 675 1634 de
706 1593 801 1633 ore
822 1577 1090 1642 Ieremiae,
1118 1593 1261 1632 anno
1286 1590 1478 1648 quarto
1507 1579 1755 1635 Joachim
1785 1578 1878 1634 ﬁlii

285 1689 312 1726 ι
355 1672 515 1730 Ιοδίειξ
542 1673 685 1742 regis
713 1671 870 1734 Juda,
895 1671 1078 1725 dicens
1106 1685 1120 1724 :
1155 1670 1279 1724 Ilaec
1301 1670 1430 1725 dicit
1459 1671 1717 1725 Dominus
1737 1670 1880 1726 Deus

283 1785 307 1820 ε
353 1766 516 1822 Israel
544 1766 706 1819 ad-te
752 1764 1009 1818 Baruch:
1061 1763 1294 1818 Dixisti:
1333 1762 1425 1817 Vte
1473 1762 1605 1816 mihi
1655 1761 1874 1826 misero,

1993 578 2422 649 atquengyptiis
2440 589 2595 649 prout
2620 585 2989 652 opportunitas
3015 586 3339 641 narrationis
3364 603 3422 643 se
3445 605 3573 646 cou-

1994 669 2113 722 tulit
2135 686 2440 725 sermonem
2463 671 2648 728 habuit
2674 693 2685 727 :
2711 675 2907 731 dehinc
2929 691 3058 730 vero
3081 678 3148 732 ad
3178 679 3419 736 diversas
3444 699 3571 753 gen-

1993 769 2071 816 tes
2097 778 2158 818 ac
2185 752 2512 832 provincias,
2544 764 2648 819 hoc
2688 777 2785 825 est.
2835 768 2900 821 ad
2930 763 3268 838 ngyptum,
3293 773 3358 826 ad
3397 752 3568 828 Palae-

1989 854 2178 919 stinos,
2212 855 2276 907 ad
2316 854 2596 916 Moabitas,
2629 865 2684 910 et
2712 856 2850 910 ﬁlios
2885 857 3137 924 Ammon,
3169 863 3236 915 ad
3259 859 3569 929 Idumaram,

1989 943 2056 997 ad
2078 942 2272 1009 Cedar,
2299 943 2570 1010 ad'Elam,
2600 953 2656 999 et
2693 946 2760 999 ad
2797 955 3095 1002 extremum
3124 950 3191 1004 ad
3221 937 3571 1021 Babylonem,

1987 1035 2053 1089 ad
2080 1043 2278 1089 terram
2299 1034 2695 1102 Ch’aldmorum,
2730 1038 3032 1107 specialiter
3066 1041 3311 1110 singulis,
3339 1044 3565 1097 verbum

1986 1124 2231 1192 Domini,
2265 1127 2404 1197 quod
2434 1130 2532 1182 sub
2560 1129 2776 1183 nomine
2804 1129 2984 1183 oneris
3021 1129 3183 1186 Isaias
3212 1135 3564 1202 nuncupavit,

1985 1216 2223 1286 profert:
2252 1231 2312 1273 ut
2342 1220 2516 1275 sciant
2545 1220 2767 1289 singulae
2790 1221 2917 1291 quid
2941 1231 3126 1276 contra
3153 1224 3363 1278 Domini
3385 1225 3567 1279 volun-

1985 1317 2150 1362 tatem
2179 1309 2424 1375 fecerint,
2457 1319 2510 1366 et
2560 1310 2772 1381 qualem
2807 1312 3103 1366 vindictam
3150 1314 3271 1367 inde
3317 1315 3423 1369 sint
3452 1330 3573 1384 per-

1985 1414 2243 1467 pessurze.
2272 1400 2509 1453 Primum
2557 1415 2683 1470 ergo
2726 1403 2793 1457 ad
2836 1402 3128 1474 IEgyptum
3148 1445 3162 1470 ,
3191 1421 3311 1475 quae
3341 1407 3573 1461 maxime

1985 1489 2300 1545 scandalum
2322 1489 2421 1544 fuit
2442 1491 2587 1558 genti
2609 1490 2934 1559 Iudaeorum,
2959 1510 3264 1550 sermonem
3288 1499 3571 1560 convertit,

1985 1594 2419 1635 commemorans
2448 1589 2664 1650 tempus
2698 1584 2911 1650 quando
2959 1585 3074 1640 haec
3120 1586 3315 1657 legatio
3353 1599 3572 1656 peracta

1983 1681 2087 1737 est,
2109 1671 2214 1726 hoc
2234 1680 2338 1736 est,
2362 1673 2416 1726 in
2443 1680 2637 1740 quarto
2671 1688 2813 1728 anno
2840 1672 3082 1728 Joachim
3132 1676 3225 1730 ﬁlii
3251 1676 3409 1732 Josise
3432 1667 3572 1748 regis

1981 1759 2140 1827 Juda,
2168 1763 2384 1832 quando
2436 1761 2647 1816 Pharao
2675 1762 2888 1819 Nechao
2925 1780 3018 1819 rex
3050 1764 3266 1838 «Egypti
3315 1769 3365 1822 in
3397 1769 3569 1824 Char-

282 1875 306 1910 ι
353 1857 605 1926 quoniam
648 1854 856 1909 addidit
885 1853 1147 1907 Dominus
1190 1852 1429 1908 dolorem
1467 1853 1638 1908 dolori
1687 1866 1806 1907 meo
1857 1870 1870 1906 :
1904 1841 1951 1900 Β
1980 1853 2148 1907 carnis
2179 1862 2368 1908 contra
2411 1853 2909 1912 Nabuchodonosor
2940 1872 3118 1927 regem
3160 1859 3446 1930 Babylonis
3473 1879 3572 1932 pu-

283 1964 308 1999 ‹
353 1947 593 2002 laboravi
624 1961 748 2000 cum
773 1945 975 2016 gemitu
999 1960 1150 2011 meo,
1187 1955 1242 1999 et
1267 1945 1506 2014 requiem
1536 1961 1645 2001 non
1668 1943 1870 2000 inveni.

280 2057 302 2092 ι
351 2037 478 2092 Ilaec
521 2037 651 2092 dicit
698 2036 956 2090 Dominus
986 2053 998 2089 ε
1030 2033 1122 2090 Sic
1142 2035 1292 2090 dices
1312 2036 1378 2089 ad
1404 2051 1528 2090 eum
1563 2053 1576 2089 :
1609 2035 1750 2090 Ecce
1774 2051 1874 2106 ego

278 2147 302 2182 ι
351 2145 486 2200 quos
513 2128 776 2184 aediﬁcavi
795 2127 1036 2193 destruo,
1060 2135 1115 2182 et
1134 2142 1270 2197 quos
1295 2128 1532 2198 plantavi
1552 2143 1652 2200 ego
1677 2128 1868 2208 eyello,

277 2242 300 2278 ε
349 2230 405 2279 et
429 2222 737 2277 universam
765 2230 966 2275 terram
988 2221 1160 2285 hanc,
1195 2230 1251 2276 et
1279 2231 1332 2275 tu
1359 2221 1557 2291 quaeris
1585 2221 1681 2276 tibi
1711 2236 1872 2290 gran-

276 2334 300 2368 ι
348 2314 479 2369 dia?
509 2311 626 2369 Noli
647 2327 912 2387 quaerere,
951 2311 1076 2381 quia
1099 2327 1226 2367 ecce
1247 2326 1346 2382 ego
1373 2312 1637 2366 adducam
1667 2311 1871 2366 malum

273 2423 298 2459 α
345 2419 509 2474 super
541 2417 756 2458 omnem
787 2417 1030 2466 carnem,
1061 2402 1137 2456 ait
1167 2401 1449 2466 Dominus,
1488 2410 1544 2457 et
1587 2402 1726 2457 dabo
1770 2402 1870 2457 tibi

273 2510 298 2547 ι
344 2494 578 2548 animam
635 2499 783 2546 tuam
813 2493 869 2546 in
923 2492 1174 2557 salutem,
1206 2492 1259 2546 in
1308 2493 1557 2547 omnibus
1614 2492 1747 2548 locis
1800 2492 1868 2547 ad

273 2603 296 2638 ι
344 2598 679 2655 quaecunque
712 2583 1040 2652 perrexeris.
1087 2602 1105 2633 ›
1165 2582 1333 2638 Rudis
1376 2583 1553 2638 adhuc
1574 2589 1630 2638 et
1663 2583 1867 2651 imper-

265 2675 447 2732 fectus
501 2676 552 2728 in
605 2674 890 2730 tolerantia
944 2674 1278 2743 passionum,
1337 2688 1472 2741 quas
1522 2674 1864 2742 postmodum

265 2775 596 2836 experturus
625 2773 744 2820 erat
765 2762 999 2830 Baruch,
1029 2763 1246 2831 expavit
1287 2762 1649 2817 calamitatem
1691 2762 1867 2832 capti-

265 2857 490 2922 vitatis,
511 2872 631 2925 quae
653 2856 766 2926 jam
795 2865 923 2910 tunc
949 2855 1280 2923 temporibus
1304 2854 1550 2910 Joachim
1580 2854 1674 2908 ﬁlii
1705 2853 1864 2909 Josia:

267 2949 419 3020 regis
451 2949 585 3003 Iuda
620 2948 742 3003 urbi
775 2947 1110 3000 imminebat.
1142 2945 1295 3000 Unde
1329 2948 1681 3015 conqueritur
1709 2944 1862 2998 dolo-

265 3059 385 3100 rem
417 3042 656 3096 additum
688 3039 860 3094 dolori
913 3054 1030 3101 suo,
1084 3039 1180 3092 sed
1213 3039 1411 3107 accipit
1461 3037 1584 3092 inde
1623 3037 1865 3091 divinum

265 3146 613 3202 responsum,
642 3131 784 3200 quod
809 3129 1076 3199 superflue
1102 3138 1308 3198 quazrat
1336 3144 1521 3198 pacem
1544 3129 1644 3183 sibi
1680 3128 1860 3193 tribui,

1980 1941 2190 2010 gnavit,
2229 1949 2389 2011 atque
2419 1944 2486 1996 ab
2530 1958 2596 1998 eo
2636 1944 2903 2000 contritus
2931 1954 2980 1998 et
3022 1960 3305 2016 superatus
3331 1957 3432 2003 est.
3466 1950 3571 2006 Sed

1979 2033 2106 2100 quia
2143 2032 2340 2087 divinae
2388 2033 2631 2094 historia:
2668 2035 2772 2090 hoc
2802 2039 3069 2106 quomodo
3117 2039 3318 2095 factum
3365 2043 3435 2096 sit
3463 2057 3570 2096 non

1976 2127 2154 2196 palam
2180 2128 2492 2192 ostendunt,
2526 2128 2894 2183 necessarium
2921 2133 3175 2199 putabam
3204 2135 3568 2190 narrationem

1974 2216 2195 2287 Iosephi
2231 2217 2428 2271 indein
2465 2217 2568 2271 hoc
2592 2217 2710 2272 loco
2732 2232 2952 2289 ponere,
2991 2221 3084 2289 qui
3114 2222 3164 2274 in
3189 2221 3327 2278 libro
3355 2223 3566 2279 decimo

1973 2306 2372 2375 Antiquitatum
2394 2322 2613 2362 suarum
2637 2307 2711 2362 ita
2738 2317 2943 2373 narrat,
2969 2310 3189 2364 dicens:
3215 2329 3232 2362 ι
3269 2311 3383 2380 Rex
3411 2314 3572 2383 igitur

1973 2395 2378 2470 Egyptiorum,
2408 2399 2536 2454 dum
2559 2399 2748 2456 fuisset
2784 2416 2813 2454 a
2843 2416 3019 2472 pugna
3059 2417 3329 2469 reversus,
3359 2405 3575 2460 vocavit

1972 2491 2219 2548 Joachim
2249 2492 2316 2546 ad
2344 2493 2694 2562 semetipsum
2734 2493 2801 2547 de
2847 2494 3063 2550 civitate
3111 2493 3302 2565 Syriae,
3340 2512 3460 2566 qua:
3489 2498 3572 2551 di-

1973 2582 2114 2637 citur
2139 2580 2388 2636 Ilemath.
2425 2580 2528 2647 Qui
2565 2582 2691 2636 dum
2720 2582 2956 2637 venisset
2984 2598 3104 2637 eum
3130 2594 3348 2654 repente
3377 2585 3569 2651 vinx-it,

1971 2682 2028 2725 ct
2061 2672 2262 2727 seniori
2288 2671 2405 2740 ejus
2426 2671 2602 2736 fratri,
2635 2687 2702 2728 ex
2729 2674 2918 2728 eodem
2950 2684 3100 2744 patre
3126 2678 3428 2746 progenita,
3470 2695 3565 2734 no-

1970 2764 2117 2816 mine
2141 2763 2424 2826 Eliachim,
2451 2763 2673 2817 tradidit
2706 2779 2925 2834 regnum
2950 2783 2962 2816 :
3006 2765 3296 2834 provincize
3319 2766 3448 2821 vero
3473 2770 3570 2822 tri-

1969 2853 2158 2908 butum
2187 2855 2366 2924 posuit
2396 2863 2610 2910 centum
2657 2855 2852 2910 talenta
2903 2858 3108 2927 argenti
3149 2867 3202 2911 et
3233 2874 3396 2911 unum
3427 2861 3567 2913 auri.

1969 2943 2213 2999 Joachim
2251 2960 2380 3015 ergo
2411 2946 2509 3001 has
2531 2947 2788 3014 pecunias
2826 2946 3157 3002 exsolvebat.
3191 2946 3424 3002 Joachaz
3468 2964 3568 3003 au~

1969 3042 2078 3090 tem
2107 3034 2326 3089 deduxit
2353 3035 2407 3088 in
2447 3034 2741 3106 Egyptum
2775 3052 2787 3100 ;
2815 3037 2906 3104 qui
2937 3036 3101 3090 etiam
3133 3047 3376 3092 mortuus
3405 3047 3489 3092 est
3515 3041 3568 3093 in

1970 3137 2054 3188 ea,
2093 3124 2219 3177 dum
2267 3134 2542 3193 regnasset
2590 3134 2696 3178 tres
2740 3140 2953 3179 menses
2984 3133 3035 3179 et
3081 3127 3195 3182 dies
3237 3128 3443 3183 decem.
3483 3130 3572 3184 Jo-

265 3194 554 3280 cumtotus
573 3194 920 3291 populussu—b
943 3194 1436 3276 fascediversarum
1461 3219 1869 3275 tribulationum
1899 3194 1943 3255 Ο
1979 3215 2158 3268 achim
2215 3228 2343 3266 vero
2400 3224 2577 3268 mater
2611 3215 2907 3269 vocabatur
2954 3216 3181 3282 Zabuth,
3239 3219 3304 3273 de
3354 3220 3572 3273 civitate

265 3315 499 3374 laboret.
549 3313 627 3367 Ex
668 3327 774 3380 quo
830 3311 964 3364 mihi
1013 3311 1226 3364 videtur
1277 3312 1329 3362 in
1377 3291 1465 3363 iiio
1514 3318 1694 3379 typum
1753 3310 1870 3364 ﬁeri

265 3419 460 3460 eorum
507 3402 676 3473 qui-in
700 3415 955 3471 pressura
979 3401 1416 3470 persecutionum
1440 3401 1633 3468 quibus
1659 3402 1710 3453 in
1735 3416 1872 3469 prae-

264 3499 413 3555 senti
466 3506 708 3566 ternpore
768 3493 1012 3549 Ecclesia
1069 3501 1328 3563 gravatur
1360 3533 1372 3556 ,
1422 3491 1871 3561 pusillanimitate

267 3591 528 3653 titubant,
552 3589 753 3641 habere
779 3585 1022 3640 volentes
1047 3584 1472 3638 consolationem
1507 3585 1560 3635 in
1589 3584 1867 3651 prrcsenti,

266 3698 394 3756 qute
426 3684 477 3737 in
514 3682 693 3736 futura
732 3679 844 3732 vita
871 3678 1007 3731 bene
1063 3675 1396 3729 certantibus
1452 3674 1866 3744 repromittitur.

274 3793 296 3829 ς
332 3775 547 3836 Omnes
574 3772 737 3834 enim,
779 3777 840 3823 ut
865 3768 938 3823 ait
968 3768 1278 3837 Apostolus,
1305 3769 1396 3835 qui
1448 3768 1535 3836 pie
1571 3758 1769 3821 ‘volunt
1792 3766 1870 3818 vi-

265 3844 401 3923 vere
447 3866 502 3920 in
551 3863 785 3927 Christo,
828 3859 1262 3932 persecutionem
1291 3860 1570 3929 patiuntur
1602 3857 1688 3928 (11
1730 3857 1864 3910 Tim.

267 3956 380 4025 tu).
415 3974 434 4008 ι
466 3954 620 4009 Unde
651 3952 902 4007 Salvator
934 3949 1212 4018 discipulis
1242 3949 1354 4002 suis
1377 3950 1488 4001 ait:
1524 3967 1539 3997 ι
1578 3948 1634 4002 In
1669 3947 1869 4002 mundo

265 4059 585 4121 pressuram
660 4040 928 4096 habebitis
977 4038 1199 4114 ‘(Joam
1254 4038 1383 4108 xv).
1434 4058 1450 4088 ›
1515 4038 1582 4092 Ει
1644 4038 1786 4091 idem
1849 4055 1861 4090 :

276 4155 298 4188 ι
346 4136 517 4190 Amen
578 4146 755 4196 amen,
811 4129 1009 4199 inquit,
1037 4127 1160 4182 dico
1193 4129 1369 4190 vobis,
1406 4129 1532 4196 quia
1586 4128 1865 4197 plorabitis

269 4233 328 4281 et
371 4223 568 4278 ﬂebitis
610 4235 729 4285 vos,
760 4220 996 4274 mundus
1026 4226 1206 4272 autem
1237 4219 1513 4288 gaudebit,
1545 4233 1639 4272 vos
1688 4227 1866 4274 autem

269 4311 751 4378 contristabimini,
781 4311 875 4366 sed
906 4310 1128 4365 tristitia
1154 4318 1335 4378 vestra
1365 4318 1609 4364 vertetur
1639 4311 1693 4364 in
1737 4326 1866 4381 gau-

269 4412 444 4467 dium.
471 4427 485 4462 :
518 4406 587 4463 Et
609 4407 805 4461 iterum
823 4423 841 4456 ‹
865 4403 964 4470 Qui
993 4402 1312 4472 perdiderit,
1330 4403 1424 4470 ait,
1450 4406 1682 4458 animam
1711 4417 1862 4457 suam

270 4511 496 4576 propter
511 4515 619 4565 me,
649 4499 886 4554 inveniet
912 4513 1031 4583 eam
1064 4496 1257 4567 (Marc.
1291 4497 1432 4567 vui).
1473 4517 1491 4548 ›
1522 4498 1588 4552 Et
1602 4512 1818 4552 rursum
1847 4517 1860 4552 :

278 4611 298 4646 ι
335 4593 402 4646 Et
448 4589 636 4654 eritis,
676 4589 890 4657 inquit,
933 4588 1058 4641 odio
1086 4588 1335 4641 omnibus
1401 4597 1622 4656 propter
1668 4599 1865 4643 nomen

272 4699 479 4746 meum;
509 4682 599 4752 qui
622 4690 801 4736 autem
832 4681 1260 4749 perseveraverit
1282 4678 1536 4749 usque’in
1571 4680 1751 4742 ﬁnem,
1779 4680 1867 4735 hic

273 4776 461 4832 salvus
487 4772 591 4827 erit
619 4772 771 4843 (Luc.
801 4773 936 4842 xxi).
972 4791 988 4823 ι
1017 4771 1085 4826 Et
1111 4772 1305 4826 iterum
1347 4789 1359 4824 :
1400 4790 1417 4821 ι
1448 4769 1595 4825 Beati
1623 4773 1714 4839 qui
1739 4786 1865 4839 per-

275 4864 610 4923 secutionem
675 4861 954 4930 patiuntur
1012 4868 1233 4930 propter
1274 4859 1563 4928 justitiam,
1613 4860 1867 4930 quoniam

274 4962 523 5032 ipsorum
542 4962 626 5011 est
646 4970 871 5024 regnum
896 4953 1157 5009 ctelorum
1181 4951 1395 5024 (Matth.
1425 4954 1499 5022 v).
1540 4971 1557 5003 ι

863 5061 1092 5119 CAPUT
1143 5061 1325 5117 XLVI.

279 5159 465 5216 Sermo
493 5156 700 5211 Domini
719 5164 901 5209 contra
926 5155 1213 5224 Egyptum
1240 5167 1285 5208 et
1316 5157 1547 5209 civitates
1574 5155 1688 5224 ejus
1717 5172 1734 5210 :
1758 5173 1876 5224 pro-

708 5227 934 5280 mittitur
952 5225 1141 5278 Israeli
1160 5227 1445 5279 miseratio.

360 5337 380 5369 ‹
409 5316 642 5371 Verbum
665 5317 808 5386 quod
832 5314 1029 5369 factum
1053 5322 1136 5368 est
1157 5314 1223 5368 ad
1246 5309 1532 5368 Je'rem‘iam
1562 5313 1876 5383 prophetam

289 5427 310 5458 ι
343 5414 533 5462 contra
555 5413 762 5475 gentes,
794 5404 861 5457 ad
895 5402 1210 5474 IEgyptum,
1258 5404 1545 5457 adversum
1576 5406 1874 5459 exercitum

288 5516 310 5549 ι
345 5495 641 5551 Pharaonis
668 5494 883 5549 Necbao
905 5494 1048 5563 regis
1070 5492 1310 5563 Aigypti,
1341 5494 1432 5562 qui
1457 5504 1574 5547 erat
1605 5494 1751 5562 iuxta
1781 5496 1875 5550 flu-

291 5605 317 5639 ι
356 5601 477 5641 men
502 5585 827 5654 Euphratem
855 5585 907 5637 in
931 5582 1268 5650 Charcamis,
1297 5599 1454 5652 quem
1479 5585 1744 5653 percussit
1768 5585 1845 5639 Na
1863 5617 1876 5626 -

294 5693 323 5730 ι
363 5676 776 5732 buchodonosor
805 5692 897 5730 rex
927 5674 1218 5744 Babylonis
1262 5677 1313 5729 in
1353 5686 1544 5743 quarto
1574 5691 1715 5730 anno
1752 5676 1877 5732 Joa-

297 5784 326 5824 c
357 5766 501 5825 chim
539 5767 633 5822 ﬁlii
667 5766 827 5822 Josiae
877 5768 1016 5835 regis
1056 5766 1211 5818 Iuda.
1256 5766 1568 5836 (Martiusl)
1609 5767 1881 5825 Ilactcnus

741 5859 1017 5918 PATROL.
1056 5856 1219 5915 CXI.

1973 3309 2202 3363 Abuma.
2237 3309 2330 3361 Hic
2359 3317 2538 3365 autem
2569 3310 2649 3362 vir
2687 3317 2804 3363 erat
2827 3318 3016 3362 natura
3051 3312 3297 3378 injustus,
3327 3325 3379 3365 et
3422 3314 3572 3368 valde

1974 3398 2356 3465 nequissimus,
2399 3406 2455 3452 et
2500 3411 2675 3466 neque
2713 3400 2856 3454 circa
2901 3400 3066 3453 Deum
3116 3411 3353 3465 sanctus,
3399 3419 3572 3471 neque

1976 3490 2120 3544 circa
2157 3491 2400 3543 homines
2448 3500 2784 3546 mansuetus.
2845 3492 3089 3560 Dumque
3138 3504 3389 3560 quartum
3419 3497 3568 3563 regni

1974 3582 2200 3636 haberet
2222 3598 2444 3644 annum,
2479 3581 2783 3651 Babylonia:
2823 3583 3182 3652 principatum
3213 3585 3430 3652 quidam
3468 3600 3564 3637 no-

1973 3672 2119 3724 mine
2144 3669 2640 3726 Nabuchodonosor
2665 3673 2893 3739 acccpit.
2941 3672 3140 3725 Eodem
3175 3681 3416 3742 tempore
3441 3688 3564 3727 cum

1973 3778 2170 3835 magno
2205 3773 2465 3832 apparatu
2489 3764 2557 3819 ad
2578 3765 2921 3819 Areharmim
2955 3767 3229 3819 civitatem
3255 3767 3426 3830 venit,
3449 3781 3568 3833 quae

1973 3866 2055 3910 est
2068 3857 2222 3926 juxta
2253 3857 2583 3925 Euphraten,
2606 3858 2945 3928 pugnaturus
2973 3866 3160 3912 contra
3184 3874 3367 3927 regem
3397 3858 3566 3929 Egy-

1971 3949 2206 4017 ptiorum
2249 3949 2496 4013 Nechao,
2523 3950 2621 4002 sub
2671 3951 2772 4004 hoc
2796 3950 2939 4003 enim
2973 3949 3128 4020 Syria
3154 3959 3271 4005 erat
3294 3951 3565 4005 universa.

1971 4041 2212 4108 Dumque
2271 4041 2610 4109 cognovisset
2667 4042 2810 4109 regis
2866 4041 3186 4110 Babyloniae.
3222 4042 3556 4096 voluntatem

1970 4130 2186 4186 Nechao
2224 4132 2439 4201 penitus
2461 4148 2564 4186 non
2592 4133 2826 4199 expavit,
2850 4134 2942 4186 sed
2966 4147 3087 4186 cum
3118 4149 3311 4204 magno
3339 4135 3563 4190 brachio

1971 4236 2132 4292 super
2151 4223 2646 4278 Nabuchodonosor
2682 4227 2748 4278 ad
2775 4224 3080 4294 Euphraten
3108 4228 3272 4282 venit.
3301 4227 3400 4294 Qui
3425 4228 3566 4283 facta

1971 4315 2352 4386 congressione
2375 4315 2616 4370 devictus
2640 4323 2744 4379 est,
2763 4325 2815 4368 et
2837 4317 3001 4370 multa
3025 4317 3191 4371 millia
3213 4318 3379 4372 variis
3403 4319 3566 4374 rebus

1968 4403 2091 4459 belli
2129 4406 2326 4459 amisit.
2361 4404 2650 4458 Transiens
2696 4415 2872 4460 autem
2902 4406 3208 4475 Euphraten
3255 4408 3563 4479 Babyloniae

1969 4513 2066 4553 rex
2088 4513 2300 4552 omnem
2334 4498 2546 4566 Syriam
2573 4513 2742 4567 usque
2771 4499 2837 4553 ad
2867 4499 3136 4554 Pelusium
3164 4502 3325 4570 cepit,
3365 4512 3563 4572 praeter

1971 4547 2066 4553 η--
2336 4547 2354 4549 κ
2377 4547 2391 4566 δν
2578 4547 2740 4567 ψη.--
2772 4547 2837 4553 __
2867 4547 2890 4552 _
2916 4547 3136 4554 v-._--_---
3167 4547 3325 4570 ..ν,,.-,
3368 4547 3552 4572 την-ν.

1891 4547 1944 4606 D
1969 4587 2229 4643 Iudaeam.
2276 4589 2482 4654 Quarto
2533 4589 2696 4658 igitur
2735 4605 2876 4644 anno
2921 4591 3432 4655 Nabuchodonosor,
3468 4594 3562 4662 qui

1969 4679 2573 4734 eratoctavusJoachim
2598 4681 2735 4746 regis
2753 4680 3112 4742 Hebraeorum,
3139 4693 3326 4734 contra
3348 4682 3566 4736 Judzens

1969 4787 2092 4827 cum
2133 4787 2326 4842 magno
2354 4772 2596 4825 exercitu
2636 4779 2809 4824 castra
2849 4780 3080 4825 metatus
3105 4779 3188 4825 est
3226 4771 3424 4826 tributa
3465 4787 3563 4827 ex-

1972 4871 2192 4920 acturus
2219 4877 2247 4916 a
2275 4863 2549 4924 Joachim,
2603 4869 2695 4916 aut
2724 4871 2870 4916 certe
2897 4863 3265 4916 dimicaturus.
3321 4862 3414 4916 Ille
3439 4876 3568 4917 vero

1975 4963 2221 5009 metuens
2270 4955 2386 5023 ejus
2423 4952 2600 5006 minas
2648 4962 2700 5005 ct
2750 4967 2935 5020 pacem
2985 4952 3181 5004 habere
3228 4951 3563 5016 desiderans,

1975 5044 2205 5116 prtebuit
2240 5045 2288 5098 ei
2334 5043 2552 5102 tributa,
2587 5057 2690 5110 qua
2735 5051 3069 5111 praeceperat
3113 5041 3266 5094 annis
3314 5041 3508 5096 tribus.
3543 5061 3561 5093 ι

1978 5135 2164 5190 Tertio
2184 5150 2313 5189 vero
2333 5149 2474 5188 anno
2496 5133 2721 5186 audiens
2743 5132 3023 5202 :Egyptios
3050 5133 3221 5184 denuo
3242 5140 3426 5184 eontra
3457 5132 3562 5185 Ba-

1975 5228 2248 5296 byloniam
2277 5234 2627 5296 pugnaturos,
2667 5225 2865 5278 tributa
2897 5239 3001 5277 non
3035 5222 3295 5280 reddidit.
3330 5224 3421 5275 sed
3450 5223 3564 5289 ipse

1978 5319 2284 5389 .tEgyptiaei
2311 5318 2433 5372 belli
2463 5315 2722 5388 [rumore]
2748 5316 3004 5383 deceptus
3030 5323 3130 5367 est.
3162 5312 3293 5366 Nam
3323 5325 3562 5380 pugnare

1979 5418 2166 5462 contra
2179 5424 2301 5461 eum
2317 5407 2550 5478 Egyptii
2568 5407 2786 5459 minime
2798 5412 3254 5474 praesumpserunt
3275 5401 3562 5473 (Manum).

1982 5498 2207 5568 Semper
2227 5498 2372 5552 enim
2387 5496 2576 5560 Judazi,
2599 5504 2658 5550 ιη
2680 5495 2953 5564 Scriptura
2975 5503 3220 5555 testatur,
3245 5493 3418 5549 aversi
3441 5497 3565 5546 sunt

1983 5589 2234 5644 cordibus
2264 5590 2316 5641 in
2341 5587 2654 5658 Egyptum,
2682 5596 2735 5640 et.
2774 5600 2877 5639 non
2911 5585 2960 5637 in
2989 5585 3082 5638 Dei
3110 5584 3444 5644 fortitudine.
3467 5582 3562 5636 sed

1983 5681 2036 5732 in
2065 5680 2288 5733 brachio
2327 5692 2546 5740 carneo,
2572 5685 2622 5730 el
2654 5677 2706 5728 in
2734 5675 2921 5728 baculo
2953 5675 3251 5728 arundinea
3283 5671 3562 5725 confracta

1984 5772 2308 5839 sperabant:
2356 5769 2497 5821 unde
2545 5767 2736 5822 merito
2785 5780 2962 5820 coram
3010 5765 3253 5818 hostibus
3280 5762 3558 5819 cadebant.

3050 5857 3122 5916 3T}
