3952 6312
410 286 542 343 l099

1077 284 1137 340 Β.
1182 280 1436 341 RABANI
1474 278 1694 339 MAURI
1734 278 2049 335 AIICIIIEP.
2093 279 2401 339 MOGUNT.
2444 280 2732 340 OPEBUM
2768 279 2948 338 PARS
2988 281 3072 338 III.

3550 279 3693 335 “00

404 404 493 457 Sic
543 409 597 457 et
622 402 800 457 omnis
830 402 944 473 qui,
969 401 1158 458 relicto
1192 416 1298 455 uno
1325 416 1453 456 vero
1475 398 1607 462 Deo,
1653 397 1709 451 in
1741 395 2000 449 auxilium
2026 401 2078 457 Α
2106 414 2192 465 na,
2224 407 2279 454 et
2307 401 2441 467 rivi,
2482 405 2575 475 qui
2606 405 2670 460 de
2701 406 2925 462 turbidis
2964 405 3069 460 Nili
3117 409 3273 477 aquis
3311 403 3693 476 implebantur.

404 493 593 563 fragile
624 492 779 549 istius
818 495 1002 549 mundi
1034 508 1184 564 spem
1211 494 1386 562 ponit,
1430 506 1612 549 coram
1648 487 1995 558 aequissimis

407 579 669 643 hostibus,
708 579 811 635 hoc
835 590 943 645 est,
979 578 1227 650 malignis
1265 578 1567 649 spiritibus,
1596 576 1849 631 resistere
1887 591 1995 631 non

401 667 624 737 valebit,
664 673 757 728 sed
780 672 896 742 ejus
929 672 1380 729 machinamentis
1409 672 1677 743 perversis
1697 671 1992 741 irretietlur,

405 762 671 831 capietur,
720 770 773 816 et
823 772 1154 835 conteretur.
1188 764 1375 835 Itaque
1412 764 1589 820 locum
1630 765 1794 820 istum
1835 776 1997 832 quem

405 853 708 918 incolimus,
736 862 792 909 et
822 855 1100 922 mundum,
1133 856 1224 925 qui
1272 858 1325 911 in
1362 856 1596 928 maligno
1624 856 1831 926 positus
1874 864 1994 918 est,

405 944 700 1026 Egy‘ptum
721 962 1007 1016 possumus
1029 946 1299 1018 appellare
1316 964 1328 1001 :
1345 948 1601 1013 maxime,
1631 947 1754 1017 quia
1775 953 1991 1007 D'I‘WRD.

406 1048 464 1093 ut
490 1039 685 1094 dicitur
707 1037 997 1111 Aigyptus,
1022 1042 1407 1110 interpretatur
1433 1038 1716 1105 tribulans,
1742 1045 1793 1092 et
1817 1040 1883 1093 ad
1903 1054 1996 1108 au-

404 1131 637 1201 gustiam
680 1132 913 1187 rediens.
945 1132 1012 1187 Et
1040 1147 1186 1201 vere,
1227 1132 1353 1201 quia
1402 1130 1511 1185 lata
1549 1131 1634 1184 via
1664 1138 1713 1185 et
1762 1130 1997 1199 spatiosa

406 1220 563 1275 istius
586 1220 802 1287 mundi,
838 1223 905 1276 ad
938 1221 1338 1277 tribulationem
1370 1229 1533 1291 atque
1565 1220 1872 1291 angustiam
1904 1220 1997 1273 ad—

405 1314 563 1367 ducet
598 1322 932 1382 perpetuam.
992 1311 1196 1368 Dehinc
1252 1328 1382 1383 ergo
1432 1313 1559 1382 quid
1612 1311 1873 1382 propheta
1931 1309 1999 1363 ad

403 1402 694 1475 JEgyptum
718 1404 969 1473 loquatur
997 1405 1292 1459 videamus.

480 1518 495 1547 ι
537 1498 842 1569 Praeparate
893 1506 1103 1553 scutum
1133 1506 1189 1552 et
1231 1497 1495 1568 clypeum,
1529 1504 1584 1548 et
1633 1493 1908 1563 procedite
1932 1491 1997 1545 ad

408 1612 423 1643 ι
456 1591 673 1657 bellum,
697 1591 907 1662 jungitc
930 1606 1097 1660 equos
1117 1601 1172 1645 et
1200 1587 1471 1644 ascendite
1494 1587 1704 1657 equites
1727 1601 1741 1638 :
1778 1592 1917 1640 state
1944 1584 2001 1638 in

408 1705 424 1735 ι
464 1684 869 1755 ςδιείεηροιίιε
926 1683 1181 1747 Ιειιιεεεε,,
1214 1679 1418 1734 induite
1472 1692 1569 1733 vos
1623 1675 1823 1732 loricis.
1860 1671 1999 1741 Quid

2180 512 2195 539 ε
2232 490 2520 549 Ascendite
2548 510 2717 565 equos
2747 504 2801 550 et
2822 495 3089 551 exsultatc
3110 497 3163 550 in
3193 496 3467 559 curribus,
3488 501 3545 549 et
3572 508 3700 563 pro-

2109 601 2126 633 ι
2156 583 2349 638 cedant
2371 582 2538 640 fortes
2552 584 2841 655 £thiopiae
2862 594 2917 641 et
2936 585 3117 658 Libyae
3133 594 3379 642 tenentes
3396 594 3628 651 scutum,
3644 590 3703 639 et

2112 692 2128 723 ι
2161 670 2316 743 Lydii
2346 675 2668 744 arripientes
2701 684 2755 731 et
2784 676 3047 747 iacientes
3080 676 3321 747 sagittas.
3361 676 3489 731 Dies
3517 683 3702 729 autem

2110 786 2127 818 ι
2162 766 2248 821 ille
2271 766 2481 821 Domini
2509 768 2603 822 Dei
2630 769 2984 834 exercituum,
3017 769 3135 824 dies
3159 768 3401 833 ultionis,
3437 777 3496 821 ut
3524 775 3704 822 sumat

2112 874 2128 906 ι
2164 856 2459 911 vindictam
2500 858 2565 912 de
2616 858 2851 914 inimicis
2881 860 3015 915 suis.
3076 859 3369 915 Devorabit
3419 858 3627 929 gladius
3652 867 3709 914 et

2111 966 2128 997 ι
2167 949 2513 1013 saturabitur,
2564 959 2615 1003 et
2663 949 3020 1005 inebriabitur
3068 950 3328 1022 sanguine
3375 964 3582 1005 eorum.
3614 946 3708 1005 Vi-

2112 1057 2128 1089 ι
2164 1038 2327 1093 clima
2354 1040 2499 1093 enim
2528 1040 2739 1095 Domini
2766 1042 3100 1096 exercituum
3148 1043 3200 1095 in
3248 1051 3396 1096 terra
3437 1040 3707 1111 aquilonis

2111 1147 2129 1179 ι
2159 1129 2313 1199 juxta
2364 1122 2561 1185 ﬂumen
2618 1118 3011 1202 Euphratem.»
3064 1132 3355 1203 (MAUBUS.)
3406 1133 3620 1187 Mandat
3650 1141 3711 1187 ut

2105 1221 2399 1275 ascendant
2423 1236 2623 1292 equos,
2652 1232 2706 1277 et
2744 1224 3018 1279 exsultent
3056 1226 3107 1278 in
3148 1225 3399 1279 curribus
3422 1234 3478 1281 et
3518 1239 3711 1295 proce-

2106 1310 2236 1364 dant
2263 1310 2461 1377 fortes,
2482 1314 2583 1369 hoc
2616 1321 2731 1379 est,
2786 1313 2859 1367 illi
2890 1314 2980 1383 qui
3025 1329 3122 1383 per
3170 1313 3463 1369 elationem
3508 1316 3709 1369 mentis

2107 1401 2385 1457 conﬁdunt
2442 1404 2494 1458 in
2544 1405 2758 1474 propria
2799 1406 3064 1474 potentia,
3114 1420 3179 1460 ex
3232 1405 3535 1477 confinibus
3584 1420 3713 1475 pro-

2108 1494 2298 1551 vinciis
2324 1494 2581 1566 Egypto,
2604 1513 2670 1549 ex
2693 1496 2991 1566 1Ethiopia,
3017 1495 3222 1551 scilicet
3240 1496 3410 1567 Libya
3436 1506 3489 1551 et
3516 1496 3708 1566 Lydia,

2108 1601 2227 1655 qua:
2271 1586 2541 1656 quondam
2576 1587 2715 1643 inter
2748 1596 2933 1657 gentes
2988 1587 3393 1642 robustissimas
3453 1595 3712 1655 reputate

2109 1688 2254 1744 sunt,
2285 1695 2517 1749 quorum
2548 1696 2638 1734 rex
2670 1679 2890 1736 Crmsus
2915 1690 3052 1746 erat,
3083 1691 3138 1736 et
3163 1681 3423 1751 incipiant
3452 1681 3710 1751 puellari,

408 1793 425 1826 ι
459 1774 662 1846 igitur?
699 1773 818 1828 Vidi
842 1774 985 1844 ipsos
1008 1771 1229 1841 pavidos
1252 1778 1307 1825 et
1331 1777 1480 1840 terga
1508 1774 1803 1830 vertentes,
1834 1762 2003 1819 fortes
2032 1767 2081 1827 B
2109 1755 2169 1823 ut
2194 1768 2311 1824 dies
2348 1769 2568 1825 ultionis
2607 1770 2820 1825 Domini
2858 1781 3037 1825 sumat
3060 1772 3354 1827 vindictam
3380 1772 3445 1827 de
3472 1772 3711 1827 inimicis

408 1886 425 1917 ι
455 1880 644 1921 eorum
675 1879 882 1920 cmsos:
922 1862 1175 1933 fugerunt
1197 1860 1420 1924 conciti,
1462 1873 1563 1915 nec
1603 1864 1958 1928 respexerunt
1986 1874 1998 1909 :

406 1977 425 2011 ι
455 1969 631 2014 terror
662 1956 917 2027 undique,
945 1955 1023 2009 ait
1042 1953 1321 2008 Dominus.
1364 1951 1482 2005 Non
1509 1949 1683 2021 fugiat.
1703 1948 1878 2012 velox,
1902 1960 2004 2001 nec

406 2070 423 2101 ι
456 2048 655 2105 salvari
686 2062 744 2103 se
774 2056 929 2118 putet
958 2045 1114 2101 fortis
1148 2064 1159 2098 :
1196 2044 1265 2099 ad
1292 2041 1598 2112 aquilonem
1622 2040 1781 2111 juxta
1803 2037 2001 2093 ﬂumen

408 2162 423 2191 ι
459 2142 788 2212 Euphratem
818 2140 947 2193 victi
999 2145 1126 2193 sunt
1174 2145 1229 2191 et
1278 2141 1565 2192 ruerunt.»
1620 2132 1725 2187 Per
1770 2130 2002 2185 ironiam

400 2234 617 2305 quidem
651 2231 902 2288 hortatur
928 2227 1211 2302 IEgyptios
1240 2224 1485 2281 imbelles
1514 2233 1568 2278 et
1600 2220 1825 2293 pavidos
1847 2233 2003 2273 arma

402 2338 637 2388 sumere,
665 2331 719 2376 et
754 2320 1037 2378 machinas
1081 2317 1207 2374 belli
1259 2327 1587 2387 praaparare,
1621 2308 1769 2383 quod
1815 2319 2001 2365 tamen

402 2418 604 2472 frustra
644 2414 889 2470 faciunt:
924 2412 1050 2482 quia
1081 2408 1262 2481 pavidi
1303 2415 1357 2463 et
1387 2416 1536 2477 terga
1565 2410 1841 2459 vertentes
1873 2415 2003 2456 con-

401 2510 507 2562 cite
534 2505 765 2579 fugiunt,
816 2519 917 2559 nec
944 2501 1071 2574 fuga
1100 2500 1258 2569 velox
1282 2540 1296 2565 ,
1368 2510 1544 2568 neque
1583 2494 1843 2556 fortitudo
1870 2495 2002 2548 bra-

401 2600 650 2655 chiorum
680 2606 867 2653 contra
918 2595 1102 2649 hostes
1160 2590 1450 2647 defendere
1502 2587 1624 2643 illos
1685 2594 1849 2656 atque
1897 2585 2003 2639 sal-

400 2704 531 2745 vare
564 2696 785 2758 potest:
825 2686 919 2741 sed
957 2683 1335 2740 Chaldaeorum
1375 2677 1551 2751 gladio
1594 2678 1661 2736 ad
1691 2676 2001 2746 aquilonem

398 2778 547 2834 iuxta
567 2776 765 2833 ﬂumen
798 2775 1123 2847 Euphratem
1154 2771 1282 2826 victi
1308 2768 1486 2824 subito
1510 2775 1853 2824 corruerunt.

476 2890 494 2922 ι
524 2869 657 2937 Quis
684 2878 769 2923 est
796 2868 916 2931 iste,
942 2865 1034 2935 qui
1055 2863 1211 2934 quasi
1241 2860 1442 2916 ﬂumen
1465 2858 1729 2923 ascendit,
1754 2865 1807 2911 et
1830 2853 1999 2913 veluti

405 2983 423 3015 ι
458 2962 742 3017 ﬂuviorum
793 2958 1162 3031 intumescunt
1219 2953 1457 3025 gurgites
1507 2948 1679 3021 ejus?
1734 2946 2002 3018 Egyptus

408 3074 427 3107 ι
460 3051 699 3109 ﬂuminis
743 3052 916 3105 instar
946 3047 1223 3111 ascendet,
1272 3054 1328 3100 et
1357 3044 1505 3099 velut
1550 3040 1771 3095 ﬂumina
1817 3052 2000 3093 move-

2108 1863 2244 1923 suis.
2284 1864 2421 1935 quia
2468 1863 2668 1918 frustra
2723 1864 2987 1929 nituntur,
3042 1864 3237 1933 quibus
3287 1863 3532 1918 divinum
3589 1864 3712 1920 sub-

2109 1951 2346 2007 trahitur
2383 1952 2661 2006 auxilium.
2724 1953 2945 2024 Mystice
2990 1964 3171 2009 autem
3224 1970 3415 2010 omnes
3471 1954 3710 2009 διειδειίςί

2110 2053 2273 2113 atque
2330 2044 2664 2099 schismatici
2715 2058 2780 2099 ex
2832 2045 3065 2101 diversis
3110 2046 3403 2115 provinciis
3459 2046 3591 2111 Orti,
3645 2061 3713 2102 ne

2109 2137 2407 2208 quidquam
2444 2137 2738 2207 disponunt
2779 2148 2971 2193 contra
2997 2139 3275 2193 civitatem
3310 2130 3556 2205 Domini,
3586 2140 3714 2209 quia

2107 2222 2231 2288 eam
2256 2229 2570 2284 subvertere
2601 2244 2705 2283 non
2732 2236 2985 2298 poterunt
3011 2248 3022 2282 :
3054 2249 3071 2280 ‹
3110 2229 3286 2285 Porta:
3311 2230 3457 2285 enim
3486 2218 3663 2296 inferi,
3689 2250 3707 2282 ι

2102 2316 2258 2388 juxta
2286 2317 2613 2385 promissum
2657 2316 2980 2382 Salvatoris,
3013 2338 3029 2369 c
3062 2333 3191 2373 non
3219 2318 3595 2388 prrevalcbunt
3620 2319 3713 2374 ad-

2106 2420 2299 2461 versus
2323 2421 2440 2461 eam
2482 2406 2701 2478 (Matth,
2726 2408 2857 2477 xvi),
2892 2428 2910 2460 ι
2950 2408 3043 2463 sed
3072 2409 3252 2477 potius
3283 2409 3337 2462 in
3370 2409 3459 2463 die
3493 2408 3712 2464 ultionis

2107 2498 2320 2553 Domini
2350 2498 2632 2554 devorabit
2671 2496 2769 2557 ille
2792 2499 3003 2570 gladius
3034 2500 3220 2555 hostes
3248 2497 3385 2567 ejus,
3431 2500 3498 2555 de
3525 2516 3632 2569 quo
3657 2501 3711 2555 in

2108 2588 2323 2645 cantico
2352 2589 2758 2643 Deuteronomii
2798 2588 3059 2658 scriptum
3091 2597 3211 2643 est:
3258 2608 3276 2639 ί
3312 2588 3598 2659 Inebriabe
3624 2605 3710 2643 sa-

2108 2680 2271 2751 gittas
2320 2694 2470 2737 meas
2508 2680 2561 2739 in
2606 2679 2892 2749 sanguine,
2932 2689 2985 2733 ct
3032 2678 3241 2749 gladius
3273 2694 3428 2734 meus
3481 2680 3713 2734 mandu-

2109 2773 2251 2828 cabit
2301 2788 2495 2828 carnes
2540 2771 2719 2842 (Deut.
2760 2772 2951 2841 xxxn).
2978 2793 2994 2823 ι
3035 2792 3052 2822 ‹
3107 2772 3172 2825 Et
3217 2772 3441 2829 victima
3472 2772 3577 2826 erit
3607 2772 3711 2826 Do—

2108 2865 2243 2920 mini
2296 2866 2349 2919 in
2404 2872 2547 2920 terra
2579 2864 2863 2933 Aquilonis
2888 2864 3044 2934 juxta
3076 2862 3275 2918 ﬂumen
3318 2864 3701 2933 Euphratem,»

2110 2957 2210 3010 hoc
2240 2963 2345 3019 est,
2374 2953 2577 3009 ﬂuxum
2607 2953 3218 3023 sazcularisfvuluptatis,
3272 2970 3395 3008 cum
3430 2954 3711 3008 traduntur

2109 3047 2163 3101 in
2198 3060 2392 3100 manus
2447 3045 2693 3115 ejus‘qui
2752 3045 2946 3101 solium
2998 3060 3152 3100 suum
3204 3045 3383 3119 posuit
3433 3045 3501 3100 ad
3551 3044 3712 3113 Aqui-

404 3180 408 3187 .
455 3146 657 3202 buntur
696 3140 892 3196 ﬂuctus
934 3136 1071 3206 ejus,
1100 3146 1155 3191 et
1202 3134 1347 3190 dicet
1372 3153 1383 3188 :
1413 3133 1727 3189 Ascendens
1753 3130 1999 3200 operiam
2029 3124 2073 3187 C
2104 3150 2305 3208 Ionem,
2330 3144 2383 3190 et
2407 3134 2697 3205 plaudebat
2721 3149 2781 3189 se
2809 3134 3042 3189 similem
3070 3133 3186 3189 fore
3212 3133 3514 3200 Altissimo,
3541 3142 3602 3187 ut
3620 3148 3710 3189 eos

401 3256 423 3292 ι
454 3245 656 3293 terram
684 3275 697 3299 ,
746 3232 972 3304 perdam
1017 3224 1290 3283 civitatem
1333 3233 1389 3280 et
1433 3222 1767 3279 habitatores
1805 3217 1941 3288 ejus.
1975 3238 1993 3269 ι

398 3328 629 3398 Propter
652 3322 1055 3379 multitudinem
1096 3317 1418 3388 populorum
1453 3312 1748 3385 Egyptum
1787 3309 1999 3364 ﬂumini

398 3426 681 3490 comparat
704 3426 760 3473 et
796 3415 989 3475 ﬂuviis,
1024 3427 1145 3483 quae
1175 3426 1233 3466 se
1264 3425 1361 3481 per
1390 3407 1754 3479 arrogantiam
1798 3403 2000 3458 frustra

398 3522 604 3567 terram
647 3505 812 3562 Israel
866 3514 920 3558 et
958 3502 1236 3558 civitatem
1291 3497 1616 3561 Jerusalem,
1676 3496 1790 3550 sive
1835 3493 2001 3547 etiam

398 3611 601 3657 terram
625 3596 1001 3653 Chaldaeorum
1043 3608 1107 3648 ac
1133 3590 1322 3646 urbem
1366 3586 1672 3660 Babyloniae
1694 3586 1909 3655 operire
1947 3591 2002 3639 et

399 3693 713 3764 disperdere
760 3690 1095 3747 habitatores
1147 3686 1265 3757 ejus
1312 3684 1603 3739 latitabant
1648 3679 1997 3753 [laetabatur],
2042 3696 2047 3701 ’

400 3787 529 3858 quia
568 3785 724 3857 juxta
780 3781 932 3837 Isaia:
983 3776 1303 3859 vaticinium
1346 3774 1590 3829 tradetur
1638 3771 1905 3859 A‘ngptus
1947 3770 2003 3824 in

398 3857 593 3938 manus
630 3878 1031 3935 dominatorum
1056 3857 1385 3939 crudelium,
1416 3878 1472 3925 et
1509 3884 1605 3923 rex
1648 3857 1806 3922 foi'tis
1832 3864 2003 3933 domi-

401 3971 621 4029 nabitur
649 3977 942 4034 eorum,et
980 3974 1193 4022 arescet
1219 3979 1361 4036 aqua
1401 3963 1468 4019 de
1509 3960 1669 4026 mari,
1713 3968 1769 4015 et
1807 3958 2005 4015 ﬂuvius

402 4060 734 4119 desolahitur
766 4068 926 4129 atque
955 4056 1248 4113 siccabitur
1275 4064 1331 4109 et
1358 4052 1610 4109 deficient
1646 4050 1888 4113 ﬂumina,
1917 4056 2003 4102 at-

401 4154 768 4210 tenuabuntur
790 4160 845 4205 et
874 4147 1227 4205 siccabuntur
1257 4145 1357 4200 rivi
1388 4159 1666 4215 aggerum,
1686 4150 1744 4199 et
1766 4141 2005 4197 calamus

399 4250 457 4298 et
480 4241 678 4311 juncus
705 4246 1025 4296 marcescet.
1054 4234 1325 4307 (Hieron.)
1358 4233 1615 4291 Naturale
1655 4240 1758 4297 est,
1791 4240 1851 4286 ut
1880 4244 2007 4289 cum

400 4348 498 4406 per
528 4336 665 4387 iram
692 4332 789 4385 Dei
820 4330 1106 4399 captivitas
1157 4326 1388 4392 venerit,
1431 4323 1855 4396 indignationem
1885 4321 2004 4392 ejus

399 4425 709 4499 pestilentia
736 4423 1118 4491 subsequatur,
1146 4427 1200 4491 et
1239 4419 1525 4473 adversum
1559 4432 1675 4481 eos,
1706 4415 1800 4487 qui
1829 4415 2001 4471 oﬂ'en-

402 4517 581 4572 derint
602 4515 771 4570 Deum
799 4522 995 4568 cuncta
1020 4512 1291 4567 elementa
1332 4509 1651 4567 desaaviant.
1688 4507 1843 4581 Unde
1868 4508 2005 4563 scri-

402 4620 554 4682 ptum
584 4616 669 4663 est
698 4608 753 4661 in
784 4606 890 4660 alio
917 4604 1180 4675 propheta
1217 4620 1229 4655 :
1257 4601 1326 4656 Et
1378 4600 1625 4656 volucres
1670 4600 1723 4654 in
1761 4613 1887 4653 aere
1916 4597 2003 4653 de-

402 4700 569 4756 tlcere
603 4707 656 4754 et
681 4697 859 4767 pisces
885 4696 939 4749 in
966 4693 1141 4764 aquis,
1174 4702 1233 4747 ut
1254 4691 1433 4747 omnia
1462 4692 1699 4749 humano
1722 4689 1845 4745 usui
1874 4690 2001 4744 sub-

406 4791 713 4848 trahantur.
762 4786 860 4843 Hic
916 4786 1146 4842 dicimus
1199 4782 1520 4853 simpliciter
1537 4800 1567 4835 ει
1608 4790 1669 4841 ut
1696 4780 1999 4837 siccitatem

405 4884 643 4939 ﬂuminis
672 4879 802 4947 Nili,
837 4890 894 4937 et
921 4880 1163 4935 rivorum
1189 4876 1327 4951 ejus,
1373 4875 1703 4934 voluerimus
1731 4875 1995 4945 accipere.

407 4975 505 5031 Sin
530 4982 712 5029 autem
741 4986 838 5043 per
865 4968 1238 5039 metaphoram
1266 4968 1322 5022 in
1344 4964 1506 5023 ﬂuvio
1531 4982 1779 5045 regnum,
1812 4967 1864 5022 in
1888 4967 2004 5022 rivo

408 5068 574 5121 duces
593 5063 711 5134 ejus
746 5061 1118 5132 intelligimus,
1152 5069 1208 5115 et
1243 5061 1298 5115 in
1323 5059 1502 5115 virore
1534 5067 1589 5113 et
1628 5056 1797 5127 junco
1822 5067 1876 5111 et
1911 5074 2007 5127 ppa-

407 5169 543 5229 pyro
582 5164 777 5209 cuncta
824 5152 1042 5223 ASgypti
1094 5151 1450 5215 abundantia,
1497 5158 1557 5205 ut
1600 5164 1699 5220 per
1745 5163 1807 5203 ea
1844 5163 2007 5219 opera

408 5248 629 5322 Egypti
666 5245 1063 5307 describantur,
1104 5258 1336 5315 quorum
1380 5241 1647 5313 Egyptus
1677 5240 2009 5297 fertilissima

410 5351 516 5398 est.
551 5338 773 5411 Mystice
802 5345 983 5391 autem
1011 5334 1227 5407 quando
1256 5349 1347 5389 rex
1382 5331 1539 5388 fortis
1566 5340 1621 5388 et
1642 5332 1808 5387 durus
1833 5332 2009 5391 domi‘

410 5440 573 5492 natus
608 5429 777 5486 fuerit
802 5427 1054 5499 JEgypto,
1083 5434 1292 5481 arescet
1318 5426 1497 5480 omnis
1530 5424 1778 5480 doctrina
1806 5432 1863 5480 et
1882 5425 2003 5495 pul-

414 5522 665 5582 chritudo
689 5520 1009 5591 eloquentia:
1032 5517 1330 5581 saecularis,
1355 5527 1409 5571 et
1437 5519 1551 5588 ipse
1572 5517 1692 5573 fons
1718 5516 2002 5573 ﬂuviorum

416 5615 656 5671 omnium
709 5610 975 5676 diabolus,
1016 5626 1045 5665 a
1100 5625 1207 5680 quo
1255 5611 1503 5665 oriuntur
1541 5612 1720 5666 omnia
1779 5612 2001 5667 menda-

418 5707 538 5771 cia,
593 5703 924 5760 desolabitur
958 5744 970 5768 ,
1047 5702 1119 5755 ita
1180 5712 1236 5757 ut
1284 5703 1546 5759 deficiant
1578 5711 1772 5759 cmtera
1822 5702 1997 5757 ﬂumi-

2032 4474 2087 4536 D

2105 3228 2286 3282 mittet
2318 3227 2373 3281 in
2403 3218 2651 3295 stagnant
2683 3226 2823 3297 ignis
2852 3234 2908 3280 et
2936 3226 3241 3295 sulphuris,
3270 3235 3325 3282 et
3352 3227 3427 3281 ibi
3456 3235 3567 3282 tam
3597 3240 3712 3281 cor-

2104 3336 2237 3393 pore
2261 3338 2427 3392 quam
2463 3322 2645 3376 anima
2686 3322 2997 3377 crucientur
3028 3323 3083 3377 in
3119 3332 3461 3393 perpetuum.

2185 3432 2203 3463 ‹
2236 3413 2483 3469 Ascende
2527 3413 2582 3466 in
2628 3412 2833 3467 Galaad
2858 3421 2914 3467 et
2940 3413 3067 3469 tolle
3111 3415 3371 3480 resinam,
3402 3416 3561 3487 virgo
3602 3414 3711 3470 ﬁlia

2112 3524 2129 3556 ε
2174 3502 2421 3577 Egypti,
2452 3503 2654 3560 frustra
2686 3503 3072 3573 multiplicabis
3099 3505 3486 3572 medicamina,
3511 3506 3714 3561 sanitas

2114 3614 2133 3647 ς
2179 3612 2287 3652 non
2314 3596 2423 3651 erit
2462 3596 2579 3650 tibi.
2606 3615 2624 3648 ι
2680 3593 2955 3667 (Ηὶενοη.)
3004 3595 3207 3652 Galaad
3236 3612 3392 3652 mons
3448 3598 3516 3652 ad
3551 3612 3713 3667 quem

2108 3700 2316 3761 septem
2344 3688 2617 3745 thnicis
2644 3694 2699 3743 et
2718 3688 2931 3743 Arabia!
2953 3687 3182 3743 collibus
3210 3703 3368 3743 mons
3406 3688 3602 3744 Libani
3623 3703 3715 3743 co-

2108 3780 2344 3853 pulatur,
2376 3778 2795 3847 extenditurque
2822 3791 2919 3847 per
2964 3778 3239 3833 desertum
3278 3793 3452 3848 usque
3498 3778 3567 3832 ad
3591 3792 3716 3833 eum

2107 3871 2286 3943 locum
2316 3870 2407 3926 ubi
2448 3878 2599 3925 trans
2634 3867 3235 3923 Jordanembabitabat
3258 3870 3535 3938 quondam
3569 3868 3715 3924 Seon

2108 3980 2206 4021 rex
2238 3964 2690 4018 Amorrheorum.
2716 3959 2928 4016 Cecidit
2955 3959 3300 4030 supradictus
3327 3976 3484 4015 mons
3516 3961 3569 4014 in
3594 3974 3717 4015 sor—

2111 4064 2219 4112 tem
2255 4053 2490 4110 filiorum
2544 4053 2734 4108 Ruben
2767 4061 2824 4108 et
2864 4051 3003 4117 Gad,
3050 4059 3107 4105 et
3151 4050 3389 4109 dimidias
3430 4051 3574 4105 tribu
3608 4049 3716 4105 Ma-

2108 4164 2303 4211 nassae.
2321 4148 2576 4203 Resinam
2598 4146 2772 4202 Graeci
2792 4147 2992 4224 ῥητίνην
3013 4154 3230 4211 vocant,
3252 4147 3383 4219 ῥεια
3400 4146 3551 4201 enim
3572 4145 3716 4201 Grab-

2110 4257 2173 4311 ee
2201 4241 2404 4298 dicitur
2446 4241 2710 4312 quidquid
2746 4249 2975 4295 manat:
3023 4249 3107 4296 est
3133 4242 3279 4296 enim
3328 4228 3571 4313 I'acryma
3622 4226 3717 4296 ειιέ

2110 4336 2239 4392 dore
2266 4332 2519 4389 exhalata
2546 4332 2845 4404 lignorum,
2878 4341 2938 4386 ut
2963 4332 3164 4397 cerasi,
3192 4332 3426 4397 lentisci,
3459 4332 3715 4399 balsami,

2112 4427 2197 4482 vel
2225 4426 2559 4495 reliquarum
2605 4425 2863 4479 arborum
2906 4424 3019 4479 sive
3058 4422 3445 4493 virgultorum,
3476 4439 3597 4493 quae
3623 4440 3714 4480 su-

2113 4518 2243 4573 dare
2264 4514 2586 4589 produntur,
2620 4514 2761 4570 sicut
2782 4521 2838 4568 et
2863 4512 3089 4569 odorata
3110 4512 3350 4569 Orientis
3376 4513 3546 4585 ligna,
3574 4515 3714 4570 sicut

2110 4614 2263 4675 gutta
2296 4605 2524 4661 balsami
2553 4620 2619 4660 ac
2674 4604 2993 4671 ferularum,
3044 4604 3129 4660 vel
3180 4605 3529 4661 succinorum
3556 4605 3711 4675 cujus

2112 4697 2349 4768 lacryma
2393 4696 2633 4751 durescit
2681 4694 2736 4749 in
2796 4709 3087 4765 gemmam.
3133 4694 3316 4755 Prima
3372 4704 3455 4750 est
3507 4697 3710 4765 resine,

2112 4771 2497 4851 terebinthina,
2538 4787 2780 4842 omnium
2825 4786 3192 4857 prmstantior.
3240 4783 3479 4842 Aﬂ‘ertur
3525 4800 3709 4843 autem

2108 4893 2175 4932 ex
2220 4877 2417 4933 Arabia
2457 4877 2671 4941 Petrea,
2705 4886 2869 4947 atque
2887 4876 3093 4943 Iudaea,
3128 4886 3183 4933 et
3215 4876 3397 4950 Syria,
3426 4879 3627 4951 Cypro,
3654 4887 3711 4935 et

2107 4969 2332 5035 Africa,
2388 4984 2454 5024 ex
2523 4970 2714 5025 insulis
2770 4983 2984 5039 quoque
3051 4968 3396 5040 Cycladibus.
3455 4970 3707 5027 Secunda

2109 5060 2521 5127 cstlentiscina,
2568 5076 2688 5131 qua:
2736 5061 2957 5123 mirtrix
2995 5070 3240 5139 vocatur.
3293 5063 3419 5117 Haec
3466 5078 3533 5117 ex
3577 5063 3703 5118 Cisa

2112 5146 2287 5207 insula
2344 5153 2679 5223 deportatur.
2730 5152 2914 5207 Tertia
2956 5152 3172 5223 pinalis,
3207 5168 3438 5223 quarum
3485 5154 3589 5209 alia
3627 5156 3703 5225 pi-

2112 5242 2274 5308 tines,
2305 5240 2411 5296 alia
2446 5242 2690 5314 petitine,
2730 5241 2834 5296 alia
2876 5242 3102 5313 liquida,
3154 5240 3258 5297 alia
3307 5244 3480 5311 arida,
3505 5254 3560 5299 et
3582 5245 3703 5300 επε-

2113 5342 2307 5391 runtur
2336 5347 2404 5389 ex
2425 5340 2571 5387 terra
2600 5330 2950 5402 Colophonia.
2984 5332 3137 5387 Unde
3163 5333 3329 5388 etiam
3373 5349 3571 5391 nomen
3600 5336 3700 5391 Co-

2112 5424 2364 5498 lophonia
2391 5425 2574 5480 resina
2604 5424 2853 5493 sumpsit.
2886 5424 3020 5480 Nam
3052 5424 3231 5479 resina
3279 5424 3417 5481 lenis
3463 5434 3546 5481 est
3573 5438 3697 5498 apta

2110 5518 2447 5589 corporibus,
2482 5526 2537 5571 et
2581 5530 2679 5585 pro
2726 5516 2993 5591 medicina
3033 5517 3317 5586 accipitur.
3366 5518 3521 5577 Unde
3550 5529 3603 5575 et
3640 5521 3695 5575 in

2110 5609 2339 5666 Ieremia
2362 5609 2623 5679 scriptum
2663 5592 2781 5663 cst':
2818 5629 2836 5660 ‹
2883 5608 3135 5679 Nunquid
3176 5611 3355 5668 resina
3392 5618 3479 5666 est
3507 5611 3562 5664 in
3582 5610 3692 5678 Ca;

2108 5703 2272 5757 Iaad?
2298 5711 2391 5756 aut
2418 5701 2661 5758 medicus
2683 5716 2791 5755 non
2820 5709 2902 5757 est
2931 5699 3048 5756 ibi?
3081 5699 3259 5769 Quare
3298 5717 3407 5759 non
3451 5702 3690 5758 ascendit
