  <div class='ocr_page' id='page_1' title='image "/cluster/home/n/w/nwhite01/storage/ocr_20150623/111/uva.x000827067/558.png"; bbox 0 0 3952 6382; ppageno 0'>
   <div class='ocr_carea' id='block_1_1' title="bbox 212 463 349 517">
    <p class='ocr_par' dir='ltr' id='par_1_1' title="bbox 212 463 349 517">
     <span class='ocr_line' id='line_1_1' title="bbox 212 463 349 517; baseline -0.015 0"><span class='ocrx_word' id='word_1_1' title='bbox 212 463 349 517; x_wconf 75' lang='lat' dir='ltr'><strong>“Ui</strong></span> 
     </span>
    </p>
   </div>
   <div class='ocr_carea' id='block_1_2' title="bbox 1113 447 2601 537">
    <p class='ocr_par' dir='ltr' id='par_1_2' title="bbox 1113 447 2601 537">
     <span class='ocr_line' id='line_1_2' title="bbox 1113 447 2601 537; baseline -0.005 -25"><span class='ocrx_word' id='word_1_2' title='bbox 1113 453 1481 513; x_wconf 80' lang='lat' dir='ltr'><strong>EXPOSITIO</strong></span> <span class='ocrx_word' id='word_1_3' title='bbox 1517 450 1744 509; x_wconf 80' lang='lat' dir='ltr'><strong>SUPER</strong></span> <span class='ocrx_word' id='word_1_4' title='bbox 1780 447 2150 537; x_wconf 35' lang='lat' dir='ltr'><strong>JER‘EMIAM.</strong></span> <span class='ocrx_word' id='word_1_5' title='bbox 2185 479 2257 491; x_wconf 94' lang='lat'><strong>—-</strong></span> <span class='ocrx_word' id='word_1_6' title='bbox 2295 449 2425 505; x_wconf 86' lang='lat' dir='ltr'><strong>LIB.</strong></span> <span class='ocrx_word' id='word_1_7' title='bbox 2463 449 2601 505; x_wconf 77' lang='lat' dir='ltr'><strong>XIV.</strong></span> 
     </span>
    </p>
   </div>
   <div class='ocr_carea' id='block_1_3' title="bbox 3364 459 3501 514">
    <p class='ocr_par' dir='ltr' id='par_1_3' title="bbox 3364 459 3501 514">
     <span class='ocr_line' id='line_1_3' title="bbox 3364 459 3501 514; baseline 0 -1"><span class='ocrx_word' id='word_1_8' title='bbox 3364 459 3501 514; x_wconf 74' lang='lat'><strong>“02</strong></span> 
     </span>
    </p>
   </div>
   <div class='ocr_carea' id='block_1_4' title="bbox 204 564 3502 642">
    <p class='ocr_par' dir='ltr' id='par_1_4' title="bbox 204 564 3502 642">
     <span class='ocr_line' id='line_1_4' title="bbox 204 564 3502 642; baseline -0 -13"><span class='ocrx_word' id='word_1_9' title='bbox 204 572 423 629; x_wconf 78' lang='lat' dir='ltr'><strong>curatio</strong></span> <span class='ocrx_word' id='word_1_10' title='bbox 450 572 571 627; x_wconf 65' lang='lat' dir='ltr'><strong>filia:</strong></span> <span class='ocrx_word' id='word_1_11' title='bbox 593 570 771 642; x_wconf 88' lang='lat' dir='ltr'><strong>p0pnli</strong></span> <span class='ocrx_word' id='word_1_12' title='bbox 802 570 905 626; x_wconf 90' lang='lat' dir='ltr'><strong>mei</strong></span> <span class='ocrx_word' id='word_1_13' title='bbox 934 572 954 625; x_wconf 89' lang='lat'><strong>?</strong></span> <span class='ocrx_word' id='word_1_14' title='bbox 986 592 1003 622; x_wconf 86' lang='grc'><strong>›</strong></span> <span class='ocrx_word' id='word_1_15' title='bbox 1049 569 1163 637; x_wconf 79' lang='lat' dir='ltr'><strong>(Jer</strong></span> <span class='ocrx_word' id='word_1_16' title='bbox 1211 578 1352 640; x_wconf 78' lang='lat' dir='ltr'><strong>vin.)</strong></span> <span class='ocrx_word' id='word_1_17' title='bbox 1385 568 1537 623; x_wconf 87' lang='lat' dir='ltr'><strong>Hanc</strong></span> <span class='ocrx_word' id='word_1_18' title='bbox 1568 566 1802 621; x_wconf 85' lang='lat' dir='ltr'><strong>resinam</strong></span> <span class='ocrx_word' id='word_1_19' title='bbox 1831 566 1885 626; x_wconf 83' lang='grc' dir='ltr'><strong>Α</strong></span> <span class='ocrx_word' id='word_1_20' title='bbox 1910 572 2074 619; x_wconf 90' lang='lat' dir='ltr'><strong>nant:</strong></span> <span class='ocrx_word' id='word_1_21' title='bbox 2105 579 2171 619; x_wconf 89' lang='lat' dir='ltr'><strong>eo</strong></span> <span class='ocrx_word' id='word_1_22' title='bbox 2224 564 2365 633; x_wconf 87' lang='lat' dir='ltr'><strong>quod</strong></span> <span class='ocrx_word' id='word_1_23' title='bbox 2415 565 2640 635; x_wconf 88' lang='lat' dir='ltr'><strong>populos</strong></span> <span class='ocrx_word' id='word_1_24' title='bbox 2668 566 2963 632; x_wconf 76' lang='lat' dir='ltr'><strong>contineat,</strong></span> <span class='ocrx_word' id='word_1_25' title='bbox 3008 578 3064 624; x_wconf 89' lang='lat' dir='ltr'><strong>et</strong></span> <span class='ocrx_word' id='word_1_26' title='bbox 3104 570 3258 640; x_wconf 88' lang='lat' dir='ltr'><strong>quasi</strong></span> <span class='ocrx_word' id='word_1_27' title='bbox 3310 573 3363 628; x_wconf 86' lang='lat' dir='ltr'><strong>in</strong></span> <span class='ocrx_word' id='word_1_28' title='bbox 3391 581 3502 631; x_wconf 89' lang='lat' dir='ltr'><strong>tota</strong></span> 
     </span>
    </p>
   </div>
   <div class='ocr_carea' id='block_1_5' title="bbox 214 649 1805 739">
    <p class='ocr_par' dir='ltr' id='par_1_5' title="bbox 214 649 1805 739">
     <span class='ocr_line' id='line_1_5' title="bbox 214 649 1805 739; baseline -0.004 -21"><span class='ocrx_word' id='word_1_29' title='bbox 214 649 755 731; x_wconf 62' lang='lat' dir='ltr'><strong>habebat&#39;etJacob,</strong></span> <span class='ocrx_word' id='word_1_30' title='bbox 787 662 1219 739; x_wconf 30' lang='lat' dir='ltr'><strong>quamlmittebat</strong></span> <span class='ocrx_word' id='word_1_31' title='bbox 1272 661 1380 717; x_wconf 82' lang='lat' dir='ltr'><strong>filio</strong></span> <span class='ocrx_word' id='word_1_32' title='bbox 1414 660 1635 729; x_wconf 75' lang='lat' dir='ltr'><strong>Ioseph,</strong></span> <span class='ocrx_word' id='word_1_33' title='bbox 1681 674 1805 713; x_wconf 90' lang='lat' dir='ltr'><strong>cum</strong></span> 
     </span>
    </p>
   </div>
   <div class='ocr_carea' id='block_1_6' title="bbox 213 752 1808 825">
    <p class='ocr_par' dir='ltr' id='par_1_6' title="bbox 213 752 1808 825">
     <span class='ocr_line' id='line_1_6' title="bbox 213 752 1808 825; baseline -0.001 -17"><span class='ocrx_word' id='word_1_34' title='bbox 213 753 375 809; x_wconf 78' lang='lat' dir='ltr'><strong>melle</strong></span> <span class='ocrx_word' id='word_1_35' title='bbox 422 762 475 808; x_wconf 90' lang='lat' dir='ltr'><strong>et</strong></span> <span class='ocrx_word' id='word_1_36' title='bbox 504 753 829 817; x_wconf 78' lang='lat' dir='ltr'><strong>terebintho,</strong></span> <span class='ocrx_word' id='word_1_37' title='bbox 873 753 1119 822; x_wconf 87' lang='lat' dir='ltr'><strong>nucibus,</strong></span> <span class='ocrx_word' id='word_1_38' title='bbox 1166 752 1515 825; x_wconf 89' lang='lat' dir='ltr'><strong>thymiamate</strong></span> <span class='ocrx_word' id='word_1_39' title='bbox 1554 760 1609 806; x_wconf 92' lang='lat' dir='ltr'><strong>et</strong></span> <span class='ocrx_word' id='word_1_40' title='bbox 1636 759 1808 807; x_wconf 89' lang='lat' dir='ltr'><strong>stacte</strong></span> 
     </span>
    </p>
   </div>
   <div class='ocr_carea' id='block_1_7' title="bbox 212 840 1805 914">
    <p class='ocr_par' dir='ltr' id='par_1_7' title="bbox 212 840 1805 914">
     <span class='ocr_line' id='line_1_7' title="bbox 212 840 1805 914; baseline -0.001 -17"><span class='ocrx_word' id='word_1_41' title='bbox 212 840 368 912; x_wconf 83' lang='lat' dir='ltr'><strong>(Gen.</strong></span> <span class='ocrx_word' id='word_1_42' title='bbox 395 843 549 914; x_wconf 82' lang='lat' dir='ltr'><strong>xuu)</strong></span> <span class='ocrx_word' id='word_1_43' title='bbox 579 862 590 895; x_wconf 92' lang='lat'><strong>:</strong></span> <span class='ocrx_word' id='word_1_44' title='bbox 638 841 919 898; x_wconf 68' lang='lat' dir='ltr'><strong>Ismaelita:</strong></span> <span class='ocrx_word' id='word_1_45' title='bbox 942 858 1156 913; x_wconf 87' lang='lat' dir='ltr'><strong>quoque</strong></span> <span class='ocrx_word' id='word_1_46' title='bbox 1184 843 1273 913; x_wconf 88' lang='lat' dir='ltr'><strong>qui</strong></span> <span class='ocrx_word' id='word_1_47' title='bbox 1309 851 1557 897; x_wconf 89' lang='lat' dir='ltr'><strong>emerunt</strong></span> <span class='ocrx_word' id='word_1_48' title='bbox 1584 840 1805 911; x_wconf 77' lang='lat' dir='ltr'><strong>Ioseph,</strong></span> 
     </span>
    </p>
   </div>
   <div class='ocr_carea' id='block_1_8' title="bbox 211 934 1804 1011">
    <p class='ocr_par' dir='ltr' id='par_1_8' title="bbox 211 934 1804 1011">
     <span class='ocr_line' id='line_1_8' title="bbox 211 934 1804 1011; baseline -0.001 -22"><span class='ocrx_word' id='word_1_49' title='bbox 211 937 280 989; x_wconf 92' lang='lat' dir='ltr'><strong>de</strong></span> <span class='ocrx_word' id='word_1_50' title='bbox 333 935 688 1011; x_wconf 87' lang='lat' dir='ltr'><strong>terraIsrael</strong></span> <span class='ocrx_word' id='word_1_51' title='bbox 734 937 787 990; x_wconf 93' lang='lat' dir='ltr'><strong>in</strong></span> <span class='ocrx_word' id='word_1_52' title='bbox 826 934 1122 1007; x_wconf 62' lang='lat' dir='ltr'><strong>Aﬁgyptum</strong></span> <span class='ocrx_word' id='word_1_53' title='bbox 1163 935 1521 1007; x_wconf 82' lang='lat' dir='ltr'><strong>deportabant</strong></span> <span class='ocrx_word' id='word_1_54' title='bbox 1572 935 1804 1004; x_wconf 82' lang='lat' dir='ltr'><strong>thymia-</strong></span> 
     </span>
    </p>
   </div>
   <div class='ocr_carea' id='block_1_9' title="bbox 210 1023 1804 1095">
    <p class='ocr_par' dir='ltr' id='par_1_9' title="bbox 210 1023 1804 1095">
     <span class='ocr_line' id='line_1_9' title="bbox 210 1023 1804 1095; baseline -0.002 -16"><span class='ocrx_word' id='word_1_55' title='bbox 210 1034 362 1080; x_wconf 87' lang='lat' dir='ltr'><strong>mata</strong></span> <span class='ocrx_word' id='word_1_56' title='bbox 400 1037 454 1081; x_wconf 89' lang='lat' dir='ltr'><strong>et</strong></span> <span class='ocrx_word' id='word_1_57' title='bbox 491 1028 727 1081; x_wconf 83' lang='lat' dir='ltr'><strong>resinam</strong></span> <span class='ocrx_word' id='word_1_58' title='bbox 775 1026 842 1081; x_wconf 92' lang='lat' dir='ltr'><strong>de</strong></span> <span class='ocrx_word' id='word_1_59' title='bbox 884 1025 1088 1081; x_wconf 88' lang='lat' dir='ltr'><strong>Galaad</strong></span> <span class='ocrx_word' id='word_1_60' title='bbox 1125 1034 1179 1079; x_wconf 88' lang='lat' dir='ltr'><strong>et</strong></span> <span class='ocrx_word' id='word_1_61' title='bbox 1219 1033 1447 1080; x_wconf 82' lang='lat' dir='ltr'><strong>stacten.</strong></span> <span class='ocrx_word' id='word_1_62' title='bbox 1512 1023 1804 1095; x_wconf 74' lang='lat' dir='ltr'><strong>tMAuaus.)</strong></span> 
     </span>
    </p>
   </div>
   <div class='ocr_carea' id='block_1_10' title="bbox 210 1115 1807 1187">
    <p class='ocr_par' dir='ltr' id='par_1_10' title="bbox 210 1115 1807 1187">
     <span class='ocr_line' id='line_1_10' title="bbox 210 1115 1807 1187; baseline 0 -18"><span class='ocrx_word' id='word_1_63' title='bbox 210 1115 414 1172; x_wconf 83' lang='lat' dir='ltr'><strong>Resina</strong></span> <span class='ocrx_word' id='word_1_64' title='bbox 470 1119 614 1172; x_wconf 90' lang='lat' dir='ltr'><strong>enim</strong></span> <span class='ocrx_word' id='word_1_65' title='bbox 644 1116 867 1184; x_wconf 87' lang='lat' dir='ltr'><strong>Galaad,</strong></span> <span class='ocrx_word' id='word_1_66' title='bbox 921 1126 979 1171; x_wconf 92' lang='lat' dir='ltr'><strong>ut</strong></span> <span class='ocrx_word' id='word_1_67' title='bbox 1024 1119 1136 1187; x_wconf 90' lang='lat' dir='ltr'><strong>jam</strong></span> <span class='ocrx_word' id='word_1_68' title='bbox 1164 1117 1411 1187; x_wconf 83' lang='lat' dir='ltr'><strong>superius</strong></span> <span class='ocrx_word' id='word_1_69' title='bbox 1450 1117 1709 1182; x_wconf 83' lang='lat' dir='ltr'><strong>diximus,</strong></span> <span class='ocrx_word' id='word_1_70' title='bbox 1751 1116 1807 1169; x_wconf 92' lang='lat' dir='ltr'><strong>in</strong></span> 
     </span>
    </p>
   </div>
   <div class='ocr_carea' id='block_1_11' title="bbox 213 1204 1803 1276">
    <p class='ocr_par' dir='ltr' id='par_1_11' title="bbox 213 1204 1803 1276">
     <span class='ocr_line' id='line_1_11' title="bbox 213 1204 1803 1276; baseline -0.002 -17"><span class='ocrx_word' id='word_1_71' title='bbox 213 1206 399 1261; x_wconf 83' lang='lat' dir='ltr'><strong>multis</strong></span> <span class='ocrx_word' id='word_1_72' title='bbox 430 1205 752 1261; x_wconf 92' lang='lat' dir='ltr'><strong>testimoniis</strong></span> <span class='ocrx_word' id='word_1_73' title='bbox 778 1206 1185 1276; x_wconf 88' lang='lat' dir='ltr'><strong>Scripturarum</strong></span> <span class='ocrx_word' id='word_1_74' title='bbox 1224 1220 1329 1275; x_wconf 87' lang='lat' dir='ltr'><strong>pro.</strong></span> <span class='ocrx_word' id='word_1_75' title='bbox 1358 1204 1678 1276; x_wconf 89' lang='lat' dir='ltr'><strong>poenitentia</strong></span> <span class='ocrx_word' id='word_1_76' title='bbox 1705 1219 1803 1275; x_wconf 84' lang='lat' dir='ltr'><strong>po-</strong></span> 
     </span>
    </p>
   </div>
   <div class='ocr_carea' id='block_1_12' title="bbox 209 1295 1801 1365">
    <p class='ocr_par' dir='ltr' id='par_1_12' title="bbox 209 1295 1801 1365">
     <span class='ocr_line' id='line_1_12' title="bbox 209 1295 1801 1365; baseline 0 -14"><span class='ocrx_word' id='word_1_77' title='bbox 209 1296 378 1359; x_wconf 86' lang='lat' dir='ltr'><strong>nitur,</strong></span> <span class='ocrx_word' id='word_1_78' title='bbox 407 1306 567 1365; x_wconf 87' lang='lat' dir='ltr'><strong>atque</strong></span> <span class='ocrx_word' id='word_1_79' title='bbox 587 1297 941 1352; x_wconf 84' lang='lat' dir='ltr'><strong>medicamine</strong></span> <span class='ocrx_word' id='word_1_80' title='bbox 970 1312 1111 1351; x_wconf 70' lang='lat' dir='ltr'><strong>vera:</strong></span> <span class='ocrx_word' id='word_1_81' title='bbox 1132 1296 1499 1351; x_wconf 83' lang='lat' dir='ltr'><strong>conversionis</strong></span> <span class='ocrx_word' id='word_1_82' title='bbox 1526 1295 1601 1350; x_wconf 89' lang='lat' dir='ltr'><strong>ad</strong></span> <span class='ocrx_word' id='word_1_83' title='bbox 1614 1296 1801 1351; x_wconf 93' lang='lat' dir='ltr'><strong>Deum.</strong></span> 
     </span>
    </p>
   </div>
   <div class='ocr_carea' id='block_1_13' title="bbox 218 1386 1805 1460">
    <p class='ocr_par' dir='ltr' id='par_1_13' title="bbox 218 1386 1805 1460">
     <span class='ocr_line' id='line_1_13' title="bbox 218 1386 1805 1460; baseline -0.001 -17"><span class='ocrx_word' id='word_1_84' title='bbox 218 1387 371 1443; x_wconf 88' lang='lat' dir='ltr'><strong>Unde</strong></span> <span class='ocrx_word' id='word_1_85' title='bbox 409 1390 669 1459; x_wconf 84' lang='lat' dir='ltr'><strong>propheta</strong></span> <span class='ocrx_word' id='word_1_86' title='bbox 710 1390 963 1445; x_wconf 86' lang='lat' dir='ltr'><strong>hortatur</strong></span> <span class='ocrx_word' id='word_1_87' title='bbox 1008 1386 1299 1460; x_wconf 65' lang='lat' dir='ltr'><strong>ZEgyptum</strong></span> <span class='ocrx_word' id='word_1_88' title='bbox 1332 1396 1388 1443; x_wconf 83' lang='lat' dir='ltr'><strong>et</strong></span> <span class='ocrx_word' id='word_1_89' title='bbox 1427 1386 1674 1442; x_wconf 83' lang='lat' dir='ltr'><strong>confines</strong></span> <span class='ocrx_word' id='word_1_90' title='bbox 1701 1388 1805 1441; x_wconf 89' lang='lat' dir='ltr'><strong>sibi</strong></span> 
     </span>
    </p>
   </div>
   <div class='ocr_carea' id='block_1_14' title="bbox 208 1470 1807 1551">
    <p class='ocr_par' dir='ltr' id='par_1_14' title="bbox 208 1470 1807 1551">
     <span class='ocr_line' id='line_1_14' title="bbox 208 1470 1807 1551; baseline 0 -18"><span class='ocrx_word' id='word_1_91' title='bbox 208 1480 539 1548; x_wconf 85' lang='lat' dir='ltr'><strong>provincias,</strong></span> <span class='ocrx_word' id='word_1_92' title='bbox 573 1470 633 1534; x_wconf 80' lang='lat' dir='ltr'><strong>ut</strong></span> <span class='ocrx_word' id='word_1_93' title='bbox 657 1489 817 1551; x_wconf 80' lang='lat' dir='ltr'><strong>agant</strong></span> <span class='ocrx_word' id='word_1_94' title='bbox 861 1481 1238 1551; x_wconf 76' lang='lat' dir='ltr'><strong>pcenitentiam</strong></span> <span class='ocrx_word' id='word_1_95' title='bbox 1281 1482 1346 1534; x_wconf 90' lang='lat' dir='ltr'><strong>de</strong></span> <span class='ocrx_word' id='word_1_96' title='bbox 1387 1494 1573 1535; x_wconf 88' lang='lat' dir='ltr'><strong>errore</strong></span> <span class='ocrx_word' id='word_1_97' title='bbox 1612 1494 1728 1543; x_wconf 90' lang='lat' dir='ltr'><strong>suo,</strong></span> <span class='ocrx_word' id='word_1_98' title='bbox 1752 1488 1807 1534; x_wconf 91' lang='lat' dir='ltr'><strong>et</strong></span> 
     </span>
    </p>
   </div>
   <div class='ocr_carea' id='block_1_15' title="bbox 208 1574 1805 1645">
    <p class='ocr_par' dir='ltr' id='par_1_15' title="bbox 208 1574 1805 1645">
     <span class='ocr_line' id='line_1_15' title="bbox 208 1574 1805 1645; baseline 0.001 -18"><span class='ocrx_word' id='word_1_99' title='bbox 208 1574 373 1629; x_wconf 91' lang='lat' dir='ltr'><strong>malis</strong></span> <span class='ocrx_word' id='word_1_100' title='bbox 395 1576 687 1644; x_wconf 85' lang='lat' dir='ltr'><strong>operibus:</strong></span> <span class='ocrx_word' id='word_1_101' title='bbox 728 1576 851 1645; x_wconf 83' lang='lat' dir='ltr'><strong>quia</strong></span> <span class='ocrx_word' id='word_1_102' title='bbox 898 1576 943 1631; x_wconf 88' lang='lat' dir='ltr'><strong>si</strong></span> <span class='ocrx_word' id='word_1_103' title='bbox 980 1576 1085 1630; x_wconf 91' lang='lat' dir='ltr'><strong>hoc</strong></span> <span class='ocrx_word' id='word_1_104' title='bbox 1112 1591 1220 1630; x_wconf 91' lang='lat' dir='ltr'><strong>non</strong></span> <span class='ocrx_word' id='word_1_105' title='bbox 1271 1575 1507 1631; x_wconf 84' lang='lat' dir='ltr'><strong>fecerint</strong></span> <span class='ocrx_word' id='word_1_106' title='bbox 1542 1575 1741 1630; x_wconf 86' lang='lat' dir='ltr'><strong>frustra</strong></span> <span class='ocrx_word' id='word_1_107' title='bbox 1775 1590 1805 1629; x_wconf 91' lang='lat' dir='ltr'><strong>a</strong></span> 
     </span>
    </p>
   </div>
   <div class='ocr_carea' id='block_1_16' title="bbox 210 1664 1841 1740">
    <p class='ocr_par' dir='ltr' id='par_1_16' title="bbox 210 1664 1841 1740">
     <span class='ocr_line' id='line_1_16' title="bbox 210 1664 1841 1740; baseline 0.001 -23"><span class='ocrx_word' id='word_1_108' title='bbox 210 1664 319 1719; x_wconf 89' lang='lat' dir='ltr'><strong>diis</strong></span> <span class='ocrx_word' id='word_1_109' title='bbox 343 1665 493 1721; x_wconf 82' lang='lat' dir='ltr'><strong>falsis</strong></span> <span class='ocrx_word' id='word_1_110' title='bbox 523 1666 880 1740; x_wconf 82' lang='lat' dir='ltr'><strong>medicamina</strong></span> <span class='ocrx_word' id='word_1_111' title='bbox 919 1674 1185 1735; x_wconf 85' lang='lat' dir='ltr'><strong>quaerent,</strong></span> <span class='ocrx_word' id='word_1_112' title='bbox 1236 1665 1360 1735; x_wconf 87' lang='lat' dir='ltr'><strong>quia</strong></span> <span class='ocrx_word' id='word_1_113' title='bbox 1405 1681 1511 1721; x_wconf 91' lang='lat' dir='ltr'><strong>non</strong></span> <span class='ocrx_word' id='word_1_114' title='bbox 1540 1666 1807 1735; x_wconf 84' lang='lat' dir='ltr'><strong>accipient</strong></span> <span class='ocrx_word' id='word_1_115' title='bbox 1838 1684 1841 1685; x_wconf 57' lang='lat'><strong><em>&#39;</em></strong></span> 
     </span>
    </p>
   </div>
   <div class='ocr_carea' id='block_1_17' title="bbox 209 1753 1807 1827">
    <p class='ocr_par' dir='ltr' id='par_1_17' title="bbox 209 1753 1807 1827">
     <span class='ocr_line' id='line_1_17' title="bbox 209 1753 1807 1827; baseline 0.002 -19"><span class='ocrx_word' id='word_1_116' title='bbox 209 1753 279 1809; x_wconf 89' lang='lat' dir='ltr'><strong>ab</strong></span> <span class='ocrx_word' id='word_1_117' title='bbox 304 1756 384 1825; x_wconf 75' lang='lat' dir='ltr'><strong>eis</strong></span> <span class='ocrx_word' id='word_1_118' title='bbox 434 1756 759 1810; x_wconf 88' lang='lat' dir='ltr'><strong>sanitatem:</strong></span> <span class='ocrx_word' id='word_1_119' title='bbox 815 1755 909 1811; x_wconf 89' lang='lat' dir='ltr'><strong>sed</strong></span> <span class='ocrx_word' id='word_1_120' title='bbox 959 1755 1329 1811; x_wconf 79' lang='lat' dir='ltr'><strong>confusionem</strong></span> <span class='ocrx_word' id='word_1_121' title='bbox 1384 1756 1659 1809; x_wconf 87' lang='lat' dir='ltr'><strong>invenient</strong></span> <span class='ocrx_word' id='word_1_122' title='bbox 1682 1771 1807 1827; x_wconf 91' lang='lat' dir='ltr'><strong>per-</strong></span> 
     </span>
    </p>
   </div>
   <div class='ocr_carea' id='block_1_18' title="bbox 208 1843 1043 1915">
    <p class='ocr_par' dir='ltr' id='par_1_18' title="bbox 208 1843 1043 1915">
     <span class='ocr_line' id='line_1_18' title="bbox 208 1843 1043 1915; baseline 0 -18"><span class='ocrx_word' id='word_1_123' title='bbox 208 1851 451 1915; x_wconf 87' lang='lat' dir='ltr'><strong>petuam.</strong></span> <span class='ocrx_word' id='word_1_124' title='bbox 488 1843 641 1899; x_wconf 88' lang='lat' dir='ltr'><strong>Unde</strong></span> <span class='ocrx_word' id='word_1_125' title='bbox 665 1852 719 1899; x_wconf 91' lang='lat' dir='ltr'><strong>et</strong></span> <span class='ocrx_word' id='word_1_126' title='bbox 759 1846 1043 1914; x_wconf 86' lang='lat' dir='ltr'><strong>sequitur:</strong></span> 
     </span>
    </p>
   </div>
   <div class='ocr_carea' id='block_1_19' title="bbox 1912 655 3503 721">
    <p class='ocr_par' dir='ltr' id='par_1_19' title="bbox 1912 655 3503 721">
     <span class='ocr_line' id='line_1_19' title="bbox 1912 655 3503 721; baseline 0.008 -12"><span class='ocrx_word' id='word_1_127' title='bbox 1912 655 2071 712; x_wconf 90' lang='lat' dir='ltr'><strong>domo</strong></span> <span class='ocrx_word' id='word_1_128' title='bbox 2118 656 2470 712; x_wconf 90' lang='lat' dir='ltr'><strong>fortissimum</strong></span> <span class='ocrx_word' id='word_1_129' title='bbox 2520 659 2608 712; x_wconf 86' lang='lat' dir='ltr'><strong>sit.</strong></span> <span class='ocrx_word' id='word_1_130' title='bbox 2671 659 2823 715; x_wconf 90' lang='lat' dir='ltr'><strong>Unde</strong></span> <span class='ocrx_word' id='word_1_131' title='bbox 2872 669 2926 716; x_wconf 81' lang='lat' dir='ltr'><strong>et</strong></span> <span class='ocrx_word' id='word_1_132' title='bbox 2978 660 3225 718; x_wconf 84' lang='lat' dir='ltr'><strong>Christus</strong></span> <span class='ocrx_word' id='word_1_133' title='bbox 3274 663 3503 721; x_wconf 87' lang='lat' dir='ltr'><strong>duorum</strong></span> 
     </span>
    </p>
   </div>
   <div class='ocr_carea' id='block_1_20' title="bbox 1909 748 3503 831">
    <p class='ocr_par' dir='ltr' id='par_1_20' title="bbox 1909 748 3503 831">
     <span class='ocr_line' id='line_1_20' title="bbox 1909 748 3503 831; baseline 0.008 -30"><span class='ocrx_word' id='word_1_134' title='bbox 1909 748 2230 818; x_wconf 90' lang='lat' dir='ltr'><strong>populorum</strong></span> <span class='ocrx_word' id='word_1_135' title='bbox 2281 748 2516 817; x_wconf 88' lang='lat' dir='ltr'><strong>parietes</strong></span> <span class='ocrx_word' id='word_1_136' title='bbox 2565 750 2863 817; x_wconf 89' lang='lat' dir='ltr'><strong>continens,</strong></span> <span class='ocrx_word' id='word_1_137' title='bbox 2919 751 3053 822; x_wconf 90' lang='lat' dir='ltr'><strong>lapis</strong></span> <span class='ocrx_word' id='word_1_138' title='bbox 3103 753 3300 810; x_wconf 91' lang='lat' dir='ltr'><strong>dicitur</strong></span> <span class='ocrx_word' id='word_1_139' title='bbox 3334 773 3503 831; x_wconf 87' lang='lat' dir='ltr'><strong>angu-</strong></span> 
     </span>
    </p>
   </div>
   <div class='ocr_carea' id='block_1_21' title="bbox 1910 839 2057 896">
    <p class='ocr_par' dir='ltr' id='par_1_21' title="bbox 1910 839 2057 896">
     <span class='ocr_line' id='line_1_21' title="bbox 1910 839 2057 896; baseline 0.014 -5"><span class='ocrx_word' id='word_1_140' title='bbox 1910 839 2057 896; x_wconf 91' lang='lat' dir='ltr'><strong>laris.</strong></span> 
     </span>
    </p>
   </div>
   <div class='ocr_carea' id='block_1_22' title="bbox 1985 928 3507 1007">
    <p class='ocr_par' dir='ltr' id='par_1_22' title="bbox 1985 928 3507 1007">
     <span class='ocr_line' id='line_1_22' title="bbox 1985 928 3507 1007; baseline 0.009 -28"><span class='ocrx_word' id='word_1_141' title='bbox 1985 948 2003 979; x_wconf 76' lang='grc' dir='ltr'><strong>ι</strong></span> <span class='ocrx_word' id='word_1_142' title='bbox 2031 928 2209 996; x_wconf 84' lang='lat' dir='ltr'><strong>Quare</strong></span> <span class='ocrx_word' id='word_1_143' title='bbox 2230 929 2561 1000; x_wconf 88' lang='lat' dir='ltr'><strong>computruit</strong></span> <span class='ocrx_word' id='word_1_144' title='bbox 2581 930 2738 986; x_wconf 87' lang='lat' dir='ltr'><strong>fortis</strong></span> <span class='ocrx_word' id='word_1_145' title='bbox 2761 933 2917 987; x_wconf 88' lang='lat' dir='ltr'><strong>tuus?</strong></span> <span class='ocrx_word' id='word_1_146' title='bbox 2937 932 3055 988; x_wconf 88' lang='lat' dir='ltr'><strong>Non</strong></span> <span class='ocrx_word' id='word_1_147' title='bbox 3079 936 3227 991; x_wconf 87' lang='lat' dir='ltr'><strong>stetit</strong></span> <span class='ocrx_word' id='word_1_148' title='bbox 3249 939 3507 1007; x_wconf 91' lang='lat' dir='ltr'><strong>quoniam</strong></span> 
     </span>
    </p>
   </div>
   <div class='ocr_carea' id='block_1_23' title="bbox 1916 1017 3507 1096">
    <p class='ocr_par' dir='ltr' id='par_1_23' title="bbox 1916 1017 3507 1096">
     <span class='ocr_line' id='line_1_23' title="bbox 1916 1017 3507 1096; baseline 0.009 -26"><span class='ocrx_word' id='word_1_149' title='bbox 1916 1038 1934 1069; x_wconf 75' lang='grc' dir='ltr'><strong>ι</strong></span> <span class='ocrx_word' id='word_1_150' title='bbox 1963 1017 2227 1075; x_wconf 86' lang='lat' dir='ltr'><strong>Dominus</strong></span> <span class='ocrx_word' id='word_1_151' title='bbox 2250 1021 2516 1076; x_wconf 81' lang='lat' dir='ltr'><strong>subvertit</strong></span> <span class='ocrx_word' id='word_1_152' title='bbox 2539 1037 2681 1077; x_wconf 91' lang='lat' dir='ltr'><strong>eum.</strong></span> <span class='ocrx_word' id='word_1_153' title='bbox 2706 1043 2724 1075; x_wconf 84' lang='grc'><strong>›</strong></span> <span class='ocrx_word' id='word_1_154' title='bbox 2762 1023 3052 1096; x_wconf 73' lang='grc' dir='ltr'><strong>(ΜΑυιιιιε.)</strong></span> <span class='ocrx_word' id='word_1_155' title='bbox 3082 1026 3300 1083; x_wconf 89' lang='lat' dir='ltr'><strong>Fortem</strong></span> <span class='ocrx_word' id='word_1_156' title='bbox 3326 1040 3507 1086; x_wconf 88' lang='lat' dir='ltr'><strong>autem</strong></span> 
     </span>
    </p>
   </div>
   <div class='ocr_carea' id='block_1_24' title="bbox 1904 1104 3513 1190">
    <p class='ocr_par' dir='ltr' id='par_1_24' title="bbox 1904 1104 3513 1190">
     <span class='ocr_line' id='line_1_24' title="bbox 1904 1104 3513 1190; baseline 0.01 -28"><span class='ocrx_word' id='word_1_157' title='bbox 1904 1104 2114 1164; x_wconf 87' lang='lat' dir='ltr'><strong>idolum</strong></span> <span class='ocrx_word' id='word_1_158' title='bbox 2136 1111 2349 1181; x_wconf 87' lang='lat' dir='ltr'><strong>aliquod</strong></span> <span class='ocrx_word' id='word_1_159' title='bbox 2377 1122 2431 1165; x_wconf 91' lang='lat' dir='ltr'><strong>et</strong></span> <span class='ocrx_word' id='word_1_160' title='bbox 2454 1113 2623 1167; x_wconf 90' lang='lat' dir='ltr'><strong>Deum</strong></span> <span class='ocrx_word' id='word_1_161' title='bbox 2648 1112 2845 1169; x_wconf 87' lang='lat' dir='ltr'><strong>falsum</strong></span> <span class='ocrx_word' id='word_1_162' title='bbox 2873 1116 2927 1170; x_wconf 92' lang='lat' dir='ltr'><strong>in</strong></span> <span class='ocrx_word' id='word_1_163' title='bbox 2954 1132 3115 1187; x_wconf 90' lang='lat' dir='ltr'><strong>quem</strong></span> <span class='ocrx_word' id='word_1_164' title='bbox 3155 1133 3513 1190; x_wconf 72' lang='lat' dir='ltr'><strong>speraverant</strong></span> 
     </span>
    </p>
   </div>
   <div class='ocr_carea' id='block_1_25' title="bbox 1912 1198 3514 1282">
    <p class='ocr_par' dir='ltr' id='par_1_25' title="bbox 1912 1198 3514 1282">
     <span class='ocr_line' id='line_1_25' title="bbox 1912 1198 3514 1282; baseline 0.007 -27"><span class='ocrx_word' id='word_1_165' title='bbox 1912 1198 2294 1273; x_wconf 63' lang='lat' dir='ltr'><strong>Egyptii,aut</strong></span> <span class='ocrx_word' id='word_1_166' title='bbox 2322 1204 2659 1260; x_wconf 88' lang='lat' dir='ltr'><strong>Pharaonem</strong></span> <span class='ocrx_word' id='word_1_167' title='bbox 2706 1220 2804 1276; x_wconf 91' lang='lat' dir='ltr'><strong>per</strong></span> <span class='ocrx_word' id='word_1_168' title='bbox 2852 1209 3150 1276; x_wconf 87' lang='lat' dir='ltr'><strong>potentiam</strong></span> <span class='ocrx_word' id='word_1_169' title='bbox 3183 1213 3331 1282; x_wconf 83' lang='lat' dir='ltr'><strong>regni</strong></span> <span class='ocrx_word' id='word_1_170' title='bbox 3375 1230 3514 1268; x_wconf 87' lang='lat' dir='ltr'><strong>nun-</strong></span> 
     </span>
    </p>
   </div>
   <div class='ocr_carea' id='block_1_26' title="bbox 1912 1297 3516 1376">
    <p class='ocr_par' dir='ltr' id='par_1_26' title="bbox 1912 1297 3516 1376">
     <span class='ocr_line' id='line_1_26' title="bbox 1912 1297 3516 1376; baseline 0.009 -30"><span class='ocrx_word' id='word_1_171' title='bbox 1912 1304 2094 1364; x_wconf 88' lang='lat' dir='ltr'><strong>cupat,</strong></span> <span class='ocrx_word' id='word_1_172' title='bbox 2121 1297 2212 1364; x_wconf 90' lang='lat' dir='ltr'><strong>qui</strong></span> <span class='ocrx_word' id='word_1_173' title='bbox 2237 1305 2382 1351; x_wconf 89' lang='lat' dir='ltr'><strong>recte</strong></span> <span class='ocrx_word' id='word_1_174' title='bbox 2408 1311 2589 1351; x_wconf 89' lang='lat' dir='ltr'><strong>coram</strong></span> <span class='ocrx_word' id='word_1_175' title='bbox 2631 1298 2876 1354; x_wconf 88' lang='lat' dir='ltr'><strong>hostibus</strong></span> <span class='ocrx_word' id='word_1_176' title='bbox 2904 1304 3256 1376; x_wconf 68' lang='lat' dir='ltr'><strong>computruit,</strong></span> <span class='ocrx_word' id='word_1_177' title='bbox 3299 1306 3426 1373; x_wconf 89' lang='lat' dir='ltr'><strong>quia</strong></span> <span class='ocrx_word' id='word_1_178' title='bbox 3459 1307 3516 1359; x_wconf 89' lang='lat' dir='ltr'><strong>in</strong></span> 
     </span>
    </p>
   </div>
   <div class='ocr_carea' id='block_1_27' title="bbox 1910 1386 3524 1466">
    <p class='ocr_par' dir='ltr' id='par_1_27' title="bbox 1910 1386 3524 1466">
     <span class='ocr_line' id='line_1_27' title="bbox 1910 1386 3524 1466; baseline 0.007 -26"><span class='ocrx_word' id='word_1_179' title='bbox 1910 1387 2137 1442; x_wconf 84' lang='lat' dir='ltr'><strong>victoria</strong></span> <span class='ocrx_word' id='word_1_180' title='bbox 2188 1402 2295 1441; x_wconf 91' lang='lat' dir='ltr'><strong>non</strong></span> <span class='ocrx_word' id='word_1_181' title='bbox 2325 1389 2581 1457; x_wconf 76' lang='lat' dir='ltr'><strong>perstitit,</strong></span> <span class='ocrx_word' id='word_1_182' title='bbox 2616 1390 2710 1444; x_wconf 87' lang='lat' dir='ltr'><strong>sed</strong></span> <span class='ocrx_word' id='word_1_183' title='bbox 2754 1392 2879 1447; x_wconf 87' lang='lat' dir='ltr'><strong>tabe</strong></span> <span class='ocrx_word' id='word_1_184' title='bbox 2914 1386 3283 1465; x_wconf 85' lang='lat' dir='ltr'><strong>cerruptionis</strong></span> <span class='ocrx_word' id='word_1_185' title='bbox 3326 1407 3524 1466; x_wconf 69' lang='lat' dir='ltr'><strong>putre&lt;</strong></span> 
     </span>
    </p>
   </div>
   <div class='ocr_carea' id='block_1_28' title="bbox 1913 1474 3513 1553">
    <p class='ocr_par' dir='ltr' id='par_1_28' title="bbox 1913 1474 3513 1553">
     <span class='ocr_line' id='line_1_28' title="bbox 1913 1474 3513 1553; baseline 0.009 -25"><span class='ocrx_word' id='word_1_186' title='bbox 1913 1474 2091 1531; x_wconf 87' lang='lat' dir='ltr'><strong>factus</strong></span> <span class='ocrx_word' id='word_1_187' title='bbox 2142 1477 2373 1538; x_wconf 87' lang='lat' dir='ltr'><strong>sorduit,</strong></span> <span class='ocrx_word' id='word_1_188' title='bbox 2423 1480 2680 1548; x_wconf 87' lang='lat' dir='ltr'><strong>quoniam</strong></span> <span class='ocrx_word' id='word_1_189' title='bbox 2727 1480 2935 1551; x_wconf 87' lang='lat' dir='ltr'><strong>justum</strong></span> <span class='ocrx_word' id='word_1_190' title='bbox 2981 1482 3247 1553; x_wconf 86' lang='lat' dir='ltr'><strong>judicium</strong></span> <span class='ocrx_word' id='word_1_191' title='bbox 3295 1485 3513 1542; x_wconf 85' lang='lat' dir='ltr'><strong>Domint</strong></span> 
     </span>
    </p>
   </div>
   <div class='ocr_carea' id='block_1_29' title="bbox 1910 1565 2361 1623">
    <p class='ocr_par' dir='ltr' id='par_1_29' title="bbox 1910 1565 2361 1623">
     <span class='ocr_line' id='line_1_29' title="bbox 1910 1565 2361 1623; baseline 0.009 -4"><span class='ocrx_word' id='word_1_192' title='bbox 1910 1565 2060 1621; x_wconf 89' lang='lat' dir='ltr'><strong>illum</strong></span> <span class='ocrx_word' id='word_1_193' title='bbox 2084 1568 2361 1623; x_wconf 86' lang='lat' dir='ltr'><strong>subvertit.</strong></span> 
     </span>
    </p>
   </div>
   <div class='ocr_carea' id='block_1_30' title="bbox 1989 1658 3517 1739">
    <p class='ocr_par' dir='ltr' id='par_1_30' title="bbox 1989 1658 3517 1739">
     <span class='ocr_line' id='line_1_30' title="bbox 1989 1658 3517 1739; baseline 0.01 -29"><span class='ocrx_word' id='word_1_194' title='bbox 1989 1675 2008 1708; x_wconf 80' lang='grc' dir='ltr'><strong>ι</strong></span> <span class='ocrx_word' id='word_1_195' title='bbox 2038 1658 2405 1730; x_wconf 83' lang='lat' dir='ltr'><strong>Multiplicavit</strong></span> <span class='ocrx_word' id='word_1_196' title='bbox 2429 1669 2665 1729; x_wconf 90' lang='lat' dir='ltr'><strong>ruentes,</strong></span> <span class='ocrx_word' id='word_1_197' title='bbox 2691 1663 2997 1735; x_wconf 81' lang='lat' dir='ltr'><strong>ceciditque</strong></span> <span class='ocrx_word' id='word_1_198' title='bbox 3019 1666 3102 1721; x_wconf 92' lang='lat' dir='ltr'><strong>vir</strong></span> <span class='ocrx_word' id='word_1_199' title='bbox 3120 1666 3188 1723; x_wconf 90' lang='lat' dir='ltr'><strong>ad</strong></span> <span class='ocrx_word' id='word_1_200' title='bbox 3206 1669 3517 1739; x_wconf 78' lang='lat' dir='ltr'><strong>proximum</strong></span> 
     </span>
    </p>
   </div>
   <div class='ocr_carea' id='block_1_31' title="bbox 1917 1744 3517 1833">
    <p class='ocr_par' dir='ltr' id='par_1_31' title="bbox 1917 1744 3517 1833">
     <span class='ocr_line' id='line_1_31' title="bbox 1917 1744 3517 1833; baseline 0.011 -32"><span class='ocrx_word' id='word_1_201' title='bbox 1917 1764 1936 1799; x_wconf 78' lang='grc' dir='ltr'><strong>ι</strong></span> <span class='ocrx_word' id='word_1_202' title='bbox 1973 1764 2153 1815; x_wconf 88' lang='lat' dir='ltr'><strong>suum,</strong></span> <span class='ocrx_word' id='word_1_203' title='bbox 2184 1759 2240 1805; x_wconf 91' lang='lat' dir='ltr'><strong>ct</strong></span> <span class='ocrx_word' id='word_1_204' title='bbox 2264 1751 2483 1805; x_wconf 90' lang='lat' dir='ltr'><strong>dicent:</strong></span> <span class='ocrx_word' id='word_1_205' title='bbox 2515 1750 2688 1825; x_wconf 81' lang='lat' dir='ltr'><strong>Surge</strong></span> <span class='ocrx_word' id='word_1_206' title='bbox 2716 1762 2774 1809; x_wconf 90' lang='lat' dir='ltr'><strong>et</strong></span> <span class='ocrx_word' id='word_1_207' title='bbox 2798 1765 3135 1815; x_wconf 76' lang='lat' dir='ltr'><strong>revertamtu-</strong></span> <span class='ocrx_word' id='word_1_208' title='bbox 3161 1761 3228 1816; x_wconf 91' lang='lat' dir='ltr'><strong>ad</strong></span> <span class='ocrx_word' id='word_1_209' title='bbox 3256 1744 3517 1833; x_wconf 85' lang='lat' dir='ltr'><strong>populum</strong></span> 
     </span>
    </p>
   </div>
   <div class='ocr_carea' id='block_1_32' title="bbox 1918 1843 3517 1925">
    <p class='ocr_par' dir='ltr' id='par_1_32' title="bbox 1918 1843 3517 1925">
     <span class='ocr_line' id='line_1_32' title="bbox 1918 1843 3517 1925; baseline 0.013 -32"><span class='ocrx_word' id='word_1_210' title='bbox 1918 1857 1937 1891; x_wconf 84' lang='grc'>‹</span> <span class='ocrx_word' id='word_1_211' title='bbox 1979 1849 2033 1896; x_wconf 86' lang='lat' dir='ltr'><strong>et</strong></span> <span class='ocrx_word' id='word_1_212' title='bbox 2080 1843 2147 1896; x_wconf 93' lang='lat' dir='ltr'><strong>ad</strong></span> <span class='ocrx_word' id='word_1_213' title='bbox 2184 1849 2386 1911; x_wconf 88' lang='lat' dir='ltr'><strong>terram</strong></span> <span class='ocrx_word' id='word_1_214' title='bbox 2433 1846 2733 1902; x_wconf 87' lang='lat' dir='ltr'><strong>nativitatis</strong></span> <span class='ocrx_word' id='word_1_215' title='bbox 2777 1858 2979 1925; x_wconf 82' lang='lat' dir='ltr'><strong>nostrae</strong></span> <span class='ocrx_word' id='word_1_216' title='bbox 3007 1867 3037 1905; x_wconf 89' lang='lat' dir='ltr'><strong>a</strong></span> <span class='ocrx_word' id='word_1_217' title='bbox 3069 1851 3210 1910; x_wconf 86' lang='lat' dir='ltr'><strong>faeie</strong></span> <span class='ocrx_word' id='word_1_218' title='bbox 3234 1854 3395 1924; x_wconf 79' lang='lat' dir='ltr'><strong>gladii</strong></span> <span class='ocrx_word' id='word_1_219' title='bbox 3424 1872 3517 1913; x_wconf 90' lang='lat' dir='ltr'><strong>co-</strong></span> 
     </span>
    </p>
   </div>
   <div class='ocr_carea' id='block_1_33' title="bbox 288 1919 1826 2017">
    <p class='ocr_par' dir='ltr' id='par_1_33' title="bbox 288 1934 1807 2015">
     <span class='ocr_line' id='line_1_33' title="bbox 288 1934 1807 2015; baseline 0.005 -30"><span class='ocrx_word' id='word_1_220' title='bbox 288 1953 305 1985; x_wconf 76' lang='grc' dir='ltr'><strong>ι</strong></span> <span class='ocrx_word' id='word_1_221' title='bbox 343 1935 645 2015; x_wconf 72' lang='lat' dir='ltr'><strong>Audierunt</strong></span> <span class='ocrx_word' id='word_1_222' title='bbox 673 1944 860 2007; x_wconf 80' lang='lat' dir='ltr'><strong>gentes</strong></span> <span class='ocrx_word' id='word_1_223' title='bbox 898 1934 1247 2006; x_wconf 78' lang='lat' dir='ltr'><strong>ignominiam</strong></span> <span class='ocrx_word' id='word_1_224' title='bbox 1290 1943 1459 2003; x_wconf 83' lang='lat' dir='ltr'><strong>tuam,</strong></span> <span class='ocrx_word' id='word_1_225' title='bbox 1492 1943 1546 1991; x_wconf 89' lang='lat' dir='ltr'><strong>et</strong></span> <span class='ocrx_word' id='word_1_226' title='bbox 1569 1935 1807 1993; x_wconf 87' lang='lat' dir='ltr'><strong>ululatus</strong></span> 
     </span>
    </p>
   </div>
   <div class='ocr_carea' id='block_1_34' title="bbox 1923 1919 3520 2017">
    <p class='ocr_par' dir='ltr' id='par_1_34' title="bbox 1923 1919 3520 2017">
     <span class='ocr_line' id='line_1_34' title="bbox 1923 1919 3520 2017; baseline 0.013 -36"><span class='ocrx_word' id='word_1_227' title='bbox 1923 1947 1940 1980; x_wconf 81' lang='grc' dir='ltr'><strong>ι</strong></span> <span class='ocrx_word' id='word_1_228' title='bbox 1985 1931 2195 1986; x_wconf 68' lang='lat' dir='ltr'><strong>tumbae.</strong></span> <span class='ocrx_word' id='word_1_229' title='bbox 2228 1953 2246 1985; x_wconf 71' lang='grc' dir='ltr'><strong>ι</strong></span> <span class='ocrx_word' id='word_1_230' title='bbox 2311 1932 2684 2004; x_wconf 86' lang='lat' dir='ltr'><strong>Multiplicavit</strong></span> <span class='ocrx_word' id='word_1_231' title='bbox 2750 1919 3019 2012; x_wconf 65' lang='lat' dir='ltr'><strong>Egyptus</strong></span> <span class='ocrx_word' id='word_1_232' title='bbox 3071 1919 3291 1999; x_wconf 72' lang='lat' dir='ltr'><strong>ruentes</strong></span> <span class='ocrx_word' id='word_1_233' title='bbox 3322 1986 3337 2012; x_wconf 94' lang='lat'><strong>,</strong></span> <span class='ocrx_word' id='word_1_234' title='bbox 3391 1946 3520 2017; x_wconf 88' lang='lat' dir='ltr'><strong>quia</strong></span> 
     </span>
    </p>
   </div>
   <div class='ocr_carea' id='block_1_35' title="bbox 215 2027 1805 2099">
    <p class='ocr_par' dir='ltr' id='par_1_35' title="bbox 215 2027 1805 2099">
     <span class='ocr_line' id='line_1_35' title="bbox 215 2027 1805 2099; baseline 0.004 -21"><span class='ocrx_word' id='word_1_235' title='bbox 215 2044 235 2077; x_wconf 76' lang='grc' dir='ltr'><strong>ι</strong></span> <span class='ocrx_word' id='word_1_236' title='bbox 266 2035 390 2082; x_wconf 90' lang='lat' dir='ltr'><strong>tuus</strong></span> <span class='ocrx_word' id='word_1_237' title='bbox 420 2028 643 2098; x_wconf 85' lang='lat' dir='ltr'><strong>replevit</strong></span> <span class='ocrx_word' id='word_1_238' title='bbox 664 2036 865 2082; x_wconf 90' lang='lat' dir='ltr'><strong>terram</strong></span> <span class='ocrx_word' id='word_1_239' title='bbox 894 2028 1056 2097; x_wconf 89' lang='lat' dir='ltr'><strong>:quia</strong></span> <span class='ocrx_word' id='word_1_240' title='bbox 1081 2027 1235 2083; x_wconf 91' lang='lat' dir='ltr'><strong>fortis</strong></span> <span class='ocrx_word' id='word_1_241' title='bbox 1256 2029 1476 2099; x_wconf 82' lang='lat' dir='ltr'><strong>impegit</strong></span> <span class='ocrx_word' id='word_1_242' title='bbox 1506 2030 1559 2082; x_wconf 93' lang='lat' dir='ltr'><strong>in</strong></span> <span class='ocrx_word' id='word_1_243' title='bbox 1588 2029 1805 2097; x_wconf 88' lang='lat' dir='ltr'><strong>fortem,</strong></span> 
     </span>
    </p>
   </div>
   <div class='ocr_carea' id='block_1_36' title="bbox 212 2120 1807 2191">
    <p class='ocr_par' dir='ltr' id='par_1_36' title="bbox 212 2120 1807 2191">
     <span class='ocr_line' id='line_1_36' title="bbox 212 2120 1807 2191; baseline 0.004 -20"><span class='ocrx_word' id='word_1_244' title='bbox 212 2137 232 2170; x_wconf 76' lang='grc' dir='ltr'><strong>ι</strong></span> <span class='ocrx_word' id='word_1_245' title='bbox 268 2130 327 2174; x_wconf 88' lang='lat' dir='ltr'><strong>et</strong></span> <span class='ocrx_word' id='word_1_246' title='bbox 346 2122 506 2175; x_wconf 90' lang='lat' dir='ltr'><strong>ambo</strong></span> <span class='ocrx_word' id='word_1_247' title='bbox 529 2121 733 2189; x_wconf 91' lang='lat' dir='ltr'><strong>pariter</strong></span> <span class='ocrx_word' id='word_1_248' title='bbox 752 2121 1123 2176; x_wconf 90' lang='lat' dir='ltr'><strong>conciderunt.</strong></span> <span class='ocrx_word' id='word_1_249' title='bbox 1149 2141 1165 2171; x_wconf 71' lang='grc' dir='ltr'><strong>ι</strong></span> <span class='ocrx_word' id='word_1_250' title='bbox 1191 2120 1487 2191; x_wconf 89' lang='lat' dir='ltr'><strong>Ignominia</strong></span> <span class='ocrx_word' id='word_1_251' title='bbox 1508 2122 1653 2176; x_wconf 92' lang='lat' dir='ltr'><strong>enim</strong></span> <span class='ocrx_word' id='word_1_252' title='bbox 1680 2130 1807 2178; x_wconf 91' lang='lat' dir='ltr'><strong>tunc</strong></span> 
     </span>
    </p>
   </div>
   <div class='ocr_carea' id='block_1_37' title="bbox 210 2210 1809 2283">
    <p class='ocr_par' dir='ltr' id='par_1_37' title="bbox 210 2210 1809 2283">
     <span class='ocr_line' id='line_1_37' title="bbox 210 2210 1809 2283; baseline 0 -18"><span class='ocrx_word' id='word_1_253' title='bbox 210 2212 391 2279; x_wconf 90' lang='lat' dir='ltr'><strong>patuit</strong></span> <span class='ocrx_word' id='word_1_254' title='bbox 419 2210 662 2283; x_wconf 47' lang='lat' dir='ltr'><strong>1Egyp‘ti,</strong></span> <span class='ocrx_word' id='word_1_255' title='bbox 700 2212 913 2280; x_wconf 87' lang='lat' dir='ltr'><strong>quando</strong></span> <span class='ocrx_word' id='word_1_256' title='bbox 950 2210 1209 2265; x_wconf 87' lang='lat' dir='ltr'><strong>frustrata</strong></span> <span class='ocrx_word' id='word_1_257' title='bbox 1236 2210 1446 2274; x_wconf 89' lang='lat' dir='ltr'><strong>solatio,</strong></span> <span class='ocrx_word' id='word_1_258' title='bbox 1474 2211 1617 2279; x_wconf 92' lang='lat' dir='ltr'><strong>quod</strong></span> <span class='ocrx_word' id='word_1_259' title='bbox 1648 2227 1677 2265; x_wconf 91' lang='lat' dir='ltr'><strong>a</strong></span> <span class='ocrx_word' id='word_1_260' title='bbox 1710 2210 1809 2267; x_wconf 87' lang='lat' dir='ltr'><strong>fal-</strong></span> 
     </span>
    </p>
   </div>
   <div class='ocr_carea' id='block_1_38' title="bbox 206 2299 1807 2371">
    <p class='ocr_par' dir='ltr' id='par_1_38' title="bbox 206 2299 1807 2371">
     <span class='ocr_line' id='line_1_38' title="bbox 206 2299 1807 2371; baseline 0 -16"><span class='ocrx_word' id='word_1_261' title='bbox 206 2300 284 2355; x_wconf 89' lang='lat' dir='ltr'><strong>sis</strong></span> <span class='ocrx_word' id='word_1_262' title='bbox 316 2301 628 2355; x_wconf 85' lang='lat' dir='ltr'><strong>numinibus</strong></span> <span class='ocrx_word' id='word_1_263' title='bbox 666 2301 971 2371; x_wconf 83' lang='lat' dir='ltr'><strong>expctebat,</strong></span> <span class='ocrx_word' id='word_1_264' title='bbox 1014 2314 1193 2355; x_wconf 87' lang='lat' dir='ltr'><strong>coram</strong></span> <span class='ocrx_word' id='word_1_265' title='bbox 1236 2299 1482 2355; x_wconf 89' lang='lat' dir='ltr'><strong>hostibus</strong></span> <span class='ocrx_word' id='word_1_266' title='bbox 1531 2299 1643 2355; x_wconf 91' lang='lat' dir='ltr'><strong>suis</strong></span> <span class='ocrx_word' id='word_1_267' title='bbox 1679 2302 1807 2367; x_wconf 82' lang='lat' dir='ltr'><strong>ruit,</strong></span> 
     </span>
    </p>
   </div>
   <div class='ocr_carea' id='block_1_39' title="bbox 205 2388 1808 2469">
    <p class='ocr_par' dir='ltr' id='par_1_39' title="bbox 205 2388 1808 2469">
     <span class='ocr_line' id='line_1_39' title="bbox 205 2388 1808 2469; baseline 0 -25"><span class='ocrx_word' id='word_1_268' title='bbox 205 2399 265 2444; x_wconf 90' lang='lat' dir='ltr'><strong>et</strong></span> <span class='ocrx_word' id='word_1_269' title='bbox 292 2400 477 2444; x_wconf 89' lang='lat' dir='ltr'><strong>mutua</strong></span> <span class='ocrx_word' id='word_1_270' title='bbox 530 2390 683 2445; x_wconf 89' lang='lat' dir='ltr'><strong>clade</strong></span> <span class='ocrx_word' id='word_1_271' title='bbox 717 2405 839 2445; x_wconf 92' lang='lat' dir='ltr'><strong>cum</strong></span> <span class='ocrx_word' id='word_1_272' title='bbox 877 2389 1018 2444; x_wconf 90' lang='lat' dir='ltr'><strong>forte</strong></span> <span class='ocrx_word' id='word_1_273' title='bbox 1055 2389 1311 2469; x_wconf 70' lang='lat' dir='ltr'><strong>concidit.</strong></span> <span class='ocrx_word' id='word_1_274' title='bbox 1346 2388 1436 2443; x_wconf 88' lang='lat' dir='ltr'><strong>Sic</strong></span> <span class='ocrx_word' id='word_1_275' title='bbox 1482 2396 1537 2444; x_wconf 91' lang='lat' dir='ltr'><strong>et</strong></span> <span class='ocrx_word' id='word_1_276' title='bbox 1566 2390 1808 2445; x_wconf 61' lang='lat' dir='ltr'><strong>haeretici</strong></span> 
     </span>
    </p>
   </div>
   <div class='ocr_carea' id='block_1_40' title="bbox 207 2479 1811 2550">
    <p class='ocr_par' dir='ltr' id='par_1_40' title="bbox 207 2479 1811 2550">
     <span class='ocr_line' id='line_1_40' title="bbox 207 2479 1811 2550; baseline -0.001 -16"><span class='ocrx_word' id='word_1_277' title='bbox 207 2482 301 2550; x_wconf 88' lang='lat' dir='ltr'><strong>qui</strong></span> <span class='ocrx_word' id='word_1_278' title='bbox 336 2496 554 2550; x_wconf 84' lang='lat' dir='ltr'><strong>semper</strong></span> <span class='ocrx_word' id='word_1_279' title='bbox 584 2482 637 2534; x_wconf 94' lang='lat' dir='ltr'><strong>in</strong></span> <span class='ocrx_word' id='word_1_280' title='bbox 672 2481 941 2535; x_wconf 87' lang='lat' dir='ltr'><strong>discordia</strong></span> <span class='ocrx_word' id='word_1_281' title='bbox 972 2490 1119 2545; x_wconf 91' lang='lat' dir='ltr'><strong>sunt,</strong></span> <span class='ocrx_word' id='word_1_282' title='bbox 1151 2488 1207 2534; x_wconf 88' lang='lat' dir='ltr'><strong>et</strong></span> <span class='ocrx_word' id='word_1_283' title='bbox 1228 2480 1282 2533; x_wconf 90' lang='lat' dir='ltr'><strong>in</strong></span> <span class='ocrx_word' id='word_1_284' title='bbox 1308 2479 1459 2533; x_wconf 92' lang='lat' dir='ltr'><strong>vario</strong></span> <span class='ocrx_word' id='word_1_285' title='bbox 1480 2493 1669 2533; x_wconf 91' lang='lat' dir='ltr'><strong>errore</strong></span> <span class='ocrx_word' id='word_1_286' title='bbox 1689 2494 1811 2534; x_wconf 92' lang='lat' dir='ltr'><strong>ver-</strong></span> 
     </span>
    </p>
   </div>
   <div class='ocr_carea' id='block_1_41' title="bbox 206 2569 1811 2636">
    <p class='ocr_par' dir='ltr' id='par_1_41' title="bbox 206 2569 1811 2636">
     <span class='ocr_line' id='line_1_41' title="bbox 206 2569 1811 2636; baseline -0.001 -10"><span class='ocrx_word' id='word_1_287' title='bbox 206 2580 423 2636; x_wconf 88' lang='lat' dir='ltr'><strong>santur,</strong></span> <span class='ocrx_word' id='word_1_288' title='bbox 472 2572 525 2625; x_wconf 91' lang='lat' dir='ltr'><strong>in</strong></span> <span class='ocrx_word' id='word_1_289' title='bbox 551 2570 736 2625; x_wconf 91' lang='lat' dir='ltr'><strong>multis</strong></span> <span class='ocrx_word' id='word_1_290' title='bbox 758 2571 824 2624; x_wconf 91' lang='lat' dir='ltr'><strong>ab</strong></span> <span class='ocrx_word' id='word_1_291' title='bbox 859 2569 1092 2624; x_wconf 90' lang='lat' dir='ltr'><strong>invicem</strong></span> <span class='ocrx_word' id='word_1_292' title='bbox 1119 2569 1453 2633; x_wconf 89' lang='lat' dir='ltr'><strong>discordant,</strong></span> <span class='ocrx_word' id='word_1_293' title='bbox 1486 2576 1539 2623; x_wconf 90' lang='lat' dir='ltr'><strong>et</strong></span> <span class='ocrx_word' id='word_1_294' title='bbox 1564 2569 1811 2625; x_wconf 91' lang='lat' dir='ltr'><strong>cominus</strong></span> 
     </span>
    </p>
   </div>
   <div class='ocr_carea' id='block_1_42' title="bbox 208 2658 1812 2729">
    <p class='ocr_par' dir='ltr' id='par_1_42' title="bbox 208 2658 1812 2729">
     <span class='ocr_line' id='line_1_42' title="bbox 208 2658 1812 2729; baseline -0.002 -13"><span class='ocrx_word' id='word_1_295' title='bbox 208 2668 492 2716; x_wconf 87' lang='lat' dir='ltr'><strong>certantes</strong></span> <span class='ocrx_word' id='word_1_296' title='bbox 527 2668 689 2729; x_wconf 86' lang='lat' dir='ltr'><strong>atque</strong></span> <span class='ocrx_word' id='word_1_297' title='bbox 740 2659 1065 2727; x_wconf 84' lang='lat' dir='ltr'><strong>alterutrum</strong></span> <span class='ocrx_word' id='word_1_298' title='bbox 1113 2658 1533 2723; x_wconf 72' lang='lat' dir='ltr'><strong>se‘lacerantes,</strong></span> <span class='ocrx_word' id='word_1_299' title='bbox 1588 2672 1693 2712; x_wconf 93' lang='lat' dir='ltr'><strong>non</strong></span> <span class='ocrx_word' id='word_1_300' title='bbox 1731 2659 1812 2713; x_wconf 90' lang='lat' dir='ltr'><strong>vi-</strong></span> 
     </span>
    </p>
   </div>
   <div class='ocr_carea' id='block_1_43' title="bbox 208 2748 1813 2820">
    <p class='ocr_par' dir='ltr' id='par_1_43' title="bbox 208 2748 1813 2820">
     <span class='ocr_line' id='line_1_43' title="bbox 208 2748 1813 2820; baseline 0 -15"><span class='ocrx_word' id='word_1_301' title='bbox 208 2751 444 2806; x_wconf 87' lang='lat' dir='ltr'><strong>ctoriam</strong></span> <span class='ocrx_word' id='word_1_302' title='bbox 482 2751 728 2805; x_wconf 86' lang='lat' dir='ltr'><strong>veritatis</strong></span> <span class='ocrx_word' id='word_1_303' title='bbox 757 2750 1009 2820; x_wconf 89' lang='lat' dir='ltr'><strong>capiunt:</strong></span> <span class='ocrx_word' id='word_1_304' title='bbox 1055 2751 1148 2805; x_wconf 90' lang='lat' dir='ltr'><strong>sed</strong></span> <span class='ocrx_word' id='word_1_305' title='bbox 1171 2764 1359 2805; x_wconf 91' lang='lat' dir='ltr'><strong>errore</strong></span> <span class='ocrx_word' id='word_1_306' title='bbox 1386 2748 1583 2818; x_wconf 89' lang='lat' dir='ltr'><strong>captivi</strong></span> <span class='ocrx_word' id='word_1_307' title='bbox 1610 2748 1813 2819; x_wconf 91' lang='lat' dir='ltr'><strong>pariter</strong></span> 
     </span>
    </p>
   </div>
   <div class='ocr_carea' id='block_1_44' title="bbox 208 2842 1130 2914">
    <p class='ocr_par' dir='ltr' id='par_1_44' title="bbox 208 2842 1130 2914">
     <span class='ocr_line' id='line_1_44' title="bbox 208 2842 1130 2914; baseline -0.004 -15"><span class='ocrx_word' id='word_1_308' title='bbox 208 2843 267 2899; x_wconf 90' lang='lat' dir='ltr'><strong>in</strong></span> <span class='ocrx_word' id='word_1_309' title='bbox 306 2845 520 2901; x_wconf 90' lang='lat' dir='ltr'><strong>foveam</strong></span> <span class='ocrx_word' id='word_1_310' title='bbox 556 2843 879 2914; x_wconf 86' lang='lat' dir='ltr'><strong>perditionis</strong></span> <span class='ocrx_word' id='word_1_311' title='bbox 910 2842 1130 2897; x_wconf 91' lang='lat' dir='ltr'><strong>cadunt.</strong></span> 
     </span>
    </p>
   </div>
   <div class='ocr_carea' id='block_1_45' title="bbox 290 2933 1814 3023">
    <p class='ocr_par' dir='ltr' id='par_1_45' title="bbox 290 2933 1814 3023">
     <span class='ocr_line' id='line_1_45' title="bbox 290 2933 1814 3023; baseline 0 -17"><span class='ocrx_word' id='word_1_312' title='bbox 290 2974 308 3006; x_wconf 75' lang='grc' dir='ltr'><strong>ι</strong></span> <span class='ocrx_word' id='word_1_313' title='bbox 346 2933 588 3010; x_wconf 57' lang='lat' dir='ltr'><strong>Verbum</strong></span> <span class='ocrx_word' id='word_1_314' title='bbox 619 2951 760 3023; x_wconf 90' lang='lat' dir='ltr'><strong>quod</strong></span> <span class='ocrx_word' id='word_1_315' title='bbox 782 2951 994 3007; x_wconf 90' lang='lat' dir='ltr'><strong>locutus</strong></span> <span class='ocrx_word' id='word_1_316' title='bbox 1017 2960 1102 3007; x_wconf 90' lang='lat' dir='ltr'><strong>est</strong></span> <span class='ocrx_word' id='word_1_317' title='bbox 1128 2951 1390 3007; x_wconf 90' lang='lat' dir='ltr'><strong>Dominus</strong></span> <span class='ocrx_word' id='word_1_318' title='bbox 1416 2950 1484 3006; x_wconf 92' lang='lat' dir='ltr'><strong>ad</strong></span> <span class='ocrx_word' id='word_1_319' title='bbox 1522 2948 1814 3007; x_wconf 88' lang='lat' dir='ltr'><strong>Jeremiam</strong></span> 
     </span>
    </p>
   </div>
   <div class='ocr_carea' id='block_1_46' title="bbox 215 3040 1816 3117">
    <p class='ocr_par' dir='ltr' id='par_1_46' title="bbox 215 3040 1816 3117">
     <span class='ocr_line' id='line_1_46' title="bbox 215 3040 1816 3117; baseline -0.002 -19"><span class='ocrx_word' id='word_1_320' title='bbox 215 3064 236 3098; x_wconf 72' lang='grc' dir='ltr'><strong>ι</strong></span> <span class='ocrx_word' id='word_1_321' title='bbox 264 3047 594 3117; x_wconf 87' lang='lat' dir='ltr'><strong>prephetam</strong></span> <span class='ocrx_word' id='word_1_322' title='bbox 643 3058 805 3113; x_wconf 84' lang='lat' dir='ltr'><strong>super</strong></span> <span class='ocrx_word' id='word_1_323' title='bbox 834 3057 900 3098; x_wconf 89' lang='lat' dir='ltr'><strong>eo</strong></span> <span class='ocrx_word' id='word_1_324' title='bbox 950 3042 1093 3113; x_wconf 85' lang='lat' dir='ltr'><strong>quod</strong></span> <span class='ocrx_word' id='word_1_325' title='bbox 1146 3049 1411 3097; x_wconf 86' lang='lat' dir='ltr'><strong>venturus</strong></span> <span class='ocrx_word' id='word_1_326' title='bbox 1454 3050 1598 3099; x_wconf 88' lang='lat' dir='ltr'><strong>esset</strong></span> <span class='ocrx_word' id='word_1_327' title='bbox 1632 3040 1816 3098; x_wconf 88' lang='lat' dir='ltr'><strong>Nabu-</strong></span> 
     </span>
    </p>
   </div>
   <div class='ocr_carea' id='block_1_47' title="bbox 216 3134 1813 3211">
    <p class='ocr_par' dir='ltr' id='par_1_47' title="bbox 216 3134 1813 3211">
     <span class='ocr_line' id='line_1_47' title="bbox 216 3134 1813 3211; baseline -0.001 -21"><span class='ocrx_word' id='word_1_328' title='bbox 216 3158 237 3190; x_wconf 85' lang='grc'><em>‹</em></span> <span class='ocrx_word' id='word_1_329' title='bbox 275 3138 617 3211; x_wconf 87' lang='lat' dir='ltr'><strong>chodonosor</strong></span> <span class='ocrx_word' id='word_1_330' title='bbox 648 3150 743 3189; x_wconf 82' lang='lat' dir='ltr'><strong>rex</strong></span> <span class='ocrx_word' id='word_1_331' title='bbox 780 3134 1090 3205; x_wconf 86' lang='lat' dir='ltr'><strong>Babylonis,</strong></span> <span class='ocrx_word' id='word_1_332' title='bbox 1119 3142 1174 3187; x_wconf 92' lang='lat' dir='ltr'><strong>et</strong></span> <span class='ocrx_word' id='word_1_333' title='bbox 1220 3148 1579 3206; x_wconf 86' lang='lat' dir='ltr'><strong>percussurus</strong></span> <span class='ocrx_word' id='word_1_334' title='bbox 1613 3143 1813 3189; x_wconf 88' lang='lat' dir='ltr'><strong>terram</strong></span> 
     </span>
    </p>
   </div>
   <div class='ocr_carea' id='block_1_48' title="bbox 217 3218 1815 3299">
    <p class='ocr_par' dir='ltr' id='par_1_48' title="bbox 217 3218 1815 3299">
     <span class='ocr_line' id='line_1_48' title="bbox 217 3218 1815 3299; baseline -0.002 -18"><span class='ocrx_word' id='word_1_335' title='bbox 217 3248 237 3281; x_wconf 79' lang='grc' dir='ltr'><strong>ι</strong></span> <span class='ocrx_word' id='word_1_336' title='bbox 278 3228 539 3299; x_wconf 64' lang='lat' dir='ltr'><strong>IEgypti:</strong></span> <span class='ocrx_word' id='word_1_337' title='bbox 572 3226 904 3285; x_wconf 78' lang='lat' dir='ltr'><strong>Annuntiate</strong></span> <span class='ocrx_word' id='word_1_338' title='bbox 949 3224 1215 3295; x_wconf 57' lang='lat' dir='ltr'><strong>IEgypto,</strong></span> <span class='ocrx_word' id='word_1_339' title='bbox 1258 3232 1312 3279; x_wconf 88' lang='lat' dir='ltr'><strong>et</strong></span> <span class='ocrx_word' id='word_1_340' title='bbox 1340 3218 1607 3279; x_wconf 55' lang='lat' dir='ltr'><strong>&#39;auditum</strong></span> <span class='ocrx_word' id='word_1_341' title='bbox 1652 3222 1815 3278; x_wconf 86' lang='lat' dir='ltr'><strong>facite</strong></span> 
     </span>
    </p>
   </div>
   <div class='ocr_carea' id='block_1_49' title="bbox 216 3312 1817 3389">
    <p class='ocr_par' dir='ltr' id='par_1_49' title="bbox 216 3312 1817 3389">
     <span class='ocr_line' id='line_1_49' title="bbox 216 3312 1817 3389; baseline -0.002 -18"><span class='ocrx_word' id='word_1_342' title='bbox 216 3338 239 3371; x_wconf 69' lang='grc' dir='ltr'>ί</span> <span class='ocrx_word' id='word_1_343' title='bbox 275 3321 331 3373; x_wconf 92' lang='lat' dir='ltr'><strong>in</strong></span> <span class='ocrx_word' id='word_1_344' title='bbox 380 3317 646 3388; x_wconf 83' lang='lat' dir='ltr'><strong>Magdalo,</strong></span> <span class='ocrx_word' id='word_1_345' title='bbox 696 3325 749 3371; x_wconf 91' lang='lat' dir='ltr'><strong>et</strong></span> <span class='ocrx_word' id='word_1_346' title='bbox 802 3323 1019 3371; x_wconf 88' lang='lat' dir='ltr'><strong>resonet</strong></span> <span class='ocrx_word' id='word_1_347' title='bbox 1066 3316 1121 3389; x_wconf 85' lang='lat' dir='ltr'><strong>in</strong></span> <span class='ocrx_word' id='word_1_348' title='bbox 1152 3313 1434 3383; x_wconf 87' lang='lat' dir='ltr'><strong>Memphis,</strong></span> <span class='ocrx_word' id='word_1_349' title='bbox 1472 3321 1525 3367; x_wconf 85' lang='lat' dir='ltr'><strong>et</strong></span> <span class='ocrx_word' id='word_1_350' title='bbox 1578 3312 1817 3381; x_wconf 90' lang='lat' dir='ltr'><strong>Taphnis</strong></span> 
     </span>
    </p>
   </div>
   <div class='ocr_carea' id='block_1_50' title="bbox 218 3403 1817 3476">
    <p class='ocr_par' dir='ltr' id='par_1_50' title="bbox 218 3403 1817 3476">
     <span class='ocr_line' id='line_1_50' title="bbox 218 3403 1817 3476; baseline -0.003 -15"><span class='ocrx_word' id='word_1_351' title='bbox 218 3427 239 3461; x_wconf 74' lang='grc' dir='ltr'><strong>ι</strong></span> <span class='ocrx_word' id='word_1_352' title='bbox 276 3408 443 3463; x_wconf 91' lang='lat' dir='ltr'><strong>dicite</strong></span> <span class='ocrx_word' id='word_1_353' title='bbox 468 3425 480 3457; x_wconf 87' lang='lat'><strong>:</strong></span> <span class='ocrx_word' id='word_1_354' title='bbox 502 3407 596 3462; x_wconf 89' lang='lat' dir='ltr'><strong>Sta</strong></span> <span class='ocrx_word' id='word_1_355' title='bbox 618 3415 673 3462; x_wconf 91' lang='lat' dir='ltr'><strong>et</strong></span> <span class='ocrx_word' id='word_1_356' title='bbox 693 3420 937 3476; x_wconf 78' lang='lat' dir='ltr'><strong>prcepara</strong></span> <span class='ocrx_word' id='word_1_357' title='bbox 962 3414 1014 3459; x_wconf 90' lang='lat' dir='ltr'><strong>te</strong></span> <span class='ocrx_word' id='word_1_358' title='bbox 1038 3418 1053 3457; x_wconf 88' lang='lat'><strong>:</strong></span> <span class='ocrx_word' id='word_1_359' title='bbox 1077 3403 1203 3474; x_wconf 87' lang='lat' dir='ltr'><strong>quia</strong></span> <span class='ocrx_word' id='word_1_360' title='bbox 1219 3403 1497 3459; x_wconf 87' lang='lat' dir='ltr'><strong>devorabit</strong></span> <span class='ocrx_word' id='word_1_361' title='bbox 1520 3403 1729 3473; x_wconf 80' lang='lat' dir='ltr'><strong>gladius</strong></span> <span class='ocrx_word' id='word_1_362' title='bbox 1753 3416 1817 3457; x_wconf 91' lang='lat' dir='ltr'><strong>ea</strong></span> 
     </span>
    </p>
   </div>
   <div class='ocr_carea' id='block_1_51' title="bbox 220 3491 1817 3569">
    <p class='ocr_par' dir='ltr' id='par_1_51' title="bbox 220 3491 1817 3569">
     <span class='ocr_line' id='line_1_51' title="bbox 220 3491 1817 3569; baseline -0.002 -20"><span class='ocrx_word' id='word_1_363' title='bbox 220 3516 240 3549; x_wconf 74' lang='grc' dir='ltr'><strong>ι</strong></span> <span class='ocrx_word' id='word_1_364' title='bbox 279 3513 401 3569; x_wconf 76' lang='lat' dir='ltr'><strong>quze.</strong></span> <span class='ocrx_word' id='word_1_365' title='bbox 422 3512 523 3565; x_wconf 90' lang='lat' dir='ltr'><strong>per</strong></span> <span class='ocrx_word' id='word_1_366' title='bbox 548 3495 832 3550; x_wconf 84' lang='lat' dir='ltr'><strong>circuitum</strong></span> <span class='ocrx_word' id='word_1_367' title='bbox 861 3502 1009 3549; x_wconf 91' lang='lat' dir='ltr'><strong>tuum</strong></span> <span class='ocrx_word' id='word_1_368' title='bbox 1043 3501 1185 3548; x_wconf 92' lang='lat' dir='ltr'><strong>sunt.</strong></span> <span class='ocrx_word' id='word_1_369' title='bbox 1214 3513 1231 3545; x_wconf 83' lang='grc'>›</span> <span class='ocrx_word' id='word_1_370' title='bbox 1264 3491 1528 3561; x_wconf 87' lang='lat' dir='ltr'><strong>Loquitur</strong></span> <span class='ocrx_word' id='word_1_371' title='bbox 1554 3492 1817 3562; x_wconf 86' lang='lat' dir='ltr'><strong>propheta</strong></span> 
     </span>
    </p>
   </div>
   <div class='ocr_carea' id='block_1_52' title="bbox 210 3584 1815 3657">
    <p class='ocr_par' dir='ltr' id='par_1_52' title="bbox 210 3584 1815 3657">
     <span class='ocr_line' id='line_1_52' title="bbox 210 3584 1815 3657; baseline -0.003 -13"><span class='ocrx_word' id='word_1_372' title='bbox 210 3591 440 3645; x_wconf 84' lang='lat' dir='ltr'><strong>verbum</strong></span> <span class='ocrx_word' id='word_1_373' title='bbox 467 3596 522 3644; x_wconf 90' lang='lat' dir='ltr'><strong>et</strong></span> <span class='ocrx_word' id='word_1_374' title='bbox 546 3603 641 3643; x_wconf 91' lang='lat' dir='ltr'><strong>ore</strong></span> <span class='ocrx_word' id='word_1_375' title='bbox 675 3588 890 3642; x_wconf 90' lang='lat' dir='ltr'><strong>Domini</strong></span> <span class='ocrx_word' id='word_1_376' title='bbox 916 3588 981 3641; x_wconf 88' lang='lat' dir='ltr'><strong>ad</strong></span> <span class='ocrx_word' id='word_1_377' title='bbox 1025 3584 1338 3657; x_wconf 62' lang='lat' dir='ltr'><strong>Egyptum,</strong></span> <span class='ocrx_word' id='word_1_378' title='bbox 1365 3594 1419 3640; x_wconf 89' lang='lat' dir='ltr'><strong>et</strong></span> <span class='ocrx_word' id='word_1_379' title='bbox 1459 3586 1526 3639; x_wconf 93' lang='lat' dir='ltr'><strong>ad</strong></span> <span class='ocrx_word' id='word_1_380' title='bbox 1556 3586 1672 3655; x_wconf 88' lang='lat' dir='ltr'><strong>ejus</strong></span> <span class='ocrx_word' id='word_1_381' title='bbox 1698 3585 1815 3640; x_wconf 91' lang='lat' dir='ltr'><strong>loca</strong></span> 
     </span>
    </p>
   </div>
   <div class='ocr_carea' id='block_1_53' title="bbox 208 3678 1815 3753">
    <p class='ocr_par' dir='ltr' id='par_1_53' title="bbox 208 3678 1815 3753">
     <span class='ocr_line' id='line_1_53' title="bbox 208 3678 1815 3753; baseline -0.002 -17"><span class='ocrx_word' id='word_1_382' title='bbox 208 3682 510 3753; x_wconf 61' lang='lat' dir='ltr'><strong>praecipua,</strong></span> <span class='ocrx_word' id='word_1_383' title='bbox 542 3690 696 3741; x_wconf 72' lang='lat' dir='ltr'><strong>utse</strong></span> <span class='ocrx_word' id='word_1_384' title='bbox 744 3687 1050 3748; x_wconf 87' lang='lat' dir='ltr'><strong>praeparent</strong></span> <span class='ocrx_word' id='word_1_385' title='bbox 1081 3678 1147 3731; x_wconf 91' lang='lat' dir='ltr'><strong>ad</strong></span> <span class='ocrx_word' id='word_1_386' title='bbox 1200 3678 1435 3732; x_wconf 86' lang='lat' dir='ltr'><strong>bellum:</strong></span> <span class='ocrx_word' id='word_1_387' title='bbox 1490 3680 1583 3733; x_wconf 91' lang='lat' dir='ltr'><strong>sed</strong></span> <span class='ocrx_word' id='word_1_388' title='bbox 1634 3688 1815 3733; x_wconf 89' lang='lat' dir='ltr'><strong>tamen</strong></span> 
     </span>
    </p>
   </div>
   <div class='ocr_carea' id='block_1_54' title="bbox 211 3767 1818 3842">
    <p class='ocr_par' dir='ltr' id='par_1_54' title="bbox 211 3767 1818 3842">
     <span class='ocr_line' id='line_1_54' title="bbox 211 3767 1818 3842; baseline -0.003 -13"><span class='ocrx_word' id='word_1_389' title='bbox 211 3775 391 3829; x_wconf 87' lang='lat' dir='ltr'><strong>sciant</strong></span> <span class='ocrx_word' id='word_1_390' title='bbox 440 3771 585 3842; x_wconf 90' lang='lat' dir='ltr'><strong>quod</strong></span> <span class='ocrx_word' id='word_1_391' title='bbox 633 3768 1006 3826; x_wconf 64' lang='lat' dir='ltr'><strong>Chaldaeorum</strong></span> <span class='ocrx_word' id='word_1_392' title='bbox 1049 3767 1259 3839; x_wconf 81' lang='lat' dir='ltr'><strong>gladius</strong></span> <span class='ocrx_word' id='word_1_393' title='bbox 1308 3769 1687 3824; x_wconf 88' lang='lat' dir='ltr'><strong>devastaturus</strong></span> <span class='ocrx_word' id='word_1_394' title='bbox 1746 3771 1818 3825; x_wconf 87' lang='lat' dir='ltr'><strong>sit</strong></span> 
     </span>
    </p>
   </div>
   <div class='ocr_carea' id='block_1_55' title="bbox 213 3847 1817 3930">
    <p class='ocr_par' dir='ltr' id='par_1_55' title="bbox 213 3847 1817 3930">
     <span class='ocr_line' id='line_1_55' title="bbox 213 3847 1817 3930; baseline -0.002 -11"><span class='ocrx_word' id='word_1_395' title='bbox 213 3877 435 3919; x_wconf 90' lang='lat' dir='ltr'><strong>omnem</strong></span> <span class='ocrx_word' id='word_1_396' title='bbox 464 3870 667 3916; x_wconf 92' lang='lat' dir='ltr'><strong>terram</strong></span> <span class='ocrx_word' id='word_1_397' title='bbox 710 3860 895 3930; x_wconf 89' lang='lat' dir='ltr'><strong>ipsius.</strong></span> <span class='ocrx_word' id='word_1_398' title='bbox 937 3858 1209 3930; x_wconf 82' lang='lat' dir='ltr'><strong>(Hieron.)</strong></span> <span class='ocrx_word' id='word_1_399' title='bbox 1238 3858 1515 3928; x_wconf 84' lang='lat' dir='ltr'><strong>Magdalus</strong></span> <span class='ocrx_word' id='word_1_400' title='bbox 1557 3862 1701 3915; x_wconf 89' lang='lat' dir='ltr'><strong>enim</strong></span> <span class='ocrx_word' id='word_1_401' title='bbox 1734 3847 1817 3917; x_wconf 87' lang='lat' dir='ltr'><strong>est</strong></span> 
     </span>
    </p>
   </div>
   <div class='ocr_carea' id='block_1_56' title="bbox 210 3952 1816 4023">
    <p class='ocr_par' dir='ltr' id='par_1_56' title="bbox 210 3952 1816 4023">
     <span class='ocr_line' id='line_1_56' title="bbox 210 3952 1816 4023; baseline -0.001 -12"><span class='ocrx_word' id='word_1_402' title='bbox 210 3957 365 4013; x_wconf 87' lang='lat' dir='ltr'><strong>locus</strong></span> <span class='ocrx_word' id='word_1_403' title='bbox 384 3996 399 4019; x_wconf 86' lang='lat'><strong>,</strong></span> <span class='ocrx_word' id='word_1_404' title='bbox 426 3964 486 4009; x_wconf 90' lang='lat' dir='ltr'><strong>ut</strong></span> <span class='ocrx_word' id='word_1_405' title='bbox 515 3968 677 4023; x_wconf 88' lang='lat' dir='ltr'><strong>supra</strong></span> <span class='ocrx_word' id='word_1_406' title='bbox 707 3954 1024 4019; x_wconf 89' lang='lat' dir='ltr'><strong>memoravi,</strong></span> <span class='ocrx_word' id='word_1_407' title='bbox 1065 3953 1131 4006; x_wconf 90' lang='lat' dir='ltr'><strong>ad</strong></span> <span class='ocrx_word' id='word_1_408' title='bbox 1154 3967 1314 4021; x_wconf 89' lang='lat' dir='ltr'><strong>quem</strong></span> <span class='ocrx_word' id='word_1_409' title='bbox 1358 3952 1450 4005; x_wconf 87' lang='lat' dir='ltr'><strong>filii</strong></span> <span class='ocrx_word' id='word_1_410' title='bbox 1496 3953 1661 4007; x_wconf 88' lang='lat' dir='ltr'><strong>Israel</strong></span> <span class='ocrx_word' id='word_1_411' title='bbox 1692 3970 1816 4009; x_wconf 91' lang='lat' dir='ltr'><strong>cum</strong></span> 
     </span>
    </p>
   </div>
   <div class='ocr_carea' id='block_1_57' title="bbox 209 4045 1818 4118">
    <p class='ocr_par' dir='ltr' id='par_1_57' title="bbox 209 4045 1818 4118">
     <span class='ocr_line' id='line_1_57' title="bbox 209 4045 1818 4118; baseline -0.004 -12"><span class='ocrx_word' id='word_1_412' title='bbox 209 4051 454 4106; x_wconf 85' lang='lat' dir='ltr'><strong>exissent</strong></span> <span class='ocrx_word' id='word_1_413' title='bbox 475 4048 540 4103; x_wconf 88' lang='lat' dir='ltr'><strong>de</strong></span> <span class='ocrx_word' id='word_1_414' title='bbox 560 4045 813 4118; x_wconf 55' lang='lat' dir='ltr'><strong>ngypto,</strong></span> <span class='ocrx_word' id='word_1_415' title='bbox 831 4053 1192 4116; x_wconf 88' lang='lat' dir='ltr'><strong>pervenerunt</strong></span> <span class='ocrx_word' id='word_1_416' title='bbox 1215 4052 1501 4113; x_wconf 87' lang='lat' dir='ltr'><strong>antequam</strong></span> <span class='ocrx_word' id='word_1_417' title='bbox 1524 4047 1818 4102; x_wconf 89' lang='lat' dir='ltr'><strong>transirent</strong></span> 
     </span>
    </p>
   </div>
   <div class='ocr_carea' id='block_1_58' title="bbox 209 4131 1813 4207">
    <p class='ocr_par' dir='ltr' id='par_1_58' title="bbox 209 4131 1813 4207">
     <span class='ocr_line' id='line_1_58' title="bbox 209 4131 1813 4207; baseline -0.003 -11"><span class='ocrx_word' id='word_1_418' title='bbox 209 4156 369 4197; x_wconf 85' lang='lat' dir='ltr'><strong>mare</strong></span> <span class='ocrx_word' id='word_1_419' title='bbox 398 4139 659 4193; x_wconf 80' lang='lat' dir='ltr'><strong>Rubrum.</strong></span> <span class='ocrx_word' id='word_1_420' title='bbox 688 4137 943 4207; x_wconf 81' lang='lat' dir='ltr'><strong>Legimus</strong></span> <span class='ocrx_word' id='word_1_421' title='bbox 981 4143 1034 4189; x_wconf 91' lang='lat' dir='ltr'><strong>et</strong></span> <span class='ocrx_word' id='word_1_422' title='bbox 1078 4137 1131 4188; x_wconf 87' lang='lat' dir='ltr'><strong>in</strong></span> <span class='ocrx_word' id='word_1_423' title='bbox 1161 4131 1491 4190; x_wconf 79' lang='lat' dir='ltr'><strong>Ezechiele:</strong></span> <span class='ocrx_word' id='word_1_424' title='bbox 1534 4156 1553 4186; x_wconf 68' lang='grc' dir='ltr'><strong>ι</strong></span> <span class='ocrx_word' id='word_1_425' title='bbox 1595 4137 1661 4190; x_wconf 90' lang='lat' dir='ltr'><strong>de</strong></span> <span class='ocrx_word' id='word_1_426' title='bbox 1698 4136 1813 4191; x_wconf 86' lang='lat' dir='ltr'><strong>Ma-</strong></span> 
     </span>
    </p>
   </div>
   <div class='ocr_carea' id='block_1_59' title="bbox 210 4226 1818 4305">
    <p class='ocr_par' dir='ltr' id='par_1_59' title="bbox 210 4226 1818 4305">
     <span class='ocr_line' id='line_1_59' title="bbox 210 4226 1818 4305; baseline -0.002 -18"><span class='ocrx_word' id='word_1_427' title='bbox 210 4232 375 4305; x_wconf 88' lang='lat' dir='ltr'><strong>gdalo</strong></span> <span class='ocrx_word' id='word_1_428' title='bbox 403 4246 572 4299; x_wconf 87' lang='lat' dir='ltr'><strong>usque</strong></span> <span class='ocrx_word' id='word_1_429' title='bbox 594 4228 812 4284; x_wconf 88' lang='lat' dir='ltr'><strong>Senem.</strong></span> <span class='ocrx_word' id='word_1_430' title='bbox 846 4249 864 4280; x_wconf 81' lang='grc'><strong><em>›</em></strong></span> <span class='ocrx_word' id='word_1_431' title='bbox 881 4227 1051 4282; x_wconf 91' lang='lat' dir='ltr'><strong>Porro</strong></span> <span class='ocrx_word' id='word_1_432' title='bbox 1071 4227 1333 4282; x_wconf 80' lang='lat' dir='ltr'><strong>Jeretnias</strong></span> <span class='ocrx_word' id='word_1_433' title='bbox 1356 4226 1591 4292; x_wconf 67' lang='lat' dir='ltr'><strong>Judmos,</strong></span> <span class='ocrx_word' id='word_1_434' title='bbox 1619 4228 1710 4297; x_wconf 92' lang='lat' dir='ltr'><strong>qui</strong></span> <span class='ocrx_word' id='word_1_435' title='bbox 1734 4244 1818 4283; x_wconf 90' lang='lat' dir='ltr'><strong>se-</strong></span> 
     </span>
    </p>
   </div>
   <div class='ocr_carea' id='block_1_60' title="bbox 212 4318 1817 4389">
    <p class='ocr_par' dir='ltr' id='par_1_60' title="bbox 212 4318 1817 4389">
     <span class='ocr_line' id='line_1_60' title="bbox 212 4318 1817 4389; baseline -0.002 -11"><span class='ocrx_word' id='word_1_436' title='bbox 212 4338 339 4379; x_wconf 85' lang='lat' dir='ltr'><strong>cum</strong></span> <span class='ocrx_word' id='word_1_437' title='bbox 374 4320 615 4385; x_wconf 82' lang='lat' dir='ltr'><strong>fuerant,</strong></span> <span class='ocrx_word' id='word_1_438' title='bbox 640 4319 1052 4389; x_wconf 79' lang='lat' dir='ltr'><strong>Babyloniorum</strong></span> <span class='ocrx_word' id='word_1_439' title='bbox 1082 4318 1340 4388; x_wconf 88' lang='lat' dir='ltr'><strong>impetum</strong></span> <span class='ocrx_word' id='word_1_440' title='bbox 1365 4318 1729 4385; x_wconf 86' lang='lat' dir='ltr'><strong>declinantes,</strong></span> <span class='ocrx_word' id='word_1_441' title='bbox 1761 4320 1817 4375; x_wconf 91' lang='lat' dir='ltr'><strong>in</strong></span> 
     </span>
    </p>
   </div>
   <div class='ocr_carea' id='block_1_61' title="bbox 212 4408 1818 4481">
    <p class='ocr_par' dir='ltr' id='par_1_61' title="bbox 212 4408 1818 4481">
     <span class='ocr_line' id='line_1_61' title="bbox 212 4408 1818 4481; baseline -0.002 -12"><span class='ocrx_word' id='word_1_442' title='bbox 212 4415 321 4469; x_wconf 83' lang='lat' dir='ltr'><strong>hac</strong></span> <span class='ocrx_word' id='word_1_443' title='bbox 345 4412 479 4466; x_wconf 89' lang='lat' dir='ltr'><strong>urbe</strong></span> <span class='ocrx_word' id='word_1_444' title='bbox 508 4409 729 4481; x_wconf 61' lang='lat' dir='ltr'><strong>Egypti</strong></span> <span class='ocrx_word' id='word_1_445' title='bbox 755 4410 1027 4464; x_wconf 87' lang='lat' dir='ltr'><strong>habitasse</strong></span> <span class='ocrx_word' id='word_1_446' title='bbox 1057 4408 1220 4463; x_wconf 89' lang='lat' dir='ltr'><strong>refert</strong></span> <span class='ocrx_word' id='word_1_447' title='bbox 1254 4427 1266 4461; x_wconf 90' lang='lat'><strong>:</strong></span> <span class='ocrx_word' id='word_1_448' title='bbox 1297 4409 1517 4464; x_wconf 86' lang='lat' dir='ltr'><strong>Thanen</strong></span> <span class='ocrx_word' id='word_1_449' title='bbox 1550 4420 1818 4479; x_wconf 84' lang='lat' dir='ltr'><strong>metropo-</strong></span> 
     </span>
    </p>
   </div>
   <div class='ocr_carea' id='block_1_62' title="bbox 209 4500 1817 4575">
    <p class='ocr_par' dir='ltr' id='par_1_62' title="bbox 209 4500 1817 4575">
     <span class='ocr_line' id='line_1_62' title="bbox 209 4500 1817 4575; baseline -0.002 -12"><span class='ocrx_word' id='word_1_450' title='bbox 209 4506 307 4562; x_wconf 88' lang='lat' dir='ltr'><strong>Iim</strong></span> <span class='ocrx_word' id='word_1_451' title='bbox 334 4505 435 4559; x_wconf 88' lang='lat' dir='ltr'><strong>fuit</strong></span> <span class='ocrx_word' id='word_1_452' title='bbox 454 4502 693 4575; x_wconf 62' lang='lat' dir='ltr'><strong>ngypti.</strong></span> <span class='ocrx_word' id='word_1_453' title='bbox 720 4503 785 4557; x_wconf 88' lang='lat' dir='ltr'><strong>Et</strong></span> <span class='ocrx_word' id='word_1_454' title='bbox 803 4501 1089 4556; x_wconf 89' lang='lat' dir='ltr'><strong>Psalmista</strong></span> <span class='ocrx_word' id='word_1_455' title='bbox 1112 4500 1368 4556; x_wconf 87' lang='lat' dir='ltr'><strong>declarat.</strong></span> <span class='ocrx_word' id='word_1_456' title='bbox 1390 4503 1531 4571; x_wconf 87' lang='lat' dir='ltr'><strong>quod</strong></span> <span class='ocrx_word' id='word_1_457' title='bbox 1554 4501 1626 4555; x_wconf 88' lang='lat' dir='ltr'><strong>ibi</strong></span> <span class='ocrx_word' id='word_1_458' title='bbox 1644 4502 1817 4559; x_wconf 75' lang='lat' dir='ltr'><strong>Moses</strong></span> 
     </span>
    </p>
   </div>
   <div class='ocr_carea' id='block_1_63' title="bbox 211 4591 1815 4666">
    <p class='ocr_par' dir='ltr' id='par_1_63' title="bbox 211 4591 1815 4666">
     <span class='ocr_line' id='line_1_63' title="bbox 211 4591 1815 4666; baseline -0.003 -12"><span class='ocrx_word' id='word_1_459' title='bbox 211 4598 388 4655; x_wconf 86' lang='lat' dir='ltr'><strong>multa</strong></span> <span class='ocrx_word' id='word_1_460' title='bbox 410 4596 562 4666; x_wconf 85' lang='lat' dir='ltr'><strong>signa</strong></span> <span class='ocrx_word' id='word_1_461' title='bbox 589 4594 778 4649; x_wconf 88' lang='lat' dir='ltr'><strong>fecerit</strong></span> <span class='ocrx_word' id='word_1_462' title='bbox 820 4592 988 4664; x_wconf 76' lang='lat' dir='ltr'><strong>(Psal.</strong></span> <span class='ocrx_word' id='word_1_463' title='bbox 1021 4591 1249 4662; x_wconf 76' lang='lat' dir='ltr'><strong>Lxxvn),</strong></span> <span class='ocrx_word' id='word_1_464' title='bbox 1276 4607 1395 4661; x_wconf 86' lang='lat' dir='ltr'><strong>quae</strong></span> <span class='ocrx_word' id='word_1_465' title='bbox 1420 4592 1473 4646; x_wconf 91' lang='lat' dir='ltr'><strong>in</strong></span> <span class='ocrx_word' id='word_1_466' title='bbox 1512 4592 1696 4649; x_wconf 84' lang='lat' dir='ltr'><strong>Exodo</strong></span> <span class='ocrx_word' id='word_1_467' title='bbox 1724 4594 1815 4649; x_wconf 93' lang='lat' dir='ltr'><strong>de-</strong></span> 
     </span>
    </p>
   </div>
   <div class='ocr_carea' id='block_1_64' title="bbox 212 4682 1812 4753">
    <p class='ocr_par' dir='ltr' id='par_1_64' title="bbox 212 4682 1812 4753">
     <span class='ocr_line' id='line_1_64' title="bbox 212 4682 1812 4753; baseline -0.005 -7"><span class='ocrx_word' id='word_1_468' title='bbox 212 4689 532 4747; x_wconf 84' lang='lat' dir='ltr'><strong>scribuntur</strong></span> <span class='ocrx_word' id='word_1_469' title='bbox 558 4704 569 4739; x_wconf 90' lang='lat'><strong>:</strong></span> <span class='ocrx_word' id='word_1_470' title='bbox 607 4704 625 4734; x_wconf 81' lang='grc' dir='ltr'><strong>ι</strong></span> <span class='ocrx_word' id='word_1_471' title='bbox 658 4684 847 4739; x_wconf 79' lang='lat' dir='ltr'><strong>Posuit</strong></span> <span class='ocrx_word' id='word_1_472' title='bbox 878 4684 931 4737; x_wconf 90' lang='lat' dir='ltr'><strong>in</strong></span> <span class='ocrx_word' id='word_1_473' title='bbox 963 4682 1255 4753; x_wconf 53' lang='lat' dir='ltr'><strong>:Egyptum</strong></span> <span class='ocrx_word' id='word_1_474' title='bbox 1284 4684 1439 4753; x_wconf 88' lang='lat' dir='ltr'><strong>signa</strong></span> <span class='ocrx_word' id='word_1_475' title='bbox 1472 4698 1567 4737; x_wconf 91' lang='lat' dir='ltr'><strong>sua</strong></span> <span class='ocrx_word' id='word_1_476' title='bbox 1596 4692 1651 4737; x_wconf 92' lang='lat' dir='ltr'><strong>et</strong></span> <span class='ocrx_word' id='word_1_477' title='bbox 1686 4700 1812 4753; x_wconf 89' lang='lat' dir='ltr'><strong>pro-</strong></span> 
     </span>
    </p>
   </div>
   <div class='ocr_carea' id='block_1_65' title="bbox 211 4772 1815 4849">
    <p class='ocr_par' dir='ltr' id='par_1_65' title="bbox 211 4772 1815 4849">
     <span class='ocr_line' id='line_1_65' title="bbox 211 4772 1815 4849; baseline -0.004 -14"><span class='ocrx_word' id='word_1_478' title='bbox 211 4779 365 4849; x_wconf 87' lang='lat' dir='ltr'><strong>digia</strong></span> <span class='ocrx_word' id='word_1_479' title='bbox 419 4790 515 4832; x_wconf 86' lang='lat' dir='ltr'><strong>sua</strong></span> <span class='ocrx_word' id='word_1_480' title='bbox 568 4774 625 4828; x_wconf 92' lang='lat' dir='ltr'><strong>in</strong></span> <span class='ocrx_word' id='word_1_481' title='bbox 672 4789 865 4844; x_wconf 89' lang='lat' dir='ltr'><strong>campo</strong></span> <span class='ocrx_word' id='word_1_482' title='bbox 911 4773 1177 4827; x_wconf 86' lang='lat' dir='ltr'><strong>Tbaneos.</strong></span> <span class='ocrx_word' id='word_1_483' title='bbox 1205 4792 1222 4825; x_wconf 86' lang='grc'><strong>›</strong></span> <span class='ocrx_word' id='word_1_484' title='bbox 1261 4772 1551 4842; x_wconf 87' lang='lat' dir='ltr'><strong>Memphim</strong></span> <span class='ocrx_word' id='word_1_485' title='bbox 1601 4788 1815 4844; x_wconf 89' lang='lat' dir='ltr'><strong>quoque</strong></span> 
     </span>
    </p>
   </div>
   <div class='ocr_carea' id='block_1_66' title="bbox 212 4864 1817 4941">
    <p class='ocr_par' dir='ltr' id='par_1_66' title="bbox 212 4864 1817 4941">
     <span class='ocr_line' id='line_1_66' title="bbox 212 4864 1817 4941; baseline -0.004 -14"><span class='ocrx_word' id='word_1_486' title='bbox 212 4868 446 4941; x_wconf 83' lang='lat' dir='ltr'><strong>magicis</strong></span> <span class='ocrx_word' id='word_1_487' title='bbox 475 4866 684 4941; x_wconf 84' lang='lat' dir='ltr'><strong>artibus</strong></span> <span class='ocrx_word' id='word_1_488' title='bbox 713 4865 947 4920; x_wconf 88' lang='lat' dir='ltr'><strong>deditam</strong></span> <span class='ocrx_word' id='word_1_489' title='bbox 993 4864 1205 4933; x_wconf 86' lang='lat' dir='ltr'><strong>pristini</strong></span> <span class='ocrx_word' id='word_1_490' title='bbox 1244 4879 1414 4934; x_wconf 90' lang='lat' dir='ltr'><strong>usque</strong></span> <span class='ocrx_word' id='word_1_491' title='bbox 1466 4866 1533 4919; x_wconf 91' lang='lat' dir='ltr'><strong>ad</strong></span> <span class='ocrx_word' id='word_1_492' title='bbox 1580 4882 1817 4935; x_wconf 75' lang='lat' dir='ltr'><strong>prmsens</strong></span> 
     </span>
    </p>
   </div>
   <div class='ocr_carea' id='block_1_67' title="bbox 211 4940 1817 5031">
    <p class='ocr_par' dir='ltr' id='par_1_67' title="bbox 211 4940 1817 5031">
     <span class='ocr_line' id='line_1_67' title="bbox 211 4940 1817 5031; baseline -0.002 -14"><span class='ocrx_word' id='word_1_493' title='bbox 211 4970 428 5031; x_wconf 88' lang='lat' dir='ltr'><strong>tempus</strong></span> <span class='ocrx_word' id='word_1_494' title='bbox 450 4940 677 5028; x_wconf 72' lang='lat' dir='ltr'><strong>vestigia</strong></span> <span class='ocrx_word' id='word_1_495' title='bbox 704 4956 906 5010; x_wconf 89' lang='lat' dir='ltr'><strong>erroris</strong></span> <span class='ocrx_word' id='word_1_496' title='bbox 944 4956 1259 5009; x_wconf 89' lang='lat' dir='ltr'><strong>ostendunt.</strong></span> <span class='ocrx_word' id='word_1_497' title='bbox 1308 4955 1390 5011; x_wconf 89' lang='lat' dir='ltr'><strong>Ad</strong></span> <span class='ocrx_word' id='word_1_498' title='bbox 1435 4957 1533 5011; x_wconf 86' lang='lat' dir='ltr'><strong>has</strong></span> <span class='ocrx_word' id='word_1_499' title='bbox 1571 4957 1817 5013; x_wconf 87' lang='lat' dir='ltr'><strong>civitates</strong></span> 
     </span>
    </p>
   </div>
   <div class='ocr_carea' id='block_1_68' title="bbox 212 5046 1815 5118">
    <p class='ocr_par' dir='ltr' id='par_1_68' title="bbox 212 5046 1815 5118">
     <span class='ocr_line' id='line_1_68' title="bbox 212 5046 1815 5118; baseline -0.001 -11"><span class='ocrx_word' id='word_1_500' title='bbox 212 5052 384 5107; x_wconf 90' lang='lat' dir='ltr'><strong>Isaias</strong></span> <span class='ocrx_word' id='word_1_501' title='bbox 424 5051 478 5104; x_wconf 90' lang='lat' dir='ltr'><strong>in</strong></span> <span class='ocrx_word' id='word_1_502' title='bbox 519 5064 684 5103; x_wconf 86' lang='lat' dir='ltr'><strong>onere</strong></span> <span class='ocrx_word' id='word_1_503' title='bbox 722 5046 939 5118; x_wconf 60' lang='lat' dir='ltr'><strong>ngypti</strong></span> <span class='ocrx_word' id='word_1_504' title='bbox 987 5048 1061 5102; x_wconf 91' lang='lat' dir='ltr'><strong>ita</strong></span> <span class='ocrx_word' id='word_1_505' title='bbox 1108 5048 1345 5117; x_wconf 83' lang='lat' dir='ltr'><strong>loquitur</strong></span> <span class='ocrx_word' id='word_1_506' title='bbox 1378 5068 1387 5101; x_wconf 90' lang='lat'><strong>:</strong></span> <span class='ocrx_word' id='word_1_507' title='bbox 1420 5067 1438 5099; x_wconf 78' lang='grc' dir='ltr'><strong>ι</strong></span> <span class='ocrx_word' id='word_1_508' title='bbox 1489 5049 1648 5104; x_wconf 88' lang='lat' dir='ltr'><strong>Stulti</strong></span> <span class='ocrx_word' id='word_1_509' title='bbox 1687 5050 1815 5105; x_wconf 88' lang='lat' dir='ltr'><strong>facti</strong></span> 
     </span>
    </p>
   </div>
   <div class='ocr_carea' id='block_1_69' title="bbox 212 5139 1813 5212">
    <p class='ocr_par' dir='ltr' id='par_1_69' title="bbox 212 5139 1813 5212">
     <span class='ocr_line' id='line_1_69' title="bbox 212 5139 1813 5212; baseline 0 -14"><span class='ocrx_word' id='word_1_510' title='bbox 212 5151 345 5199; x_wconf 88' lang='lat' dir='ltr'><strong>sunt</strong></span> <span class='ocrx_word' id='word_1_511' title='bbox 404 5140 676 5211; x_wconf 88' lang='lat' dir='ltr'><strong>principes</strong></span> <span class='ocrx_word' id='word_1_512' title='bbox 732 5139 1032 5194; x_wconf 85' lang='lat' dir='ltr'><strong>Thaneos:</strong></span> <span class='ocrx_word' id='word_1_513' title='bbox 1098 5150 1478 5195; x_wconf 88' lang='lat' dir='ltr'><strong>emareucrunt</strong></span> <span class='ocrx_word' id='word_1_514' title='bbox 1537 5142 1813 5212; x_wconf 87' lang='lat' dir='ltr'><strong>principes</strong></span> 
     </span>
    </p>
   </div>
   <div class='ocr_carea' id='block_1_70' title="bbox 214 5228 1814 5303">
    <p class='ocr_par' dir='ltr' id='par_1_70' title="bbox 214 5228 1814 5303">
     <span class='ocr_line' id='line_1_70' title="bbox 214 5228 1814 5303; baseline -0.001 -14"><span class='ocrx_word' id='word_1_515' title='bbox 214 5233 572 5303; x_wconf 78' lang='lat' dir='ltr'><strong>Mempheos:</strong></span> <span class='ocrx_word' id='word_1_516' title='bbox 624 5231 953 5300; x_wconf 89' lang='lat' dir='ltr'><strong>deceperunt</strong></span> <span class='ocrx_word' id='word_1_517' title='bbox 999 5228 1292 5302; x_wconf 52' lang='lat' dir='ltr'><strong>rEgyptum</strong></span> <span class='ocrx_word' id='word_1_518' title='bbox 1343 5232 1597 5301; x_wconf 87' lang='lat' dir='ltr'><strong>angulum</strong></span> <span class='ocrx_word' id='word_1_519' title='bbox 1647 5248 1814 5303; x_wconf 88' lang='lat' dir='ltr'><strong>popu-</strong></span> 
     </span>
    </p>
   </div>
   <div class='ocr_carea' id='block_1_71' title="bbox 214 5313 1809 5392">
    <p class='ocr_par' dir='ltr' id='par_1_71' title="bbox 214 5313 1809 5392">
     <span class='ocr_line' id='line_1_71' title="bbox 214 5313 1809 5392; baseline -0.001 -13"><span class='ocrx_word' id='word_1_520' title='bbox 214 5326 396 5379; x_wconf 89' lang='lat' dir='ltr'><strong>lorum</strong></span> <span class='ocrx_word' id='word_1_521' title='bbox 432 5321 547 5391; x_wconf 86' lang='lat' dir='ltr'><strong>ejus</strong></span> <span class='ocrx_word' id='word_1_522' title='bbox 586 5313 720 5392; x_wconf 66' lang='lat' dir='ltr'><strong>(13a.</strong></span> <span class='ocrx_word' id='word_1_523' title='bbox 744 5320 908 5392; x_wconf 52' lang='lat' dir='ltr'><strong>xm)»</strong></span> <span class='ocrx_word' id='word_1_524' title='bbox 946 5321 1045 5376; x_wconf 89' lang='lat' dir='ltr'><strong>Ubi</strong></span> <span class='ocrx_word' id='word_1_525' title='bbox 1078 5323 1316 5376; x_wconf 89' lang='lat' dir='ltr'><strong>breviter</strong></span> <span class='ocrx_word' id='word_1_526' title='bbox 1340 5321 1606 5377; x_wconf 89' lang='lat' dir='ltr'><strong>indicatur</strong></span> <span class='ocrx_word' id='word_1_527' title='bbox 1646 5325 1809 5392; x_wconf 87' lang='lat' dir='ltr'><strong>quod,</strong></span> 
     </span>
    </p>
   </div>
   <div class='ocr_carea' id='block_1_72' title="bbox 213 5413 1809 5485">
    <p class='ocr_par' dir='ltr' id='par_1_72' title="bbox 213 5413 1809 5485">
     <span class='ocr_line' id='line_1_72' title="bbox 213 5413 1809 5485; baseline 0 -14"><span class='ocrx_word' id='word_1_528' title='bbox 213 5415 517 5485; x_wconf 81' lang='lat' dir='ltr'><strong>Babylonia</strong></span> <span class='ocrx_word' id='word_1_529' title='bbox 547 5413 801 5469; x_wconf 86' lang='lat' dir='ltr'><strong>vastitate</strong></span> <span class='ocrx_word' id='word_1_530' title='bbox 842 5414 1022 5467; x_wconf 90' lang='lat' dir='ltr'><strong>omnia</strong></span> <span class='ocrx_word' id='word_1_531' title='bbox 1052 5414 1328 5484; x_wconf 83' lang='lat' dir='ltr'><strong>Magorum</strong></span> <span class='ocrx_word' id='word_1_532' title='bbox 1367 5414 1607 5478; x_wconf 88' lang='lat' dir='ltr'><strong>consilia,</strong></span> <span class='ocrx_word' id='word_1_533' title='bbox 1643 5424 1809 5471; x_wconf 82' lang='lat' dir='ltr'><strong>eteo-</strong></span> 
     </span>
    </p>
   </div>
   <div class='ocr_carea' id='block_1_73' title="bbox 217 5505 1813 5576">
    <p class='ocr_par' dir='ltr' id='par_1_73' title="bbox 217 5505 1813 5576">
     <span class='ocr_line' id='line_1_73' title="bbox 217 5505 1813 5576; baseline 0 -12"><span class='ocrx_word' id='word_1_534' title='bbox 217 5523 341 5565; x_wconf 88' lang='lat' dir='ltr'><strong>rum</strong></span> <span class='ocrx_word' id='word_1_535' title='bbox 363 5522 484 5576; x_wconf 76' lang='lat' dir='ltr'><strong>qua:</strong></span> <span class='ocrx_word' id='word_1_536' title='bbox 506 5505 807 5560; x_wconf 83' lang='lat' dir='ltr'><strong>futurorum</strong></span> <span class='ocrx_word' id='word_1_537' title='bbox 833 5505 1109 5560; x_wconf 87' lang='lat' dir='ltr'><strong>scientiam</strong></span> <span class='ocrx_word' id='word_1_538' title='bbox 1142 5507 1545 5575; x_wconf 86' lang='lat' dir='ltr'><strong>promittebant,</strong></span> <span class='ocrx_word' id='word_1_539' title='bbox 1573 5510 1813 5564; x_wconf 66' lang='lat' dir='ltr'><strong>stultitia:</strong></span> 
     </span>
    </p>
   </div>
   <div class='ocr_carea' id='block_1_74' title="bbox 217 5598 1813 5671">
    <p class='ocr_par' dir='ltr' id='par_1_74' title="bbox 217 5598 1813 5671">
     <span class='ocr_line' id='line_1_74' title="bbox 217 5598 1813 5671; baseline 0.001 -15"><span class='ocrx_word' id='word_1_540' title='bbox 217 5607 605 5670; x_wconf 87' lang='lat' dir='ltr'><strong>coarguantur,</strong></span> <span class='ocrx_word' id='word_1_541' title='bbox 628 5607 682 5652; x_wconf 91' lang='lat' dir='ltr'><strong>et</strong></span> <span class='ocrx_word' id='word_1_542' title='bbox 707 5600 761 5652; x_wconf 91' lang='lat' dir='ltr'><strong>in</strong></span> <span class='ocrx_word' id='word_1_543' title='bbox 791 5598 1023 5651; x_wconf 83' lang='lat' dir='ltr'><strong>adventu</strong></span> <span class='ocrx_word' id='word_1_544' title='bbox 1050 5598 1250 5653; x_wconf 87' lang='lat' dir='ltr'><strong>Christi</strong></span> <span class='ocrx_word' id='word_1_545' title='bbox 1280 5609 1471 5654; x_wconf 90' lang='lat' dir='ltr'><strong>cuncta</strong></span> <span class='ocrx_word' id='word_1_546' title='bbox 1503 5601 1813 5671; x_wconf 84' lang='lat' dir='ltr'><strong>redigantur</strong></span> 
     </span>
    </p>
   </div>
   <div class='ocr_carea' id='block_1_75' title="bbox 220 5689 1808 5765">
    <p class='ocr_par' dir='ltr' id='par_1_75' title="bbox 220 5689 1808 5765">
     <span class='ocr_line' id='line_1_75' title="bbox 220 5689 1808 5765; baseline 0.001 -18"><span class='ocrx_word' id='word_1_547' title='bbox 220 5694 275 5747; x_wconf 91' lang='lat' dir='ltr'><strong>in</strong></span> <span class='ocrx_word' id='word_1_548' title='bbox 305 5689 460 5745; x_wconf 87' lang='lat' dir='ltr'><strong>nihili</strong></span> <span class='ocrx_word' id='word_1_549' title='bbox 489 5708 500 5743; x_wconf 93' lang='lat'><strong>:</strong></span> <span class='ocrx_word' id='word_1_550' title='bbox 543 5706 649 5745; x_wconf 92' lang='lat' dir='ltr'><strong>non</strong></span> <span class='ocrx_word' id='word_1_551' title='bbox 686 5691 1081 5745; x_wconf 85' lang='lat' dir='ltr'><strong>invenientibus</strong></span> <span class='ocrx_word' id='word_1_552' title='bbox 1108 5693 1391 5746; x_wconf 87' lang='lat' dir='ltr'><strong>consilium</strong></span> <span class='ocrx_word' id='word_1_553' title='bbox 1423 5693 1639 5765; x_wconf 48' lang='lat' dir='ltr'><strong>[Egypti</strong></span> <span class='ocrx_word' id='word_1_554' title='bbox 1672 5696 1808 5749; x_wconf 82' lang='lat' dir='ltr'><strong>vati-</strong></span> 
     </span>
    </p>
   </div>
   <div class='ocr_carea' id='block_1_76' title="bbox 221 5780 1808 5851">
    <p class='ocr_par' dir='ltr' id='par_1_76' title="bbox 221 5780 1808 5851">
     <span class='ocr_line' id='line_1_76' title="bbox 221 5780 1808 5851; baseline -0.001 -12"><span class='ocrx_word' id='word_1_555' title='bbox 221 5784 322 5839; x_wconf 86' lang='lat' dir='ltr'><strong>bus</strong></span> <span class='ocrx_word' id='word_1_556' title='bbox 352 5780 621 5850; x_wconf 84' lang='lat' dir='ltr'><strong>quomodo</strong></span> <span class='ocrx_word' id='word_1_557' title='bbox 649 5781 837 5850; x_wconf 83' lang='lat' dir='ltr'><strong>dogma</strong></span> <span class='ocrx_word' id='word_1_558' title='bbox 866 5782 1168 5851; x_wconf 81' lang='lat' dir='ltr'><strong>opprimant</strong></span> <span class='ocrx_word' id='word_1_559' title='bbox 1199 5782 1582 5837; x_wconf 70' lang='lat' dir='ltr'><strong>Christianum.</strong></span> <span class='ocrx_word' id='word_1_560' title='bbox 1614 5784 1808 5838; x_wconf 74' lang='lat' dir='ltr'><strong>ltlioma</strong></span> 
     </span>
    </p>
   </div>
   <div class='ocr_carea' id='block_1_77' title="bbox 222 5871 1807 5945">
    <p class='ocr_par' dir='ltr' id='par_1_77' title="bbox 222 5871 1807 5945">
     <span class='ocr_line' id='line_1_77' title="bbox 222 5871 1807 5945; baseline -0.001 -19"><span class='ocrx_word' id='word_1_561' title='bbox 222 5883 404 5928; x_wconf 87' lang='lat' dir='ltr'><strong>autem</strong></span> <span class='ocrx_word' id='word_1_562' title='bbox 434 5871 849 5940; x_wconf 55' lang='lat' dir='ltr'><strong>Scripturarum’</strong></span> <span class='ocrx_word' id='word_1_563' title='bbox 874 5882 975 5933; x_wconf 82' lang='lat' dir='ltr'><strong>est,</strong></span> <span class='ocrx_word' id='word_1_564' title='bbox 1027 5884 1083 5925; x_wconf 86' lang='lat' dir='ltr'><strong>ut</strong></span> <span class='ocrx_word' id='word_1_565' title='bbox 1112 5873 1358 5941; x_wconf 78' lang='lat' dir='ltr'><strong>angulum</strong></span> <span class='ocrx_word' id='word_1_566' title='bbox 1394 5890 1489 5940; x_wconf 75' lang='lat' dir='ltr'><strong>pm</strong></span> <span class='ocrx_word' id='word_1_567' title='bbox 1518 5890 1681 5942; x_wconf 70' lang='lat' dir='ltr'><strong>regno</strong></span> <span class='ocrx_word' id='word_1_568' title='bbox 1714 5893 1807 5945; x_wconf 72' lang='lat' dir='ltr'><strong>p0-</strong></span> 
     </span>
    </p>
   </div>
   <div class='ocr_carea' id='block_1_78' title="bbox 1840 4644 1894 4704">
    <p class='ocr_par' dir='ltr' id='par_1_78' title="bbox 1840 4644 1894 4704">
     <span class='ocr_line' id='line_1_78' title="bbox 1840 4644 1894 4704; baseline 0 0"><span class='ocrx_word' id='word_1_569' title='bbox 1840 4644 1894 4704; x_wconf 91' lang='lat' dir='ltr'><strong>D</strong></span> 
     </span>
    </p>
   </div>
   <div class='ocr_carea' id='block_1_79' title="bbox 1913 2023 3522 2103">
    <p class='ocr_par' dir='ltr' id='par_1_79' title="bbox 1913 2023 3522 2103">
     <span class='ocr_line' id='line_1_79' title="bbox 1913 2023 3522 2103; baseline 0.012 -28"><span class='ocrx_word' id='word_1_570' title='bbox 1913 2023 2126 2091; x_wconf 88' lang='lat' dir='ltr'><strong>populis</strong></span> <span class='ocrx_word' id='word_1_571' title='bbox 2154 2023 2269 2092; x_wconf 83' lang='lat' dir='ltr'><strong>ejus</strong></span> <span class='ocrx_word' id='word_1_572' title='bbox 2297 2026 2509 2082; x_wconf 86' lang='lat' dir='ltr'><strong>traditis</strong></span> <span class='ocrx_word' id='word_1_573' title='bbox 2562 2029 2615 2082; x_wconf 91' lang='lat' dir='ltr'><strong>in</strong></span> <span class='ocrx_word' id='word_1_574' title='bbox 2668 2046 2861 2100; x_wconf 79' lang='lat' dir='ltr'><strong>manus</strong></span> <span class='ocrx_word' id='word_1_575' title='bbox 2907 2034 3168 2103; x_wconf 88' lang='lat' dir='ltr'><strong>hostium,</strong></span> <span class='ocrx_word' id='word_1_576' title='bbox 3206 2037 3522 2094; x_wconf 87' lang='lat' dir='ltr'><strong>ceciderunt</strong></span> 
     </span>
    </p>
   </div>
   <div class='ocr_carea' id='block_1_80' title="bbox 1913 2113 3523 2187">
    <p class='ocr_par' dir='ltr' id='par_1_80' title="bbox 1913 2113 3523 2187">
     <span class='ocr_line' id='line_1_80' title="bbox 1913 2113 3523 2187; baseline 0.013 -20"><span class='ocrx_word' id='word_1_577' title='bbox 1913 2128 2007 2168; x_wconf 90' lang='lat' dir='ltr'><strong>eos</strong></span> <span class='ocrx_word' id='word_1_578' title='bbox 2031 2113 2234 2169; x_wconf 90' lang='lat' dir='ltr'><strong>inimici</strong></span> <span class='ocrx_word' id='word_1_579' title='bbox 2260 2128 2648 2187; x_wconf 88' lang='lat' dir='ltr'><strong>persequentes</strong></span> <span class='ocrx_word' id='word_1_580' title='bbox 2672 2139 2685 2175; x_wconf 90' lang='lat'><strong>:</strong></span> <span class='ocrx_word' id='word_1_581' title='bbox 2713 2130 2770 2177; x_wconf 88' lang='lat' dir='ltr'><strong>et</strong></span> <span class='ocrx_word' id='word_1_582' title='bbox 2792 2124 2937 2178; x_wconf 88' lang='lat' dir='ltr'><strong>sicut</strong></span> <span class='ocrx_word' id='word_1_583' title='bbox 2975 2126 3180 2182; x_wconf 88' lang='lat' dir='ltr'><strong>hortari</strong></span> <span class='ocrx_word' id='word_1_584' title='bbox 3216 2143 3276 2184; x_wconf 84' lang='lat' dir='ltr'><strong>se</strong></span> <span class='ocrx_word' id='word_1_585' title='bbox 3320 2129 3523 2187; x_wconf 89' lang='lat' dir='ltr'><strong>debue-</strong></span> 
     </span>
    </p>
   </div>
   <div class='ocr_carea' id='block_1_81' title="bbox 1915 2205 3520 2285">
    <p class='ocr_par' dir='ltr' id='par_1_81' title="bbox 1915 2205 3520 2285">
     <span class='ocr_line' id='line_1_81' title="bbox 1915 2205 3520 2285; baseline 0.015 -28"><span class='ocrx_word' id='word_1_586' title='bbox 1915 2212 2037 2258; x_wconf 90' lang='lat' dir='ltr'><strong>rant</strong></span> <span class='ocrx_word' id='word_1_587' title='bbox 2068 2205 2298 2260; x_wconf 91' lang='lat' dir='ltr'><strong>invicem</strong></span> <span class='ocrx_word' id='word_1_588' title='bbox 2328 2210 2560 2267; x_wconf 88' lang='lat' dir='ltr'><strong>audaces</strong></span> <span class='ocrx_word' id='word_1_589' title='bbox 2608 2212 2677 2267; x_wconf 91' lang='lat' dir='ltr'><strong>ad</strong></span> <span class='ocrx_word' id='word_1_590' title='bbox 2722 2229 2979 2285; x_wconf 87' lang='lat' dir='ltr'><strong>pugnam,</strong></span> <span class='ocrx_word' id='word_1_591' title='bbox 3027 2218 3107 2275; x_wconf 90' lang='lat' dir='ltr'><strong>sic</strong></span> <span class='ocrx_word' id='word_1_592' title='bbox 3155 2208 3329 2277; x_wconf 87' lang='lat' dir='ltr'><strong>timidi</strong></span> <span class='ocrx_word' id='word_1_593' title='bbox 3356 2223 3520 2280; x_wconf 90' lang='lat' dir='ltr'><strong>alter-</strong></span> 
     </span>
    </p>
   </div>
   <div class='ocr_carea' id='block_1_82' title="bbox 1914 2296 3521 2381">
    <p class='ocr_par' dir='ltr' id='par_1_82' title="bbox 1914 2296 3521 2381">
     <span class='ocr_line' id='line_1_82' title="bbox 1914 2296 3521 2381; baseline 0.015 -35"><span class='ocrx_word' id='word_1_594' title='bbox 1914 2300 2095 2355; x_wconf 84' lang='lat' dir='ltr'><strong>utrum</strong></span> <span class='ocrx_word' id='word_1_595' title='bbox 2125 2296 2357 2353; x_wconf 88' lang='lat' dir='ltr'><strong>incitant</strong></span> <span class='ocrx_word' id='word_1_596' title='bbox 2385 2314 2443 2355; x_wconf 90' lang='lat' dir='ltr'><strong>se</strong></span> <span class='ocrx_word' id='word_1_597' title='bbox 2483 2301 2550 2356; x_wconf 92' lang='lat' dir='ltr'><strong>ad</strong></span> <span class='ocrx_word' id='word_1_598' title='bbox 2577 2301 2781 2375; x_wconf 90' lang='lat' dir='ltr'><strong>fugam.</strong></span> <span class='ocrx_word' id='word_1_599' title='bbox 2805 2304 3122 2363; x_wconf 87' lang='lat' dir='ltr'><strong>Columbam</strong></span> <span class='ocrx_word' id='word_1_600' title='bbox 3152 2319 3313 2366; x_wconf 87' lang='lat' dir='ltr'><strong>vocat</strong></span> <span class='ocrx_word' id='word_1_601' title='bbox 3338 2311 3521 2381; x_wconf 72' lang='lat' dir='ltr'><strong>Nabu-</strong></span> 
     </span>
    </p>
   </div>
   <div class='ocr_carea' id='block_1_83' title="bbox 1916 2384 3515 2473">
    <p class='ocr_par' dir='ltr' id='par_1_83' title="bbox 1916 2384 3515 2473">
     <span class='ocr_line' id='line_1_83' title="bbox 1916 2384 3515 2473; baseline 0.014 -35"><span class='ocrx_word' id='word_1_602' title='bbox 1916 2384 2275 2452; x_wconf 87' lang='lat' dir='ltr'><strong>chodonosor,</strong></span> <span class='ocrx_word' id='word_1_603' title='bbox 2308 2404 2417 2445; x_wconf 90' lang='lat' dir='ltr'><strong>non</strong></span> <span class='ocrx_word' id='word_1_604' title='bbox 2446 2391 2516 2447; x_wconf 90' lang='lat' dir='ltr'><strong>ob</strong></span> <span class='ocrx_word' id='word_1_605' title='bbox 2536 2391 2773 2473; x_wconf 78' lang='lat' dir='ltr'><strong>laudem,</strong></span> <span class='ocrx_word' id='word_1_606' title='bbox 2805 2396 2900 2451; x_wconf 87' lang='lat' dir='ltr'><strong>sed</strong></span> <span class='ocrx_word' id='word_1_607' title='bbox 2928 2398 2999 2453; x_wconf 93' lang='lat' dir='ltr'><strong>ob</strong></span> <span class='ocrx_word' id='word_1_608' title='bbox 3020 2398 3477 2470; x_wconf 90' lang='lat' dir='ltr'><strong>vituperationem</strong></span> <span class='ocrx_word' id='word_1_609' title='bbox 3501 2422 3515 2459; x_wconf 90' lang='lat'><strong>:</strong></span> 
     </span>
    </p>
   </div>
   <div class='ocr_carea' id='block_1_84' title="bbox 1918 2480 3516 2560">
    <p class='ocr_par' dir='ltr' id='par_1_84' title="bbox 1918 2480 3516 2560">
     <span class='ocr_line' id='line_1_84' title="bbox 1918 2480 3516 2560; baseline 0.012 -31"><span class='ocrx_word' id='word_1_610' title='bbox 1918 2491 2023 2531; x_wconf 91' lang='lat' dir='ltr'><strong>non</strong></span> <span class='ocrx_word' id='word_1_611' title='bbox 2058 2487 2281 2549; x_wconf 88' lang='lat' dir='ltr'><strong>propter</strong></span> <span class='ocrx_word' id='word_1_612' title='bbox 2310 2480 2737 2553; x_wconf 83' lang='lat' dir='ltr'><strong>simplicitatem,</strong></span> <span class='ocrx_word' id='word_1_613' title='bbox 2786 2487 2882 2543; x_wconf 88' lang='lat' dir='ltr'><strong>sed</strong></span> <span class='ocrx_word' id='word_1_614' title='bbox 2917 2496 3141 2560; x_wconf 87' lang='lat' dir='ltr'><strong>propter</strong></span> <span class='ocrx_word' id='word_1_615' title='bbox 3187 2492 3470 2548; x_wconf 88' lang='lat' dir='ltr'><strong>stultitiam</strong></span> <span class='ocrx_word' id='word_1_616' title='bbox 3503 2511 3516 2548; x_wconf 92' lang='lat'><strong>:</strong></span> 
     </span>
    </p>
   </div>
   <div class='ocr_carea' id='block_1_85' title="bbox 1918 2568 3524 2656">
    <p class='ocr_par' dir='ltr' id='par_1_85' title="bbox 1918 2568 3524 2656">
     <span class='ocr_line' id='line_1_85' title="bbox 1918 2568 3524 2656; baseline 0.012 -34"><span class='ocrx_word' id='word_1_617' title='bbox 1918 2568 2045 2637; x_wconf 77' lang='lat' dir='ltr'><strong>quia</strong></span> <span class='ocrx_word' id='word_1_618' title='bbox 2079 2585 2203 2625; x_wconf 91' lang='lat' dir='ltr'><strong>cum</strong></span> <span class='ocrx_word' id='word_1_619' title='bbox 2252 2572 2427 2628; x_wconf 90' lang='lat' dir='ltr'><strong>victor</strong></span> <span class='ocrx_word' id='word_1_620' title='bbox 2477 2575 2691 2630; x_wconf 89' lang='lat' dir='ltr'><strong>Domini</strong></span> <span class='ocrx_word' id='word_1_621' title='bbox 2744 2593 2972 2635; x_wconf 89' lang='lat' dir='ltr'><strong>munere</strong></span> <span class='ocrx_word' id='word_1_622' title='bbox 3014 2582 3070 2636; x_wconf 89' lang='lat' dir='ltr'><strong>in</strong></span> <span class='ocrx_word' id='word_1_623' title='bbox 3114 2582 3345 2640; x_wconf 85' lang='lat' dir='ltr'><strong>diversis</strong></span> <span class='ocrx_word' id='word_1_624' title='bbox 3394 2600 3524 2656; x_wconf 85' lang='lat' dir='ltr'><strong>gen-</strong></span> 
     </span>
    </p>
   </div>
   <div class='ocr_carea' id='block_1_86' title="bbox 1920 2660 3523 2747">
    <p class='ocr_par' dir='ltr' id='par_1_86' title="bbox 1920 2660 3523 2747">
     <span class='ocr_line' id='line_1_86' title="bbox 1920 2660 3523 2747; baseline 0.012 -33"><span class='ocrx_word' id='word_1_625' title='bbox 1920 2660 2067 2717; x_wconf 90' lang='lat' dir='ltr'><strong>tibus</strong></span> <span class='ocrx_word' id='word_1_626' title='bbox 2106 2663 2446 2733; x_wconf 82' lang='lat' dir='ltr'><strong>exstitisset,</strong></span> <span class='ocrx_word' id='word_1_627' title='bbox 2482 2682 2590 2722; x_wconf 90' lang='lat' dir='ltr'><strong>non</strong></span> <span class='ocrx_word' id='word_1_628' title='bbox 2619 2667 2695 2723; x_wconf 91' lang='lat' dir='ltr'><strong>illi</strong></span> <span class='ocrx_word' id='word_1_629' title='bbox 2729 2660 2823 2739; x_wconf 88' lang='lat' dir='ltr'><strong>qui</strong></span> <span class='ocrx_word' id='word_1_630' title='bbox 2867 2672 2970 2727; x_wconf 90' lang='lat' dir='ltr'><strong>sibi</strong></span> <span class='ocrx_word' id='word_1_631' title='bbox 2995 2673 3281 2730; x_wconf 90' lang='lat' dir='ltr'><strong>victoriam</strong></span> <span class='ocrx_word' id='word_1_632' title='bbox 3311 2677 3523 2747; x_wconf 89' lang='lat' dir='ltr'><strong>tribuit,</strong></span> 
     </span>
    </p>
   </div>
   <div class='ocr_carea' id='block_1_87' title="bbox 1919 2754 3523 2841">
    <p class='ocr_par' dir='ltr' id='par_1_87' title="bbox 1919 2754 3523 2841">
     <span class='ocr_line' id='line_1_87' title="bbox 1919 2754 3523 2841; baseline 0.012 -33"><span class='ocrx_word' id='word_1_633' title='bbox 1919 2754 2013 2809; x_wconf 90' lang='lat' dir='ltr'><strong>sed</strong></span> <span class='ocrx_word' id='word_1_634' title='bbox 2041 2754 2196 2812; x_wconf 89' lang='lat' dir='ltr'><strong>falsis</strong></span> <span class='ocrx_word' id='word_1_635' title='bbox 2242 2758 2558 2815; x_wconf 89' lang='lat' dir='ltr'><strong>numinibus</strong></span> <span class='ocrx_word' id='word_1_636' title='bbox 2601 2760 2813 2818; x_wconf 89' lang='lat' dir='ltr'><strong>laudem</strong></span> <span class='ocrx_word' id='word_1_637' title='bbox 2861 2764 3146 2841; x_wconf 86' lang='lat' dir='ltr'><strong>impendit.</strong></span> <span class='ocrx_word' id='word_1_638' title='bbox 3182 2767 3292 2825; x_wconf 89' lang='lat' dir='ltr'><strong>Nec</strong></span> <span class='ocrx_word' id='word_1_639' title='bbox 3322 2770 3523 2826; x_wconf 90' lang='lat' dir='ltr'><strong>mirum</strong></span> 
     </span>
    </p>
   </div>
   <div class='ocr_carea' id='block_1_88' title="bbox 1919 2846 3526 2929">
    <p class='ocr_par' dir='ltr' id='par_1_88' title="bbox 1919 2846 3526 2929">
     <span class='ocr_line' id='line_1_88' title="bbox 1919 2846 3526 2929; baseline 0.011 -28"><span class='ocrx_word' id='word_1_640' title='bbox 1919 2846 2062 2916; x_wconf 86' lang='lat' dir='ltr'><strong>quod</strong></span> <span class='ocrx_word' id='word_1_641' title='bbox 2082 2846 2602 2917; x_wconf 85' lang='lat' dir='ltr'><strong>Nabuchodonosor,</strong></span> <span class='ocrx_word' id='word_1_642' title='bbox 2620 2853 2712 2921; x_wconf 91' lang='lat' dir='ltr'><strong>qui</strong></span> <span class='ocrx_word' id='word_1_643' title='bbox 2740 2853 2955 2910; x_wconf 91' lang='lat' dir='ltr'><strong>Domini</strong></span> <span class='ocrx_word' id='word_1_644' title='bbox 2980 2856 3209 2929; x_wconf 91' lang='lat' dir='ltr'><strong>imperio</strong></span> <span class='ocrx_word' id='word_1_645' title='bbox 3230 2862 3526 2929; x_wconf 88' lang='lat' dir='ltr'><strong>serviebat,</strong></span> 
     </span>
    </p>
   </div>
   <div class='ocr_carea' id='block_1_89' title="bbox 1921 2937 3528 3014">
    <p class='ocr_par' dir='ltr' id='par_1_89' title="bbox 1921 2937 3528 3014">
     <span class='ocr_line' id='line_1_89' title="bbox 1921 2937 3528 3014; baseline 0.011 -23"><span class='ocrx_word' id='word_1_646' title='bbox 1921 2937 2207 2994; x_wconf 88' lang='lat' dir='ltr'><strong>destruens</strong></span> <span class='ocrx_word' id='word_1_647' title='bbox 2234 2942 2730 3011; x_wconf 82' lang='lat' dir='ltr'><strong>praevaricatricem</strong></span> <span class='ocrx_word' id='word_1_648' title='bbox 2759 2942 3080 3014; x_wconf 84' lang='lat' dir='ltr'><strong>Jerusalem,</strong></span> <span class='ocrx_word' id='word_1_649' title='bbox 3112 2963 3327 3005; x_wconf 85' lang='lat' dir='ltr'><strong>servum</strong></span> <span class='ocrx_word' id='word_1_650' title='bbox 3366 2967 3528 3008; x_wconf 90' lang='lat' dir='ltr'><strong>suum</strong></span> 
     </span>
    </p>
   </div>
   <div class='ocr_carea' id='block_1_90' title="bbox 1921 3027 3528 3106">
    <p class='ocr_par' dir='ltr' id='par_1_90' title="bbox 1921 3027 3528 3106">
     <span class='ocr_line' id='line_1_90' title="bbox 1921 3027 3528 3106; baseline 0.011 -26"><span class='ocrx_word' id='word_1_651' title='bbox 1921 3034 1977 3081; x_wconf 89' lang='lat' dir='ltr'><strong>et</strong></span> <span class='ocrx_word' id='word_1_652' title='bbox 2014 3027 2323 3084; x_wconf 85' lang='lat' dir='ltr'><strong>columbam</strong></span> <span class='ocrx_word' id='word_1_653' title='bbox 2380 3040 2559 3099; x_wconf 89' lang='lat' dir='ltr'><strong>vocat,</strong></span> <span class='ocrx_word' id='word_1_654' title='bbox 2611 3048 2733 3088; x_wconf 90' lang='lat' dir='ltr'><strong>cum</strong></span> <span class='ocrx_word' id='word_1_655' title='bbox 2766 3034 2949 3091; x_wconf 86' lang='lat' dir='ltr'><strong>Medos</strong></span> <span class='ocrx_word' id='word_1_656' title='bbox 2993 3052 3128 3106; x_wconf 89' lang='lat' dir='ltr'><strong>quos</strong></span> <span class='ocrx_word' id='word_1_657' title='bbox 3180 3040 3248 3094; x_wconf 91' lang='lat' dir='ltr'><strong>ad</strong></span> <span class='ocrx_word' id='word_1_658' title='bbox 3302 3042 3528 3097; x_wconf 87' lang='lat' dir='ltr'><strong>subver-</strong></span> 
     </span>
    </p>
   </div>
   <div class='ocr_carea' id='block_1_91' title="bbox 1921 3116 3530 3196">
    <p class='ocr_par' dir='ltr' id='par_1_91' title="bbox 1921 3116 3530 3196">
     <span class='ocr_line' id='line_1_91' title="bbox 1921 3116 3530 3196; baseline 0.013 -26"><span class='ocrx_word' id='word_1_659' title='bbox 1921 3116 2131 3171; x_wconf 90' lang='lat' dir='ltr'><strong>sionem</strong></span> <span class='ocrx_word' id='word_1_660' title='bbox 2159 3118 2467 3189; x_wconf 61' lang='lat' dir='ltr'><strong>Babyloniae</strong></span> <span class='ocrx_word' id='word_1_661' title='bbox 2496 3122 2698 3179; x_wconf 84' lang='lat' dir='ltr'><strong>direxit</strong></span> <span class='ocrx_word' id='word_1_662' title='bbox 2720 3126 3087 3183; x_wconf 80' lang='lat' dir='ltr'><strong>sanctiﬁcatos</strong></span> <span class='ocrx_word' id='word_1_663' title='bbox 3130 3120 3308 3196; x_wconf 85' lang='lat' dir='ltr'><strong>vocet,</strong></span> <span class='ocrx_word' id='word_1_664' title='bbox 3343 3133 3530 3191; x_wconf 89' lang='lat' dir='ltr'><strong>dicens</strong></span> 
     </span>
    </p>
   </div>
   <div class='ocr_carea' id='block_1_92' title="bbox 1922 3207 3531 3290">
    <p class='ocr_par' dir='ltr' id='par_1_92' title="bbox 1922 3207 3531 3290">
     <span class='ocr_line' id='line_1_92' title="bbox 1922 3207 3531 3290; baseline 0.014 -31"><span class='ocrx_word' id='word_1_665' title='bbox 1922 3221 2020 3275; x_wconf 89' lang='lat' dir='ltr'><strong>per</strong></span> <span class='ocrx_word' id='word_1_666' title='bbox 2065 3207 2261 3265; x_wconf 90' lang='lat' dir='ltr'><strong>Isaiam</strong></span> <span class='ocrx_word' id='word_1_667' title='bbox 2296 3226 2311 3264; x_wconf 93' lang='lat'><strong>:</strong></span> <span class='ocrx_word' id='word_1_668' title='bbox 2354 3230 2372 3262; x_wconf 87' lang='grc'><strong><em>‹</em></strong></span> <span class='ocrx_word' id='word_1_669' title='bbox 2412 3212 2522 3283; x_wconf 86' lang='lat' dir='ltr'><strong>Ego</strong></span> <span class='ocrx_word' id='word_1_670' title='bbox 2583 3215 2836 3271; x_wconf 89' lang='lat' dir='ltr'><strong>mandavi</strong></span> <span class='ocrx_word' id='word_1_671' title='bbox 2873 3219 3227 3277; x_wconf 84' lang='lat' dir='ltr'><strong>sanctiﬁcatis</strong></span> <span class='ocrx_word' id='word_1_672' title='bbox 3285 3225 3441 3290; x_wconf 89' lang='lat' dir='ltr'><strong>meis,</strong></span> <span class='ocrx_word' id='word_1_673' title='bbox 3474 3234 3531 3282; x_wconf 92' lang='lat' dir='ltr'><strong>et</strong></span> 
     </span>
    </p>
   </div>
   <div class='ocr_carea' id='block_1_93' title="bbox 1843 3278 3527 3385">
    <p class='ocr_par' dir='ltr' id='par_1_93' title="bbox 1843 3278 3527 3385">
     <span class='ocr_line' id='line_1_93' title="bbox 1843 3278 3527 3385; baseline 0.014 -37"><span class='ocrx_word' id='word_1_674' title='bbox 1843 3278 1890 3347; x_wconf 87' lang='lat' dir='ltr'>C</span> <span class='ocrx_word' id='word_1_675' title='bbox 1923 3299 2111 3352; x_wconf 90' lang='lat' dir='ltr'><strong>vocavi</strong></span> <span class='ocrx_word' id='word_1_676' title='bbox 2137 3299 2305 3355; x_wconf 88' lang='lat' dir='ltr'><strong>fortes</strong></span> <span class='ocrx_word' id='word_1_677' title='bbox 2352 3317 2503 3358; x_wconf 90' lang='lat' dir='ltr'><strong>meos</strong></span> <span class='ocrx_word' id='word_1_678' title='bbox 2550 3305 2604 3358; x_wconf 93' lang='lat' dir='ltr'><strong>in</strong></span> <span class='ocrx_word' id='word_1_679' title='bbox 2637 3305 2717 3359; x_wconf 90' lang='lat' dir='ltr'><strong>ira</strong></span> <span class='ocrx_word' id='word_1_680' title='bbox 2749 3320 2894 3373; x_wconf 91' lang='lat' dir='ltr'><strong>mea,</strong></span> <span class='ocrx_word' id='word_1_681' title='bbox 2918 3310 3251 3368; x_wconf 84' lang='lat' dir='ltr'><strong>exsultantes</strong></span> <span class='ocrx_word' id='word_1_682' title='bbox 3278 3315 3332 3368; x_wconf 90' lang='lat' dir='ltr'><strong>in</strong></span> <span class='ocrx_word' id='word_1_683' title='bbox 3356 3315 3527 3385; x_wconf 88' lang='lat' dir='ltr'><strong>gloria</strong></span> 
     </span>
    </p>
   </div>
   <div class='ocr_carea' id='block_1_94' title="bbox 1924 3388 3528 3471">
    <p class='ocr_par' dir='ltr' id='par_1_94' title="bbox 1924 3388 3528 3471">
     <span class='ocr_line' id='line_1_94' title="bbox 1924 3388 3528 3471; baseline 0.013 -31"><span class='ocrx_word' id='word_1_684' title='bbox 1924 3401 2043 3441; x_wconf 93' lang='lat' dir='ltr'><strong>mea</strong></span> <span class='ocrx_word' id='word_1_685' title='bbox 2062 3388 2208 3459; x_wconf 77' lang='lat' dir='ltr'><strong>_(Isa.</strong></span> <span class='ocrx_word' id='word_1_686' title='bbox 2244 3391 2387 3463; x_wconf 80' lang='lat' dir='ltr'><strong>xm).</strong></span> <span class='ocrx_word' id='word_1_687' title='bbox 2419 3411 2435 3443; x_wconf 76' lang='grc' dir='ltr'><strong>ι</strong></span> <span class='ocrx_word' id='word_1_688' title='bbox 2470 3392 2741 3466; x_wconf 70' lang='lat' dir='ltr'><strong>[Hierom]</strong></span> <span class='ocrx_word' id='word_1_689' title='bbox 2772 3395 3033 3454; x_wconf 87' lang='lat' dir='ltr'><strong>Columba</strong></span> <span class='ocrx_word' id='word_1_690' title='bbox 3060 3401 3223 3471; x_wconf 87' lang='lat' dir='ltr'><strong>igitur</strong></span> <span class='ocrx_word' id='word_1_691' title='bbox 3252 3404 3528 3462; x_wconf 88' lang='lat' dir='ltr'><strong>invenitur</strong></span> 
     </span>
    </p>
   </div>
   <div class='ocr_carea' id='block_1_95' title="bbox 1923 3479 3529 3567">
    <p class='ocr_par' dir='ltr' id='par_1_95' title="bbox 1923 3479 3529 3567">
     <span class='ocr_line' id='line_1_95' title="bbox 1923 3479 3529 3567; baseline 0.014 -36"><span class='ocrx_word' id='word_1_692' title='bbox 1923 3479 1976 3532; x_wconf 95' lang='lat' dir='ltr'><strong>in</strong></span> <span class='ocrx_word' id='word_1_693' title='bbox 2009 3480 2165 3567; x_wconf 86' lang='lat' dir='ltr'><strong>laude</strong></span> <span class='ocrx_word' id='word_1_694' title='bbox 2185 3482 2382 3551; x_wconf 90' lang='lat' dir='ltr'><strong>posita,</strong></span> <span class='ocrx_word' id='word_1_695' title='bbox 2408 3491 2467 3537; x_wconf 92' lang='lat' dir='ltr'><strong>ut</strong></span> <span class='ocrx_word' id='word_1_696' title='bbox 2497 3483 2628 3541; x_wconf 86' lang='lat' dir='ltr'><strong>illud</strong></span> <span class='ocrx_word' id='word_1_697' title='bbox 2650 3495 2733 3541; x_wconf 91' lang='lat' dir='ltr'><strong>est</strong></span> <span class='ocrx_word' id='word_1_698' title='bbox 2761 3498 3091 3559; x_wconf 71' lang='lat' dir='ltr'><strong>przeceptum</strong></span> <span class='ocrx_word' id='word_1_699' title='bbox 3117 3493 3172 3548; x_wconf 89' lang='lat' dir='ltr'><strong>in</strong></span> <span class='ocrx_word' id='word_1_700' title='bbox 3202 3493 3529 3567; x_wconf 82' lang='lat' dir='ltr'><strong>Evangelia:</strong></span> 
     </span>
    </p>
   </div>
   <div class='ocr_carea' id='block_1_96' title="bbox 1928 3570 3530 3657">
    <p class='ocr_par' dir='ltr' id='par_1_96' title="bbox 1928 3570 3530 3657">
     <span class='ocr_line' id='line_1_96' title="bbox 1928 3570 3530 3657; baseline 0.014 -34"><span class='ocrx_word' id='word_1_701' title='bbox 1928 3591 1945 3621; x_wconf 87' lang='grc'><strong>‹</strong></span> <span class='ocrx_word' id='word_1_702' title='bbox 1983 3570 2170 3627; x_wconf 89' lang='lat' dir='ltr'><strong>Estote</strong></span> <span class='ocrx_word' id='word_1_703' title='bbox 2200 3574 2497 3643; x_wconf 88' lang='lat' dir='ltr'><strong>prudentes</strong></span> <span class='ocrx_word' id='word_1_704' title='bbox 2524 3576 2666 3631; x_wconf 90' lang='lat' dir='ltr'><strong>sicut</strong></span> <span class='ocrx_word' id='word_1_705' title='bbox 2692 3589 2990 3650; x_wconf 91' lang='lat' dir='ltr'><strong>serpentes,</strong></span> <span class='ocrx_word' id='word_1_706' title='bbox 3016 3591 3071 3638; x_wconf 94' lang='lat' dir='ltr'><strong>et</strong></span> <span class='ocrx_word' id='word_1_707' title='bbox 3093 3583 3367 3657; x_wconf 89' lang='lat' dir='ltr'><strong>simplices</strong></span> <span class='ocrx_word' id='word_1_708' title='bbox 3387 3588 3530 3645; x_wconf 90' lang='lat' dir='ltr'><strong>sicut</strong></span> 
     </span>
    </p>
   </div>
   <div class='ocr_carea' id='block_1_97' title="bbox 1922 3662 3527 3749">
    <p class='ocr_par' dir='ltr' id='par_1_97' title="bbox 1922 3662 3527 3749">
     <span class='ocr_line' id='line_1_97' title="bbox 1922 3662 3527 3749; baseline 0.013 -32"><span class='ocrx_word' id='word_1_709' title='bbox 1922 3662 2185 3718; x_wconf 70' lang='lat' dir='ltr'><strong>columba:</strong></span> <span class='ocrx_word' id='word_1_710' title='bbox 2227 3664 2443 3736; x_wconf 79' lang='lat' dir='ltr'><strong>(Matth.</strong></span> <span class='ocrx_word' id='word_1_711' title='bbox 2479 3667 2558 3739; x_wconf 83' lang='lat' dir='ltr'><strong>x).</strong></span> <span class='ocrx_word' id='word_1_712' title='bbox 2586 3687 2604 3720; x_wconf 83' lang='grc'>›</span> <span class='ocrx_word' id='word_1_713' title='bbox 2661 3670 2733 3734; x_wconf 77' lang='lat' dir='ltr'><strong>Ut</strong></span> <span class='ocrx_word' id='word_1_714' title='bbox 2775 3672 3025 3729; x_wconf 88' lang='lat' dir='ltr'><strong>videlicet</strong></span> <span class='ocrx_word' id='word_1_715' title='bbox 3051 3690 3222 3731; x_wconf 79' lang='lat' dir='ltr'><strong>Simus</strong></span> <span class='ocrx_word' id='word_1_716' title='bbox 3250 3678 3527 3749; x_wconf 84' lang='lat' dir='ltr'><strong>simplices</strong></span> 
     </span>
    </p>
   </div>
   <div class='ocr_carea' id='block_1_98' title="bbox 1922 3757 3528 3836">
    <p class='ocr_par' dir='ltr' id='par_1_98' title="bbox 1922 3757 3528 3836">
     <span class='ocr_line' id='line_1_98' title="bbox 1922 3757 3528 3836; baseline 0.012 -27"><span class='ocrx_word' id='word_1_717' title='bbox 1922 3757 2076 3823; x_wconf 89' lang='lat' dir='ltr'><strong>quasi</strong></span> <span class='ocrx_word' id='word_1_718' title='bbox 2104 3757 2367 3814; x_wconf 81' lang='lat' dir='ltr'><strong>columbae</strong></span> <span class='ocrx_word' id='word_1_719' title='bbox 2401 3768 2457 3815; x_wconf 89' lang='lat' dir='ltr'><strong>et</strong></span> <span class='ocrx_word' id='word_1_720' title='bbox 2507 3761 2671 3817; x_wconf 85' lang='lat' dir='ltr'><strong>astuti</strong></span> <span class='ocrx_word' id='word_1_721' title='bbox 2702 3764 2855 3833; x_wconf 80' lang='lat' dir='ltr'><strong>q‘uasi</strong></span> <span class='ocrx_word' id='word_1_722' title='bbox 2897 3774 3194 3836; x_wconf 87' lang='lat' dir='ltr'><strong>serpentes,</strong></span> <span class='ocrx_word' id='word_1_723' title='bbox 3250 3769 3528 3829; x_wconf 84' lang='lat' dir='ltr'><strong>imitantes</strong></span> 
     </span>
    </p>
   </div>
   <div class='ocr_carea' id='block_1_99' title="bbox 1924 3849 3524 3930">
    <p class='ocr_par' dir='ltr' id='par_1_99' title="bbox 1924 3849 3524 3930">
     <span class='ocr_line' id='line_1_99' title="bbox 1924 3849 3524 3930; baseline 0.011 -27"><span class='ocrx_word' id='word_1_724' title='bbox 1924 3849 2323 3921; x_wconf 82' lang='lat' dir='ltr'><strong>simplicitatem</strong></span> <span class='ocrx_word' id='word_1_725' title='bbox 2372 3852 2770 3921; x_wconf 90' lang='lat' dir='ltr'><strong>columbarum,</strong></span> <span class='ocrx_word' id='word_1_726' title='bbox 2808 3863 2864 3911; x_wconf 92' lang='lat' dir='ltr'><strong>et</strong></span> <span class='ocrx_word' id='word_1_727' title='bbox 2903 3860 3176 3930; x_wconf 87' lang='lat' dir='ltr'><strong>serpentis</strong></span> <span class='ocrx_word' id='word_1_728' title='bbox 3224 3864 3481 3919; x_wconf 89' lang='lat' dir='ltr'><strong>astutiam</strong></span> <span class='ocrx_word' id='word_1_729' title='bbox 3507 3887 3524 3921; x_wconf 63' lang='grc' dir='ltr'>ς</span> 
     </span>
    </p>
   </div>
   <div class='ocr_carea' id='block_1_100' title="bbox 1922 3941 3528 4021">
    <p class='ocr_par' dir='ltr' id='par_1_100' title="bbox 1922 3941 3528 4021">
     <span class='ocr_line' id='line_1_100' title="bbox 1922 3941 3528 4021; baseline 0.009 -26"><span class='ocrx_word' id='word_1_730' title='bbox 1922 3956 1991 3996; x_wconf 93' lang='lat' dir='ltr'><strong>ne</strong></span> <span class='ocrx_word' id='word_1_731' title='bbox 2024 3941 2145 3998; x_wconf 89' lang='lat' dir='ltr'><strong>aliis</strong></span> <span class='ocrx_word' id='word_1_732' title='bbox 2172 3956 2369 4000; x_wconf 88' lang='lat' dir='ltr'><strong>nocere</strong></span> <span class='ocrx_word' id='word_1_733' title='bbox 2402 3946 2693 4015; x_wconf 85' lang='lat' dir='ltr'><strong>possimus,</strong></span> <span class='ocrx_word' id='word_1_734' title='bbox 2725 3962 2828 4003; x_wconf 90' lang='lat' dir='ltr'><strong>nec</strong></span> <span class='ocrx_word' id='word_1_735' title='bbox 2872 3948 2939 4003; x_wconf 90' lang='lat' dir='ltr'><strong>ab</strong></span> <span class='ocrx_word' id='word_1_736' title='bbox 2988 3950 3111 4005; x_wconf 85' lang='lat' dir='ltr'><strong>aliis</strong></span> <span class='ocrx_word' id='word_1_737' title='bbox 3146 3952 3418 4021; x_wconf 89' lang='lat' dir='ltr'><strong>patiamur</strong></span> <span class='ocrx_word' id='word_1_738' title='bbox 3443 3954 3528 4010; x_wconf 86' lang='lat' dir='ltr'><strong>in-</strong></span> 
     </span>
    </p>
   </div>
   <div class='ocr_carea' id='block_1_101' title="bbox 1923 4033 3528 4111">
    <p class='ocr_par' dir='ltr' id='par_1_101' title="bbox 1923 4033 3528 4111">
     <span class='ocr_line' id='line_1_101' title="bbox 1923 4033 3528 4111; baseline 0.01 -24"><span class='ocrx_word' id='word_1_739' title='bbox 1923 4033 2124 4099; x_wconf 90' lang='lat' dir='ltr'><strong>sidias;</strong></span> <span class='ocrx_word' id='word_1_740' title='bbox 2157 4036 2253 4091; x_wconf 88' lang='lat' dir='ltr'><strong>sed</strong></span> <span class='ocrx_word' id='word_1_741' title='bbox 2275 4037 2617 4105; x_wconf 88' lang='lat' dir='ltr'><strong>simplicitate</strong></span> <span class='ocrx_word' id='word_1_742' title='bbox 2644 4048 2698 4093; x_wconf 93' lang='lat' dir='ltr'><strong>et</strong></span> <span class='ocrx_word' id='word_1_743' title='bbox 2718 4040 3005 4111; x_wconf 88' lang='lat' dir='ltr'><strong>prudentia</strong></span> <span class='ocrx_word' id='word_1_744' title='bbox 3047 4042 3401 4100; x_wconf 82' lang='lat' dir='ltr'><strong>exhibeamus</strong></span> <span class='ocrx_word' id='word_1_745' title='bbox 3429 4046 3528 4103; x_wconf 87' lang='lat' dir='ltr'><strong>ho-</strong></span> 
     </span>
    </p>
   </div>
   <div class='ocr_carea' id='block_1_102' title="bbox 1923 4124 3528 4203">
    <p class='ocr_par' dir='ltr' id='par_1_102' title="bbox 1923 4124 3528 4203">
     <span class='ocr_line' id='line_1_102' title="bbox 1923 4124 3528 4203; baseline 0.008 -24"><span class='ocrx_word' id='word_1_746' title='bbox 1923 4124 2122 4179; x_wconf 68' lang='lat' dir='ltr'><strong>linem</strong></span> <span class='ocrx_word' id='word_1_747' title='bbox 2159 4134 2537 4196; x_wconf 89' lang='lat' dir='ltr'><strong>temperatum,</strong></span> <span class='ocrx_word' id='word_1_748' title='bbox 2562 4130 2689 4199; x_wconf 83' lang='lat' dir='ltr'><strong>quia</strong></span> <span class='ocrx_word' id='word_1_749' title='bbox 2727 4130 3013 4199; x_wconf 89' lang='lat' dir='ltr'><strong>prudentia</strong></span> <span class='ocrx_word' id='word_1_750' title='bbox 3049 4133 3254 4203; x_wconf 90' lang='lat' dir='ltr'><strong>absque</strong></span> <span class='ocrx_word' id='word_1_751' title='bbox 3279 4135 3528 4193; x_wconf 86' lang='lat' dir='ltr'><strong>bonitate</strong></span> 
     </span>
    </p>
   </div>
   <div class='ocr_carea' id='block_1_103' title="bbox 1923 4214 3525 4289">
    <p class='ocr_par' dir='ltr' id='par_1_103' title="bbox 1923 4214 3525 4289">
     <span class='ocr_line' id='line_1_103' title="bbox 1923 4214 3525 4289; baseline 0.01 -23"><span class='ocrx_word' id='word_1_752' title='bbox 1923 4214 2128 4269; x_wconf 88' lang='lat' dir='ltr'><strong>malitia</strong></span> <span class='ocrx_word' id='word_1_753' title='bbox 2168 4225 2271 4281; x_wconf 88' lang='lat' dir='ltr'><strong>est,</strong></span> <span class='ocrx_word' id='word_1_754' title='bbox 2310 4224 2365 4270; x_wconf 91' lang='lat' dir='ltr'><strong>et</strong></span> <span class='ocrx_word' id='word_1_755' title='bbox 2399 4216 2719 4287; x_wconf 88' lang='lat' dir='ltr'><strong>simplicitas</strong></span> <span class='ocrx_word' id='word_1_756' title='bbox 2764 4217 2970 4289; x_wconf 88' lang='lat' dir='ltr'><strong>absque</strong></span> <span class='ocrx_word' id='word_1_757' title='bbox 3024 4223 3236 4279; x_wconf 89' lang='lat' dir='ltr'><strong>ratione</strong></span> <span class='ocrx_word' id='word_1_758' title='bbox 3290 4225 3525 4282; x_wconf 91' lang='lat' dir='ltr'><strong>stultitia</strong></span> 
     </span>
    </p>
   </div>
   <div class='ocr_carea' id='block_1_104' title="bbox 1925 4306 3525 4381">
    <p class='ocr_par' dir='ltr' id='par_1_104' title="bbox 1925 4306 3525 4381">
     <span class='ocr_line' id='line_1_104' title="bbox 1925 4306 3525 4381; baseline 0.009 -21"><span class='ocrx_word' id='word_1_759' title='bbox 1925 4307 2254 4363; x_wconf 90' lang='lat' dir='ltr'><strong>nominatur.</strong></span> <span class='ocrx_word' id='word_1_760' title='bbox 2284 4307 2419 4363; x_wconf 90' lang='lat' dir='ltr'><strong>Item</strong></span> <span class='ocrx_word' id='word_1_761' title='bbox 2449 4306 2504 4362; x_wconf 85' lang='lat' dir='ltr'><strong>in</strong></span> <span class='ocrx_word' id='word_1_762' title='bbox 2526 4308 2923 4380; x_wconf 89' lang='lat' dir='ltr'><strong>vituperatione</strong></span> <span class='ocrx_word' id='word_1_763' title='bbox 2943 4313 3166 4381; x_wconf 91' lang='lat' dir='ltr'><strong>ponitur</strong></span> <span class='ocrx_word' id='word_1_764' title='bbox 3194 4315 3443 4372; x_wconf 90' lang='lat' dir='ltr'><strong>columba</strong></span> <span class='ocrx_word' id='word_1_765' title='bbox 3465 4318 3525 4375; x_wconf 88' lang='lat' dir='ltr'><strong>in</strong></span> 
     </span>
    </p>
   </div>
   <div class='ocr_carea' id='block_1_105' title="bbox 1922 4393 3527 4477">
    <p class='ocr_par' dir='ltr' id='par_1_105' title="bbox 1922 4393 3527 4477">
     <span class='ocr_line' id='line_1_105' title="bbox 1922 4393 3527 4477; baseline 0.009 -27"><span class='ocrx_word' id='word_1_766' title='bbox 1922 4393 2060 4451; x_wconf 89' lang='lat' dir='ltr'><strong>Osee</strong></span> <span class='ocrx_word' id='word_1_767' title='bbox 2088 4397 2178 4451; x_wconf 92' lang='lat' dir='ltr'><strong>ubi</strong></span> <span class='ocrx_word' id='word_1_768' title='bbox 2206 4398 2312 4469; x_wconf 23' lang='lat' dir='ltr'><strong>Iita</strong></span> <span class='ocrx_word' id='word_1_769' title='bbox 2365 4397 2591 4469; x_wconf 89' lang='lat' dir='ltr'><strong>legitur:</strong></span> <span class='ocrx_word' id='word_1_770' title='bbox 2622 4417 2641 4449; x_wconf 75' lang='grc' dir='ltr'><strong>ε</strong></span> <span class='ocrx_word' id='word_1_771' title='bbox 2679 4398 2877 4456; x_wconf 88' lang='lat' dir='ltr'><strong>Factus</strong></span> <span class='ocrx_word' id='word_1_772' title='bbox 2930 4411 3015 4458; x_wconf 91' lang='lat' dir='ltr'><strong>est</strong></span> <span class='ocrx_word' id='word_1_773' title='bbox 3062 4404 3319 4474; x_wconf 90' lang='lat' dir='ltr'><strong>Ephraim</strong></span> <span class='ocrx_word' id='word_1_774' title='bbox 3367 4408 3527 4477; x_wconf 85' lang='lat' dir='ltr'><strong>quasi</strong></span> 
     </span>
    </p>
   </div>
   <div class='ocr_carea' id='block_1_106' title="bbox 1923 4486 3527 4567">
    <p class='ocr_par' dir='ltr' id='par_1_106' title="bbox 1923 4486 3527 4567">
     <span class='ocr_line' id='line_1_106' title="bbox 1923 4486 3527 4567; baseline 0.008 -26"><span class='ocrx_word' id='word_1_775' title='bbox 1923 4486 2169 4542; x_wconf 88' lang='lat' dir='ltr'><strong>columba</strong></span> <span class='ocrx_word' id='word_1_776' title='bbox 2200 4488 2422 4553; x_wconf 87' lang='lat' dir='ltr'><strong>seducta</strong></span> <span class='ocrx_word' id='word_1_777' title='bbox 2478 4503 2587 4545; x_wconf 90' lang='lat' dir='ltr'><strong>non</strong></span> <span class='ocrx_word' id='word_1_778' title='bbox 2636 4489 2844 4547; x_wconf 88' lang='lat' dir='ltr'><strong>habens</strong></span> <span class='ocrx_word' id='word_1_779' title='bbox 2888 4506 2999 4547; x_wconf 90' lang='lat' dir='ltr'><strong>cor.</strong></span> <span class='ocrx_word' id='word_1_780' title='bbox 3048 4494 3343 4567; x_wconf 65' lang='lat' dir='ltr'><strong>Egyptum</strong></span> <span class='ocrx_word' id='word_1_781' title='bbox 3375 4498 3527 4555; x_wconf 90' lang='lat' dir='ltr'><strong>invo-</strong></span> 
     </span>
    </p>
   </div>
   <div class='ocr_carea' id='block_1_107' title="bbox 1924 4582 3525 4661">
    <p class='ocr_par' dir='ltr' id='par_1_107' title="bbox 1924 4582 3525 4661">
     <span class='ocr_line' id='line_1_107' title="bbox 1924 4582 3525 4661; baseline 0.007 -24"><span class='ocrx_word' id='word_1_782' title='bbox 1924 4582 2101 4649; x_wconf 89' lang='lat' dir='ltr'><strong>cabat,</strong></span> <span class='ocrx_word' id='word_1_783' title='bbox 2134 4582 2202 4639; x_wconf 89' lang='lat' dir='ltr'><strong>ad</strong></span> <span class='ocrx_word' id='word_1_784' title='bbox 2246 4582 2499 4656; x_wconf 86' lang='lat' dir='ltr'><strong>Assyrios</strong></span> <span class='ocrx_word' id='word_1_785' title='bbox 2554 4584 2808 4641; x_wconf 90' lang='lat' dir='ltr'><strong>abierunt</strong></span> <span class='ocrx_word' id='word_1_786' title='bbox 2850 4584 2995 4658; x_wconf 78' lang='lat' dir='ltr'><strong>(Ose.</strong></span> <span class='ocrx_word' id='word_1_787' title='bbox 3037 4589 3157 4661; x_wconf 87' lang='lat' dir='ltr'><strong>vn).</strong></span> <span class='ocrx_word' id='word_1_788' title='bbox 3182 4610 3201 4645; x_wconf 69' lang='grc' dir='ltr'><strong>ι</strong></span> <span class='ocrx_word' id='word_1_789' title='bbox 3250 4590 3525 4659; x_wconf 65' lang='lat' dir='ltr'><strong>Quaeritur</strong></span> 
     </span>
    </p>
   </div>
   <div class='ocr_carea' id='block_1_108' title="bbox 1921 4674 3525 4745">
    <p class='ocr_par' dir='ltr' id='par_1_108' title="bbox 1921 4674 3525 4745">
     <span class='ocr_line' id='line_1_108' title="bbox 1921 4674 3525 4745; baseline 0.008 -17"><span class='ocrx_word' id='word_1_790' title='bbox 1921 4689 2019 4729; x_wconf 87' lang='lat' dir='ltr'><strong>cur</strong></span> <span class='ocrx_word' id='word_1_791' title='bbox 2047 4674 2303 4745; x_wconf 87' lang='lat' dir='ltr'><strong>Ephraim</strong></span> <span class='ocrx_word' id='word_1_792' title='bbox 2334 4690 2441 4731; x_wconf 90' lang='lat' dir='ltr'><strong>non</strong></span> <span class='ocrx_word' id='word_1_793' title='bbox 2465 4674 2585 4732; x_wconf 88' lang='lat' dir='ltr'><strong>aliis</strong></span> <span class='ocrx_word' id='word_1_794' title='bbox 2636 4677 2847 4744; x_wconf 87' lang='lat' dir='ltr'><strong>avibus,</strong></span> <span class='ocrx_word' id='word_1_795' title='bbox 2881 4680 2978 4735; x_wconf 89' lang='lat' dir='ltr'><strong>sed</strong></span> <span class='ocrx_word' id='word_1_796' title='bbox 3000 4680 3263 4737; x_wconf 75' lang='lat' dir='ltr'><strong>columba:</strong></span> <span class='ocrx_word' id='word_1_797' title='bbox 3283 4683 3353 4738; x_wconf 89' lang='lat' dir='ltr'><strong>sit</strong></span> <span class='ocrx_word' id='word_1_798' title='bbox 3374 4698 3525 4741; x_wconf 80' lang='lat' dir='ltr'><strong>eom-</strong></span> 
     </span>
    </p>
   </div>
   <div class='ocr_carea' id='block_1_109' title="bbox 1920 4767 3521 4849">
    <p class='ocr_par' dir='ltr' id='par_1_109' title="bbox 1920 4767 3521 4849">
     <span class='ocr_line' id='line_1_109' title="bbox 1920 4767 3521 4849; baseline 0.007 -26"><span class='ocrx_word' id='word_1_799' title='bbox 1920 4778 2166 4839; x_wconf 89' lang='lat' dir='ltr'><strong>paratus.</strong></span> <span class='ocrx_word' id='word_1_800' title='bbox 2196 4767 2341 4824; x_wconf 84' lang='lat' dir='ltr'><strong>Aves</strong></span> <span class='ocrx_word' id='word_1_801' title='bbox 2367 4777 2577 4824; x_wconf 53' lang='lat' dir='ltr'><strong>extera:</strong></span> <span class='ocrx_word' id='word_1_802' title='bbox 2625 4769 2802 4840; x_wconf 90' lang='lat' dir='ltr'><strong>pullos</strong></span> <span class='ocrx_word' id='word_1_803' title='bbox 2829 4786 2959 4828; x_wconf 90' lang='lat' dir='ltr'><strong>suos</strong></span> <span class='ocrx_word' id='word_1_804' title='bbox 3002 4774 3169 4829; x_wconf 89' lang='lat' dir='ltr'><strong>etiam</strong></span> <span class='ocrx_word' id='word_1_805' title='bbox 3207 4790 3331 4831; x_wconf 92' lang='lat' dir='ltr'><strong>cum</strong></span> <span class='ocrx_word' id='word_1_806' title='bbox 3365 4778 3521 4849; x_wconf 85' lang='lat' dir='ltr'><strong>peri-</strong></span> 
     </span>
    </p>
   </div>
   <div class='ocr_carea' id='block_1_110' title="bbox 1924 4858 3521 4930">
    <p class='ocr_par' dir='ltr' id='par_1_110' title="bbox 1924 4858 3521 4930">
     <span class='ocr_line' id='line_1_110' title="bbox 1924 4858 3521 4930; baseline 0.008 -17"><span class='ocrx_word' id='word_1_807' title='bbox 1924 4859 2043 4914; x_wconf 92' lang='lat' dir='ltr'><strong>culo</strong></span> <span class='ocrx_word' id='word_1_808' title='bbox 2067 4858 2191 4914; x_wconf 83' lang='lat' dir='ltr'><strong>vitae</strong></span> <span class='ocrx_word' id='word_1_809' title='bbox 2214 4875 2325 4914; x_wconf 83' lang='lat' dir='ltr'><strong>suae</strong></span> <span class='ocrx_word' id='word_1_810' title='bbox 2350 4869 2638 4930; x_wconf 87' lang='lat' dir='ltr'><strong>protegere</strong></span> <span class='ocrx_word' id='word_1_811' title='bbox 2684 4860 2965 4929; x_wconf 87' lang='lat' dir='ltr'><strong>festinant,</strong></span> <span class='ocrx_word' id='word_1_812' title='bbox 2998 4873 3053 4920; x_wconf 89' lang='lat' dir='ltr'><strong>et</strong></span> <span class='ocrx_word' id='word_1_813' title='bbox 3082 4881 3205 4921; x_wconf 90' lang='lat' dir='ltr'><strong>cum</strong></span> <span class='ocrx_word' id='word_1_814' title='bbox 3236 4867 3304 4922; x_wconf 90' lang='lat' dir='ltr'><strong>ad</strong></span> <span class='ocrx_word' id='word_1_815' title='bbox 3332 4869 3521 4926; x_wconf 88' lang='lat' dir='ltr'><strong>nidum</strong></span> 
     </span>
    </p>
   </div>
   <div class='ocr_carea' id='block_1_111' title="bbox 1924 4950 3524 5021">
    <p class='ocr_par' dir='ltr' id='par_1_111' title="bbox 1924 4950 3524 5021">
     <span class='ocr_line' id='line_1_111' title="bbox 1924 4950 3524 5021; baseline 0.009 -16"><span class='ocrx_word' id='word_1_816' title='bbox 1924 4966 2078 5005; x_wconf 91' lang='lat' dir='ltr'><strong>suum</strong></span> <span class='ocrx_word' id='word_1_817' title='bbox 2111 4950 2449 5021; x_wconf 89' lang='lat' dir='ltr'><strong>accipitrem,</strong></span> <span class='ocrx_word' id='word_1_818' title='bbox 2480 4953 2784 5019; x_wconf 89' lang='lat' dir='ltr'><strong>colubrum,</strong></span> <span class='ocrx_word' id='word_1_819' title='bbox 2813 4971 3058 5021; x_wconf 92' lang='lat' dir='ltr'><strong>corvum,</strong></span> <span class='ocrx_word' id='word_1_820' title='bbox 3101 4959 3216 5013; x_wconf 88' lang='lat' dir='ltr'><strong>sive</strong></span> <span class='ocrx_word' id='word_1_821' title='bbox 3246 4962 3524 5020; x_wconf 87' lang='lat' dir='ltr'><strong>cornicem</strong></span> 
     </span>
    </p>
   </div>
   <div class='ocr_carea' id='block_1_112' title="bbox 1924 5042 3527 5115">
    <p class='ocr_par' dir='ltr' id='par_1_112' title="bbox 1924 5042 3527 5115">
     <span class='ocr_line' id='line_1_112' title="bbox 1924 5042 3527 5115; baseline 0.009 -20"><span class='ocrx_word' id='word_1_822' title='bbox 1924 5042 2183 5097; x_wconf 88' lang='lat' dir='ltr'><strong>accedere</strong></span> <span class='ocrx_word' id='word_1_823' title='bbox 2207 5042 2459 5108; x_wconf 89' lang='lat' dir='ltr'><strong>viderint,</strong></span> <span class='ocrx_word' id='word_1_824' title='bbox 2483 5044 2590 5099; x_wconf 83' lang='lat' dir='ltr'><strong>huc</strong></span> <span class='ocrx_word' id='word_1_825' title='bbox 2614 5045 2849 5115; x_wconf 91' lang='lat' dir='ltr'><strong>illucque</strong></span> <span class='ocrx_word' id='word_1_826' title='bbox 2890 5043 3134 5113; x_wconf 85' lang='lat' dir='ltr'><strong>volitant,</strong></span> <span class='ocrx_word' id='word_1_827' title='bbox 3160 5058 3214 5104; x_wconf 90' lang='lat' dir='ltr'><strong>et</strong></span> <span class='ocrx_word' id='word_1_828' title='bbox 3246 5052 3527 5109; x_wconf 79' lang='lat' dir='ltr'><strong>dimittunt</strong></span> 
     </span>
    </p>
   </div>
   <div class='ocr_carea' id='block_1_113' title="bbox 1921 5127 3522 5215">
    <p class='ocr_par' dir='ltr' id='par_1_113' title="bbox 1921 5127 3522 5215">
     <span class='ocr_line' id='line_1_113' title="bbox 1921 5127 3522 5215; baseline 0.007 -25"><span class='ocrx_word' id='word_1_829' title='bbox 1921 5148 1999 5196; x_wconf 90' lang='lat' dir='ltr'><strong>se,</strong></span> <span class='ocrx_word' id='word_1_830' title='bbox 2033 5148 2214 5189; x_wconf 88' lang='lat' dir='ltr'><strong>morsu</strong></span> <span class='ocrx_word' id='word_1_831' title='bbox 2244 5144 2299 5189; x_wconf 91' lang='lat' dir='ltr'><strong>et</strong></span> <span class='ocrx_word' id='word_1_832' title='bbox 2322 5136 2589 5206; x_wconf 90' lang='lat' dir='ltr'><strong>unguibus</strong></span> <span class='ocrx_word' id='word_1_833' title='bbox 2617 5127 2880 5204; x_wconf 86' lang='lat' dir='ltr'><strong>lacerant,</strong></span> <span class='ocrx_word' id='word_1_834' title='bbox 2909 5148 2965 5194; x_wconf 90' lang='lat' dir='ltr'><strong>et</strong></span> <span class='ocrx_word' id='word_1_835' title='bbox 2997 5141 3237 5197; x_wconf 88' lang='lat' dir='ltr'><strong>dolorem</strong></span> <span class='ocrx_word' id='word_1_836' title='bbox 3276 5146 3522 5215; x_wconf 84' lang='lat' dir='ltr'><strong>parentis</strong></span> 
     </span>
    </p>
   </div>
   <div class='ocr_carea' id='block_1_114' title="bbox 1922 5224 3524 5305">
    <p class='ocr_par' dir='ltr' id='par_1_114' title="bbox 1922 5224 3524 5305">
     <span class='ocr_line' id='line_1_114' title="bbox 1922 5224 3524 5305; baseline 0.009 -27"><span class='ocrx_word' id='word_1_837' title='bbox 1922 5224 2145 5294; x_wconf 88' lang='lat' dir='ltr'><strong>querula</strong></span> <span class='ocrx_word' id='word_1_838' title='bbox 2172 5240 2304 5281; x_wconf 87' lang='lat' dir='ltr'><strong>voce</strong></span> <span class='ocrx_word' id='word_1_839' title='bbox 2328 5236 2599 5281; x_wconf 89' lang='lat' dir='ltr'><strong>testantur</strong></span> <span class='ocrx_word' id='word_1_840' title='bbox 2624 5243 2637 5281; x_wconf 91' lang='lat'><strong>:</strong></span> <span class='ocrx_word' id='word_1_841' title='bbox 2671 5228 2785 5305; x_wconf 86' lang='lat' dir='ltr'><strong>sola</strong></span> <span class='ocrx_word' id='word_1_842' title='bbox 2814 5230 3060 5287; x_wconf 89' lang='lat' dir='ltr'><strong>columba</strong></span> <span class='ocrx_word' id='word_1_843' title='bbox 3110 5232 3319 5289; x_wconf 90' lang='lat' dir='ltr'><strong>ablatos</strong></span> <span class='ocrx_word' id='word_1_844' title='bbox 3347 5234 3524 5305; x_wconf 88' lang='lat' dir='ltr'><strong>pullos</strong></span> 
     </span>
    </p>
   </div>
   <div class='ocr_carea' id='block_1_115' title="bbox 1920 5303 3522 5397">
    <p class='ocr_par' dir='ltr' id='par_1_115' title="bbox 1920 5303 3522 5397">
     <span class='ocr_line' id='line_1_115' title="bbox 1920 5303 3522 5397; baseline 0.009 -26"><span class='ocrx_word' id='word_1_845' title='bbox 1920 5332 2028 5372; x_wconf 92' lang='lat' dir='ltr'><strong>non</strong></span> <span class='ocrx_word' id='word_1_846' title='bbox 2057 5318 2221 5385; x_wconf 91' lang='lat' dir='ltr'><strong>dolet,</strong></span> <span class='ocrx_word' id='word_1_847' title='bbox 2254 5334 2359 5375; x_wconf 90' lang='lat' dir='ltr'><strong>non</strong></span> <span class='ocrx_word' id='word_1_848' title='bbox 2414 5321 2660 5391; x_wconf 87' lang='lat' dir='ltr'><strong>requirit.</strong></span> <span class='ocrx_word' id='word_1_849' title='bbox 2683 5303 2764 5376; x_wconf 42' lang='lat' dir='ltr'><strong>‘Et</strong></span> <span class='ocrx_word' id='word_1_850' title='bbox 2813 5323 2939 5378; x_wconf 89' lang='lat' dir='ltr'><strong>huic</strong></span> <span class='ocrx_word' id='word_1_851' title='bbox 2989 5335 3137 5381; x_wconf 89' lang='lat' dir='ltr'><strong>recte</strong></span> <span class='ocrx_word' id='word_1_852' title='bbox 3172 5303 3522 5397; x_wconf 78' lang='lat' dir='ltr'><strong>comparatur</strong></span> 
     </span>
    </p>
   </div>
   <div class='ocr_carea' id='block_1_116' title="bbox 1921 5410 3522 5490">
    <p class='ocr_par' dir='ltr' id='par_1_116' title="bbox 1921 5410 3522 5490">
     <span class='ocr_line' id='line_1_116' title="bbox 1921 5410 3522 5490; baseline 0.009 -26"><span class='ocrx_word' id='word_1_853' title='bbox 1921 5410 2201 5481; x_wconf 89' lang='lat' dir='ltr'><strong>Ephraim,</strong></span> <span class='ocrx_word' id='word_1_854' title='bbox 2254 5413 2394 5483; x_wconf 92' lang='lat' dir='ltr'><strong>quod</strong></span> <span class='ocrx_word' id='word_1_855' title='bbox 2424 5421 2697 5469; x_wconf 87' lang='lat' dir='ltr'><strong>vastatum</strong></span> <span class='ocrx_word' id='word_1_856' title='bbox 2751 5430 2848 5486; x_wconf 89' lang='lat' dir='ltr'><strong>per</strong></span> <span class='ocrx_word' id='word_1_857' title='bbox 2886 5424 3065 5486; x_wconf 88' lang='lat' dir='ltr'><strong>partes</strong></span> <span class='ocrx_word' id='word_1_858' title='bbox 3107 5418 3363 5490; x_wconf 88' lang='lat' dir='ltr'><strong>populum</strong></span> <span class='ocrx_word' id='word_1_859' title='bbox 3411 5436 3522 5478; x_wconf 85' lang='lat' dir='ltr'><strong>non</strong></span> 
     </span>
    </p>
   </div>
   <div class='ocr_carea' id='block_1_117' title="bbox 1921 5504 3018 5577">
    <p class='ocr_par' dir='ltr' id='par_1_117' title="bbox 1921 5504 3018 5577">
     <span class='ocr_line' id='line_1_117' title="bbox 1921 5504 3018 5577; baseline 0.005 -20"><span class='ocrx_word' id='word_1_860' title='bbox 1921 5504 2142 5569; x_wconf 89' lang='lat' dir='ltr'><strong>sentiat,</strong></span> <span class='ocrx_word' id='word_1_861' title='bbox 2172 5505 2264 5559; x_wconf 88' lang='lat' dir='ltr'><strong>sed</strong></span> <span class='ocrx_word' id='word_1_862' title='bbox 2288 5505 2563 5577; x_wconf 83' lang='lat' dir='ltr'><strong>negligens</strong></span> <span class='ocrx_word' id='word_1_863' title='bbox 2599 5507 2668 5561; x_wconf 90' lang='lat' dir='ltr'><strong>sit</strong></span> <span class='ocrx_word' id='word_1_864' title='bbox 2691 5507 2849 5562; x_wconf 91' lang='lat' dir='ltr'><strong>saluti</strong></span> <span class='ocrx_word' id='word_1_865' title='bbox 2889 5523 3018 5563; x_wconf 87' lang='lat' dir='ltr'><strong>suae.</strong></span> 
     </span>
    </p>
   </div>
   <div class='ocr_carea' id='block_1_118' title="bbox 1998 5599 3503 5677">
    <p class='ocr_par' dir='ltr' id='par_1_118' title="bbox 1998 5599 3503 5677">
     <span class='ocr_line' id='line_1_118' title="bbox 1998 5599 3503 5677; baseline 0.011 -28"><span class='ocrx_word' id='word_1_866' title='bbox 1998 5619 2015 5649; x_wconf 75' lang='grc' dir='ltr'><strong>ι</strong></span> <span class='ocrx_word' id='word_1_867' title='bbox 2051 5599 2252 5655; x_wconf 88' lang='lat' dir='ltr'><strong>Vocate</strong></span> <span class='ocrx_word' id='word_1_868' title='bbox 2288 5616 2484 5655; x_wconf 90' lang='lat' dir='ltr'><strong>nomen</strong></span> <span class='ocrx_word' id='word_1_869' title='bbox 2518 5600 2819 5657; x_wconf 88' lang='lat' dir='ltr'><strong>Pharaonis</strong></span> <span class='ocrx_word' id='word_1_870' title='bbox 2859 5602 3005 5673; x_wconf 87' lang='lat' dir='ltr'><strong>regis</strong></span> <span class='ocrx_word' id='word_1_871' title='bbox 3030 5602 3247 5677; x_wconf 59' lang='lat' dir='ltr'><strong>Egypti</strong></span> <span class='ocrx_word' id='word_1_872' title='bbox 3270 5647 3283 5672; x_wconf 92' lang='lat'><strong>,</strong></span> <span class='ocrx_word' id='word_1_873' title='bbox 3314 5606 3503 5664; x_wconf 70' lang='lat' dir='ltr'><strong>tumul-</strong></span> 
     </span>
    </p>
   </div>
   <div class='ocr_carea' id='block_1_119' title="bbox 1926 5695 3487 5767">
    <p class='ocr_par' dir='ltr' id='par_1_119' title="bbox 1926 5695 3487 5767">
     <span class='ocr_line' id='line_1_119' title="bbox 1926 5695 3487 5767; baseline 0.006 -21"><span class='ocrx_word' id='word_1_874' title='bbox 1926 5712 1943 5745; x_wconf 76' lang='grc' dir='ltr'><strong>ι</strong></span> <span class='ocrx_word' id='word_1_875' title='bbox 1991 5702 2099 5747; x_wconf 92' lang='lat' dir='ltr'><strong>tum</strong></span> <span class='ocrx_word' id='word_1_876' title='bbox 2130 5695 2354 5750; x_wconf 79' lang='lat' dir='ltr'><strong>adduxit</strong></span> <span class='ocrx_word' id='word_1_877' title='bbox 2377 5704 2608 5766; x_wconf 89' lang='lat' dir='ltr'><strong>tempus.</strong></span> <span class='ocrx_word' id='word_1_878' title='bbox 2638 5696 2771 5751; x_wconf 78' lang='lat' dir='ltr'><strong>Vivo</strong></span> <span class='ocrx_word' id='word_1_879' title='bbox 2809 5710 2929 5766; x_wconf 88' lang='lat' dir='ltr'><strong>ego,</strong></span> <span class='ocrx_word' id='word_1_880' title='bbox 2972 5696 3145 5767; x_wconf 88' lang='lat' dir='ltr'><strong>inquit</strong></span> <span class='ocrx_word' id='word_1_881' title='bbox 3182 5714 3297 5763; x_wconf 81' lang='lat' dir='ltr'><strong>rex,</strong></span> <span class='ocrx_word' id='word_1_882' title='bbox 3330 5700 3487 5756; x_wconf 89' lang='lat' dir='ltr'><strong>Domi</strong></span> 
     </span>
    </p>
   </div>
   <div class='ocr_carea' id='block_1_120' title="bbox 1927 5788 3522 5859">
    <p class='ocr_par' dir='ltr' id='par_1_120' title="bbox 1927 5788 3522 5859">
     <span class='ocr_line' id='line_1_120' title="bbox 1927 5788 3522 5859; baseline 0.008 -22"><span class='ocrx_word' id='word_1_883' title='bbox 1927 5806 1943 5837; x_wconf 79' lang='grc' dir='ltr'><strong>ι</strong></span> <span class='ocrx_word' id='word_1_884' title='bbox 1981 5805 2082 5841; x_wconf 74' lang='lat' dir='ltr'><strong>nus</strong></span> <span class='ocrx_word' id='word_1_885' title='bbox 2104 5789 2436 5841; x_wconf 78' lang='lat' dir='ltr'><strong>exercituum</strong></span> <span class='ocrx_word' id='word_1_886' title='bbox 2470 5804 2665 5843; x_wconf 88' lang='lat' dir='ltr'><strong>nomen</strong></span> <span class='ocrx_word' id='word_1_887' title='bbox 2696 5788 2832 5859; x_wconf 91' lang='lat' dir='ltr'><strong>ejus,</strong></span> <span class='ocrx_word' id='word_1_888' title='bbox 2857 5790 3111 5858; x_wconf 87' lang='lat' dir='ltr'><strong>quoniam</strong></span> <span class='ocrx_word' id='word_1_889' title='bbox 3138 5792 3277 5846; x_wconf 87' lang='lat' dir='ltr'><strong>sicut</strong></span> <span class='ocrx_word' id='word_1_890' title='bbox 3301 5792 3522 5850; x_wconf 84' lang='lat' dir='ltr'><strong>Thabor</strong></span> 
     </span>
    </p>
   </div>
   <div class='ocr_carea' id='block_1_121' title="bbox 1928 5879 3514 5945">
    <p class='ocr_par' dir='ltr' id='par_1_121' title="bbox 1928 5879 3514 5945">
     <span class='ocr_line' id='line_1_121' title="bbox 1928 5879 3514 5945; baseline 0.007 -16"><span class='ocrx_word' id='word_1_891' title='bbox 1928 5902 1943 5929; x_wconf 76' lang='grc' dir='ltr'><strong>ι</strong></span> <span class='ocrx_word' id='word_1_892' title='bbox 1982 5881 2032 5934; x_wconf 90' lang='lat' dir='ltr'><strong>in</strong></span> <span class='ocrx_word' id='word_1_893' title='bbox 2076 5879 2363 5945; x_wconf 84' lang='lat' dir='ltr'><strong>montibus,</strong></span> <span class='ocrx_word' id='word_1_894' title='bbox 2404 5891 2458 5934; x_wconf 79' lang='lat' dir='ltr'><strong>et</strong></span> <span class='ocrx_word' id='word_1_895' title='bbox 2498 5882 2636 5936; x_wconf 78' lang='lat' dir='ltr'><strong>sicut</strong></span> <span class='ocrx_word' id='word_1_896' title='bbox 2685 5882 2966 5938; x_wconf 82' lang='lat' dir='ltr'><strong>Carmelus</strong></span> <span class='ocrx_word' id='word_1_897' title='bbox 2996 5884 3047 5937; x_wconf 89' lang='lat' dir='ltr'><strong>in</strong></span> <span class='ocrx_word' id='word_1_898' title='bbox 3100 5886 3233 5938; x_wconf 81' lang='lat' dir='ltr'><strong>mari</strong></span> <span class='ocrx_word' id='word_1_899' title='bbox 3274 5886 3514 5940; x_wconf 64' lang='lat' dir='ltr'><strong>veniet.»</strong></span> 
     </span>
    </p>
   </div>
  </div>
