3952 6306
498 344 637 400 1105

1166 334 1227 390 Β.
1270 332 1522 390 RABANI
1559 331 1780 388 MAURI
1815 328 2134 387 ARCHIEP.
2173 326 2484 387 MOGUNT.
2519 325 2807 386 OPERUM
2841 326 3023 385 PARS
3057 328 3147 386 Ill.

3637 334 3775 393 “04

496 454 966 531 (Mannus.)1ubet
1008 451 1268 523 propheta
1320 450 1404 504 his
1433 448 1524 518 qui
1578 443 2079 501 audieruntvatici-
2107 452 2159 513 Α
2188 442 2365 497 chiam
2396 448 2563 496 noctu
2590 455 2745 496 muro
2769 438 2999 497 suffosso
3038 439 3241 513 fugisse
3286 444 3355 497 ad
3405 442 3621 499 deserta
3656 442 3776 501 δοῖ-

493 555 642 610 nium
691 564 846 605 suum
895 547 963 602 de
1004 544 1155 599 clade
1202 540 1598 613 lEgyptiorum,
1642 536 1783 608 quod
1836 533 2084 589 nuntient

492 643 762 702 Pharaoni
790 640 905 711 regi
936 636 1152 707 Egypti
1179 650 1193 689 :
1223 634 1477 704 quoniam
1500 631 1741 695 vicinum
1768 635 1852 683 est
1872 635 2083 696 tempus

494 736 756 791 tumultus
781 731 932 798 belli,
980 728 1123 799 quod
1162 727 1346 782 hostes
1388 725 1472 779 sui
1510 721 1693 778 acturi
1739 728 1867 776 sunt
1894 725 2082 773 contra

494 841 637 881 eum.
664 823 815 891 Quod
841 829 1021 874 autem
1042 819 1142 875 sub
1155 818 1466 889 juramento
1484 813 1701 869 Domini
1721 808 2082 875 exercituum,

494 917 672 986 ipsum
698 912 990 967 tumultum
1016 908 1243 965 allirmat
1270 913 1556 962 venturum
1580 918 1724 967 esse,
1770 901 1910 956 sicut
1935 898 2083 953 Tha-

492 1012 593 1063 bor
615 1007 672 1060 in
698 1005 991 1069 montibus,
1019 1017 1074 1058 et
1091 1002 1230 1057 sicut
1250 997 1558 1055 Carmelum
1597 995 1652 1049 in
1699 991 1876 1059 mari,
1905 997 2088 1045 osten-

495 1101 576 1155 dit
601 1115 669 1155 ex
701 1082 1103 1167 comparatione
1153 1093 1395 1147 locorum
1423 1085 1805 1157 frugiferorum
1849 1082 2005 1155 quasi
2030 1081 2086 1135 in

495 1190 632 1247 mari
654 1190 1057 1245 submersorum
1085 1182 1341 1253 grandem
1373 1177 1777 1239 subversionem
1805 1174 2088 1230 imminere

496 1281 895 1352 Egyptiorum.
929 1273 1196 1347 (meram)
1234 1270 1450 1325 Thahor
1488 1275 1671 1322 autem
1700 1266 1963 1322 terminus
1986 1264 2087 1318 Za-

495 1375 710 1430 hulonae
737 1385 892 1426 mons
913 1366 1168 1426 in.medio
1191 1364 1410 1419 Galileaz
1435 1375 1628 1430 campo
1665 1361 1803 1415 mira
1842 1356 2086 1413 rotundi-

499 1475 609 1520 tate
640 1462 908 1526 sublimis,
963 1460 1171 1515 distans
1197 1471 1227 1510 a
1260 1456 1611 1509 Diocaesaraaa
1636 1452 1822 1506 decem
1851 1447 2087 1503 millibus

499 1563 687 1612 contra
734 1550 1057 1608 orientalem
1101 1548 1337 1619 plagam,
1386 1546 1487 1614 qui”
1534 1534 1825 1599 conﬁnium
1876 1553 2089 1609 quoque

496 1648 640 1701 inter
692 1645 892 1700 tribum
932 1640 1178 1696 Issachar
1202 1648 1259 1693 et
1291 1634 1633 1706 Nephthalim
1659 1631 1778 1686 fuit.
1810 1630 2089 1686 Carmelus

494 1745 674 1790 autem
717 1728 831 1789 ubi
862 1729 1034 1787 Nabal
1080 1729 1349 1800 quondam
1402 1726 1523 1791 fuit,
1557 1731 1612 1778 et
1662 1706 1805 1777 nunc
1848 1719 1977 1775 villa
2004 1726 2088 1774 est

2185 531 2363 594 danis,
2393 530 2574 599 ibique
2619 545 2649 583 a
2677 529 2986 601 Babyloniis
3031 544 3151 585 esse
3192 533 3692 600 comprehensum:
3724 543 3775 590 et

2184 622 2289 676 hoc
2308 617 2613 689 significare
2632 619 2935 686 perfossum
2954 618 3235 688 parietem.
3258 618 3412 685 Quod
3439 630 3617 677 autem
3648 624 3779 679 dicit

2185 709 2240 764 in
2270 706 2510 762 humeris
2536 708 2816 776 portabis:
2872 708 3193 763 subauditur
3237 711 3488 765 sarcinas
3536 721 3675 777 tuas,
3725 721 3781 770 et

2186 801 2446 873 quidquid
2487 799 2556 855 ad
2582 801 2686 855 viae
2729 801 2985 856 solatium
3011 800 3275 871 fugientes
3304 812 3523 871 portare
3552 821 3778 862 censue.

2186 901 2400 947 verunt.
2441 892 2500 946 In
2522 890 2750 962 caligine
2774 891 3005 949 efferes:
3045 905 3116 947 ne
3140 891 3377 947 videaris
3403 908 3436 946 a
3477 912 3775 968 quoquam.

2184 982 2406 1039 Faciem
2438 989 2591 1036 tuam
2613 980 2820 1035 velabis
2845 997 2858 1034 :
2888 980 2973 1035 vel
3021 980 3286 1046 caecitate,
3321 997 3442 1053 qua:
3486 983 3536 1037 ei
3578 988 3779 1042 accidit

2186 1075 2358 1129 erutis
2382 1073 2554 1151 oculis
2582 1088 2611 1126 a
2638 1072 3137 1129 Nabuchodonosor
3160 1090 3174 1125 :
3196 1072 3283 1127 vel
3310 1088 3380 1128 ne
3418 1087 3780 1145 cognoscatur

2185 1165 2329 1237 quod
2360 1164 2476 1235 ipse
2501 1165 2573 1219 sit
2595 1177 2709 1228 rex,
2734 1170 2790 1218 et
2814 1161 2988 1233 major
3012 1161 3111 1217 fiat
3137 1176 3268 1217 cura
3295 1166 3649 1220 servantium.

2266 1276 2284 1310 ι
2330 1256 2508 1311 Vitula
2546 1256 2767 1328 elegans
2798 1264 2961 1325 atque
2988 1254 3227 1311 formosa
3254 1253 3553 1326 Egyptus,
3597 1256 3782 1311 stimu-

2195 1367 2214 1400 ι
2251 1349 2395 1404 lator
2429 1349 2497 1404 ab
2521 1348 2788 1418 Aquilone
2825 1348 3007 1403 veniet
3036 1347 3108 1403 ei.
3147 1366 3168 1399 ι
3214 1346 3509 1419 (Manlius)
3542 1346 3779 1404 Vitulam

2187 1443 2485 1511 elegantem
2513 1440 2747 1511 appellat
2771 1439 3088 1511 IEgyptum,
3120 1439 3246 1509 quia
3274 1439 3426 1510 plebs
3461 1439 3578 1507 ejus
3607 1440 3663 1496 in
3688 1442 3782 1497 de-

2189 1536 2331 1590 liciis
2360 1532 2587 1599 nutrita,
2620 1532 2776 1601 quasi
2815 1533 3079 1587 indomita
3097 1528 3161 1587 'et
3203 1532 3434 1587 lascivos
3475 1547 3655 1588 mores
3680 1535 3782 1587 ha-

2188 1626 2340 1691 bens,
2376 1622 2565 1694 iugum
2590 1620 3057 1692 disciplinaa‘ferre
3081 1623 3372 1678 recusavit.
3404 1621 3506 1677 Cui
3539 1623 3783 1678 stimula-

2190 1724 2294 1781 tor,
2348 1715 2451 1769 hoc
2500 1720 2607 1778 est,
2651 1710 3149 1768 Nabuchodonosor
3184 1713 3252 1767 ab
3276 1712 3543 1782 Aquilone
3577 1713 3779 1781 veniet,

495 1824 781 1901 Chermela
817 1822 1056 1895 nomine,
1084 1819 1295 1874 decimo
1338 1815 1513 1886 lapide
1559 1811 1740 1882 oppidi
1785 1809 2038 1874 Chebron
2068 1824 2082 1860 :
2114 1807 2163 1867 B
2190 1806 2282 1876 qui
2308 1818 2427 1858 eam
2458 1817 2574 1858 acre
2608 1816 2882 1857 armorum
2909 1801 2966 1856 in
2998 1801 3182 1872 fugam
3222 1809 3419 1857 vertet.
3462 1800 3560 1858 Cui
3605 1803 3781 1859 simile

494 1899 728 1985 vergens
755 1913 823 1969 ad
845 1910 1166 1967 orientalem
1208 1907 1444 1977 plagam,
1494 1903 1584 1958 ubi
1635 1909 1692 1957 et
1718 1899 2083 1955 Romanorum

492 2007 805 2080 prmsidium
836 2012 938 2061 est.
963 2000 1253 2073 (Marinus)
1304 1998 1525 2070 Mystice
1553 2001 1755 2057 autem,
1780 1991 1904 2061 quia
1944 1989 2086 2043 Tha-

494 2103 597 2157 bor
619 2097 839 2152 veniens
879 2095 1081 2159 lumen,
1126 2091 1212 2145 vel
1238 2090 1419 2144 veniat
1451 2086 1563 2150 lux,
1602 2092 1654 2139 et
1695 2080 1975 2139 Carmelus
2002 2087 2083 2133 te-

495 2193 668 2249 nellus
694 2187 788 2245 aut
814 2188 1007 2251 mollis,
1043 2186 1157 2240 sive
1184 2183 1409 2238 scientia
1454 2170 1879 2234 circumcisionis
1919 2173 2086 2227 inter-

495 2292 797 2357 pretantur,
830 2278 1135 2351 significant
1176 2273 1457 2329 haereticos
1483 2271 1537 2323 in
1582 2267 1783 2321 lumine
1811 2263 2088 2319 saecularis

497 2351 778 2446 sapientia
806 2370 1197 2440 superbientes,
1249 2362 1335 2417 vel
1377 2360 1592 2415 Iudaeos
1617 2356 1827 2418 molles,
1854 2362 1907 2409 et
1948 2351 2083 2407 deli-

498 2468 674 2522 ciosos
704 2464 758 2516 in
789 2461 968 2516 carnis
1009 2453 1420 2513 circumcisione
1464 2449 1794 2521 gloriantes:
1835 2442 1927 2513 qui
1956 2456 2087 2495 vero

500 2556 597 2611 sub
621 2554 901 2607 Pharaone
924 2555 1232 2610 versantur,
1262 2550 1317 2597 et
1344 2540 1563 2596 Christo
1602 2535 1806 2590 servire
1830 2537 2085 2593 renuunt,

498 2647 554 2699 in
580 2658 730 2698 mare
760 2640 1033 2694 turbidum
1055 2636 1214 2704 hujus
1239 2632 1421 2689 sreculi
1447 2627 1711 2696 demergi,
1738 2633 1795 2678 et
1820 2625 1888 2679 ob
1910 2623 2014 2676 hoc
2032 2621 2087 2674 in

498 2736 902 2794 damnationem
931 2738 1189 2786 venturos
1216 2735 1552 2798 perpetuam.

574 2848 591 2876 ι
630 2827 770 2881 Vasa
818 2820 1305 2891 transmigrationis
1354 2816 1440 2870 fac
1496 2812 1610 2876 tibi,
1642 2807 1937 2865 habitatrix
1980 2803 2088 2859 filia

506 2936 525 2969 ‹
562 2915 818 2986 1Egypti:
848 2912 973 2982 quia
997 2908 1260 2977 Memphis
1288 2908 1339 2959 in
1385 2902 1727 2957 solitudinem
1758 2898 1882 2961 erit,
1914 2902 1970 2950 ct
1998 2895 2090 2947 de-

507 3027 525 3059 ι
562 3014 769 3061 seretur
811 2999 1195 3056 inhabitabilis.
1228 3016 1246 3048 ι
1300 2994 1517 3049 Mandat
1561 2988 1854 3059 [Egyptum
1876 2992 1935 3038 ut
1959 2998 2087 3039 vasa

502 3092 997 3165 transmigrationis
1032 3090 1135 3144 sibi
1179 3086 1359 3147 faciat,
1404 3084 1507 3137 hoc
1547 3088 1647 3142 est,
1696 3073 1995 3131 sarcinulas
2021 3072 2087 3127 ad

505 3145 816 3165 -.πη---οη
846 3145 850 3146 ν
893 3145 897 3146 ,
1347 3145 1352 3147 _

500 3190 812 3263 fugiendum
853 3188 1137 3253 pneparet,
1169 3178 1293 3247 quia
1340 3170 1701 3229 famosissima
1747 3182 1933 3223 eorum
1960 3163 2089 3219 civi-
2116 3145 2161 3209 C

497 3256 605 3349 tas,
634 3282 723 3337 ubi
754 3279 1031 3347 Magorum
1052 3268 1347 3326 incantatio
1383 3261 1736 3320 celeberrima
1775 3256 1894 3320 fuit,
1926 3256 1980 3309 in
2002 3268 2089 3307 so-

500 3379 783 3434 litudinem
811 3378 1091 3427 vertetur:
1125 3376 1177 3419 et
1217 3375 1362 3419 terra
1385 3362 1665 3416 deseretur
1696 3351 2085 3410 inhabitabilis.

502 3473 578 3526 De
622 3468 764 3521 vasis
822 3478 951 3532 ergo
1009 3452 1497 3525 transmigrationis
1556 3447 1817 3503 Dominus
1854 3444 1921 3497 ad
1957 3441 2093 3495 Eze-

503 3561 732 3617 cbiclem
786 3531 1033 3611 similiter
1058 3550 1314 3619 loquitur,
1364 3545 1547 3599 dicens
1573 3540 1787 3609 (Ezech.
1814 3536 1935 3602 xu).
1969 3551 1985 3582 ί
2010 3531 2087 3585 Tu

500 3668 648 3725 ergo,
678 3650 747 3704 fili
781 3646 1032 3707 hominis,
1065 3642 1149 3696 fac
1194 3639 1289 3693 tibi
1335 3650 1463 3691 vasa
1493 3626 2002 3698 transmigrationis,
2036 3634 2089 3678 et

503 3745 766 3817 migrabis
794 3754 978 3796 coram
1007 3737 1085 3792 eis
1107 3749 1204 3803 per
1233 3733 1374 3787 diem
1402 3748 1412 3781 :
1463 3720 1876 3791 transmigrabis
1906 3728 2086 3772 autem

499 3840 566 3893 de
600 3838 716 3891 loco
744 3843 832 3887 tuo
870 3832 933 3885 ad
984 3828 1160 3883 locum
1209 3824 1439 3877 alterum
1493 3818 1548 3871 in
1578 3819 1866 3881 conspectu
1901 3821 2089 3863 eorum

500 3933 544 3984 si
579 3931 715 3983 forte
763 3922 1044 3993 aspiciant,
1092 3917 1217 3987 quia
1258 3915 1448 3969 domus
1491 3918 1819 3975 exasperaus
1865 3911 1986 3955 est:
2035 3906 2089 3951 et

504 4021 698 4077 cllcrus
722 4018 863 4070 foras
886 4028 1010 4066 vasa
1038 4020 1151 4073 tua,
1191 4006 1343 4077 quasi
1374 4017 1502 4057 vasa
1533 3992 1967 4064 transmigrantis
1990 4004 2088 4058 per

505 4113 647 4166 diem
710 4108 765 4162 in
821 4110 1107 4171 conspectu
1165 4112 1397 4152 eorum:
1452 4102 1508 4146 tu
1556 4098 1735 4143 autem
1794 4080 2086 4153 egredieris

503 4218 726 4273 vespere
777 4214 963 4254 coram
1014 4196 1113 4257 eis,
1172 4194 1313 4245 sicut
1359 4185 1633 4257 egreditur
1677 4180 1912 4249 migrans
1965 4180 2089 4225 ante

502 4295 687 4352 oculos
712 4306 919 4346 eorum.
962 4286 1191 4340 Perfode
1242 4280 1337 4334 tibi
1382 4280 1684 4346 parietem:
1714 4279 1767 4325 et
1795 4262 2089 4337 egredieris

503 4404 599 4456 per
624 4399 745 4437 eum
772 4384 825 4433 in
865 4384 1158 4445 conspectu
1199 4385 1404 4426 eorum.
1436 4368 1494 4421 In
1534 4361 1773 4420 humeris
1822 4354 2085 4426 portabis,

504 4482 560 4535 in
583 4475 813 4545 caligine
858 4470 1099 4537 eli‘ugies,
1134 4466 1326 4518 faciem
1356 4472 1503 4514 tuam
1542 4455 1744 4510 velabis
1770 4460 1824 4505 et
1874 4463 1982 4502 non
2004 4448 2085 4501 vi-

504 4570 657 4623 debis
679 4535 900 4625 terram,
932 4535 1055 4628 quia
1077 4559 1386 4624 portentum
1408 4547 1525 4602 dedi
1569 4554 1623 4599 te
1648 4541 1824 4597 domui
1849 4535 2032 4591 lsrael.
2064 4552 2081 4585 ι

506 4645 776 4731 (Merum)
836 4625 979 4705 Nulli
1034 4645 1253 4701 dubium
1299 4641 1426 4710 quin
1474 4636 1729 4690 universa
1778 4628 1881 4683 loci
1929 4625 2089 4694 hujus

506 4716 856 4805 continentia,
887 4742 1121 4795 futuram
1169 4732 1533 4803 captivitatem
1574 4724 1773 4779 indicet
1802 4719 1941 4787 regis
1988 4716 2085 4771 Se-

509 4842 711 4897 tlcchiae
738 4848 792 4893 et
815 4836 988 4889 tribus
1016 4829 1185 4897 Judm,
1227 4827 1317 4895 qui
1362 4832 1549 4893 captus
1584 4828 1665 4873 cst
1711 4832 1834 4871 cum
1862 4813 2085 4869 Jerusa-

511 4936 635 4986 lem.
686 4930 911 4995 Captum
958 4931 1135 4977 autem
1180 4934 1298 4972 esse
1357 4911 1674 4967 Sedcehiam
1706 4921 1736 4959 a
1782 4901 2088 4985 Babyloniis

512 4982 1003 5091 atq—ucVChaldzeis,
1045 5022 1101 5064 ct
1146 5007 1406 5062 Jeremias
1453 5000 1736 5070 propheta,
1788 5005 1841 5049 et
1883 4982 2087 5063 liegum

516 5088 699 5169 narrat
725 5096 975 5167 historia,
1005 5111 1060 5155 et
1084 5102 1301 5154 ductum
1332 5098 1394 5149 de
1417 5096 1533 5147 loco
1560 5094 1611 5144 in
1640 5092 1836 5153 locum,
1861 5088 1964 5140 hoc
1990 5095 2093 5147 est,

515 5209 579 5261 de
607 5201 904 5257 Jerusalem
938 5197 989 5249 in
1024 5190 1369 5261 Babylonem.
1422 5186 1487 5238 Et
1537 5192 1750 5244 caetera,
1807 5195 1924 5249 qum
1954 5179 2090 5231 Eze-

515 5293 651 5349 chiel
682 5294 735 5347 in
760 5283 1214 5356 consequentibus
1244 5279 1496 5347 loquitur,
1532 5273 1709 5327 facere
1733 5268 1951 5339 iubetur
1972 5282 2094 5336 pro-

517 5388 680 5458 pheta
709 5385 763 5438 in
795 5383 984 5452 ﬁgura,
1017 5392 1139 5446 quze
1181 5370 1473 5428 Sedechias
1501 5376 1717 5421 acturus
1761 5370 1843 5417 est
1870 5361 1923 5414 in
1948 5360 2093 5413 veri-

518 5488 650 5533 tate.
684 5474 884 5541 Collige
910 5471 1069 5532 enim,
1111 5466 1302 5534 inquit,
1356 5461 1599 5516 sarcinas
1643 5466 1782 5520 tuas,
1811 5454 1929 5508 haec
1951 5453 2094 5506 enim

519 5582 647 5625 vasa
673 5572 800 5619 sunt
819 5558 1266 5627 transmigrantis,
1284 5552 1589 5609 videntibus
1618 5550 1717 5613 eis,
1734 5554 1789 5601 et
1812 5534 2092 5616 postquam

522 5658 774 5719 viderint,
812 5669 928 5722 qua:
954 5651 1193 5703 facturus
1228 5666 1307 5709 es,
1338 5644 1630 5713 egredieris
1672 5654 1895 5709 vespere
1942 5641 1995 5693 in
2027 5656 2097 5694 sr-

525 5749 875 5804 militutlinem
921 5738 1374 5809 transmigrantis.
1429 5738 1676 5803 Legimus
1734 5736 1875 5789 enim
1934 5733 2097 5789 Sede-

2183 1904 2267 1953 est
2312 1895 2442 1950 illud
2484 1894 2621 1950 Osee
2644 1911 2711 1946 Γ(
2746 1891 2900 1948 Sicut
2946 1905 3113 1948 vacca
3160 1891 3451 1953 lasciviens
3491 1892 3785 1949 declinavit

2183 1987 2348 2044 Israel
2374 2004 2387 2041 :
2419 2002 2563 2041 nunc
2586 1986 2763 2056 pascit
2781 2000 2875 2041 eos
2900 1984 3181 2051 Dominus,
3215 1986 3369 2053 quasi
3395 2000 3596 2056 agnum
3625 1983 3680 2039 iri
3704 1984 3782 2039 la-

2186 2078 2415 2132 titudine
2452 2074 2598 2148 (Ose.
2648 2076 2748 2146 tv).
2786 2094 2805 2128 ›
2856 2074 2964 2130 Pro
3014 2088 3123 2143 quo
3154 2075 3210 2127 in
3242 2073 3594 2144 Septuaginta
3625 2075 3782 2128 habe-

2187 2176 2312 2223 tur:
2349 2187 2366 2219 ‹
2406 2167 2558 2223 Sicut
2599 2182 2763 2221 vacca
2792 2182 2821 2220 a
2853 2166 2953 2220 silo
2983 2181 3239 2236 percussa
3282 2166 3540 2221 insanivit
3575 2164 3740 2221 Israel
3765 2206 3782 2231 ,

2187 2276 2333 2316 nunc
2371 2261 2547 2330 pascit
2591 2274 2685 2314 eos
2727 2260 2986 2314 Dominus
3029 2259 3083 2312 in
3131 2259 3389 2328 spatioso.
3440 2277 3457 2309 ι
3491 2257 3781 2330 (Ηίενοη.)

2190 2351 2346 2406 Sicut
2379 2351 2525 2405 enim
2572 2365 2735 2405 vacca
2782 2349 3073 2405 lasciviens
3117 2357 3174 2404 et
3217 2350 3479 2419 abjiciens
3524 2352 3657 2422 legis
3696 2352 3783 2421 ju-

2190 2457 2336 2512 gum,
2378 2441 2453 2493 ita
2500 2439 2687 2504 Israel,
2730 2440 2784 2493 id
2833 2448 2917 2495 est
2957 2440 3143 2494 decem
3188 2442 3383 2505 tribus,
3421 2442 3710 2497 declinavit
3750 2458 3780 2497 a

2190 2528 2406 2583 Domini
2438 2529 2716 2591 servitute,
2761 2516 2859 2598 pro
2884 2528 3197 2584 laseiviente
3234 2545 3415 2597 vacca,
3440 2540 3499 2585 ut
3524 2532 3781 2599 diximus,

2194 2622 2541 2692 Septuaginta
2576 2621 2969 2676 transtulerunt
2998 2630 3396 2698 παροιστρῶσα,
3452 2639 3571 2693 qua
3613 2634 3782 2682 uestro

2193 2714 2434 2783 asiloque
2454 2727 2709 2782 percussa
2726 2713 2812 2776 sit,
2837 2726 2997 2781 quem
3018 2714 3176 2783 vulgo
3194 2713 3447 2768 tabanum
3470 2726 3679 2768 vocant.
3706 2715 3786 2771 De

2192 2823 2298 2879 quo
2324 2816 2378 2862 et
2404 2806 2663 2877 Virgilius
2718 2806 2771 2861 in
2803 2806 2963 2863 tertio
2998 2806 3386 2878 Georgicorum
3418 2807 3555 2863 libro
3584 2808 3781 2865 refert:

2822 2950 2836 2965 .
2870 2948 2885 2965 .
2923 2952 2934 2965 .
2970 2918 3050 2966 cui
3074 2929 3255 2966 nomen
3276 2918 3395 2967 asilo

2318 2976 2588 3027 Romanum
2611 2983 2689 3026 est
2718 2991 2730 3026 :
2755 2986 2955 3027 trstrum
2980 2976 3110 3028 Graii
3148 2987 3349 3028 vertere
3373 2986 3601 3030 vocantes
3622 3018 3637 3041 ,

2321 3040 2496 3111 ésger,
2529 3041 2701 3111 acerba
2722 3050 2901 3111 sonans
2931 3053 2949 3111 Ξ
2968 3051 3065 3111 quo
3091 3043 3455 3111 tota.‘e_xterrita
3476 3042 3609 3093 silvis

2318 3100 2590 3161 Diffugiunt
2626 3108 2842 3148 armenta
2874 3111 2887 3147 :
2930 3100 3051 3148 furit
3073 3101 3339 3162 mugitibus
3359 3103 3518 3151 ather-

2319 3159 2607 3222 Concussus,
2634 3163 2868 3223 sib/atque
2899 3170 2949 3211 et
2973 3163 3086 3211 sicci
3110 3159 3215 3223 ripa
3238 3159 3471 3224 Tanagri.

2194 3284 2331 3352 Quia
2361 3299 2490 3353 ergo
2528 3281 2783 3336 insanivit
2822 3280 3011 3346 Israel,
3049 3290 3104 3336 et
3139 3297 3431 3352 percussus
3471 3282 3777 3338 fornicatio.

2194 3378 2279 3431 nis
2293 3377 2504 3444 spiritu,
2526 3373 2824 3428 incredibili
2843 3375 3021 3428 furore
3038 3373 3399 3428 debacchatus
3422 3383 3525 3438 est,
3546 3374 3662 3428 ideo
3675 3391 3783 3430 non

2192 3467 2363 3522 multo
2393 3473 2513 3535 post
2535 3473 2797 3534 tempore,
2824 3464 2916 3518 sed
2944 3464 3067 3517 dum
3092 3463 3537 3533 prophetantium
3565 3464 3786 3533 spiritus

2192 3562 2292 3615 hos
2322 3560 2461 3631 regit
2491 3574 2668 3623 arcus,
2702 3560 2867 3629 pascit
2895 3573 2989 3612 eos
3021 3556 3300 3617 Dominus,
3329 3558 3483 3626 quasi
3513 3572 3705 3626 agnum
3730 3557 3786 3611 in

2192 3652 2497 3706 latitudine.
2544 3650 2677 3716 Quia
2728 3649 3101 3716 metaphoram
3144 3663 3176 3700 a
3228 3662 3396 3702 vacca
3448 3647 3783 3711 lasciviente,

2192 3743 2307 3797 sive
2332 3740 2503 3795 oéstro
2539 3748 2785 3809 ceperat,
2818 3747 2997 3793 servat
3035 3738 3090 3793 in
3124 3738 3380 3809 reliquis,
3411 3748 3469 3792 ut
3500 3742 3783 3810 captivita-

2196 3843 2301 3887 tem
2326 3832 2379 3886 in
2398 3832 2665 3902 Assyrios,
2688 3839 2741 3886 et
2764 3832 2815 3885 in
2833 3831 3150 3886 latissimam
3177 3829 3455 3886 Medorum
3482 3841 3685 3887 terram
3707 3835 3784 3889 di-

2193 3922 2524 3993 spersionem
2560 3920 2738 3990 populi
2768 3919 2963 3984 Israel,
2998 3922 3151 3989 quasi
3183 3921 3237 3974 in
3269 3932 3461 3990 campo
3503 3921 3781 3989 latissimo,

2196 4022 2249 4065 et
2278 4011 2597 4079 in'spatiosa
2625 4021 2772 4066 terra
2798 4011 2974 4082 gregis
2999 4026 3259 4081 agnorum
3293 4021 3577 4080 pasturam
3608 4023 3779 4069 vocet.

2196 4104 2370 4173 Super
2399 4103 2667 4158 haereticis
2705 4118 2871 4172 prona
2919 4102 3278 4173 intelligentia
3319 4110 3423 4156 est.
3460 4101 3613 4157 Sicut
3642 4104 3781 4159 enim

2192 4208 2325 4249 vaca
2355 4208 2609 4264 percussa
2664 4192 2797 4246 asilo
2819 4234 2831 4258 ,
2882 4193 3131 4262 percussi
3173 4201 3299 4247 sunt
3330 4192 3571 4248 haeretici
3601 4197 3786 4250 ardcno

2194 4282 2339 4337 tibus
2379 4281 2576 4336 diaboli
2608 4282 2837 4351 sagittis,
2872 4290 2926 4335 et
2966 4282 3099 4350 legis
3141 4282 3387 4335 notitiam
3430 4282 3779 4352 reliquerunt.

2190 4372 2315 4429 Ideo
2358 4383 2649 4442 pascentur
2696 4374 2749 4423 in
2798 4372 2903 4424 lata
2955 4380 3010 4425 et
3057 4370 3291 4439 spatiosa
3339 4374 3445 4436 via,
3486 4388 3607 4443 qua:
3643 4374 3785 4429 ducit

2194 4466 2261 4520 ad
2305 4476 2571 4528 mortem,
2619 4472 2675 4517 et
2712 4462 2971 4531 patientia
3009 4462 3221 4519 Domini
3274 4463 3513 4532 bonique
3554 4470 3784 4535 pastoris

2195 4571 2287 4612 eos
2320 4557 2522 4611 nutriet
2558 4556 2625 4609 ad
2655 4555 2950 4610 interitum.

2273 4666 2291 4699 ‹
2339 4646 2655 4701 Mercenarii
2683 4660 2896 4715 quoque
2922 4634 3057 4713 ejus,
3106 4646 3197 4713 qui
3222 4645 3581 4703 versabantur
3602 4648 3655 4703 in
3678 4664 3785 4703 me-

2202 4758 2220 4790 t
2266 4740 2354 4794 dio
2389 4741 2533 4809 ejus,
2562 4738 2715 4808 quasi
2740 4738 2893 4792 vituli
2922 4739 3151 4807 saginati
3190 4737 3332 4792 versi
3365 4748 3521 4803 sunt,
3550 4750 3607 4795 et
3628 4740 3779 4812 fuge-

2202 4849 2221 4881 ‹
2251 4839 2377 4884 runt
2409 4828 2589 4891 simul,
2632 4844 2733 4881 nec
2761 4836 2907 4881 stare
2944 4835 3255 4896 potuerunt,
3299 4828 3424 4897 quia
3466 4828 3582 4883 dies
3619 4831 3783 4884 inter-

2201 4939 2220 4971 c
2255 4921 2503 4975 lectionis
2530 4934 2715 4973 corum
2756 4918 2938 4972 veniet
2967 4934 3129 4987 super
3160 4934 3274 4981 eos,
3306 4928 3360 4973 et
3402 4930 3613 4989 tempus
3651 4923 3781 4976 visi-

2203 5028 2221 5059 ι
2256 5010 2473 5063 tationis
2496 5022 2701 5062 eorum.
2743 5027 2762 5059 ι
2800 5007 3063 5077 (Μιυιιυε.
3088 5010 3105 5075 )
3128 5006 3406 5078 Principes
3432 5009 3649 5081 IEgypti
3676 5028 3779 5069 non

2195 5108 2454 5170 pastores,
2486 5100 2579 5154 sed
2601 5099 2966 5155 mercenaries
2988 5111 3162 5165 vocat,
3204 5101 3295 5170 qui
3316 5116 3425 5155 non
3454 5117 3639 5156 curam
3665 5119 3781 5173 grec

2196 5193 2277 5260 gis
2317 5191 2637 5255 habuerant,
2693 5192 2785 5246 sed
2829 5191 3070 5247 avaritiae
3116 5202 3173 5246 et
3210 5191 3437 5246 luxuriae
3473 5194 3775 5249 studebant.

2196 5282 2319 5336 Ideo
2353 5295 2533 5336 coram
2576 5282 2820 5336 hostibus
2861 5290 3004 5335 stare
3041 5296 3145 5337 non
3186 5280 3450 5345 valentes,
3497 5283 3553 5336 in
3600 5282 3779 5354 fugam

2198 5372 2340 5427 versi
2369 5380 2509 5427 sunt.
2542 5372 2666 5425 Dies
2693 5371 2838 5426 enim
2868 5372 3115 5428 vindicta
3136 5379 3191 5425 et
3217 5370 3606 5428 interfectionis
3631 5376 3783 5429 venit

2200 5479 2361 5534 super
2388 5478 2497 5518 eos.
2541 5462 2700 5517 Juxta
2726 5461 3035 5532 allegoriam
3061 5476 3191 5517 vero
3215 5464 3585 5518 mercenarios
3609 5462 3781 5535 «Egy-

2200 5558 2299 5627 pti,
2334 5556 2485 5610 fictos
2519 5563 2767 5625 pastores
2794 5553 3075 5624 praesentis
3104 5552 3357 5607 Ecclesiae
3388 5554 3781 5623 peregrinantis

2202 5651 2253 5704 in
2286 5651 2385 5704 hoc
2417 5649 2612 5703 mundo
2638 5662 2919 5717 possumus
2951 5647 3264 5717 intelligere,
3315 5648 3405 5716 qui
3436 5647 3638 5701 lucrum
3674 5658 3780 5702 ter-

2174 5756 2385 5795 .rcnum
2411 5747 2732 5809 quaerentes.
2762 5755 2887 5795 oves
2915 5739 3015 5795 sibi
3040 5738 3447 5795 commendatus
3476 5748 3661 5794 contra
3694 5752 3782 5791 va-

3270 6295 3346 6302 κὴ
3418 6291 3764 6302 »λ--ήή
3801 6291 3832 6296 ἡ
