3952 6378
247 411 395 473 1105

1143 412 1505 471 EXPOSlTlO
1545 410 1773 469 SUPER
1813 406 2178 465 :lEREMlAM.
2222 438 2288 447 —
2326 409 2450 463 Llll.
2499 409 2635 464 XIV.

3397 409 3538 464 “06

244 543 484 598 statores
504 530 914 588 defenderenon
942 543 1296 602 prresumunt.
1329 534 1475 598 Quos
1502 531 1614 601 ipsa
1637 531 1840 585 veritas
1868 530 2060 592 ANou
2119 530 2292 585 solum
2343 530 2486 582 enim
2535 529 2802 584 historiali
2851 527 3086 600 Egypto
3141 529 3289 596 justo
3336 527 3542 596 judicio

243 624 305 679 in
322 623 616 694 Evangelio
643 622 882 688 denotat,
909 622 1289 694 dicens(Joan.
1310 622 1399 693 x):
1428 642 1445 673 ‹
1476 621 1840 677 Mercenarius

241 726 452 780 autem,
477 723 532 769 et
558 715 649 784 qui
674 730 780 769 non
801 723 882 770 est
900 723 1106 784 pastor,
1129 715 1276 768 videt
1303 715 1486 784 lupum
1509 715 1838 777 venientem,

242 816 300 861 et
330 806 553 862 dimittit
581 822 708 862 oves
735 817 790 862 et
817 806 969 877 fugit.
1013 827 1028 857 ι
1062 804 1285 878 (Greg.)
1315 807 1496 876 Lupus
1528 808 1726 861 ctenim
1751 822 1841 860 su-

241 913 344 970 per
364 914 494 955 oves
515 900 682 964 venit,
713 915 835 955 cum
863 898 1086 968 quilibet
1113 898 1346 967 injustus
1373 907 1427 952 et
1453 908 1637 968 raptor
1653 896 1839 952 fideles

239 1004 488 1060 quosque
526 999 687 1058 atque
740 989 969 1045 humiles
1008 991 1282 1060 opprimit.
1341 989 1446 1044 Sed
1504 990 1595 1058 qui
1655 998 1840 1060 pastor

240 1096 363 1136 esse
402 1081 682 1136 videbatur
707 1089 764 1135 et
802 1096 911 1136 non
948 1091 1086 1146 erat,
1123 1081 1377 1151 relinquit
1424 1095 1553 1134 oves
1586 1089 1640 1133 et
1679 1079 1834 1150 fugit,

237 1172 369 1242 quia
405 1173 531 1227 dum
558 1173 662 1228 sibi
700 1173 766 1227 ab
801 1187 867 1227 eo
901 1172 1140 1242 pericula
1177 1173 1386 1237 metuit,
1428 1170 1686 1226 resistere
1721 1168 1837 1238 ejus

238 1261 521 1333 injustitiae
560 1279 666 1320 non
688 1265 984 1335 praesumit.
1027 1264 1184 1334 Fugit
1214 1275 1393 1318 autem
1439 1280 1547 1318 non
1576 1264 1837 1318 mutando

227 1356 442 1427 liocum,
483 1356 578 1411 sed
614 1357 979 1412 subtrahendo
1010 1357 1280 1411 solatium.
1324 1357 1502 1427 Fugit,
1546 1357 1670 1426 quia
1699 1357 1837 1426 inju-

227 1412 446 1498 'stitiam
486 1445 620 1499 vidit
649 1455 704 1500 et
746 1447 933 1500 tacuit.
971 1445 1153 1516 Fugit,
1205 1447 1331 1516 quia
1377 1412 1474 1499 sub
1519 1412 1837 1500 sillentio'se

236 1533 541 1588 abscondit.
607 1534 813 1599 Quibus
857 1535 992 1589 bene
1045 1551 1144 1604 per
1199 1537 1519 1604 prophetam
1577 1535 1775 1590 dicitur
1820 1552 1833 1588 :

239 1643 259 1674 ‹
292 1623 412 1679 Non
440 1628 760 1682 ascendistis
784 1642 849 1682 ex
880 1629 1132 1692 adverso,
1158 1644 1332 1697 neque
1365 1630 1695 1698 opposuistis
1718 1644 1838 1682 mu-

232 1728 358 1768 rum
393 1731 492 1785 pro
517 1717 675 1771 domo
697 1717 882 1783 Israel,
916 1727 976 1771 ut
1005 1719 1222 1774 staretis
1248 1719 1299 1771 in
1324 1719 1510 1788 przelio
1534 1719 1589 1772 in
1625 1720 1709 1774 die
1731 1719 1836 1771 Do-

233 1806 372 1859 mini
409 1805 625 1876 (Ezech.
653 1808 794 1879 xm).
845 1829 863 1860 ›
905 1810 981 1864 Ex
1023 1811 1249 1864 adverso
1295 1811 1495 1880 quippe
1540 1809 1834 1865 ascendere

1946 624 2040 677 Dei
2082 623 2315 676 vindicta
2362 624 2690 690 supervenit,
2742 623 2834 678 sed
2882 623 3109 692 Spit-itali
3143 625 3196 676 in
3237 624 3323 678 die
3351 622 3541 692 judicii

1944 720 2333 782 superventura
2361 721 2446 765 est
2474 726 2486 764 :
2517 727 2678 784 quam
2704 729 2845 767 nunc
2873 728 3027 768 sacra
3044 712 3323 781 Scriptura
3351 715 3402 767 in
3430 723 3543 768 toto

1943 805 2074 860 orbe
2107 813 2265 858 terra:
2289 803 2616 873 pnenuntiat
2657 803 2912 856 futuram.
2942 804 3096 858 Unde
3124 803 3262 859 bene
3293 821 3396 859 vox
3427 788 3545 871 ejus

1944 898 2037 952 aeri
2086 897 2300 952 sonanti
2349 907 2718 965 comparatur,
2764 897 2888 964 quia
2913 897 3037 950 acris
3076 895 3355 950 metallum
3383 907 3544 950 emto-

1945 989 2021 1042 ris
2059 987 2291 1042 metallis
2332 988 2583 1042 sonorius
2627 986 2785 1039 tinnit
2829 1004 2842 1038 :
2898 995 2952 1040 et
2991 987 3104 1041 dies
3139 986 3306 1040 futuri
3351 987 3544 1055 judicii

1943 1079 2154 1134 cunctis
2176 1079 2632 1147 correptionibus,
2657 1093 2778 1146 qua:
2805 1087 2931 1131 ante
2968 1076 3206 1142 fuerant,
3240 1077 3433 1130 fortius
3463 1094 3552 1132 re-

1943 1171 2178 1226 sonabit.
2232 1170 2382 1224 Tunc
2432 1170 2575 1224 enim
2632 1188 2647 1217 (
2689 1170 2830 1223 Deus
2873 1179 3058 1224 noster
3089 1167 3409 1223 manifestus
3460 1183 3552 1220 vc-

1943 1262 2073 1327 niet,
2105 1271 2158 1316 et
2188 1278 2294 1315 non
2326 1262 2543 1316 silebit:
2580 1261 2719 1330 ignis
2761 1261 2813 1313 in
2844 1271 3135 1330 conspectu
3166 1259 3282 1327 ejus
3305 1258 3551 1316 ardebit,

1941 1361 1996 1407 et
2025 1353 2078 1406 in
2125 1351 2353 1406 circuitu
2397 1352 2513 1420 ejus
2551 1360 2842 1419 tempestas
2872 1350 3044 1404 valida
3071 1367 3083 1402 :
3120 1351 3404 1404 advocavit
3434 1365 3550 1404 cm-

1942 1442 2052 1497 lum
2100 1460 2359 1499 sursum:
2395 1452 2449 1498 et
2491 1453 2691 1497 terram
2732 1444 3041 1498 discernere
3083 1445 3340 1512 populum
3383 1461 3543 1498 suum

1945 1530 2117 1603 (Psal.
2143 1534 2310 1604 ηιχ).
2364 1555 2380 1585 ι
2416 1533 2566 1588 Tunc
2593 1536 2865 1588 exercitus
2891 1535 3141 1588 caelestes
3171 1537 3544 1604 properabunt

1944 1634 2004 1677 ut
2047 1623 2303 1695 colligant
2344 1625 2525 1680 omnia
2575 1624 2830 1680 scandala
2879 1625 2945 1678 de
2985 1641 3145 1695 regno
3176 1629 3334 1696 ejus:
3369 1636 3424 1680 et
3472 1627 3539 1678 li-

1943 1729 2048 1784 gna
2099 1716 2435 1770 infructuosa
2479 1715 2761 1770 securibus
2801 1713 2960 1768 validi
2991 1717 3258 1770 examinis
3306 1717 3535 1771 caedam.

1944 1807 2201 1876 Tuncque
2230 1808 2538 1862 succidetur
2561 1808 2730 1862 saltus
2762 1807 2986 1872 inutilis,
3019 1809 3108 1877 qui
3134 1810 3415 1879 supputari
3434 1823 3542 1864 non

230 1903 358 1959 est:
389 1897 716 1965 quibuslibet
744 1899 1102 1968 potestatibus
1142 1915 1308 1969 prave
1340 1901 1627 1984 agentibus
1669 1899 1836 1954 ratio—
1863 1897 1911 1957 B
1941 1908 2120 1970 potest
2159 1917 2172 1955 :
2225 1900 2353 1982 quia
2404 1914 2564 1954 omne
2623 1900 2827 1968 lignum
2887 1915 2990 1954 non
3048 1899 3254 1954 faciens
3304 1901 3542 1954 fructum

230 1987 323 2041 nis
364 1987 534 2042 libera
574 2002 708 2044 voce
756 1991 1044 2043 contraire.
1093 1989 1162 2044 Et
1208 1991 1264 2044 in
1307 1991 1394 2046 die
1440 1991 1677 2056 Domini,
1732 2006 1832 2061 pro

229 2077 397 2134 domo
421 2080 584 2134 Israel
614 2081 669 2134 in
707 2081 889 2150 praelio
919 2090 1126 2137 stamus
1154 2098 1216 2136 ac
1246 2099 1461 2137 murum
1487 2084 1829 2152 opponimus,

229 2169 278 2224 si
309 2169 496 2226 fideles
525 2173 840 2228 innocentes
878 2183 1064 2228 contra
1095 2190 1477 2245 perversorum
1513 2175 1831 2243 iujustitiam

227 2275 299 2314 ex
328 2260 551 2329 justitize
596 2265 920 2320 auctoritate
961 2266 1316 2320 vindicamus.
1345 2267 1496 2333 Quod
1529 2267 1654 2335 quia
1683 2280 1829 2319 mer-

227 2353 485 2406 cenarius
529 2371 632 2408 non
672 2353 820 2419 facit,
855 2371 978 2410 cum
1018 2359 1324 2412 venientem
1377 2358 1560 2427 lupum
1611 2357 1830 2421 viderit,

228 2441 389 2513 fugit.
440 2443 545 2498 Sed
575 2455 657 2499 est
685 2445 822 2499 alius
857 2447 1031 2516 lupus,
1075 2449 1164 2517 qui
1220 2449 1335 2503 sine
1364 2450 1666 2503 cessatione
1699 2463 1833 2516 quo-

230 2531 366 2585 tidie
398 2549 780 2604 noncorpora,
824 2536 918 2590 sed
949 2545 1159 2591 mentes
1193 2537 1434 2602 dilaniat,
1465 2538 1732 2608 maiignus
1754 2537 1833 2590 vi-

228 2622 431 2678 delicet
472 2627 713 2694 spiritus,
757 2627 846 2696 qui
889 2627 1074 2680 caulas
1106 2629 1340 2683 fidelium
1385 2630 1668 2696 insidians,
1718 2629 1831 2684 cir-

228 2717 349 2772 cuit
381 2724 434 2770 et
461 2727 662 2773 mortes
702 2720 1005 2773 animarum
1045 2723 1259 2789 quazrit.
1310 2723 1385 2775 De
1413 2737 1519 2790 quo
1551 2723 1674 2791 lupo
1702 2737 1829 2776 mox

229 2809 485 2864 subditur
512 2829 524 2862 :
562 2831 578 2861 ι
611 2810 678 2864 Ει
705 2806 860 2880 lupus
887 2815 1027 2883 rapit
1062 2823 1116 2869 et
1143 2815 1403 2884 dispergit
1426 2830 1574 2868 oves.
1605 2835 1620 2864 ›
1647 2814 1830 2883 Lupus

221 2898 383 2952 venit
412 2906 466 2954 et
514 2903 884 2958 mercenarius
929 2902 1064 2973 fugit
1095 2923 1107 2956 :
1143 2905 1268 2972 quia
1301 2904 1570 2973 malignus
1609 2904 1834 2973 spiritus

230 2989 364 3043 dum
391 2999 598 3044 mentes
630 2991 866 3048 fidelium
909 2995 964 3048 in
997 2998 1293 3052 tentationc
1326 2997 1568 3059 dilaniat,
1594 3005 1647 3051 et
1675 2997 1721 3050 is
1741 2998 1836 3066 qui

226 3078 409 3135 locum
438 3086 669 3152 pastoris
702 3095 864 3152 tenet,
890 3104 1074 3142 curam
1103 3087 1482 3145 sollicitudinis
1511 3106 1617 3145 non
1649 3090 1834 3154 habet,

229 3173 429 3229 anima:
456 3185 703 3245 pereunt,
745 3188 799 3233 et
831 3181 941 3249 ipse
978 3183 1043 3236 de
1088 3183 1318 3237 terrenis
1349 3183 1649 3237 commodis
1687 3181 1835 3236 lmta-

1932 1990 2134 2045 bonum
2176 1978 2481 2055 excidetur',
2510 1998 2564 2043 et
2594 1990 2649 2043 in
2677 1990 2855 2060 ignem
2895 1991 3142 2044 mittetur
3173 1990 3364 2060 (Mam.
3398 1990 3494 2062 vn)
3523 2010 3539 2045 :

1933 2080 2326 2151 multitudoque
2341 2081 2701 2151 perditorum,
2717 2096 2880 2150 super
2903 2080 3253 2142 locustarum,
3272 2082 3362 2149 qui
3389 2082 3540 2136 brevi

1932 2172 2113 2226 volatu
2143 2187 2201 2227 se
2225 2172 2499 2242 jactitant,
2529 2186 2814 2225 numerum
2850 2171 3109 2234 existens,
3158 2172 3538 2225 damnabitur:

1931 2272 1985 2319 et
2014 2264 2239 2332 pusillus
2286 2279 2416 2334 grex
2449 2263 2536 2318 cui
2567 2263 2892 2332 complacuit
2922 2265 3061 2332 patri
3094 2263 3221 2316 dare
3255 2263 3538 2315 haeredita-

1932 2364 2041 2411 tem
2060 2356 2395 2414 .salvabitur.
2449 2353 2710 2423 Tuncque
2760 2353 2966 2423 patebit
3009 2351 3310 2406 confusioni
3361 2352 3541 2406 omnis

1932 2447 2232 2504 carnalium
2274 2446 2552 2516 cogitatio,
2595 2461 2715 2514 quae
2760 2445 3128 2514 voluptatibus
3172 2443 3328 2497 istius
3351 2440 3535 2497 saeculi

1932 2539 2290 2601 innitebatur,
2332 2537 2546 2607 quando
2580 2537 2633 2590 in
2664 2544 2987 2605 potestatem
3034 2535 3394 2604 malignorum
3426 2533 3536 2603 spi-

1933 2630 2136 2683 rituum
2166 2629 2427 2683 tradetur.
2453 2627 2688 2694 Neejam
2720 2628 2984 2681 luxuriari
3015 2626 3163 2689 licet,
3191 2625 3404 2695 quando
3437 2640 3540 2697 pro

1935 2722 2178 2792 peccatis
2206 2721 2318 2776 suis
2344 2721 2522 2790 puniri
2548 2721 2727 2774 debet.
2767 2719 2917 2775 Unde
2946 2729 3000 2773 et
3045 2719 3290 2787 sequitur
3314 2737 3326 2771 :

2016 2828 2034 2861 (
2064 2809 2304 2866 Confusa
2359 2809 2594 2877 est'filia
2638 2809 2876 2878 Algypti,
2931 2817 2985 2864 et
3017 2809 3218 2864 tradita
3269 2809 3324 2863 in
3369 2825 3535 2864 manu

1944 2925 1961 2955 ι
2000 2905 2182 2973 populi
2223 2903 2524 2972 Aquilonis.
2563 2902 2707 2955 Dixit
2738 2904 2997 2957 Dominus
3024 2903 3363 2957 exercituum
3395 2902 3539 2958 Deus

1945 3014 1962 3046 ι
2017 2995 2183 3050 lsrael
2211 3013 2223 3048 :
2260 2995 2399 3050 Ecce
2420 3010 2519 3065 ego
2545 2996 2779 3048 visitabo
2804 3009 2966 3063 super
2995 2994 3283 3048 tumultum
3305 2995 3540 3049 Alexan-

1947 3105 1964 3137 ‹
2019 3087 2171 3152 drlze,
2210 3095 2264 3140 et
2291 3102 2453 3156 super
2474 3085 2840 3150 Pharaonem,
2870 3094 2927 3139 et
2947 3101 3108 3154 super
3130 3083 3451 3155 .IEgyptum,
3483 3093 3537 3138 et

1943 3196 1961 3227 ι
2001 3193 2164 3246 super
2198 3177 2326 3232 deos
2351 3177 2490 3246 ejus,
2522 3186 2576 3230 et
2597 3192 2759 3245 super
2785 3192 2938 3246 reges
2962 3175 3100 3244 ejus,
3127 3186 3181 3230 et
3206 3191 3369 3245 super
3391 3177 3536 3230 Pha-

231 3271 342 3317 tur.
398 3283 415 3314 (
452 3265 634 3335 Lupus
663 3269 802 3337 rapit
847 3279 899 3324 et
940 3271 1201 3341 dispergit
1235 3288 1387 3336 oves,
1427 3293 1444 3323 ι
1495 3287 1620 3325 cum
1667 3271 1832 3325 alium
1860 3264 1906 3328 C
1945 3289 1964 3322 ι
2012 3285 2254 3333 raonem,
2301 3277 2356 3324 et
2382 3285 2543 3338 super
2573 3285 2781 3333 omnes,
2814 3269 2906 3337 qui
2944 3269 3223 3323 confidunt
3264 3268 3454 3322 ineo:
3487 3276 3541 3321 et

229 3353 300 3405 ad
333 3353 599 3410 luxuriam
623 3360 914 3427 pertrahit,
947 3359 1110 3415 alium
1146 3364 1199 3416 in
1227 3361 1513 3415 avaritiam
1545 3361 1827 3415 accendit:

228 3444 399 3500 alium
436 3449 486 3500 in
515 3451 823 3519 superbiam
852 3453 1030 3523 erigit,
1061 3455 1224 3508 alium
1268 3471 1365 3524 per
1398 3455 1731 3509 iracundiam
1755 3455 1835 3509 di-

227 3535 367 3589 vidit
397 3556 407 3589 :
438 3537 580 3592 hunc
607 3539 808 3594 invidia
855 3542 1125 3608 stimulat,
1171 3543 1320 3598 illum
1361 3545 1414 3598 in
1446 3543 1657 3616 fallacia
1701 3560 1831 3614 sup-

227 3626 455 3696 plantat.
504 3629 667 3695 Quasi
697 3647 823 3699 ergo
854 3633 1008 3716 lupus
1035 3652 1250 3705 gregem
1277 3637 1519 3705 dissipat,
1550 3651 1674 3689 cum
1700 3635 1834 3690 fide-

227 3717 361 3772 lium
403 3722 656 3790 populum
697 3724 938 3780 diabolus
988 3741 1086 3794 per
1134 3728 1458 3783 tentationes
1499 3737 1677 3781 necat.
1727 3727 1834 3781 Sed

230 3819 423 3863 contra
452 3812 566 3866 haec
603 3817 970 3871 mercenarius
997 3817 1141 3873 nullo
1170 3818 1286 3873 zelo
1314 3818 1653 3882 accenditur,
1684 3818 1831 3873 nullo

228 3900 446 3956 fervore
495 3903 797 3959 dilectionis
831 3907 1140 3965 excitatur:
1171 3911 1295 3978 quia
1339 3910 1466 3962 dum
1516 3909 1626 3962 sola
1680 3919 1832 3963 exte-

230 3994 375 4046 riora
421 3998 704 4050 commoda
730 3999 978 4066 requirit,
1011 4000 1267 4053 interiora
1307 4001 1483 4070 gregis
1516 4001 1709 4053 damna
1743 4016 1834 4056 ne-

227 4084 493 4155 gligenter
541 4087 762 4155 patitur.
796 4088 948 4145 Unde
979 4098 1033 4145 et
1062 4107 1185 4145 mox
1227 4090 1570 4162 subjungitur
1592 4110 1610 4143 v:
1645 4111 1662 4141 ‹
1695 4091 1833 4146 Mer-

228 4175 482 4229 ceuarius
511 4187 692 4231 autem
731 4179 884 4248 fugit,
927 4183 1051 4249 quia
1085 4183 1455 4248 mercenarius
1497 4192 1601 4247 est,
1642 4191 1696 4237 et
1724 4193 1831 4238 non

227 4266 468 4334 pertinet
503 4267 571 4320 ad
616 4284 735 4322 eum
766 4271 830 4324 de
857 4272 1066 4325 ovibus.
1105 4293 1121 4323 ι
1173 4274 1301 4327 Sola
1346 4289 1474 4343 ergo
1520 4289 1682 4328 causa
1727 4284 1830 4339 est,

229 4365 288 4409 ut
326 4359 695 4413 mercenarius
747 4360 937 4430 fugiat,
981 4365 1104 4431 quia
1135 4367 1501 4421 mercenarius
1538 4374 1641 4420 est.
1681 4367 1758 4420 Ac
1784 4367 1829 4419 si

228 4461 416 4519 aperte
445 4453 744 4508 diceretur:
765 4456 921 4512 Stare
948 4460 999 4512 in
1026 4460 1269 4528 periculo
1292 4463 1472 4516 ovium
1499 4479 1606 4517 non
1630 4471 1829 4531 potest,

229 4542 357 4610 quia
385 4543 438 4596 in
467 4558 532 4597 eo
562 4545 703 4613 quod
748 4548 939 4601 ovibus
974 4560 1192 4618 praeest,
1225 4568 1330 4607 non
1361 4569 1489 4608 oves
1515 4553 1708 4624 diligit,
1735 4553 1829 4609 sed

228 4632 441 4688 lucrum
491 4642 764 4691 terrenum
805 4641 1017 4708 quierit.
1063 4644 1200 4696 Dum
1231 4646 1373 4697 enim
1422 4646 1682 4701 honorem
1715 4666 1829 4704 am-
1857 4618 1908 4677 D

228 4724 504 4794 plectitur,
538 4726 664 4781 dum
691 4731 1074 4797 temporalibus
1108 4736 1405 4789 commodis
1446 4736 1678 4804 laetatur,
1729 4757 1829 4809 op-

227 4830 430 4884 ponere
464 4832 521 4881 se
545 4829 730 4873 contra
753 4823 1048 4893 periculum
1079 4827 1332 4894 trepidat,
1359 4844 1428 4881 ne
1451 4829 1553 4884 hoc
1579 4831 1723 4899 quod
1748 4833 1828 4885 di-

229 4906 343 4977 ligit
367 4909 600 4962 amittat.
624 4911 915 4984 (MAURUS.)
935 4915 1096 4981 Quasi
1122 4919 1272 4971 vituli
1290 4935 1416 4989 ergo
1440 4923 1671 4991 saginati
1697 4924 1829 4979 tales

229 5009 478 5069 pastores
514 5011 658 5067 sunt,
700 5007 791 5072 qui
828 5006 1036 5061 deliciis
1079 5007 1386 5065 carnalibus
1433 5011 1618 5077 dediti,
1653 5017 1831 5069 conti-

231 5092 429 5144 nentia:
468 5091 690 5147 minime
721 5109 939 5164 cperant
971 5096 1118 5152 dant.
1161 5099 1306 5166 Quos
1343 5103 1458 5157 dies
1483 5104 1829 5171 interfectio-

232 5184 317 5237 nis
360 5192 413 5237 et
463 5193 671 5255 tempus
718 5189 1043 5246 visitationis
1084 5196 1472 5261 superveniens
1513 5201 1825 5253 consumit:

233 5276 358 5343 quia
391 5291 484 5330 eos
519 5278 780 5334 adventus
814 5283 1032 5350 superni
1067 5283 1268 5351 judici's
1308 5285 1538 5353 futurus,
1573 5306 1670 5358 pro
1705 5304 1830 5359 pec-

233 5368 372 5420 catis
417 5370 527 5422 suis
565 5372 864 5438 puniendos
905 5375 1162 5442 gehennae
1201 5378 1416 5445 ignibus
1458 5380 1638 5433 tradit.

313 5478 330 5510 ι
396 5460 511 5513 Vox
562 5461 678 5528 ejus
726 5465 878 5532 quasi
928 5469 1052 5520 uiris
1102 5469 1333 5530 sonabit,
1400 5473 1656 5538 quoniam
1706 5490 1826 5529 cum

241 5572 257 5598 ι
300 5550 540 5604 exercitu
565 5556 950 5622 properabunt,
983 5569 1178 5611 etcum
1205 5562 1484 5616 securibus
1514 5567 1730 5619 venient
1752 5568 1823 5632 ei,

242 5661 258 5690 ‹
307 5649 362 5694 et
396 5643 549 5709 quasi
599 5642 738 5712 ligna
773 5648 1038 5735 c’zedentes
1082 5651 1428 5707 succiderunt
1457 5656 1652 5710 saltum
1686 5658 1822 5727 ejus,

242 5752 258 5783 ι
305 5734 380 5786 ait
413 5734 698 5799 Dominus,
728 5734 818 5804 qui
867 5743 1141 5809 supputari
1184 5759 1288 5796 non
1321 5755 1532 5812 potest:
1570 5750 1825 5818 multipli-

240 5844 260 5882 ι
297 5826 406 5884 cati
433 5836 556 5883 sunt
579 5844 738 5899 super
767 5831 1021 5900 locustas,
1060 5843 1113 5890 et
1141 5852 1247 5892 non
1276 5848 1355 5893 est
1382 5842 1458 5895 eis
1489 5859 1764 5898 numerus.
1799 5865 1816 5899 ι

1943 3381 1963 3414 ‹
2015 3363 2156 3418 dabo
2182 3377 2277 3417 eos
2307 3363 2360 3416 in
2391 3377 2585 3415 manus
2635 3363 2993 3431 qmerentium
3035 3362 3271 3415 animam
3325 3376 3535 3424 eorum,

1944 3471 1962 3505 ι
2008 3463 2061 3509 et
2120 3453 2176 3507 in
2228 3467 2422 3508 manus
2473 3451 2971 3508 Nabuchodonosor
3033 3451 3174 3521 regis
3221 3451 3531 3519 Babylonis,

1942 3563 1961 3596 ι
2006 3546 2140 3600 etin
2168 3561 2359 3599 manus
2388 3559 2669 3599 servorum
2713 3544 2847 3612 ejus.
2899 3564 2914 3594 ι
2971 3544 3225 3598 Visitabit
3271 3543 3532 3597 Dominus

1936 3649 2099 3704 super
2126 3636 2412 3705 tumultum
2441 3634 2801 3700 Alexandriae,
2832 3645 2886 3688 et
2909 3651 3069 3703 super
3096 3634 3456 3700 Pharaonem,
3482 3643 3536 3689 et

1937 3741 2098 3796 super
2125 3724 2438 3796 (Egyptum,
2470 3735 2526 3780 et
2562 3742 2725 3795 super
2756 3721 2885 3780 deus
2922 3724 3057 3793 ejus,
3089 3734 3142 3780 et
3171 3741 3334 3796 super
3379 3742 3532 3796 reges

1936 3819 2073 3888 ejus,
2107 3827 2238 3883 etc.,
2283 3836 2405 3873 cum
2456 3831 2677 3888 propter
2701 3830 2921 3889 peccata
2947 3821 3125 3889 populi
3151 3829 3203 3874 et
3228 3821 3534 3890 principum

1935 3910 2072 3978 ejus,
2121 3912 2314 3964 tradita
2347 3920 2429 3965 est
2452 3910 2717 3981 :Egyptus
2744 3953 2756 3974 ,
2808 3928 2927 3965 cum
2981 3921 3090 3967 tota
3124 3929 3318 3983 pompa
3351 3930 3445 3968 sua
3483 3924 3538 3968 ct

1937 4001 2170 4064 Cultura,
2191 4001 2242 4054 in
2263 4018 2454 4055 manus
2472 4001 2972 4057 Nabuchodonosor
2999 4008 3167 4071 regis,
3185 4013 3238 4058 et
3257 4003 3536 4058 Cllilltiil‘Ll'

1937 4106 2076 4153 rum,
2113 4092 2569 4160 quidiripuernnt
2594 4092 2795 4155 omnia,
2822 4101 2875 4147 et
2902 4101 3103 4145 statum
3130 4094 3278 4163 regni
3308 4094 3535 4162 dissipa—

1935 4190 2152 4236 verunt.
2201 4181 2349 4254 Illuic
2375 4183 2550 4239 simile
2571 4193 2654 4238 est
2686 4184 2815 4237 illud
2847 4185 2986 4252 quod
3048 4186 3098 4238 in
3141 4185 3274 4237 Isaia
3307 4185 3538 4253 legitur:

1941 4292 1958 4322 ‹
1997 4273 2060 4326 Et
2086 4274 2295 4326 tradam
2318 4273 2614 4343 (Egyptum
2664 4275 2716 4327 in
2746 4289 2936 4327 manus
2970 4274 3370 4329 dominatornm
3404 4293 3533 4329 cru-

1936 4367 2158 4427 delium,
2176 4376 2229 4420 et
2258 4382 2346 4421 rex
2376 4365 2529 4420 fortis
2551 4366 2919 4421 dominabitur
2943 4382 3156 4431 eorum,
3182 4368 3255 4420 ait
3273 4368 3534 4424 Dominus

1936 4457 2274 4511 exercituum
2309 4456 2443 4526 (Isa.
2470 4455 2606 4525 xix).
2648 4476 2664 4506 θ
2701 4456 2853 4521 Quod
2898 4465 3079 4511 tamen
3108 4457 3306 4528 duplici
3343 4458 3539 4512 intelli-

1937 4548 2118 4616 gentia
2151 4549 2319 4616 accipi
2343 4556 2540 4617 potest,
2567 4558 2626 4599 ut
2649 4547 3023 4601 Chaldaeorum
3057 4548 3263 4603 scilicet
3289 4559 3534 4618 tempore

1935 4642 2151 4710 quando
2182 4659 2211 4696 a
2261 4641 2760 4697 Nabuchodonosor
2777 4642 3047 4714 Egyptus
3096 4656 3397 4715 expugnata
3430 4658 3534 4710 est,

1933 4732 2018 4786 vel
2063 4733 2288 4786 Romani
2325 4733 2534 4802 imperii
2585 4734 2801 4802 quando
2861 4735 3096 4789 Antonio
3140 4735 3538 4806 Cleopatraque

1935 4827 2221 4895 superatis,
2288 4811 2562 4896 Augustus
2609 4827 2794 4880 Caesar
2850 4826 3148 4897 ngyptum
3207 4826 3531 4898 subjugavit.

1935 4921 2258 4990 Babylonios
2284 4921 2447 4977 fuisse
2492 4923 2733 4977 crudeles
2757 4925 2934 4978 omnis
2963 4923 3242 4993 Scriptura
3270 4934 3496 4978 testatur
3521 4946 3532 4980 :

1936 5014 2025 5082 qui
2054 5014 2291 5081 parvulis
2317 5031 2423 5069 non
2453 5017 2812 5082 pepercerint,
2843 5025 2894 5071 et
2926 5017 3037 5071 suis
3081 5032 3175 5071 eos
3199 5018 3397 5087 jaculis
3423 5019 3535 5071 vul-

1935 5106 2177 5159 nerarint
2203 5125 2214 5160 :
2245 5122 2342 5161 nec
2382 5109 2785 5177 prmgnanlibus
2824 5109 2933 5161 sint
2967 5109 3194 5163 miserti.
3226 5109 3529 5163 llmnanum

1936 5205 2114 5252 autem
2167 5215 2390 5270 regnum
2438 5199 2814 5266 fortissimum,
2868 5211 2923 5257 et
2961 5203 3209 5272 Danielis
3249 5203 3532 5271 Scriptura

1935 5296 2168 5343 testatur
2209 5290 2370 5358 (Dan.
2401 5291 2518 5356 vn),
2569 5307 2847 5360 exponens
2885 5305 3135 5362 quartam
3168 5296 3396 5350 bestiam
3430 5297 3529 5349 ha-

1935 5380 2149 5435 bentem
2200 5383 2386 5436 dentes
2426 5392 2480 5436 et
2523 5399 2730 5452 ungues
2778 5385 3005 5439 ferreos.

2014 5494 2031 5523 τ
2088 5475 2152 5526 Et
2193 5485 2313 5542 post
2342 5477 2456 5531 lucc
2484 5478 2818 5531 habitabitur
2856 5480 2994 5532 sicut
3035 5480 3222 5534 diebus
3267 5481 3528 5549 antiquis,

1942 5587 1958 5617 ι
2012 5568 2087 5619 ait
2123 5567 2404 5622 Dominus.
2446 5591 2461 5621 ι
2510 5570 2662 5636 Quod
2690 5571 2812 5623 licet
2846 5571 3094 5625 videatur
3139 5574 3410 5634 intimare,
3443 5590 3529 5628 re-

1934 5675 2095 5727 gmnn
2125 5661 2504 5730 .»Eg_vptiornm
2528 5678 2633 5715 non
2670 5664 2744 5716 ita
2773 5661 3267 5720 Nalmchodouostn'
3297 5684 3420 5736 rege
3445 5684 3530 5722 es-

1933 5769 1989 5806 se
2032 5754 2390 5817 destructum,
2449 5756 2589 5824 quod
2641 5756 2780 5809 ultra
2823 5762 3134 5828 recuperari
3179 5779 3281 5815 non
3332 5763 3525 5830 possit,

1931 5861 2051 5901 cum
2090 5857 2273 5914 postea
2337 5848 2406 5903 ibi
2461 5865 2614 5920 reges
2659 5866 2828 5919 usque
2883 5852 2948 5905 ad
3001 5853 3299 5925 Augustum
3349 5855 3499 5910 Caesa
