3952 6326
273 421 413 477 1109

1168 428 1527 488 EXPOSITIO
1567 432 1793 487 SUPER
1832 430 2196 491 JEREMIAM.
2239 466 2305 475 —-
2346 435 2473 487 LIB.
2513 433 2626 487 KV.

3388 426 3527 485 1110

266 548 491 591 carmen
513 537 630 607 ejus
649 538 784 609 (Ira.
807 546 942 610 xxv).
976 561 992 592 ι
1019 541 1357 598 Philistbaaos
1386 553 1587 608 autem,
1612 552 1670 597 ut
1689 558 1852 613 supra
1878 545 1931 603 Α
1956 547 2009 599 in
2035 548 2231 601 caelum
2261 545 2634 600 ascensionem
2656 558 2852 607 meam,
2891 541 2982 612 qui
3018 554 3147 595 voco
3175 554 3346 610 aquas
3368 541 3533 593 maris

267 624 506 683 diximus
538 628 1171 702 Palatstinosusigniﬁcat,
1204 650 1337 703 quos
1366 634 1695 701 alienigenas
1735 635 1850 687 vul—

264 726 389 785 gata
439 719 627 773 scribit
669 721 853 787 editio,
900 737 1023 777 cum
1052 723 1155 778 hoc
1194 738 1301 778 non
1348 725 1508 779 unius
1536 725 1730 794 gentis,
1755 723 1849 777 sed

264 807 512 862 omnium
555 819 901 865 externarum
954 814 1191 883 gentium
1241 810 1561 868 vocabulum
1610 813 1703 867 sit.
1750 811 1847 875 Ne,

266 897 463 967 inquit,
494 900 693 958 lzeteris
720 918 752 957 ο
775 894 1109 968 Philisthzea,
1136 918 1201 959 ne
1233 904 1458 960 insultes
1482 905 1678 975 populo
1706 919 1849 968 meo,

266 988 411 1057 quod
442 993 776 1063 percussoris
807 993 883 1049 tui
914 996 1097 1049 Achaz
1118 995 1267 1065 virga
1297 994 1574 1050 confracta
1594 996 1682 1059 sit,
1710 996 1851 1064 quod

265 1079 515 1148 baculus,
561 1082 653 1153 qui
698 1093 750 1139 te
795 1083 959 1147 ferire
1003 1085 1194 1143 solitus
1218 1094 1355 1151 erat,
1392 1085 1639 1139 videatur
1682 1092 1853 1139 morte

268 1164 751 1246 contritus,quod
802 1176 1020 1231 coluber
1067 1176 1407 1241 interfectus,
1449 1191 1547 1246 pro
1576 1176 1679 1230 hoc
1708 1177 1850 1230 enim

269 1264 555 1320 nocentior
597 1267 845 1321 nascitur
885 1267 1147 1322 Ezechias
1192 1267 1430 1336 regulus,
1478 1280 1638 1336 quem
1679 1264 1851 1321 Graeci

267 1364 467 1408 vocant
490 1351 808 1426 βασιλίσκω,
852 1357 943 1427 qui
974 1367 1027 1413 te
1056 1372 1153 1411 suo
1178 1366 1399 1425 aspectu
1442 1356 1753 1420 interﬁciat,
1798 1364 1855 1410 et

266 1442 463 1511 spiritu
512 1445 623 1499 oris
674 1443 905 1500 occidat.
957 1444 1177 1501 Portam
1206 1454 1365 1499 vocat
1391 1461 1490 1515 pro
1528 1444 1634 1502 his.
1662 1444 1753 1513 qui
1798 1444 1851 1497 in

268 1545 429 1602 porta
457 1543 602 1603 sunt,
639 1544 692 1589 et
738 1534 1010 1592 civitatem
1052 1551 1150 1605 pro
1178 1534 1573 1591 habitatoribus
1594 1535 1849 1596 civitatis,

265 1638 685 1695 sermonemque
731 1622 917 1695 dirigit
964 1626 1032 1680 ad
1072 1625 1234 1680 urbes
1274 1625 1683 1679 Palrestinorum
1713 1624 1854 1691 quod

266 1709 471 1777 ejulare
516 1710 766 1777 debeant,
792 1694 1065 1784 etilugere
1108 1710 1411 1768 venientem
1454 1694 1851 1777 Seunaclterib,

264 1809 323 1855 et
350 1803 609 1857 torrentis
632 1800 790 1858 modo
818 1812 1009 1859 cuncta
1041 1813 1363 1859 vastantem.
1397 1802 1508 1858 Sub
1550 1817 1677 1871 rege
1708 1802 1849 1857 enim

265 1887 501 1947 Ezecltia
545 1895 695 1947 venit
738 1894 995 1965 Assyrius
1043 1896 1187 1950 inter
1236 1904 1461 1950 czeteras
1513 1893 1760 1947 nationes
1800 1885 1929 1946 etB

266 1985 499 2039 vastavit
533 1984 895 2051 Philisthaeos,
928 1985 996 2040 ad
1036 2001 1172 2056 quos
1209 2002 1352 2041 nunc
1388 1984 1654 2040 Jeremias
1678 1983 1853 2052 loqui-

266 2085 359 2131 tur
391 2094 402 2129 :
458 2097 475 2128 ι
509 2078 649 2133 Ecce
682 2094 836 2149 aqua:
870 2077 1167 2135 ascendent
1203 2080 1268 2133 ab
1297 2076 1569 2149 aquilone,
1597 2086 1653 2131 et
1692 2086 1852 2133 erunt

265 2154 424 2234 quasi
456 2174 669 2221 torrens
704 2167 994 2233 inundans,
1024 2174 1080 2221 et
1099 2168 1345 2237 aperient
1370 2176 1569 2221 terram
1604 2175 1661 2221 et
1684 2164 1855 2235 pleni-

272 2260 541 2314 tudinem!
576 2259 730 2329 ejus,
770 2262 957 2315 urbem
1006 2268 1062 2314 et
1109 2260 1440 2314 habitatores
1492 2254 1653 2312 illius.
1709 2277 1727 2307 ι
1773 2255 1853 2311 ΑΙ)

267 2351 522 2420 aquilone
570 2352 713 2407 enim
762 2352 911 2405 venit
952 2351 1246 2422 Assyrius,
1292 2358 1345 2404 et
1382 2351 1447 2406 de
1501 2347 1620 2418 ejus
1659 2347 1854 2402 ardore

262 2442 619 2512 egredientur
640 2440 867 2497 Niniven
889 2452 944 2495 et
972 2443 1217 2498 nationes
1239 2449 1462 2497 caeteras
1483 2440 1849 2510 subjugantes.

263 2532 348 2588 Eo
385 2542 625 2601 tempore
652 2548 760 2602 quo
786 2534 901 2588 haec
930 2535 1286 2599 canebantur,
1319 2532 1499 2588 fumus
1527 2531 1854 2588 ascendebat

261 2624 324 2681 in
346 2625 639 2691 excelsum,
668 2626 720 2681 id
750 2635 853 2691 est,
885 2642 1069 2681 rumor
1089 2628 1146 2681 in
1177 2626 1386 2697 populis
1409 2625 1711 2697 vagabatur
1753 2638 1851 2694 per

259 2716 509 2774 ordinem
562 2727 878 2773 cunctarum
927 2719 1163 2781 urbium,
1207 2718 1489 2773 thnices
1543 2730 1756 2786 quoque
1799 2724 1855 2770 et

262 2807 580 2865 Palastinos
626 2824 747 2863 esse
781 2810 1090 2863 vastandos.
1133 2808 1257 2864 Sive
1286 2824 1439 2879 aqua:
1487 2808 1852 2863 ascendebant

261 2901 422 2971 quasi
489 2910 702 2955 torrens
760 2900 1027 2954 inundans
1056 2941 1069 2964 ,
1132 2901 1203 2954 et'
1233 2898 1551 2969 aperiebant
1602 2907 1850 2958 terram,

264 2991 485 3059 quando
520 2991 700 3060 populi
738 2990 1087 3059 Assyriorum
1117 2999 1172 3044 et
1194 3004 1380 3059 eorum
1405 2989 1497 3057 qui
1530 3002 1711 3043 secum
1734 2986 1850 3041 fue-

266 3090 413 3145 rant,
444 3082 643 3151 impctu
678 3080 856 3135 valido
893 3080 1327 3150 conquassabant
1352 3088 1573 3135 terram
1613 3078 1853 3133 Palazsti-

264 3187 460 3226 norum
489 3190 501 3224 :
537 3170 686 3227 Unde
710 3181 765 3226 et
795 3172 1063 3241 sequitur.

1954 636 2243 691 et'eflundo
2280 650 2373 690 eas
2404 647 2567 705 super
2605 632 2799 687 faciem
2829 640 3005 695 terrai,
3048 629 3199 700 cujus
3230 645 3427 685 nomen
3452 638 3537 689 εει

1954 726 2231 789 Dominus,
2259 726 2349 795 qui
2388 732 2603 780 creator
2631 737 2750 777 sum
2792 722 3053 787 omnium,
3086 729 3310 775 cunctas
3349 728 3535 793 gentes

1954 818 2020 873 dc
2048 818 2237 873 eodem
2262 816 2392 868 ﬁnxi
2423 815 2557 879 luto,
2600 821 2655 869 et
2678 812 2870 889 aequali
2896 820 3042 869 sorte
3070 810 3343 883 generavi.
3375 808 3537 865 Deni-

1955 921 2058 979 que
2101 904 2447 979 JEthiopes,
2474 902 2811 967 Palzestinos,
2854 900 3041 972 Syros,
3089 910 3249 970 atque
3294 898 3532 960 Judaeos,

1956 996 2217 1049 distantes
2270 994 2403 1048 locis
2440 978 2607 1062 atque
2658 992 2976 1063 corporibus
3027 990 3369 1047 mortalitatis
3420 989 3533 1063 lege

1956 1086 2180 1149 sociavi,
2216 1094 2271 1139 et
2310 1100 2412 1155 pro
2442 1085 2670 1139 arbitrio
2701 1098 2820 1138 meo
2858 1098 3044 1138 servos
3072 1098 3220 1137 meos
3252 1083 3357 1136 huc
3385 1079 3527 1134 illuc-

1955 1190 2060 1245 que
2086 1184 2379 1237 commuto,
2400 1182 2454 1227 et
2479 1173 2758 1228 universas
2780 1172 3088 1243 provincias
3117 1169 3409 1232 transfero,
3440 1182 3537 1221 nec

1955 1264 2226 1335 crigimiui
2258 1263 2313 1317 in
2341 1262 2669 1332 superbiam,
2705 1262 2849 1332 quod
2879 1255 2984 1316 vos
3001 1262 3067 1316 de
3085 1256 3319 1331 Ailgypto
3344 1257 3537 1313 eduxe-

1956 1354 2084 1416 rim,
2128 1361 2182 1407 et
2210 1353 2363 1421 quasi
2391 1351 2720 1420 peculiarem
2763 1350 3018 1420 populum
3050 1364 3228 1404 meum
3268 1346 3536 1402 Pharaoni

1957 1445 2159 1500 servire
2207 1459 2313 1497 non
2341 1458 2533 1511 passus
2562 1457 2677 1497 sum
2718 1458 2729 1494 :
2763 1442 2868 1497 hoc
2894 1441 3035 1495 idem
3079 1438 3178 1494 feci
3208 1446 3263 1492 et
3296 1435 3538 1491 Palaesti-

1956 1536 2062 1599 nis,
2093 1549 2230 1603 quos
2261 1533 2611 1603 Septuaginta
2646 1532 2966 1601 alienigenas
2997 1528 3420 1590 transtulerunt,
3448 1526 3538 1595 qui

1956 1626 2219 1681 llebraice
2260 1624 2598 1694 appellantur
2624 1630 2822 1686 m3,
2867 1630 2929 1675 ut
2966 1618 3317 1675 transferrem
3346 1632 3439 1671 eos
3475 1618 3540 1671 de

1955 1717 2294 1789 Cappadocia
2324 1724 2377 1770 et
2422 1716 2472 1768 in
2510 1715 2807 1769 Palaestinae
2842 1710 3150 1783 regionibus
3193 1708 3535 1765 collocarent.

1959 1812 2124 1883 Syros
2149 1827 2386 1880 quoque,
2430 1811 2479 1863 id
2504 1818 2607 1875 est,
2635 1816 2811 1867 nam
2841 1805 3087 1862 transtuli
3118 1807 3183 1859 de
3211 1803 3443 1874 Cyrene,
3474 1817 3537 1857 cx

1957 1918 2063 1974 quo
2092 1903 2215 1972 quia
2246 1901 2439 1970 aequali
2470 1884 2777 1954 conditione
2798 1906 2921 1953 sunt
2947 1896 3095 1959 facti,
3120 1894 3308 1971 mquali
3335 1892 3541 1962 judicio

1958 2007 2077 2047 mea
2116 1990 2385 2045 sententia
2416 1989 2725 2057 punientur,
2767 1994 2818 2042 et
2867 1985 3048 2040 omnia
3089 1985 3293 2053 absque
3333 1982 3535 2036 discre-

1958 2084 2104 2139 tione
2133 2096 2490 2152 personarum
2519 2081 2679 2149 impia
2714 2093 2877 2149 regna
2908 2079 3241 2132 subvertam.

2033 2193 2050 2223 ι
2089 2172 2249 2226 Venit
2295 2170 2567 2225 calvitium
2610 2184 2769 2239 super
2814 2169 3039 2232 Gazam,
3081 2166 3342 2221 conticuit
3370 2165 3531 2219 Asea‘

1962 2282 1980 2314 σ
2026 2263 2137 2326 lon,
2185 2269 2236 2313 et
2265 2260 2484 2330 reliqua:
2512 2259 2679 2315 valles
2709 2274 2918 2313 earum.
2961 2280 2978 2310 ι
3012 2256 3157 2313 Gaza
3204 2268 3261 2311 et
3308 2254 3534 2310 Ascalon

1956 2354 2227 2423 quondam
2274 2352 2436 2405 urbes
2472 2349 2621 2405 fuere
2658 2348 2979 2413 Palaestinae,
3026 2347 3091 2402 de
3122 2346 3358 2417 quinque
3394 2346 3543 2399 urbi-

1956 2442 2055 2497 bus
2076 2440 2522 2495 Philisthinorum
2546 2438 2849 2508 praecipuis.
2875 2436 3020 2493 Gaza
3046 2436 3191 2491 enim
3210 2443 3328 2490 erat
3349 2434 3545 2489 civitas

1956 2531 2307 2597 Hevazorum,
2347 2531 2400 2589 in
2430 2545 2535 2600 qua
2578 2530 2891 2584 habitavere
2921 2526 3266 2598 Cappadoces
3302 2524 3545 2595 pristinis

1957 2606 2261 2679 cultoribus
2290 2619 2607 2675 interfectis.
2656 2621 2810 2689 Apud
2853 2627 3066 2673 veteres
3112 2624 3230 2672 erat
3277 2616 3542 2671 terminus

1956 2710 2386 2768 Chananazorum
2408 2707 2560 2777 juxta
2592 2698 2903 2777 Egyptum,
2930 2692 3313 2776 ceciditquein
3344 2712 3546 2761 sortem

1956 2802 2130 2857 tribus
2158 2800 2329 2863 Judze,
2363 2800 2456 2856 sed
2480 2800 2599 2855 eam
2634 2808 2818 2854 tenere
2859 2814 2962 2853 non
3003 2797 3195 2867 potuit,
3247 2798 3372 2867 quia
3405 2796 3546 2851 Ena-

1954 2891 2125 2955 chim,
2143 2891 2195 2945 id
2218 2900 2302 2945 est
2322 2890 2566 2961 gigantes
2590 2888 2997 2959 Allophylorum
3018 2886 3311 2941 fortissime
3331 2870 3546 2941 restité

1958 2992 2105 3037 runt.
2136 2984 2203 3037 Et
2234 2993 2315 3037 est
2340 2998 2513 3051 usque
2550 2982 2709 3037 hodie
2740 2981 2964 3050 insignis
2991 2980 3185 3035 civitas
3220 2975 3542 3037 Palaestinae.

1959 3075 2419 3141 Quaeriturautem
2434 3072 2705 3143 quomodo
2726 3072 2779 3125 in
2799 3070 3029 3141 quodam
3054 3066 3314 3141 propheta
3340 3064 3549 3125 dica’tir

1959 3166 2103 3222 Gaza
2133 3167 2310 3221 futura
2336 3167 2389 3221 in
2412 3153 3111 3235 tumulum'scmpiternum.
3140 3158 3293 3231 Quod
3320 3158 3547 3216 solvitur

346 3281 366 3314 ‹
410 3261 730 3319 Clamabunt
761 3228 1025 3327 homines,
1055 3271 1107 3317 et
1130 3260 1355 3317 ululabit
1378 3262 1554 3317 omnis
1577 3228 1928 3317 habitatar‘3
1962 3259 2033 3313 ita
2080 3277 2092 3312 :
2138 3258 2386 3326 Antiquae
2432 3230 2685 3311 civitatis!
2715 3228 2893 3309 locum
2932 3252 3018 3307 vix
3071 3228 3545 3307 fundamentorum

272 3374 295 3408 ι
344 3364 501 3410 ιρι-ηε
533 3371 561 3407 a
599 3354 829 3423 strepitu
874 3369 1082 3424 pompm
1108 3370 1385 3409 armorum
1435 3362 1489 3407 et
1531 3351 1851 3408 bellatorum

273 3466 295 3497 ‹
340 3446 474 3517 ejus,
514 3462 543 3501 a
590 3443 953 3503 commotione
981 3442 1365 3515 quadrigarum
1406 3443 1543 3514 ejus,
1576 3452 1631 3498 et
1657 3459 1686 3497 a
1721 3443 1855 3497 mul-

273 3555 295 3589 ι
341 3537 569 3591 titudine
614 3545 857 3591 rotarum
907 3535 1070 3589 illius.
1104 3534 1220 3589 Non
1270 3543 1625 3605 respexerunt
1672 3545 1854 3603 patres

278 3645 297 3678 ι
343 3626 481 3680 ﬁlios
506 3626 757 3681 manibus
784 3624 1077 3685 dissolutis,
1112 3639 1210 3693 pro
1242 3624 1477 3679 adventu
1508 3614 1634 3687 diei,
1669 3624 1720 3677 in
1749 3639 1855 3692 quo

273 3734 296 3767 ι
341 3715 643 3770 vastabitur
662 3714 836 3768 omnis
856 3713 1207 3777 Philisthiim,
1231 3721 1285 3767 et
1307 3712 1659 3783 dissipabitur
1679 3712 1855 3783 Tyrus

273 3824 294 3857 ι
338 3814 389 3859 et
443 3806 607 3860 Sidon
658 3820 781 3859 cum
828 3804 1077 3859 omnibus
1128 3802 1348 3874 reliquis
1391 3803 1605 3859 auxiliis
1666 3804 1796 3859 suis.
1831 3824 1849 3855 ι

266 3896 563 3968 (Miletius)
593 3895 821 3952 Grandis
872 3893 1015 3951 enim
1046 3886 1279 3951 ululatus
1328 3906 1484 3951 terrae
1525 3897 1852 3951 Philisthiim

262 3985 453 4052 fuerit,
482 3988 698 4058 quando
734 3988 1023 4056 unicuique
1061 4003 1206 4042 mors
1248 3988 1587 4051 imminebat,
1630 4004 1730 4043 nec
1760 3981 1854 4042 ulli

264 4078 424 4135 licuit
455 4078 677 4133 alterius
703 4092 891 4132 curam
919 4092 1129 4148 gerere,
1157 4094 1279 4133 eum
1319 4076 1493 4133 hostis
1524 4079 1577 4133 in
1615 4076 1856 4149 singulo-

264 4185 388 4226 rum
410 4184 542 4226 nece
563 4169 933 4241 grassabatur,
961 4178 1015 4222 et
1038 4170 1292 4240 strepitus
1318 4185 1592 4223 armorum
1616 4178 1669 4224 et
1692 4164 1854 4224 bella-

264 4269 447 4317 torum
477 4260 592 4332 ejus
624 4269 785 4330 atque
823 4256 1207 4333 quadrigarum
1256 4259 1465 4315 sonitus
1512 4274 1697 4315 vocem
1739 4258 1855 4329 plo-

266 4356 503 4410 rantium
550 4362 835 4424 superaret
876 4354 930 4407 in
974 4353 1206 4409 adventu
1249 4351 1353 4407 diei
1391 4368 1498 4423 quo
1540 4349 1857 4407 vastabatur

263 4446 446 4505 omnis
471 4445 814 4500 Philisthiim.
842 4440 995 4512 Quod
1021 4447 1200 4499 autem
1221 4442 1381 4499 dicit:
1404 4440 1604 4515 Tyrum
1626 4452 1679 4498 et
1701 4440 1857 4498 Sido-

262 4557 391 4599 nem
422 4542 473 4595 in
502 4540 687 4594 eadem
718 4536 869 4591 clade
890 4536 1178 4605 dissipatas
1206 4549 1221 4587 :
1256 4528 1493 4589 ostendit
1518 4531 1665 4603 ipsas
1690 4534 1854 4588 urbes

264 4631 337 4687 ad
364 4630 772 4685 Palaastiuorum
802 4626 1073 4696 pertinere
1106 4624 1439 4681 consortium
1474 4643 1485 4677 :
1514 4622 1644 4679 licet
1679 4620 1853 4695 Tyrus

264 4722 323 4777 in
358 4730 559 4777 sortem
589 4718 847 4775 ceciderit
868 4716 1040 4771 tribus
1066 4710 1432 4787 Nephthalim,
1464 4724 1519 4771 et
1552 4715 1718 4770 Sidon
1741 4726 1851 4771 ter-

265 4811 448 4867 minus
494 4810 921 4865 Chananaeorum
968 4810 1035 4863 ad
1089 4816 1289 4862 sortem
1338 4808 1634 4877 pertineret
1681 4806 1854 4861 tribus

266 4902 424 4963 Aser,
451 4900 545 4955 sed
574 4915 679 4954 non
706 4914 825 4955 eam
855 4897 1119 4969 possedit,
1151 4898 1278 4969 quia
1301 4898 1487 4953 hostes
1509 4910 1853 4968 nequaquam

266 4987 440 5045 valuit
468 4988 753 5056 expellere.

350 5097 369 5130 ι
414 5074 775 5147 Depopulatus
803 5084 886 5132 est
905 5076 1048 5131 enim
1078 5076 1337 5133 Dominus
1357 5076 1696 5144 Palmstlnos,
1731 5078 1857 5133 reli-

272 5169 431 5241 quias
462 5167 651 5223 insulm
680 5167 1051 5239 Cappadociae.
1091 5187 1110 5221 ι
1141 5167 1459 5223 Palaestinos
1480 5169 1547 5223 de
1576 5168 1859 5241 Cappado.

273 5261 361 5319 cia
384 5260 595 5316 venisse
622 5260 786 5316 Amos
829 5260 1088 5330 propheta
1118 5269 1364 5327 testatur,
1393 5261 1580 5316 dicens
1605 5276 1619 5315 :
1663 5279 1682 5313 σ
1706 5258 1859 5316 Nun-

276 5349 406 5423 quid
427 5366 534 5406 non
556 5358 617 5403 ut
640 5349 761 5406 ﬁlia:
782 5350 1096 5421 Ethiopum
1117 5366 1213 5406 vos
1233 5350 1365 5406 estis
1385 5350 1518 5405 mihi
1543 5349 1638 5405 lilii
1661 5348 1854 5416 lsrael,

277 5446 357 5501 ait
397 5444 695 5501 Dominus?
728 5445 966 5515 nunquid
994 5460 1101 5500 non
1130 5444 1293 5501 Israel
1320 5444 1613 5500 ascendere
1658 5441 1763 5499 feci
1792 5444 1859 5499 de

278 5544 426 5594 terra
452 5536 666 5607 [Egypti
693 5555 705 5589 :
732 5546 786 5593 et
808 5536 1124 5591 Palaestinos
1145 5537 1211 5591 de
1231 5527 1605 5606 Cappadocia;
1618 5545 1671 5591 et
1695 5534 1862 5607 Syros

222 5608 241 5625 ’
280 5626 349 5683 de
376 5625 648 5697 Cyrene?»
682 5625 881 5695 (Amos.
917 5626 1017 5695 Ix.)
1049 5624 1214 5695 Cujus
1238 5626 1341 5681 loci
1366 5626 1489 5682 talis
1514 5635 1595 5681 est
1618 5643 1808 5681 sensus
1846 5646 1856 5679 :

281 5713 396 5787 Ego
446 5715 705 5769 Dominus
746 5717 885 5770 Deus
928 5718 1265 5786 omnipotens
1311 5732 1470 5787 quem
1521 5717 1683 5771 celari
1730 5718 1859 5771 nihil

281 5810 484 5879 potest,
520 5806 613 5880 qui
641 5814 800 5878 tango
842 5815 1041 5863 terram
1082 5816 1136 5864 et
1167 5807 1491 5873 movebitur,
1524 5809 1615 5879 qui
1654 5811 1860 5866 aediﬁco

1958 3350 2203 3422 prmbere
2232 3347 2461 3417 vestigia
2493 3364 2506 3399 :
2538 3346 2679 3401 hanc
2705 3344 2885 3401 autem
2911 3358 3032 3415 quae
3057 3357 3200 3398 nunc
3229 3342 3471 3405 cernitur
3494 3342 3547 3397 in

1960 3442 2065 3497 alio
2111 3441 2228 3496 loco
2269 3453 2370 3511 pro
2404 3437 2518 3502 illa,
2552 3451 2671 3506 qua:
2714 3436 2939 3501 corruit,
2981 3433 3321 3491 aediﬁcatam.
3355 3430 3460 3487 Sed
3496 3441 3549 3488 et

1958 3533 2187 3587 Ascalon
2232 3532 2361 3585 urbs
2401 3528 2597 3585 nobilis
2640 3526 2961 3592 Palaestina,
3002 3542 3122 3597 quae
3160 3535 3216 3582 et
3246 3527 3369 3596 ipsa
3412 3525 3550 3581 anti-

1958 3628 2141 3695 quitus
2176 3640 2281 3677 una
2312 3624 2416 3677 fuit
2453 3622 2520 3677 de
2564 3623 2801 3694 quinque
2844 3620 3076 3691 satrapis
3103 3604 3543 3691 'Allophylorum,

1958 3725 2207 3789 separata
2230 3716 2445 3785 quidem
2471 3728 2569 3786 per
2594 3722 2796 3771 sortem
2824 3712 2984 3769 tribui
3032 3711 3202 3778 Iudae,
3234 3727 3333 3768 nec
3364 3721 3543 3767 tamen

1960 3816 2173 3867 retenta
2218 3809 2301 3863 ab.
2326 3822 2411 3872 ea,
2462 3807 2589 3877 quia
2620 3806 2954 3863 habitatores
3002 3803 3119 3875 ejus
3148 3819 3407 3876 superare
3437 3819 3546 3861 non

1957 3900 2152 3972 potuit.
2190 3900 2363 3970 Super
2390 3900 2488 3954 has
2538 3898 2787 3954 civitates
2819 3896 2967 3955 venit
2996 3896 3272 3953 calvitium
3324 3904 3379 3952 et
3418 3896 3549 3950 taci-

1937 3992 2194 4047 «turnitas
2241 3992 2510 4057 maxima,
2560 3993 2689 4062 quia
2738 3990 2983 4061 spoliata:
3029 3999 3157 4049 sunt
3193 3990 3450 4060 operibus
3498 4000 3554 4043 et

1960 4084 2155 4138 robore
2178 4082 2319 4137 virili
2362 4084 2610 4152 privatte.
2653 4082 2886 4154 Ideoque
2926 4083 3161 4141 cessavit
3211 4080 3279 4136 ab
3322 4081 3402 4138 eis
3448 4095 3549 4135 vox

1960 4175 2159 4245 gaudii,
2192 4181 2246 4228 et
2272 4189 2376 4231 vox
2405 4174 2624 4238 laetitiae,
2652 4175 3127 4249 perseyeravitque
3155 4189 3276 4228 cum
3304 4174 3385 4228 eis
3414 4187 3550 4229 moe-

1958 4278 2051 4317 ror
2077 4265 2385 4320 continuus.
2418 4264 2475 4319 lu
2512 4264 2713 4320 ultione
2732 4275 2911 4321 autem
2938 4281 3099 4336 quam
3126 4268 3391 4337 propheta
3418 4281 3553 4337 prae-

1953 4355 2095 4410 dixit
2132 4370 2293 4427 super
2342 4354 2656 4411 Palzestinos
2685 4364 2740 4410 et
2780 4358 2942 4411 urbes
2987 4357 3125 4427 ejus,
3168 4356 3404 4413 futuram
3435 4358 3545 4426 pla-

1954 4462 2081 4523 gam
2144 4444 2454 4515 signiﬁcat,
2515 4462 2634 4517 quae
2688 4455 3079 4516 superventura
3147 4456 3231 4504 est
3280 4449 3543 4503 haereticis

1962 4546 2124 4607 atque
2169 4536 2549 4600 schismaticis,
2583 4545 2640 4592 et
2677 4539 2885 4592 cunctis
2929 4538 3177 4592 hostibus
3221 4543 3421 4591 sanctae
3451 4537 3545 4591 Dei

1961 4625 2238 4690 Ecclesiae,
2265 4625 2357 4694 qui
2380 4640 2479 4695 pro
2505 4640 2570 4679 eo
2598 4625 2742 4695 quod
2767 4624 3014 4679 ﬁdelibus
3034 4623 3241 4681 Christi
3271 4625 3548 4679 wnfesso-

1958 4718 2113 4772 ribus
2157 4724 2597 4787 praeparaverunt
2633 4715 2885 4782 insidias,
2915 4716 3263 4789 ingesserunt
3298 4715 3459 4782 bella,
3496 4726 3551 4770 et

1963 4813 2244 4867 incentore
2285 4810 2500 4867 diabolo
2551 4809 2720 4865 multa
2760 4809 3060 4866 intulerunt
3098 4809 3544 4880 persecutionum

1960 4916 2181 4973 genera,
2212 4900 2279 4955 ad
2304 4908 2610 4956 extremum
2638 4901 2737 4971 ipsi
2768 4901 3011 4957 hostibus
3050 4902 3334 4956 tradentur
3364 4902 3549 4957 saevis-

1962 4993 2136 5057 simis,
2165 4999 2219 5046 et
2244 4992 2425 5061 potius
2464 4992 2820 5062 subjicientur
2857 4993 3150 5064 perpetuis.
3182 4992 3549 5065 interpretan—

1957 5092 2047 5139 tur
2070 5083 2215 5139 enim
2236 5078 2533 5144 Philisthaei
2553 5085 2824 5150 cadentes,
2855 5085 3029 5157 Tyrus
3063 5085 3345 5157 angustia,
3376 5084 3546 5142 Sidon

1958 5173 2193 5239 venatio,
2241 5173 2474 5230 Ascalon
2520 5174 2686 5248 ignis,
2729 5173 2874 5231 Gaza
2920 5174 3181 5233 fortitudo
3226 5174 3364 5245 ejus.
3416 5174 3547 5247 Quae

1957 5265 2143 5321 omnia
2164 5266 2304 5323 bene
2330 5266 2657 5321 conveniunt
2686 5266 3006 5322 antichristo
3041 5274 3097 5321 et
3118 5266 3379 5323 membris
3404 5264 3544 5335 ejus,

1960 5356 2052 5428 qui
2068 5370 2167 5426 per
2189 5356 2495 5426 superbiam
2517 5356 2573 5411 in
2612 5357 2941 5427 apostasiam
2962 5355 3187 5422 cadens,
3218 5356 3271 5409 in
3297 5354 3545 5427 angustia

1965 5448 2164 5502 mentis
2212 5450 2490 5503 restitando
2535 5448 2876 5503 venationem
2927 5457 3145 5504 exercet
3196 5446 3251 5501 in
3297 5446 3542 5503 mundo:

1965 5546 2231 5605 quatenus
2262 5552 2613 5607 quoscunque
2642 5539 2814 5607 possit
2845 5539 2909 5592 de
2950 5538 3195 5593 Ecclesia
3226 5536 3429 5593 Christi
3460 5551 3548 5590 ra,-

1962 5629 2149 5696 piatet
2173 5629 2482 5711 interficiat.
2519 5627 2682 5695 Cujus
2730 5628 2989 5683 fortitudo
3018 5627 3159 5699 ignis
3194 5635 3278 5681 est
3308 5625 3549 5691 infamis,

1965 5717 2067 5769 hoc
2095 5724 2196 5777 est,
2235 5714 2675 5782 concupiscentia
2704 5715 2956 5770 carnalis.
2988 5712 3142 5769 Unde
3170 5713 3226 5768 in
3271 5712 3408 5765 libro
3450 5711 3551 5766 Job

1966 5810 2040 5864 ita
2067 5807 2261 5879 legitur
2292 5824 2305 5860 ;
2345 5826 2361 5856 ί
2404 5804 2588 5861 Virtus
2610 5808 2725 5880 ejus
2747 5808 2801 5863 in
2834 5806 3031 5862 lumbis
3058 5806 3193 5881 ejus.
3224 5812 3278 5864 et
3312 5810 3551 5880 potestas
