3952 6310
454 382 631 473 illi)

1090 383 1150 439 Β.
1186 380 1435 440 RABANI
1474 378 1690 461 MAURI
1725 380 2041 440 ARCHIEP.
2085 381 2389 441 MOGUNT.
2428 384 2709 443 OPERUM
2746 383 2924 442 PARS
2963 387 3049 441 IlI.

3543 384 3682 442 “l2

453 502 505 554 in
533 496 787 555 umbilico
813 497 958 569 (Job.
983 498 1091 571 ιι).
1132 516 1152 551 ι
1184 497 1289 554 Per
1316 498 1590 555 libidinem
1626 496 1770 552 enim
1814 496 2011 552 mentis
2036 501 2089 559 Α
2118 516 2137 550 ι
2182 499 2273 553 Va:
2300 514 2461 568 super
2487 500 2655 565 Nabo,
2692 502 2945 570 quoniam
2989 508 3199 556 vastata
3231 509 3313 558 est
3338 508 3393 557 et
3430 496 3678 569 confusa,

448 591 747 646 carnalium
784 592 982 657 exurit,
1027 599 1083 647 et
1118 606 1216 661 per
1261 591 1667 647 fornicationem
1704 604 1798 645 eos
1842 590 2009 645 inter—

446 682 596 747 fecit,
630 682 725 737 sed
745 682 800 736 in
830 682 1337 750 novissimojudicio
1363 681 1578 738 Domini
1618 681 1723 737 iste
1746 695 1867 735 cum
1898 679 2011 735 suis

448 771 771 839 sequacibus
824 770 1208 841 dissipabitur,
1270 784 1393 825 cum
1460 770 1709 825 omnibus
1738 768 2013 834 ,videlicet

447 861 857 917 auxiliatoribus
892 861 1024 927 suis,
1056 871 1111 916 et
1138 863 1191 916 in
1231 870 1494 917 tartarum
1520 860 1716 915 inferni
1756 859 1813 914 in
1854 869 2013 915 aeter-

446 966 576 1006 num
605 951 925 1006 cruciandus
952 952 1391 1021 praecipitabitur.

521 1059 541 1093 ι
591 1038 876 1111 Usquequo
900 1041 1251 1097 concideris?.
1271 1041 1314 1097 Ο
1341 1055 1525 1096 mucro
1554 1039 1786 1104 Domini,
1815 1050 2014 1109 usque-

450 1154 470 1189 ι
517 1150 624 1205 quo
652 1150 759 1191 non
802 1135 1069 1205 quiescis?
1106 1134 1388 1205 Ingredere
1432 1134 1486 1187 in
1528 1134 1778 1205 vaginam
1827 1140 2009 1199 tuam,

450 1243 471 1276 ι
512 1224 831 1295 refrigerare
857 1232 911 1278 et
930 1225 1047 1280 sile.
1084 1244 1102 1276 ι
1138 1224 1292 1280 Hunc
1326 1237 1635 1278 mucronem
1656 1222 1808 1291 juxta
1844 1219 2012 1275 histo-

444 1323 581 1377 riam
618 1321 1107 1377 Nabuchodonosor
1134 1334 1415 1389 possumus
1459 1319 1776 1389 intelligere,
1816 1314 1906 1387 qui
1954 1314 2011 1369 in

443 1413 670 1467 diversis
694 1412 938 1482 gentibus
983 1410 1275 1466 vindictam
1318 1412 1413 1465 ine
1453 1408 1662 1464 Domini
1709 1407 2010 1477 permissus

441 1502 703 1563 exercuit.
732 1500 826 1557 Cui
860 1502 1021 1555 etiam
1053 1515 1149 1569 per
1184 1500 1522 1555 Ezechielem
1545 1497 1785 1552 dicitur:
1824 1512 1843 1546 ι
1896 1493 2011 1549 Mu-

442 1611 557 1661 cro,
602 1611 806 1660 mucro,
848 1595 1073 1665 evagiua
1101 1603 1171 1648 te.
1189 1595 1256 1647 ad
1296 1590 1670 1655 occidendum,
1699 1588 1828 1641 lima
1871 1595 1923 1641 te
1950 1592 2013 1639 ut

442 1685 755 1749 interficias,
788 1692 845 1739 et
883 1683 1084 1755 fulgeas
1124 1698 1246 1737 cum
1289 1682 1387 1736 tibi
1432 1673 1743 1735 viderentur
1778 1692 1917 1732 vana
1954 1683 2011 1731 et

439 1776 815 1830 divinarentur
848 1772 1127 1827 mendacia
1155 1789 1168 1825 :
1199 1781 1258 1825 ut
1284 1770 1502 1837 ,dareris
1540 1784 1701 1838 super
1729 1766 1865 1825 colla
1893 1764 2010 1819 vul-

438 1873 748 1921 neratorum
780 1863 1094 1932 impiorum,
1124 1877 1350 1931 quorum
1374 1860 1523 1915 venit
1552 1858 1667 1914 dies
1689 1859 1744 1914 in
1768 1867 2007 1926 tempore

438 1956 736 2025 iniquitatis
757 1953 1042 2023 praefinita,
1086 1962 1356 2007 revertere
1390 1951 1455 2004 ad
1489 1949 1734 2019 vaginam
1765 1957 1911 2001 tuam
1949 1947 2005 2002 in

436 2045 610 2100 locum
656 2045 709 2098 in
738 2058 845 2112 quo
893 2052 1108 2098 creatus
1151 2057 1244 2107 es,
1283 2040 1338 2095 in
1384 2048 1526 2095 terra
1562 2038 1862 2095 nativitatis
1902 2045 2005 2091 tua:

430 2137 685 2208 judicabo
730 2145 813 2201 te,
864 2144 920 2191 et
963 2134 1231 2189 eﬂ'undam
1280 2148 1441 2203 super
1486 2140 1541 2189 te
1584 2130 2005 2199 indignationem

436 2242 612 2293 meam
640 2226 853 2297 (Ezech.
880 2226 1015 2296 xm).
1061 2244 1079 2275 ›
1112 2223 1280 2293 Hujus
1312 2222 1591 2279 sententiae
1617 2220 1737 2275 talis
1761 2228 1844 2274 est
1883 2234 2005 2274 sen-

434 2332 526 2372 sus
560 2336 573 2370 :
605 2317 649 2371 0
680 2333 774 2370 rex
795 2315 1101 2385 Babylonis,
1132 2314 1226 2383 qui
1258 2313 1312 2367 in
1346 2327 1550 2367 rnorem
1582 2311 1873 2375 mucronis,
1908 2323 2004 2362 seu

434 2407 843 2477 gladiiparatus
874 2419 932 2459 es
964 2404 1030 2458 ad
1058 2404 1281 2467 caedem,
1319 2402 1410 2471 qui
1451 2402 1671 2454 limatus
1698 2413 1779 2462 es,
1807 2406 1864 2451 ut
1895 2396 2001 2450 l‘ul-

433 2514 561 2570 geas
583 2507 637 2552 et
674 2496 991 2559 interficias,
1032 2495 1157 2548 licet
1180 2492 1278 2547 tibi
1308 2491 1449 2546 idola
1489 2478 1866 2559 reSponderint
1889 2526 1905 2551 ,
1950 2494 2007 2540 et

433 2604 629 2643 vanum
666 2588 736 2641 sit
763 2602 921 2640 omne
954 2584 1096 2653 quod
1135 2599 1165 2636 a
1195 2582 1527 2638 daemonibus
1567 2576 2001 2647 responderetur,

431 2689 490 2733 ut
517 2678 762 2733 videlicet
801 2676 1204 2729 vulneratorum
1244 2670 1542 2728 cervicibus
1589 2670 1920 2732 immineres,
1949 2676 2001 2721 et

429 2786 529 2840 per
572 2778 624 2823 te
659 2768 1033 2837 compleretur,
1074 2765 1215 2835 quod
1257 2763 1425 2820 multo
1464 2761 1721 2815 Dominus
1762 2769 2003 2829 tempore

430 2860 607 2914 fuerat
631 2859 1009 2921 comminatus,
1040 2866 1217 2910 tamen
1258 2852 1474 2923 expleto
1510 2864 1671 2921 opere
1704 2858 1814 2913 tuo,
1860 2848 2005 2917 quod

428 2949 584 3018 egisti
630 2956 817 3002 contra
868 2947 1005 3001 ﬁlios
1047 2946 1256 3008 Amen,
1319 2950 1591 2997 revertere
1639 2942 1706 2995 ad
1752 2939 2001 3008 vaginam

429 3049 601 3103 tuam,
640 3039 691 3093 id
713 3047 818 3103 est,
846 3038 899 3092 in
936 3036 1263 3106 Babylonem
1295 3035 1361 3087 ad
1387 3034 1564 3089 locum
1591 3032 1645 3084 in
1684 3046 1793 3100 quo
1825 3030 2003 3082 factus

428 3146 489 3187 es
524 3138 581 3185 et
604 3137 840 3194 creatus,
869 3136 927 3182 ut
952 3128 1005 3181 in
1038 3134 1181 3181 terra
1212 3124 1510 3181 nativitatis
1540 3112 1644 3177 tua:
1660 3121 1897 3191 judicem
1922 3128 1997 3185 te,

429 3229 484 3276 et
507 3218 777 3275 eﬂundam
812 3233 981 3287 super
1016 3226 1068 3270 te
1096 3216 1519 3284 indignationem
1558 3226 1755 3276 meam,
1806 3219 1860 3266 et
1891 3210 1998 3265 Me-

428 3310 620 3365 dorum
680 3317 844 3377 atque
904 3306 1193 3361 Persarum
1253 3305 1450 3359 virtute
1510 3304 1764 3373 capiaris.
1838 3301 1997 3359 Juxta

424 3402 674 3475 ἀναγογήν
714 3414 839 3454 vero
868 3398 1101 3469 gladium
1146 3406 1359 3452 acutum
1400 3405 1752 3465 paratumque
1799 3395 1866 3449 ad
1896 3409 2000 3449 CIB-

427 3491 550 3546 dem
578 3490 821 3557 accipere
857 3504 1143 3557 possumus
1186 3488 1476 3552 diabolum,
1522 3487 1587 3543 de
1616 3503 1722 3557 quo
1750 3488 1826 3541 ait
1860 3485 1999 3541 Pau-

426 3582 512 3636 lus
554 3600 565 3634 :
615 3600 632 3633 ‹
680 3579 916 3634 Tradere
963 3580 1328 3649 hujuscemodi
1368 3578 1577 3635 Satanae
1620 3578 1677 3632 in
1724 3578 1998 3639 interitum

426 3673 629 3739 carnis,
658 3680 717 3727 ut
742 3672 959 3742 spiritus
984 3671 1162 3726 salvus
1191 3672 1283 3725 ﬁat
1310 3670 1361 3742 (Ι
1408 3671 1528 3725 Cor.
1556 3672 1630 3742 v).
1662 3690 1679 3724 ι
1717 3671 1783 3725 Et
1812 3672 1866 3726 in
1894 3670 1999 3725 alio

426 3766 587 3821 loco:
624 3782 642 3814 ‹
677 3763 993 3833 Hymenaeus
1037 3773 1091 3819 et
1133 3763 1435 3817 Alexander
1482 3778 1615 3833 quos
1664 3762 1855 3819 tradidi
1904 3761 2001 3817 Sa-

425 3864 587 3919 tanae,
618 3866 678 3908 ut
712 3853 921 3908 discant
952 3869 1059 3907 non
1099 3852 1475 3920 blasphemare
1502 3850 1555 3921 (Ι
1584 3851 1717 3906 Tim.
1758 3852 1817 3922 ι).
1856 3872 1873 3905 ι
1932 3851 1999 3906 Et

428 3946 482 3999 in
512 3943 739 3997 Psalmis
786 3942 1045 4011 scriptum
1086 3952 1168 3997 est
1204 3960 1215 3993 :
1265 3960 1283 3992 ι
1326 3940 1467 3996 Misit
1503 3939 1738 3995 furorem
1773 3951 1829 3996 et
1860 3941 1999 3997 iram

430 4046 483 4091 et
530 4035 855 4105 angustiam,
903 4034 1289 4087 immissionem
1328 4048 1424 4101 per
1476 4034 1692 4103 angelos
1736 4034 1999 4101 pessimos

427 4123 600 4196 (Psal.
630 4121 856 4192 LXXVII.)
888 4142 905 4174 ι
935 4120 1333 4190 Obstupescens
1357 4136 1484 4191 ergo
1515 4123 1775 4191 prepheta
1805 4122 1998 4176 nimie-

425 4221 593 4266 tatem
620 4211 886 4273 vindictae,
930 4226 1048 4279 quae
1078 4210 1449 4279 peccatoribus
1494 4219 1881 4279 superventura
1918 4218 2002 4266 est

426 4317 493 4356 ex
523 4317 753 4372 persona
786 4301 1188 4366 suﬂ'erentium,
1222 4310 1276 4356 et
1314 4302 1620 4357 dolentium
1653 4302 1889 4371 loquitur
1917 4284 2001 4357 'ad

430 4393 663 4463 gladium
713 4393 931 4447 ultionis
976 4393 1209 4456 Domini,
1267 4401 1321 4446 et
1380 4394 1677 4463 interrogat
1720 4410 1999 4463 usquequo

427 4484 806 4553 progrediatur
836 4498 851 4537 :
892 4499 990 4539 cur
1016 4498 1121 4537 non
1151 4491 1327 4538 cesset
1364 4484 1651 4553 aliquando
1690 4485 1755 4540 ab
1784 4485 2000 4541 ultionis
2025 4512 2079 4572 D
2107 4490 2297 4556 ritalis,
2338 4489 2502 4545 Israel
2546 4490 2744 4545 dicitur
2779 4481 2850 4544 de
2886 4486 3092 4545 carnali
3140 4504 3152 4541 :

428 4573 603 4651 plaga.
634 4572 714 4625 Ad
744 4572 885 4639 quod
914 4572 1027 4640 ipse
1049 4574 1309 4642 propheta
1340 4574 1638 4643 respondit,
1666 4576 1849 4629 dicens
1875 4594 1887 4630 :

503 4682 520 4712 ι
559 4660 837 4727 Quomodo
868 4660 1111 4730 quiescet
1144 4676 1268 4717 cum
1306 4663 1563 4719 Dominus
1600 4666 1917 4734 praeceperit
1946 4668 1997 4722 ei

432 4765 453 4800 ι
499 4750 783 4805 adversum
834 4749 1181 4816 Ascalonem,
1243 4758 1299 4805 et
1354 4752 1639 4809 adversum
1697 4756 2000 4812 maritimas

430 4862 452 4895 ‹
496 4842 613 4911 ejus
657 4845 924 4913 regiones,
968 4844 1147 4913 ibique
1192 4846 1491 4901 condixerit
1528 4847 1606 4901 illi
1636 4846 1704 4902 ad
1743 4847 1933 4903 Moab?
1974 4869 1993 4901 ι

429 4930 675 4987 Ostendit
723 4934 936 5003 quoque
975 4938 1117 4992 unde
1169 4938 1461 5003 vindictam
1516 4932 1999 5008 patiantur,°quia

428 5021 667 5089 peccatis
692 5020 803 5074 suis
827 5022 1110 5079 Dominum
1145 5027 1212 5080 ad
1239 5026 1574 5081 iracundiam
1604 5038 1962 5097 provocantes
1980 5070 1995 5095 ,

431 5109 592 5164 talem
623 5113 944 5169 sententiam
965 5116 1237 5185 suscipere
1264 5127 1599 5191 meruerunt,
1621 5132 1719 5173 nec
1748 5120 2002 5188 possibile

431 5216 550 5255 esse
580 5218 904 5272 quemquam
926 5206 1139 5276 plagam
1168 5206 1467 5263 immissam
1512 5218 1849 5275 convertere,
1895 5210 1999 5263 nisi

432 5292 687 5347 Dominus
717 5294 957 5363 placatus
977 5294 1165 5365 jubeat
1197 5313 1314 5352 eam
1344 5313 1441 5353 suo
1480 5299 1705 5369 imperio
1735 5304 1801 5357 ab
1834 5302 2002 5355 inter-

430 5380 661 5439 latione
712 5402 929 5442 reorum
979 5404 1209 5445 cessare.
1248 5391 1475 5461 Jamque
1522 5402 1641 5462 post
1686 5395 1999 5452 Palaestinos

431 5487 609 5530 sermo
638 5475 849 5532 Domini
872 5477 941 5532 ad
968 5477 1121 5533 Moab
1154 5497 1247 5550 per
1278 5484 1595 5551 prophetam
1621 5484 1888 5555 dirigitur.

957 5570 1181 5627 CAPUT
1239 5575 1463 5629 XLVIII.

538 5660 723 5716 Sermo
766 5663 975 5718 Domini
1006 5675 1185 5719 contra
1220 5667 1371 5719 Moab
1404 5681 1447 5721 (ιι
1484 5672 1715 5723 civitates
1752 5672 1885 5739 ejus.

512 5772 529 5803 ε
578 5753 700 5811 llaec
745 5756 871 5813 dicit
920 5759 1174 5814 Dominus
1223 5762 1550 5815 exercituum
1604 5762 1743 5817 Deus
1791 5764 1991 5820 Israel:

2118 611 2139 645 ς
2179 600 2335 661 capta
2359 600 2443 647 est
2470 592 2869 659 Cariatbiarim,
2891 592 3109 648 contum
3138 603 3223 649 est
3258 594 3435 659 fortis,
3472 600 3529 649 et
3551 609 3683 650 con-

2118 704 2139 737 r
2184 685 2421 738 tremuit.
2447 682 2563 739 Non
2589 695 2673 740 est
2709 685 2850 741 ultra
2878 686 3165 741 exsultatio
3189 686 3247 741 in
3277 686 3458 753 Moab,
3489 696 3682 742 contra

2118 794 2137 829 ‹
2178 775 2387 831 Esebon
2420 777 2791 847 cogitaverunt
2820 776 3039 831 malum.
3068 776 3261 832 Venite
3295 784 3352 830 et
3392 777 3681 849 disperda-

2118 886 2138 920 ι
2180 883 2299 923 mus
2319 882 2438 922 eam
2465 868 2530 923 de
2554 877 2731 939 gente.
2755 868 2896 940 Ergo
2918 868 3083 923 silens
3108 866 3464 933 conticesces,
3490 882 3684 937 seque-

2117 979 2136 1012 ι
2180 969 2269 1015 tur
2294 968 2348 1015 te
2374 961 2602 1032 gladius.
2634 958 2745 1016 Vox
2774 960 3028 1015 clamoris
3057 961 3122 1016 de
3141 958 3421 1023 Oronaim,
3453 960 3686 1015 vastitas

2118 1070 2136 1105 ‹
2178 1061 2233 1107 et
2260 1053 2514 1109 contritio
2533 1066 2745 1122 magna.
2775 1051 3019 1107 Contrita
3049 1058 3132 1105 est
3161 1050 3337 1117 Moab,
3366 1048 3687 1105 annuntiate

2118 1160 2137 1195 ‹
2181 1143 2468 1199 clamorem
2488 1141 2723 1211 parvulis
2749 1141 2883 1211 ejus.
2915 1140 3021 1195 Per
3043 1154 3323 1196 ascensum
3356 1141 3501 1195 enim
3522 1136 3685 1193 Luith

2118 1251 2137 1285 ‹
2182 1228 2421 1303 plorans,
2454 1232 2708 1289 ascendet
2745 1234 2799 1287 in
2828 1233 2955 1288 ﬂetu
2990 1250 3005 1287 :
3036 1232 3293 1303 quoniam
3325 1232 3381 1285 in
3420 1230 3685 1286 descensu

2118 1342 2137 1375 ‹
2180 1322 2433 1379 Oronaim
2464 1324 2649 1378 hostes
2678 1322 2939 1379 ululatum
2961 1321 3303 1380 contritionis
3323 1320 3633 1375 audierunt.
3655 1337 3678 1371 ι

2112 1412 2400 1483 (ΜΑωιυε.)
2446 1401 2701 1468 Praedicit
2741 1428 2869 1483 ergo
2902 1411 3057 1485 juxta
3100 1410 3385 1467 historiam
3423 1410 3685 1465 vastatio-

2111 1516 2234 1559 nem
2266 1502 2681 1572 Babyloniorum
2721 1500 3067 1573 super'Moab
3102 1508 3409 1565 venturam,
3440 1508 3496 1555 et
3524 1512 3686 1569 super

2109 1594 2271 1649 urbes
2294 1593 2409 1661 ejus
2452 1593 2679 1663 inclytas
2718 1610 2731 1647 :
2772 1600 2837 1650 ut
2871 1592 2997 1662 quia
3034 1593 3219 1647 hostes
3249 1591 3467 1646 fuerunt
3504 1587 3687 1659 populi

2108 1676 2225 1749 Dei,
2268 1692 2323 1739 et
2364 1684 2419 1738 in
2464 1683 2734 1741 derisione
2774 1697 2986 1750 semper
3032 1695 3154 1736 eum
3188 1681 3518 1746 habuerunt,
3558 1680 3688 1749 ipsa:

2108 1778 2272 1832 etiam
2318 1778 2606 1831 devastata:
2644 1774 2855 1846 caneris
2896 1774 3204 1831 nationibus
3248 1772 3306 1827 in
3330 1772 3567 1827 derisum
3593 1770 3687 1825 ﬁe-

2033 1839 2081 1899 B
2108 1873 2249 1921 rent.
2283 1864 2436 1920 Unde
2462 1865 2517 1919 in
2557 1839 2903 1935 sequentibus
2930 1863 3165 1917 dicitur:
3201 1879 3220 1913 (
3256 1861 3381 1917 Fuit
3410 1860 3556 1915 enim
3588 1858 3687 1913 tibi

2107 1956 2163 2010 in
2190 1953 2424 2010 derisum
2451 1954 2631 2017 Israel,
2666 1954 2818 2023 quasi
2854 1954 2995 2009 inter
3022 1952 3167 2008 fures
3189 1952 3486 2024 reperisses
3514 1965 3637 2005 eum
3666 1965 3682 2002 :

2104 2054 2326 2115 propter
2347 2046 2513 2099 verba
2536 2044 2681 2098 enim
2706 2053 2819 2109 tua,
2856 2058 2976 2113 quae
3010 2044 3269 2099 adversus
3299 2042 3447 2096 illum
3476 2041 3687 2097 locutus

2106 2150 2183 2200 es,
2224 2134 2465 2204 captivus
2494 2133 2725 2188 duceris.
2775 2154 2794 2185 ι
2842 2131 3040 2188 Contra
3083 2131 3345 2187 Moabitas
3387 2144 3604 2199 quoque
3632 2137 3688 2183 et

2105 2226 2271 2283 Isaias
2296 2226 2350 2279 in
2381 2224 2516 2279 libro
2558 2240 2655 2279 suo
2682 2222 2936 2292 loquitur,
2985 2220 3210 2277 dicens:
3248 2238 3275 2270 τ
3303 2218 3492 2273 Murus
3532 2216 3685 2272 Moab

2105 2315 2385 2380 conticuit,
2426 2316 2668 2369 ascendit
2718 2314 2907 2369 domus
2946 2321 3001 2367 et
3038 2312 3212 2366 Dibon
3263 2311 3329 2365 ad
3379 2310 3592 2366 excelsa
3632 2309 3684 2364 in

2103 2408 2400 2479 planctum,
2424 2420 2586 2474 super
2612 2403 2761 2458 Nabo
2796 2412 2852 2458 et
2877 2417 3039 2473 super
3069 2401 3292 2457 Medeba
3335 2399 3491 2454 Moab
3519 2397 3687 2452 ulula-

2104 2498 2183 2551 vit
2218 2495 2350 2567 (Isa.
2382 2495 2522 2564 xvi),
2557 2515 2574 2546 ι
2609 2506 2663 2549 et
2690 2504 2906 2549 caetera.
2946 2492 3102 2548 M‘oab
3124 2506 3251 2546 vero
3292 2490 3573 2560 provincia
3606 2498 3687 2545 est

2105 2588 2365 2653 Arabum,
2402 2574 2461 2639 in
2496 2602 2600 2657 qua
2628 2586 2730 2639 fuit
2763 2584 2891 2640 Bale
2926 2585 3071 2640 Illius
3108 2584 3268 2650 Beor,
3293 2584 3386 2653 qui
3430 2580 3685 2655 conduxit

2106 2678 2332 2733 ariolum
2372 2676 2591 2731 Balaam
2635 2677 2703 2732 de
2750 2676 3172 2747 Mesopotamia,
3220 2684 3283 2729 ut
3336 2672 3685 2728 malediceret

2103 2772 2289 2827 tsi-celi
2314 2770 2502 2841 (Num.
2538 2770 2690 2839 xxv),
2738 2768 2831 2824 ubi
2871 2768 3115 2823 initiatus
3154 2776 3242 2825 est
3277 2766 3510 2836 populus
3539 2762 3685 2819 Beel-

2104 2866 2329 2934 phegor.
2358 2861 2679 2917 Naboeuim
2710 2861 2902 2916 civitas
2937 2868 3056 2915 erat
3083 2858 3281 2917 nobilis
3320 2860 3373 2913 in
3418 2872 3523 2927 qua
3549 2857 3688 2911 Cha-

2104 2971 2223 3010 mos
2264 2955 2462 3010 idolum
2512 2960 2886 3009 consecratum
2925 2959 3047 3008 erat
3064 2974 3084 3016 ,·
3122 2951 3267 3020 quod
3310 2949 3417 3004 alio
3466 2947 3686 3003 nomine

2104 3045 2400 3115 appellatur
2425 3044 2773 3115 Beelphegor.
2808 3042 2873 3096 Et
2896 3041 3107 3098 Esebon
3129 3040 3259 3096 urbs
3285 3039 3387 3094 fuit
3415 3038 3686 3109 quondam

2104 3137 2245 3192 Seon
2283 3126 2432 3207 regis
2466 3136 2927 3198 Amorrhaaorum,
2965 3134 3030 3189 de
3070 3147 3173 3201 qua
3234 3132 3373 3207 idem
3417 3128 3697 3185 Jeremias‘

2104 3228 2220 3282 ait:
2252 3247 2273 3278 ἰ
2324 3203 2467 3295 Ignis
2511 3239 2758 3294 egressus
2787 3231 2872 3279 est
2918 3222 2983 3277 de
3020 3221 3252 3285 Esebon,
3277 3203 3335 3273 et
3377 3217 3599 3272 ﬂumina
3622 3207 3688 3271 de

2104 3317 2281 3373 medio
2320 3314 2646 3397 Seonr(Sup.
2677 3314 2845 3384 xuv.)
2888 3334 2906 3366 ι
2946 3314 3106 3368 Luith
3134 3313 3278 3367 enim
3316 3311 3383 3366 de
3413 3323 3519 3379 quo
3545 3306 3685 3361 nune

2104 3407 2363 3477 propheta
2388 3405 2541 3469 dicit,
2579 3423 2596 3455 ‹
2627 3418 2725 3472 per
2747 3417 3031 3458 ascensum
3063 3400 3226 3455 Luith
3254 3399 3475 3469 plorans
3496 3412 3686 3451 ascen-

2102 3496 2193 3552 det
2220 3496 2274 3550 in
2310 3494 2457 3561 lletu,
2495 3514 2512 3546 ι
2540 3493 2885 3564 intelligimus
2916 3507 3036 3547 esse
3064 3492 3261 3547 clivum
3296 3489 3508 3545 itineris
3536 3485 3681 3556 quod

2104 3589 2331 3643 deducet
2354 3586 2422 3640 ad
2455 3585 2723 3656 Assyrios,
2758 3594 2814 3640 et
2843 3600 2939 3652 per
2968 3583 3073 3637 hoc
3106 3581 3477 3652 captivitatem
3511 3577 3681 3646 signi-

2104 3679 2279 3744 ﬁcari,
2309 3677 2566 3747 quoniam
2611 3677 2664 3730 in
2706 3676 2969 3731 descensu
2997 3673 3253 3729 Oronaim
3292 3671 3479 3726 hostes
3510 3666 3686 3725 ulula-

2104 3779 2221 3825 tum
2247 3751 2587 3826 contritioriis
2617 3768 2920 3823 audierunt.
2962 3765 3206 3837 Longum
3232 3771 3316 3819 est
3350 3762 3396 3817 si
3427 3760 3591 3816 velim
3622 3759 3690 3815 de

2103 3859 2328 3931 singulis
2355 3859 2559 3925 dicere,
2587 3872 2710 3913 cum
2736 3856 3081 3927 perspicuum
3116 3855 3209 3920 sit,
3251 3851 3337 3905 vel
3376 3852 3593 3905 urbium
3631 3850 3687 3905 in

2102 3951 2278 4017 Moab,
2328 3951 2413 4005 vel
2465 3951 2706 4005 locorum
2757 3962 2877 4003 esse
2922 3945 3164 4011 nomina,
3210 3959 3330 4013 quae
3372 3942 3687 3998 defecerunt

2103 4042 2572 4112 transmigrantes.
2616 4038 2895 4106 Quomodo
2932 4036 3271 4093 circumcisio
3306 4045 3391 4090 est
3428 4032 3685 4099 carnalis,

2103 4143 2184 4189 est
2210 4142 2262 4189 et
2288 4124 2545 4202 spiritalis
2573 4148 2587 4185 :
2626 4140 2680 4185 et
2702 4130 2767 4185 de
2790 4128 3019 4199 spiritali
3041 4128 3109 4181 ab
3142 4124 3398 4196 Apostolo
3435 4124 3633 4179 dicitur
3670 4138 3683 4177 ε

2110 4242 2127 4275 ί
2165 4223 2273 4278 Nos
2301 4223 2444 4277 enim
2468 4237 2655 4276 sumus
2678 4218 3038 4283 circumcisio,
3060 4218 3150 4286 qui
3178 4216 3370 4287 spiritu
3392 4212 3491 4269 Dei
3521 4212 3689 4269 servi-

2102 4328 2246 4377 mus,
2272 4308 2328 4366 et
2352 4312 2645 4382 gloriamur
2672 4311 2728 4365 in
2752 4308 2980 4364 Domino
3005 4317 3061 4362 et
3080 4322 3187 4362 non
3210 4306 3263 4360 in
3298 4320 3466 4360 carne
3514 4303 3685 4359 conli-

2102 4402 2280 4457 dimus
2310 4399 2474 4471 (Phil.
2502 4400 2617 4469 nr);
2650 4420 2668 4451 ›
2711 4407 2763 4454 et
2788 4413 3006 4453 rursum
3029 4398 3098 4451 ad
3136 4395 3539 4452 distinctionem
3581 4394 3689 4464 spi-

3206 4504 3225 4539 ι
3283 4486 3478 4541 Videte
3522 4484 3688 4539 Israel

2106 4581 2400 4638 secundum
2442 4596 2697 4646 carnem,
2745 4588 2801 4634 et
2839 4595 2937 4634 vos
2980 4588 3167 4649 gentes
3203 4579 3259 4632 in
3301 4592 3485 4634 carne.
3538 4596 3557 4629 ι
3596 4574 3689 4631 Sic

2107 4673 2261 4729 Moab
2287 4673 2631 4743 accipiendus
2658 4680 2742 4726 est
2787 4670 3126 4741 spiritaliter,
3165 4669 3258 4739 qui
3295 4670 3686 4739 interpretatur

2104 4766 2170 4819 de
2210 4774 2355 4835 patre
2401 4764 2513 4820 sive
2543 4781 2680 4835 aqua
2706 4772 2947 4835 paterna,
2982 4764 3047 4816 de
3084 4760 3292 4816 incesto
3326 4768 3383 4816 et
3418 4760 3687 4815 ebrietate

2109 4864 2428 4923 conceptus,
2481 4858 2624 4925 quod
2674 4852 3068 4923 quodammodo
3122 4853 3381 4918 absente,
3433 4853 3543 4907 imo
3590 4865 3688 4908 ne-

2108 4947 2310 5000 sciente
2358 4953 2511 5014 patre
2551 4945 2824 4998 videretur
2876 4957 2996 4997 esse
3040 4929 3347 5011 generatus.
3398 4940 3457 4995 In
3501 4941 3687 4996 multis

2111 5037 2508 5107 Scripturarum
2552 5037 2685 5091 locis
2718 5036 2785 5091 de
2817 5034 2974 5089 Moab
2999 5034 3229 5104 legimus
3257 5042 3313 5088 et
3354 5021 3600 5087 maxime
3627 5034 3684 5088 in

2110 5127 2466 5183 Numerorum
2518 5128 2785 5183 volumine
2819 5126 3009 5187 (Num.
3053 5126 3215 5195 x-xn,)
3261 5125 3480 5195 quando
3517 5124 3685 5181 Balac

2108 5237 2203 5277 rex
2244 5221 2597 5276 Moabitarum
2632 5220 2700 5274 ad
2730 5219 3157 5276 maledicendum
3186 5217 3406 5272 Balaam
3436 5212 3686 5271 invitavit

2108 5311 2349 5373 ariolum,
2383 5312 2473 5381 qui
2522 5312 2663 5366 inter
2700 5319 2894 5365 caetera
2940 5312 3043 5366 hoc
3091 5309 3252 5364 etiam
3290 5318 3482 5365 contra
3527 5308 3685 5365 Moab

2107 5404 2391 5474 mysticum
2420 5384 2758 5472 prophetavit
2785 5422 2797 5455 :
2837 5420 2855 5452 ‹
2900 5404 3118 5457 Orietur
3148 5402 3300 5456 stella
3332 5417 3399 5456 ex
3431 5400 3597 5455 Jacob
3624 5407 3686 5456 et

2107 5502 2393 5563 consurget
2445 5494 2603 5546 homo
2658 5494 2721 5545 de
2768 5492 2963 5556 Israel,
2993 5500 3048 5546 et
3094 5492 3365 5560 percutiet
3406 5491 3685 5561 principes

2110 5585 2276 5637 Moab.
2320 5605 2335 5634 ι
2390 5583 2668 5652 Signiﬁcat
2703 5593 2881 5636 autem
2914 5581 3067 5636 Moab
3096 5580 3413 5649 sapientiam
3458 5577 3681 5634 saecula-

2110 5694 2253 5739 rem,
2303 5678 2367 5729 de
2420 5692 2523 5743 qua
2578 5676 2833 5729 Dominus
2886 5675 3119 5743 loquitur
3172 5688 3268 5741 per
3311 5673 3674 5742 prophetam:

2113 5794 2125 5815 κ
2188 5768 2413 5822 Perdant
2468 5769 2783 5841 sapicuti_am
2838 5766 3187 5837 sapientium,
3238 5774 3292 5819 et
3336 5763 3677 5834 prudentiam
