3952 6388
203 397 353 452 1115

1119 398 1484 462 EXPOSITIO
1523 403 1748 462 SUPER
1783 400 2148 468 JEREMIAM.
2187 444 2259 456 —
2295 413 2421 472 LIB.
2463 415 2578 475 XV.

3322 430 3460 491 MM

192 532 550 600 prudentium
575 534 873 604 reprobabo
909 533 1042 606 (Isa.
1070 553 1199 591 nix
1228 555 1244 604 ;
1275 537 1303 591 I
1331 538 1452 593 Cor.
1497 540 1566 612 i);
1608 562 1626 594 ι
1663 557 1756 610 qua

1891 541 1907 575 t
1948 523 2288 592 sacriﬁcium
2314 531 2424 586 Deo
2445 533 2667 603 spiritus
2693 537 3107 608 contribulatus,
3139 558 3237 600 cor
3259 546 3460 603 contri-

191 624 334 694 quia
357 633 635 695 auctorem
662 627 745 681 sui
780 640 995 682 sensum
1023 627 1207 703 habet,
1247 630 1338 700 qui
1373 643 1439 683 ex
1469 631 1563 686 Dei
1594 633 1782 687 condi-

190 713 354 770 tione
372 723 683 785 generatur,
714 717 929 771 videtur
949 718 1164 785 quidem
1181 720 1244 773 de
1265 730 1417 787 patre
1442 722 1612 786 nasci,
1638 721 1782 790 quod

191 807 591 877 interpretatur
620 808 774 863 Moab
800 848 816 872 ,
849 808 941 864 sed
972 810 1098 878 quia
1127 811 1338 866 adulter
1380 822 1462 867 est
1499 822 1553 868 et
1589 814 1781 869 adver-

187 900 379 956 sarius
420 899 600 971 populi
641 899 758 965 Dei,
790 898 856 954 de
891 899 1100 956 incesto
1141 912 1194 957 et
1233 903 1489 971 spelunca
1526 921 1590 959 ac
1621 915 1780 960 nocte

188 1003 512 1061 generatur.
565 990 719 1047 Unde
748 992 1004 1048 in'nocte
1031 994 1195 1063 perit,
1249 995 1305 1048 in
1354 1010 1542 1051 errore
1569 996 1778 1051 scilicet

187 1063 531 1151 sempiterno
557 1098 569 1134 :
601 1088 659 1134 et
686 1079 928 1151 Egyptii
960 1082 1016 1136 in
1045 1083 1182 1136 mari
1210 1081 1395 1139 Rubro
1445 1084 1626 1156 vigilia
1664 1101 1778 1140 ma—

187 1173 394 1238 tutina,
443 1187 562 1242 qua:
612 1181 936 1228 nocturnum
987 1166 1200 1243 tempus
1238 1175 1496 1240 ostendit,
1527 1176 1777 1232 ﬂuctibus

185 1261 376 1317 obruti
411 1271 572 1318 sunt:
614 1269 667 1316 et
688 1261 788 1315 Lot
829 1262 884 1315 in
920 1260 1170 1318 Sodomis
1221 1266 1775 1333 nocte:pereuntihus

185 1353 345 1407 venit
372 1353 424 1406 in
453 1351 641 1422 Segor,
677 1361 731 1406 et
757 1360 913 1406 ortus
942 1358 1025 1406 est
1065 1353 1113 1407 ei
1153 1354 1233 1408 sol
1269 1353 1420 1425 (Gen.
1451 1356 1588 1423 xxx).
1622 1354 1776 1420 Quod

186 1442 502 1514 intelligens
550 1442 610 1495 Β.
651 1441 942 1510 Apostolus
993 1443 1181 1498 scribit
1236 1445 1300 1498 de
1355 1431 1556 1499 sanctis
1613 1455 1774 1514 atque

183 1528 452 1601 perfectis
488 1530 538 1602 (I
587 1530 764 1585 Thess;
816 1532 870 1603 v)
905 1551 917 1585 :
954 1551 973 1585 ‹
1005 1532 1122 1589 Νοιι
1158 1551 1344 1592 sumus
1383 1537 1557 1592 noctis
1600 1533 1774 1606 ireque

182 1627 558 1692 tenebrarum,
581 1627 892 1684 sed‘sumus
916 1627 1009 1684 ﬁlii
1041 1629 1155 1684 Dei.
1189 1632 1292 1696 Qui
1316 1633 1460 1687 enim
1501 1614 1772 1688 dormiunt

179 1726 350 1772 nocte
403 1717 708 1785 dormiunt,
762 1728 816 1773 et
870 1719 962 1789 qui
1023 1720 1361 1776 inebriantur
1416 1731 1574 1778 nocte
1634 1724 1770 1777 ebrii

177 1817 333 1863 sunt.
373 1831 391 1862 ι
419 1806 528 1865 Nos
564 1812 838 1882 enim,qui
862 1812 969 1868 diei
995 1829 1212 1881 sumus,
1243 1815 1526 1885 vigilemus
1547 1827 1566 1870 ':
1599 1818 1770 1872 induti

175 1897 411 1954 loricam
448 1901 596 1967 ﬁdei,
625 1911 679 1956 et
700 1895 1002 1960 ch'aritatis.
1046 1905 1114 1958 Et
1139 1908 1267 1974 quia
1301 1915 1513 1961 noctem
1540 1907 1770 1977 relique-

175 1999 287 2054 rat,
328 2000 384 2046 et
411 1992 551 2048 ﬁlius
584 1994 678 2048 Dei
700 2009 820 2050 esse
851 1994 966 2063 jam
997 2002 1258 2065 coeperat,
1298 1998 1535 2068 loquitur
1562 2001 1628 2055 ad
1652 2015 1769 2056 ere.

173 2085 376 2138 dentes
408 2102 422 2138 :
452 2104 470 2137 ί
519 2084 634 2141 Nox
663 2089 958 2156 przecessit,
999 2088 1113 2144 dies
1147 2098 1325 2144 autem
1368 2093 1766 2162 appropinqua-

173 2175 279 2230 bit.
314 2175 477 2243 Quasi
512 2178 564 2231 in
586 2179 674 2232 die
707 2194 831 2234 cum
864 2180 1147 2235 honestate
1184 2182 1540 2247 ambulemus,
1571 2171 1680 2236 non
1713 2183 1767 2237 in

171 2267 665 2323 eomessationibus
691 2279 747 2324 et
774 2271 1146 2337 ebrietatibus,
1182 2288 1286 2326 non
1320 2274 1373 2326 in
1416 2274 1682 2328 cubilibus
1713 2284 1769 2329 et

169 2355 392 2411 luxuria
424 2357 594 2428 (Rom.
628 2361 772 2429 xm).
802 2381 833 2431 Δι¹
855 2361 1092 2418 Pereunt
1119 2371 1298 2417 autem
1327 2375 1485 2420 nocte
1519 2365 1766 2421 Moabita:

166 2446 326 2515 juxta
377 2427 589 2514 lsaiam,
643 2427 737 2517 qui
756 2427 924 2505 dicit:
981 2471 1001 2501 ε
1064 2451 1229 2508 Nocte
1280 2463 1488 2509 vastata
1530 2466 1614 2512 est
1666 2459 1763 2523 Ar,

171 2535 336 2590 Moab
358 2537 617 2593 conticuit
645 2538 779 2609 (Isa.
821 2540 966 2611 xm).
1004 2561 1022 2592 ι
1060 2541 1194 2608 Quia
1238 2554 1397 2599 nocte
1434 2555 1644 2602 vastata
1684 2557 1768 2603 est

172 2647 398 2695 murus,
456 2631 610 2688 Moab
656 2635 934 2689 conticuit.
977 2636 1079 2703 Qui
1125 2637 1407 2700 dialectica
1461 2650 1578 2695 arte
1629 2656 1763 2696 con-

171 2729 420 2777 structus
437 2732 542 2788 est,
566 2723 618 2776 in
646 2724 835 2779 eadem
874 2734 1030 2781 nocte
1059 2737 1302 2784 vastatus
1331 2739 1432 2795 est,
1464 2740 1626 2800 atque
1674 2733 1766 2787 de-

171 2821 418 2868 structus
454 2830 465 2866 :
499 2821 554 2868 et
592 2821 795 2870 aeterna
835 2815 1191 2874 diuturnitate
1228 2821 1510 2876 conticuit.
1562 2821 1764 2877 Notan-

169 2902 307 2957 dum
333 2911 514 2981 autem
546 2906 673 2974 quia
706 2904 1284 2977 Nabo’interpretatur
1313 2912 1483 2966 sessio
1512 2911 1594 2966 vel
1636 2929 1761 2981 pro-

171 2980 382 3061 phetia'.
433 2992 814 3055 Cariathiarim
860 2997 1118 3065 'civitas,
1166 3000 1251 3054 vel
1304 2989 1431 3055 villa
1478 2980 1759 3057 silvarum.

170 3082 393 3138 Esebon
421 3085 793 3155 cogitationes.
825 3088 983 3143 Luith
1016 3105 1186 3159 genae.
1221 3087 1474 3148 Oronaim
1514 3095 1761 3150 foramen

1885 629 1998 676 tum
2023 632 2077 677 et
2104 616 2448 679 humiliatum
2475 627 2614 682 Deus
2649 644 2769 684 non-
2785 633 2992 700 spernit
3021 633 3192 705 (Paul.
3224 637 3301 710 ι..)
3324 657 3346 692 ι

1957 733 1975 765 ‹
2008 713 2226 795 Fugite,
2267 716 2473 772 salvate
2512 720 2720 774 animas
2754 732 2964 780 vestras
2994 742 3006 777 :
3039 733 3094 780 et
3121 727 3274 782 eritis
3299 729 3461 799 quasi

1882 805 2087 859 murice
2127 793 2186 859 in
2211 807 2456 889 deserto,
2497 827 2514 859 ι
2560 818 2614 864 et
2652 810 2878 881 reliqua.
2918 813 3170 871 Przedicit
3196 793 3468 889 propheta

1880 904 1938 949 ut
1967 895 2268 952 intereunte
2298 886 2452 954 Moab
2478 899 2768 957 Chaldaiea
2797 906 3117 974 vastatione,
3151 886 3461 981 quicunque

1881 987 2058 1043 salvus
2095 990 2212 1043 ﬁeri
2254 990 2420 1055 velit,
2455 991 2575 1046 inde
2616 993 2815 1063 fugiat,
2845 1004 2902 1050 et
2932 996 3107 1051 latitet
3133 998 3185 1051 in
3215 999 3458 1066 deserto,

1879 1080 2033 1149 quasi
2072 1082 2277 1136 murice
2312 1102 2324 1136 :
2356 1094 2486 1152 quae
2532 1085 2699 1139 arbor
2744 1094 2828 1140 est
2869 1089 3109 1144 humilis.
3135 1088 3461 1160 Spiritaliter

1879 1179 2058 1225 autem
2098 1172 2403 1243 quicunque
2433 1173 2561 1229 velit
2586 1175 2822 1251 animam
2850 1192 3001 1233 suam
3025 1179 3228 1235 salvam
3258 1181 3458 1250 facere,

1877 1262 2050 1331 fugiat
2073 1273 2343 1319 versutam
2370 1273 2424 1319 et
2454 1267 2752 1337 captiosam
2779 1268 3081 1324 doctrinam
3109 1271 3457 1341 philosopho-

1877 1369 1998 1407 rum
2027 1363 2185 1422 atque
2214 1357 2612 1422 haereticorum,
2640 1359 2732 1413 ubi
2758 1348 2939 1414 certus
2967 1369 3051 1416 est
3079 1345 3334 1418 interitus
3364 1381 3376 1417 :
3404 1373 3462 1419 et

1876 1460 1973 1513 per
1995 1445 2352 1515 humilitatem
2376 1447 2732 1505 confessionis
2753 1459 2877 1520 agat
2905 1438 3281 1522 poenitentiam
3307 1469 3460 1510 erro-

1877 1534 1981 1598 ris,
2016 1533 2069 1587 in
2101 1535 2312 1617 deserto
2353 1535 2615 1591 districta:
2643 1538 2983 1595 abstinentiae
3005 1556 3265 1606 manens,
3296 1551 3460 1612 atque

1876 1621 1928 1674 in
1951 1622 2291 1691 simplicitate
2319 1633 2373 1678 et
2402 1627 2629 1680 veritate
2654 1627 2933 1684 catholica:
2954 1621 3239 1686 doctrinae.
3260 1630 3365 1686 Pro
3392 1646 3460 1687 eo

1874 1715 2016 1769 enim
2043 1718 2185 1785 quod
2211 1716 2446 1772 habuisti
2474 1718 2724 1774 ﬁduciam
2755 1720 2809 1774 in
2837 1721 3227 1778 munitionibus
3252 1724 3378 1788 tuis,
3403 1731 3458 1779 et

1875 1804 1926 1857 in
1959 1805 2227 1859 thesauris
2260 1806 2387 1871 tuis,
2421 1814 2476 1861 tu
2502 1821 2716 1876 quoque
2737 1809 2987 1877 capieris,
3021 1819 3075 1865 et
3101 1812 3200 1866 ibit
3224 1810 3460 1867 Chamos

1875 1894 1929 1949 in
1961 1897 2484 1966 transmigrationem
2504 1939 2518 1964 ,
2546 1900 2798 1955 sacerdos
2827 1900 2942 1972 ejus
2963 1943 2976 1966 ,
3007 1910 3062 1970 et
3086 1902 3359 1973 principes
3383 1901 3458 1958 si-

1873 1985 2002 2051 mul,
2028 1995 2082 2042 et
2106 1988 2283 2042 veniet
2305 1989 2488 2058 praedo
2515 1990 2581 2044 ad
2607 2002 2823 2046 omnem
2845 1991 3056 2058 urbem,
3081 2001 3137 2046 et
3158 1994 3286 2049 urbs
3311 1993 3459 2050 nulla

1871 2077 2187 2144 salvabitur,
2221 2088 2274 2132 et
2300 2080 2550 2149 peribunt
2577 2080 2761 2145 valles,
2793 2090 2849 2136 et
2873 2083 3276 2152 dissipabuntur
3302 2099 3453 2140 cam-

1869 2167 2069 2236 pestria
2097 2188 2108 2221 :
2139 2170 2389 2237 quoniam
2416 2171 2550 2226 dixit
2573 2170 2833 2228 Dominus
2866 2191 2878 2225 :
2913 2173 3045 2227 Date
3066 2173 3251 2231 ﬁorem
3277 2173 3454 2242 Moab,

1871 2260 1996 2328 quia
2037 2260 2234 2314 ﬂorens
2272 2262 2577 2331 egredietur
2631 2283 2642 2317 ε
2689 2274 2744 2322 et
2779 2263 3028 2322 civitates
3068 2264 3186 2337 ejus
3229 2266 3457 2325 desertae

1869 2359 2029 2405 erunt
2056 2359 2110 2405 et
2149 2351 2541 2410 inhabitabiles.
2583 2355 2705 2410 ldeo
2747 2357 2909 2426 igitur
2953 2358 3258 2429 philosophi
3296 2360 3457 2430 hujus

1869 2444 2072 2508 mundi,
2103 2453 2158 2498 et
2182 2445 2439 2511 lueretici,
2464 2447 2554 2515 qui
2581 2449 2857 2502 conﬁdunt
2879 2449 2932 2502 in
2957 2449 3456 2529 dialecticis‘dispu-

1871 2533 2162 2589 tationibus
2187 2536 2275 2590 ubi
2303 2545 2521 2605 sperant
2548 2538 2863 2615 thesaurum
2890 2554 3010 2594 esse
3033 2540 3334 2608 sapientiae,
3364 2554 3458 2596 ca—

1866 2624 2081 2692 pientur
2107 2625 2173 2680 ab
2214 2627 2594 2684 ecclesiasticis
2624 2631 3040 2700 praeliatoribus,
3075 2633 3165 2701 qui
3194 2642 3348 2692 scuto
3376 2646 3458 2688 re-

1868 2724 1968 2770 ctm
2006 2715 2129 2771 ﬁdei
2172 2728 2226 2771 et
2263 2720 2427 2773 verbo
2456 2720 2699 2774 veritatis
2728 2725 3036 2793 expugnant
3063 2738 3279 2780 omnem
3305 2739 3457 2778 erro-

1868 2823 1980 2862 rem
2027 2809 2382 2877 perﬁdorum,
2430 2820 2485 2866 et
2531 2811 2766 2867 cultores
2810 2812 2926 2879 ejus
2972 2824 3132 2884 atque
3175 2816 3457 2892 ministros

1867 2897 1921 2951 in
1965 2901 2335 2966 captivitatem
2375 2901 2608 2967 ducunt,
2652 2914 2713 2957 ut
2752 2916 3078 2975 cognoscant
3120 2907 3264 2977 quod
3310 2907 3456 2964 nulla

1866 2987 2018 3051 urbs,
2051 2989 2151 3043 hoc
2183 2999 2283 3055 est,
2316 2992 2591 3047 munimen
2619 2994 2878 3050 doctrina:
2900 3011 3086 3050 eorum
3113 2998 3341 3054 salutem
3364 3015 3455 3056 ve-

1865 3094 1979 3132 ram
2010 3080 2138 3136 dare
2174 3083 2342 3152 possit
2372 3099 2385 3136 :
2419 3083 2511 3138 sed
2548 3086 2802 3154 peribunt
2835 3086 3003 3142 valles
3034 3105 3046 3141 :
3080 3087 3228 3144 falsae
3266 3090 3457 3161 utique

171 3175 449 3231 maeroris.
477 3175 612 3243 Quia
641 3178 805 3249 igitur
834 3195 993 3246 omne
1017 3183 1208 3253 dogma
1244 3187 1578 3240 contrarium
1616 3189 1760 3242 veri-
1786 3211 1831 3273 ρ
1863 3171 2268 3273 ξιιιιξιηξθῑίξωθε
2289 3183 2342 3273 ςι
2369 3176 2507 3230 Ποωε
2528 3178 2756 3273 Virtuti”
2773 3194 2962 3273 eorum
2989 3199 3002 3234 ε
3027 3181 3151 3249 quia
3177 3182 3282 3237 hoc
3309 3183 3454 3252 (111οά

169 3266 293 3331 tati,
325 3268 467 3336 quod
496 3267 699 3339 absque
726 3271 1078 3347 inspiratione
1099 3274 1196 3328 Dei
1234 3275 1298 3329 de
1326 3277 1562 3333 humano
1595 3294 1757 3333 sensu
1793 3264 1831 3273 “
1857 3264 1920 3318 in
1953 3265 2260 3322 inventione
2299 3268 2563 3333 humana,
2606 3277 2659 3323 et
2700 3270 2754 3324 in
2782 3271 3024 3326 saeculari
3062 3274 3327 3343 sapientia
3352 3273 3452 3330 llo-

168 3354 228 3410 in
259 3358 463 3412 erroris
503 3360 740 3415 tenebris
783 3364 1043 3429 nascitur,
1087 3373 1245 3420 nocte
1266 3375 1538 3422 vastatum
1572 3378 1673 3433 est,
1704 3381 1760 3424 et

170 3457 492 3516 argumenta
516 3449 658 3504 illius
679 3491 694 3514 ,
718 3467 837 3520 qua:
875 3453 1248 3526 intelliguntur
1273 3460 1413 3514 muri
1440 3500 1455 3526 ,
1501 3461 1758 3517 ecclesia-

171 3536 310 3591 stico
339 3551 587 3592 sermone
612 3540 887 3602 destructa
921 3552 1066 3609 sunt,
1099 3545 1171 3600 ita
1194 3554 1254 3600 ut
1290 3557 1494 3604 aeterno
1540 3551 1756 3607 silentio

170 3627 618 3708 conticescerent,
648 3631 700 3685 in
719 3631 927 3687 tantum
949 3642 1006 3688 ut
1026 3635 1281 3692 universa
1298 3652 1483 3693 eorum
1510 3639 1673 3696 factio
1687 3641 1753 3696 ad

169 3719 564 3788 pcenitentiam,
593 3732 647 3778 et
681 3723 957 3795 glacrymas
1011 3738 1315 3786 verteretur
1346 3750 1358 3784 :
1391 3748 1553 3802 super
1580 3734 1749 3802 Nabo,

167 3809 221 3864 id
246 3816 350 3873 est,
391 3812 725 3882 prophetiam
758 3826 813 3870 et
855 3819 1168 3885 sessionem,
1206 3811 1278 3878 id
1319 3835 1432 3890 est,
1465 3821 1752 3896 magistros

168 3904 352 3955 eorum
386 3915 401 3954 :
434 3911 487 3956 et
513 3920 679 3975 super
714 3906 1098 3964 Cariathiarim
1141 3914 1233 3967 ubi
1276 3930 1382 3968 non
1424 3925 1553 3970 sunt
1590 3919 1752 3974 arbo-

165 4003 261 4044 res
292 3989 604 4059 fructuosae,
638 3997 734 4050 sed
773 3999 939 4054 saltus
967 4001 1217 4058 infertilis
1244 4005 1297 4058 in
1338 4021 1445 4074 quo
1487 4007 1752 4064 habitavit

165 4079 359 4147 bestia,
397 4084 463 4138 de
493 4101 601 4155 quo
627 4087 683 4141 in
708 4088 969 4159 vigesimo
1009 4101 1200 4149 octavo
1241 4095 1449 4165 psalmo
1487 4099 1748 4168 scriptum

165 4179 247 4226 est
277 4189 290 4226 :
328 4190 348 4223 ‹
381 4172 450 4227 Et
479 4176 740 4231 revelavit
775 4181 1046 4236 condensa
1091 4184 1279 4240 saltus.
1318 4207 1336 4236 ›
1371 4184 1486 4240 Erit
1512 4189 1749 4245 ululatus

163 4271 219 4318 et
237 4263 508 4334 planctus,
539 4275 591 4321 et
632 4269 813 4323 omnia
843 4272 910 4325 de
937 4274 1187 4342 capitulis
1209 4291 1397 4336 eorum
1427 4278 1748 4347 eloquentiae

163 4364 482 4410 ornamenta
515 4357 785 4426 tollentur,
830 4360 904 4416 ita
940 4371 998 4416 ut
1027 4366 1156 4418 nudi
1199 4376 1451 4421 maneant
1489 4377 1543 4423 et
1569 4368 1747 4424 defor-

162 4460 294 4509 mes,
337 4454 394 4500 et
445 4447 489 4500 si
538 4448 667 4516 quid
718 4450 1011 4508 viriditatis
1056 4455 1257 4510 habere
1309 4459 1633 4514 videbantur
1687 4460 1744 4514 in

1863 3372 1984 3412 rere
2012 3357 2307 3422 videbatur,
2339 3360 2390 3412 in
2415 3361 2687 3416 desertum
2710 3372 2764 3420 et
2789 3364 2843 3417 in
2864 3363 3209 3420 solitudinem
3235 3365 3449 3442 redige—

1862 3454 1968 3500 tur.
2030 3447 2097 3500 Et
2140 3448 2263 3516 quia
2299 3448 2453 3504 valde
2504 3451 2751 3520 displicet
2786 3453 2897 3508 Deo
2935 3455 3111 3514 omnis
3149 3456 3452 3526 hypocrisis

1859 3545 1912 3591 et
1939 3537 2083 3592 ﬁctio
2113 3537 2247 3593 falsa
2279 3555 2510 3609 sequens
2539 3543 2807 3598 sententia
2837 3545 3090 3602 ostendit.

1936 3647 1955 3679 ‹
1989 3628 2327 3697 Maledictus,
2353 3634 2442 3701 qui
2465 3633 2596 3687 facit
2620 3622 2755 3704 opus
2777 3636 2990 3691 Domini
3020 3637 3442 3693 fraudulenter.»

1858 3721 1958 3788 Qui
1985 3725 2131 3778 enim
2153 3739 2184 3778 a
2209 3725 2293 3778 via
2323 3725 2663 3781 rectitudinis
2690 3743 2787 3797 per
2807 3745 3045 3784 errorem
3073 3729 3256 3784 deviat
3285 3749 3298 3789 :
3325 3746 3448 3800 pro-

1856 3811 1941 3866 cul
1971 3827 2000 3865 a
2028 3812 2147 3867 luce
2175 3814 2417 3868 veritatis
2443 3815 2650 3871 alienus
2679 3825 2875 3872 exstat.
2915 3818 3067 3874 Unde
3096 3834 3317 3875 necesse
3338 3828 3443 3887 est,

1855 3911 1913 3956 ut
1948 3920 2054 3957 non
2091 3904 2264 3958 solum
2306 3904 2613 3959 intueamur
2654 3911 2795 3974 quod
2833 3909 3042 3979 agimus
3089 3927 3101 3962 :
3155 3911 3249 3964 sed
3279 3911 3442 3966 etiam

1853 4005 1974 4045 cum
2021 4006 2126 4060 qua
2169 3993 2493 4047 discretione
2538 4009 2778 4064 agamus.
2825 3996 3067 4051 Primum
3108 3999 3322 4068 quldem
3373 4013 3445 4054 ne

1851 4081 1993 4136 mala
2034 4083 2459 4152 quodammodo,
2507 4088 2851 4153 postmodum
2889 4104 3021 4145 vero
3067 4105 3136 4145 ne
3174 4079 3314 4146 horia
3361 4092 3444 4147 in-

1853 4179 2008 4224 Caute
2048 4170 2330 4227 faciamus.
2363 4173 2539 4243 Atque
2576 4176 2831 4232 nimirum
2877 4179 3016 4235 bona
3054 4181 3280 4236 sollicite
3316 4197 3440 4251 per-

1850 4261 2076 4329 agenda,
2102 4263 2360 4331 propheta
2397 4280 2492 4317 nos
2522 4265 2775 4320 admonet
2803 4267 2989 4323 dicens
3020 4288 3032 4322 :
3073 4288 3089 4320 ι
3124 4269 3438 4346 Malediclus

1849 4348 2040 4414 homo,
2069 4352 2158 4418 qui
2192 4351 2319 4406 facit
2349 4368 2482 4420 opus
2512 4353 2607 4407 Dei
2645 4355 2998 4425 negligenter.
3043 4377 3062 4409 ι
3095 4357 3225 4427 Qure
3255 4368 3437 4416 tamen

1846 4441 2115 4493 sententia
2154 4442 2294 4509 apud
2337 4453 2575 4498 veterem
2623 4446 3032 4501 translationem
3067 4447 3140 4501 ita
3184 4448 3381 4519 legitur
3419 4469 3431 4505 :

160 4536 350 4601 barba,
374 4553 558 4592 rasum
595 4554 626 4592 a
656 4541 772 4595 vim
805 4542 1204 4611 ecclesiastico,
1253 4556 1306 4602 et
1353 4547 1739 4618 “ﬂammatum,
1767 4541 1824 4600 D
1855 4544 1874 4578 ι
1909 4526 2219 4618 Mialedictus
2257 4532 2432 4586 omnis
2471 4534 2561 4602 qui
2601 4532 2729 4588 facit
2759 4549 2892 4604 opus
2929 4535 3021 4588 Dei
3068 4536 3435 4593 fraudulenter

162 4634 215 4680 et
241 4625 419 4681 debile
442 4628 840 4696 comprobetur.
884 4631 1185 4704 Accingunt
1208 4652 1366 4692 sacco
1387 4638 1738 4707 paenitentiae,

159 4723 213 4768 et
232 4730 397 4786 super
421 4724 561 4772 tecta
589 4733 652 4779 ac
673 4721 914 4786 domata,
955 4723 1009 4776 in
1036 4725 1231 4794 quibus
1256 4729 1493 4797 primum
1520 4744 1579 4783 se
1609 4729 1739 4783 sub-

156 4807 312 4863 limes
335 4822 456 4864 esse
481 4811 792 4876 credebant,
825 4822 878 4867 et
906 4813 961 4866 in
986 4815 1180 4884 plateis
1210 4836 1223 4872 :
1257 4819 1382 4888 quia
1414 4835 1519 4874 non
1555 4821 1736 4890 ingre-

160 4895 380 4951 diuntur
418 4913 516 4966 per
559 4909 841 4970 angustam
897 4903 1059 4968 viam,
1107 4907 1198 4960 sed
1236 4922 1334 4976 per
1378 4909 1568 4973 latam,
1618 4925 1738 4979 quae

159 4987 302 5042 ducit
328 4987 397 5042 ad
425 4997 680 5058 mortem,
701 4995 806 5048 erit
827 4994 1077 5058 ululatus,
1105 5007 1155 5051 et
1179 5001 1518 5069 nequaquam
1549 5017 1736 5058 ascen~

159 5075 282 5129 dent
328 5075 383 5128 in
428 5079 756 5147 superbiam,
786 5087 929 5153 quod
977 5087 1366 5157 interpretatur
1397 5092 1645 5159 ,Esebon,
1677 5103 1731 5147 et

157 5180 365 5220 cassum
396 5182 680 5224 ascensum
711 5174 1004 5243 superbiae;
1035 5186 1088 5233 et
1118 5195 1220 5233 vox
1253 5195 1439 5236 eorum
1480 5179 1730 5240 audietur

157 5257 417 5334 usquead
457 5259 597 5314 mala
640 5267 845 5330 opera,‘
871 5281 991 5335 qua:
1039 5267 1279 5324 fecerunt
1315 5281 1370 5326 et
1417 5276 1726 5329 mandatum

157 5362 292 5432 quod
323 5367 584 5432 putabant
617 5367 732 5435 Dei,
760 5353 977 5442 propria
1013 5392 1071 5432 se
1098 5380 1435 5438 confessione
1466 5386 1726 5440 damnan-

157 5471 248 5515 tes.
275 5461 519 5532 Cumque
539 5471 748 5537 egerint
790 5476 1160 5540 ptenitentia‘m
1192 5496 1289 5549 per
1327 5482 1505 5545 Luith,
1542 5487 1592 5539 id
1623 5497 1723 5550 est,

155 5577 403 5630 genarum
466 5566 754 5640 lacrymas,
806 5576 870 5627 ad
908 5575 1155 5631 altarium
1210 5585 1574 5639 conseendent
1618 5604 1630 5641 :
1675 5598 1729 5642 et

154 5669 294 5735 quasi
340 5671 592 5725 maeroris
643 5672 905 5732 foramine
945 5687 1104 5747 atque
1163 5683 1383 5736 introitu
1429 5686 1721 5742 clamorem

155 5767 486 5822 contritionis
511 5768 764 5827 levahunt
787 5776 850 5830 ad
872 5776 1179 5846 Dominum,
1199 5785 1473 5852 utpossinl
1498 5787 1679 5842 dicere
1705 5808 1716 5843 :

1845 4624 1901 4670 et
1935 4617 2221 4673 desidiose.
2262 4639 2278 4669 ι
2326 4619 2431 4674 Sed
2468 4623 2747 4677 sciendum
2789 4635 3263 4694 magnopere‘est,
3305 4627 3430 4697 quia

1845 4707 2047 4762 desidia
2085 4723 2181 4776 per
2221 4717 2490 4780 torporem
2538 4715 2810 4781 nascitur,
2844 4715 2992 4772 fraus
3033 4733 3128 4788 per
3160 4715 3429 4788 privatam

1843 4797 2183 4854 dilectionem
2224 4819 2238 4856 :
2280 4802 2537 4872 illamque
2574 4805 2753 4861 minor
2779 4807 2872 4862 Dei
2902 4825 3055 4863 amor
3081 4822 3374 4883 exaggerat
3408 4834 3422 4870 :

1840 4889 1981 4944 hanc
2021 4901 2200 4945 autem
2239 4893 2378 4947 male
2405 4903 2641 4949 mentem
2685 4899 2968 4967 possidens
2993 4902 3245 4972 proprius
3273 4919 3427 4960 amor

1839 4989 2007 5035 creat.
2037 4981 2301 5038 Fraudem
2324 4985 2516 5053 quippe
2547 4987 2597 5038 in
2623 4985 2719 5041 Dei
2747 5003 2932 5043 amore
2958 5000 3254 5062 perpetrat,
3278 4995 3425 5062 quis-

1840 5072 1962 5140 quis
1993 5076 2343 5143 semetipsum
2393 5077 2695 5132 inordinate
2732 5080 2988 5150 diligens,
3022 5098 3118 5152 per
3148 5085 3251 5139 hoc
3279 5086 3423 5154 quod

1839 5176 1986 5221 recte
2009 5168 2181 5237 egerit
2199 5169 2265 5221 ad
2283 5170 2731 5226 remunerationis
2755 5173 3080 5229 transitorite
3105 5175 3242 5230 bona
3269 5175 3420 5232 festi-

1839 5268 1950 5313 nat.
1983 5260 2271 5315 Sciendum
2291 5277 2512 5337 quoque
2543 5273 2656 5329 est,
2690 5267 2830 5335 quod
2861 5266 3032 5321 tribus
3064 5268 3238 5322 modis
3270 5270 3418 5327 fraus

1839 5353 1949 5422 ipsa
1975 5356 2346 5417 committitur,
2378 5357 2499 5423 quia
2528 5373 2625 5425 per
2655 5359 2794 5414 hanc
2823 5359 3192 5428 proculdubio,
3216 5371 3308 5416 aut
3331 5373 3416 5417 ta-

1831 5446 1934 5499 cita
1966 5448 2142 5503 cordis
2182 5447 2400 5501 humani
2431 5451 2636 5518 gratia,
2667 5461 2757 5503 aut
2787 5452 2986 5507 favoris
3020 5469 3178 5519 aura,
3210 5465 3300 5510 aut
3327 5471 3415 5514 res

1828 5536 2077 5603 quati-libet
2115 5540 2354 5592 exterior
2389 5536 2740 5594 desideratur.
2781 5544 2896 5610 Quo
2937 5554 3123 5601 contra
3161 5557 3306 5602 recte
3346 5549 3414 5606 de

1822 5623 1966 5691 justo
1999 5643 2092 5695 per
2120 5630 2433 5695 prophetam
2469 5632 2667 5685 dicitur
2701 5652 2710 5684 :
2752 5655 2767 5683 ‹
2807 5635 3025 5693 Excutit
3065 5655 3255 5694 manus
3282 5656 3411 5698 suas

1825 5720 1892 5772 ab
1915 5721 2059 5773 omni
2083 5738 2306 5777 munere
2325 5724 2456 5794 (Isa.
2482 5731 2692 5799 manu).
2734 5750 2749 5780 ι
2781 5730 2914 5796 Quia
2943 5735 3084 5788 enim
3103 5751 3207 5789 non
3235 5735 3410 5793 solum

1824 5812 1970 5869 fraus
1998 5814 2048 5870 in
2083 5818 2390 5886 acceptione
2417 5823 2656 5889 pecunize
2682 5833 2761 5880 est
2790 5844 2800 5878 :
2829 5842 3021 5883 munus
3052 5828 3409 5899 proculdubio
