3952 6354
540 406 675 461 1115

1172 404 1233 460 Β.
1270 403 1516 471 RABAM
1555 403 1771 459 MAURI
1812 401 2123 458 ARCHIEP.
2165 401 2468 457 MOGUNT.
2511 399 2791 455 OPERUM
2830 399 3010 453 PARS
3048 400 3128 455 Ill.

3642 396 3773 449 1116

536 532 703 575 unum
734 534 850 574 non
888 528 989 573 est.
1033 518 1165 572 Tres
1200 531 1326 571 vero
1368 527 1495 573 sunt
1532 518 1872 586 acceptiones
1910 530 2098 569 mune-
2127 514 2513 578 A.sidere’non
2550 524 2771 583 possunt
2797 514 2847 584 (Ι
2876 514 2995 567 Cor.
3032 514 3107 582 v).
3140 534 3158 564 ι
3195 515 3260 567 Et
3284 514 3406 585 ideo
3436 512 3683 581 quisquis
3710 513 3775 566 ab

539 610 759 675 rum,ad
780 623 916 679 quas
934 624 1004 664 ex
1028 607 1215 662 fraude
1235 606 1539 663 festinatur.
1558 606 1750 661 Munus
1772 619 2002 672 namque
2023 612 2106 657 est

539 716 569 755 a
600 701 767 757 corde
795 709 1007 774 captata
1034 699 1208 767 gratia
1239 714 1273 752 a
1303 699 1646 767 cogitatione.
1673 699 1865 752 Munus
1901 697 1971 750 ab
2012 712 2105 751 ore

538 800 648 855 esti
683 792 855 863 gloria
892 807 992 861 per
1020 790 1288 847 favorem.
1314 789 1504 844 Munus
1538 802 1605 843 ex
1636 804 1799 867 manu
1827 795 1937 851 est,
1969 800 2107 855 prie.

538 884 705 939 nium
749 897 847 953 per
896 882 1184 942 (tationem.
1224 879 1328 937 Sed
1366 878 1546 947 justus
1591 878 1819 949 quisque
1859 877 1926 930 ab
1959 877 2105 929 omni

537 989 760 1036 munere
784 987 979 1029 manus
1005 972 1242 1037 excutit,
1276 971 1401 1041 quia
1442 972 1495 1025 in
1540 986 1605 1026 eo
1628 970 1771 1039 quod
1796 978 1941 1023 recte
1971 968 2103 1037 agit,

537 1080 637 1119 nec
673 1048 740 1119 ab
777 1065 1012 1118 humane
1036 1062 1200 1119 corde
1236 1061 1454 1121 inanem
1484 1062 1740 1129 gloriam,
1780 1073 1879 1113 nec
1914 1059 1981 1112 ab
2007 1053 2105 1111 ore

535 1155 766 1219 laudem,
798 1168 900 1215 nee
936 1168 969 1207 a
1004 1167 1168 1207 manu
1201 1151 1439 1219 recipere
1467 1150 1737 1204 dationem
1764 1150 1974 1218 quaerit.
2006 1146 2105 1202 So-

534 1244 617 1300 lus
643 1246 698 1299 in
728 1244 819 1300 Dei
846 1258 1013 1313 opere
1036 1242 1285 1315 fraudem
1309 1256 1414 1295 non
1444 1240 1571 1295 facit
1597 1258 1610 1295 :
1638 1241 1729 1310 qui
1757 1255 1876 1293 cum
1904 1240 1969 1294 ad
1992 1247 2103 1293 stu-

535 1333 621 1393 dia
669 1326 822 1387 bona:
862 1333 1091 1387 actionis
1128 1328 1399 1399 invigilat,
1440 1343 1541 1383 nec
1586 1329 1655 1384 ad
1691 1328 1985 1397 corporalis
2023 1328 2101 1381 rei

533 1422 775 1490 praemia,
806 1436 906 1475 nec
932 1421 997 1475 ad
1024 1419 1209 1486 laudis,
1229 1419 1412 1483 verba,
1455 1433 1556 1473 nec
1581 1418 1648 1472 ad
1674 1419 1893 1471 humani
1914 1416 2101 1485 judicii

532 1513 760 1581 gratiam
786 1511 1020 1566 anhelat.
1059 1511 1175 1579 Ipsa
1204 1510 1366 1580 igitur
1402 1509 1542 1565 bona
1572 1515 1775 1573 nostra,
1818 1507 1942 1577 quia
1973 1506 2102 1560 insi-

530 1602 746 1657 nuantia
783 1601 950 1670 culpae
977 1602 1203 1657 evadere
1230 1599 1465 1671 gladium
1500 1605 1801 1666 nequeunt,
1828 1597 1930 1651 nisi
1959 1595 2101 1650 solli-

530 1692 638 1750 cito
679 1692 921 1761 quotidie
968 1692 1157 1747 timore
1199 1690 1545 1756 muniantur,
1583 1702 1682 1756 per
1722 1694 1964 1741 sanctum
2001 1684 2101 1740 Job

530 1792 673 1839 recte
707 1782 905 1836 dicitur
946 1800 959 1835 :
1004 1802 1023 1833 ‹
1076 1782 1313 1837 Verebar
1356 1779 1540 1835 omnia
1579 1793 1740 1847 opera
1790 1772 1908 1831 mea
1952 1776 2094 1847 (Job.

2204 606 2359 674 hujus
2386 602 2660 674 sanguinis
2687 604 2947 661 effusione
2974 605 3207 675 gladium
3246 607 3499 675 spiritus,
3528 605 3671 673 quod
3698 614 3776 658 est

2204 696 2423 750 verbum
2453 690 2543 748 Dei
2575 695 2803 749 voluerit
2836 694 3104 759 inhibere,
3136 696 3338 763 absque
3367 696 3533 751 dubio
3573 694 3664 749 illa
3691 692 3776 749 Je-

2204 786 2383 843 remia:
2410 785 2682 853 prophetae
2708 786 3083 853 maledictione
3103 786 3365 856 plectetur
3392 806 3404 839 :
3442 808 3461 837 σ
3497 784 3634 841 Nam
3666 802 3777 841 ms-

2202 872 2456 935 ledictus,
2495 864 2707 942 inquit,
2735 876 2824 943 qui
2861 875 3109 945 prohibet
3134 876 3363 949 gladium
3394 892 3552 931 suum
3581 895 3612 932 a
3652 894 3774 932 san-

2202 963 2375 1033 guine.
2418 983 2435 1015 ι
2468 962 2565 1017 Hic
2598 979 2829 1033 namque
2871 974 2956 1020 est
2991 963 3229 1034 gladius,
3259 967 3350 1035 qui
3382 966 3529 1021 illum
3557 968 3774 1021 noxium

2202 1054 2545 1124 sanguinem,
2584 1070 2691 1124 quo
2718 1055 2989 1108 animatur
3015 1057 3244 1110 materia
3278 1068 3628 1127 peccatorum
3649 1100 3663 1121 ,
3694 1074 3777 1112 sa-

2201 1144 2427 1201 lubriter
2451 1144 2701 1209 fundens,
2730 1145 2989 1214 quidquid
3012 1148 3272 1216 repererit
3303 1148 3353 1200 in
3388 1151 3648 1203 membris
3680 1165 3773 1205 no-

2201 1237 2328 1291 stris
2357 1236 2584 1301 carnale,
2603 1226 2945 1291 terrenumve
2984 1246 3296 1292 concretum
3315 1278 3329 1302 ,
3360 1249 3572 1293 resecat
3601 1248 3657 1292 et
3687 1241 3775 1295 ab-

2201 1329 2385 1391 scidet,
2415 1344 2481 1391 ac
2504 1327 2856 1382 mortificatos
2882 1328 3044 1393 vitiis,
3072 1329 3254 1384 vivere
3274 1330 3404 1395 Deo,
3436 1339 3491 1383 et
3522 1320 3777 1399 spiritali:

2200 1419 2301 1472 bus
2330 1418 2457 1473 facit
2486 1419 2668 1485 vigere
2701 1418 2989 1476 virtutibus
3014 1438 3026 1472 :
3051 1430 3105 1473 et
3131 1421 3205 1474 ita
3234 1419 3346 1488 jam
3382 1435 3487 1474 non
3528 1422 3773 1475 recorda

2202 1507 2346 1562 tione
2367 1509 2564 1562 veteris
2587 1509 2837 1572 admissi,
2856 1510 2947 1563 sed
2971 1523 3065 1579 spe
3085 1509 3386 1564 futurorum
3408 1506 3538 1564 flere
3560 1511 3777 1579 incipit“.

2202 1597 2546 1666 gaudiorum,
2586 1612 2687 1652 nec
2729 1608 2841 1652 tam
2880 1600 2945 1654 de
2986 1601 3273 1669 pneteritis
3309 1599 3492 1665 malis,
3520 1617 3686 1673 quam
3714 1604 3776 1655 de

2201 1688 2439 1741 venturis
2470 1688 2713 1758 cogitans
2737 1688 2923 1751 bonis,
2954 1704 3054 1743 nec
3075 1704 3141 1743 ex
3171 1698 3516 1759 peccatorum
3547 1704 3775 1745 maerore

2202 1775 2467 1846 lacrymas
2488 1817 2501 1842 ,
2520 1779 2613 1833 sed
2643 1793 2708 1832 ex
2734 1788 2947 1833 aeternae
2965 1778 3105 1833 illius
3133 1780 3330 1834 laetitia:
3357 1779 3640 1836 alacritate
3663 1796 3777 1850 pro-

528 1874 628 1943 ιι).
663 1894 680 1924 ι
705 1873 785 1931 Ae
806 1873 852 1926 si
876 1872 1061 1927 humili
1082 1870 1418 1926 confessione
1445 1871 1713 1925 diceretur
1742 1886 1754 1921 :
1779 1883 1897 1936 quae
1918 1874 2103 1936 aperte
2130 1849 2176 1911 Β
2207 1861 2341 1918 fudit
2370 1883 2381 1917 :
2414 1873 2572 1933 atque
2600 1865 2920 1921 Oblivisceris
2949 1882 3035 1932 ea,
3067 1883 3185 1937 qua:
3216 1858 3517 1938 posteriora
3546 1849 3693 1935 sunt,
3723 1870 3773 1924 id

527 1964 729 2032 egerim
776 1964 961 2027 video,
1008 1965 1101 2017 sed
1147 1964 1273 2031 quid
1309 1962 1481 2031 inthis
1518 1962 1750 2015 latenter
1790 1960 2100 2031 pertulerim

527 2052 736 2120 ignoro.
762 2052 916 2122 Saepe
936 2052 1139 2110 etenim
1167 2054 1306 2107 bona
1330 2062 1510 2107 nostra
1538 2053 1890 2107 latrocinantc
1915 2051 2103 2105 fraude

526 2144 818 2212 depereunt
854 2142 865 2198 ξ
900 2145 1025 2213 quia
1050 2144 1213 2198 rectis
1253 2158 1311 2198 se
1341 2144 1537 2197 nostris
1598 2143 1807 2198 actibus
1847 2144 2099 2211 concupi-

526 2234 746 2288 scentia:
782 2242 1010 2289 terrente
1050 2234 1397 2304 subjungunt.
1444 2234 1596 2303 Smpe
1617 2234 1819 2288 desidia
1868 2234 2103 2287 interve-

525 2325 708 2381 niente
734 2325 1009 2391 deﬁciunt,
1041 2327 1163 2394 quia
1194 2343 1223 2380 a
1256 2327 1467 2381 fervore
1488 2319 1595 2395 quo
1624 2336 1800 2396 coepta
1836 2336 1982 2393 sunt,
2010 2326 2103 2380 fri-

524 2424 777 2485 geseente
817 2431 1001 2471 amore
1042 2417 1319 2471 t’abefiunt.
1364 2418 1495 2482 Quia
1536 2432 1664 2485 ergo
1706 2418 1875 2487 culpae
1916 2418 2101 2472 subre-

520 2505 653 2574 ptio,
685 2505 779 2559 vel
798 2506 853 2559 in
890 2506 1005 2575 ipso
1038 2506 1250 2560 virtutis
1290 2514 1412 2560 actu
1450 2506 1537 2559 vix
1566 2506 1841 2561 vincitur:
1881 2507 2009 2576 quid
2035 2508 2101 2561 ad

523 2598 870 2653 securitatem
911 2605 1184 2667 superest,
1226 2598 1327 2651 nisi
1360 2606 1417 2651 ut
1453 2598 1693 2651 studiose
1719 2612 1933 2667 semper
1963 2607 2017 2651 et
2046 2597 2099 2650 in

524 2684 724 2747 virtute
752 2685 1043 2740 timeatur?

595 2791 621 2825 ι
666 2774 734 2833 Et
772 2774 1118 2841 maledictus,
1166 2776 1254 2843 qui
1303 2777 1549 2845 prohibet
1592 2776 1826 2845 gladium
1870 2782 2027 2829 suum
2069 2788 2100 2826 a

528 2880 551 2917 ι
583 2864 895 2934 sanguine.»
930 2862 1176 2920 Gladium
1205 2866 1400 2936 quippe
1431 2882 1460 2919 a
1491 2867 1747 2937 sanguine
1783 2864 2097 2934 prohibere,

523 2964 609 3015 est
629 2956 1025 3025 mdicationis
1036 2956 1258 3011 verbum
1280 2973 1308 3010 a
1331 2956 1563 3012 carnalis
1585 2958 1707 3011 vita:
1730 2956 2099 3011 interfectione

522 3050 782 3112 retinere.
806 3052 884 3106 De
907 3067 1013 3121 quo
1036 3068 1249 3107 mrsum
1278 3054 1475 3107 dicitur
1502 3054 1711 3122 gladio:
1746 3072 1766 3104 ‹
1800 3054 1867 3107 Et
1893 3054 2100 3122 gladius

521 3155 677 3213 meus
715 3143 1059 3197 manducavit
1093 3157 1302 3199 carnes.
1356 3164 1376 3196 ι
1416 3140 1621 3213 (Ci-eg.)
1664 3143 1725 3197 ili
1768 3143 1949 3212 itaque
1979 3160 2099 3197 cum

522 3212 663 3300 apud
703 3246 761 3287 se
799 3242 1103 3287 sermonem
1128 3212 1525 3303 praedicationis
1551 3212 1857 3299 occultant,
1889 3234 2099 3289 divinas

522 3325 713 3374 contra
740 3335 800 3394 se
828 3323 1121 3376 sententias
1154 3323 1465 3378 terribiliter
1491 3324 1711 3379 audiant
1736 3335 2003 3393 quatenus
2032 3326 2097 3380 ab

521 3424 707 3467 comm
753 3412 1007 3467 cordibus
1057 3412 1303 3466 timorem
1352 3414 1512 3467 timor
1562 3414 1811 3483 expellat.
1867 3414 2102 3468 Audiant

521 3503 661 3574 quod
693 3504 981 3571 talentum,
1008 3506 1098 3574 qui
1138 3520 1361 3575 erogare
1404 3507 1609 3573 noluit,
1653 3523 1773 3562 cum
1835 3510 2098 3562 sententia

524 3593 883 3651 damnationis
921 3594 1120 3650 amisit.
1159 3596 1393 3650 Audiam
1440 3598 1581 3665 quod
1624 3597 1821 3652 Paulus
1864 3614 1928 3653 ee
1963 3613 2020 3653 se
2069 3613 2099 3651 a

524 3683 892 3751 proximorum
922 3686 1178 3756 sanguine
1204 3688 1459 3741 mundum
1488 3686 1747 3753 credidit,
1774 3703 1879 3757 quo
1905 3688 2101 3744 ferien-

525 3774 609 3830 dis
647 3789 833 3830 eorum
876 3776 1158 3832 desideriis
1204 3778 1347 3832 intus
1398 3794 1503 3833 non
1547 3781 1821 3849 pepercit,
1861 3780 2046 3835 dicens
2086 3800 2097 3833 :

527 3882 549 3917 ι
586 3864 872 3923 Contestor
906 3881 999 3923 vos
1038 3867 1297 3925 hodierna
1324 3870 1455 3945 ‘die,
1490 3871 1612 3939 quia
1657 3872 1885 3926 mundus
1924 3888 2042 3926 sun.
2070 3888 2098 3925 a

520 3956 784 4026 sanguine
807 3958 1047 4012 omnium
1083 3977 1095 4011 :
1124 3974 1234 4013 non
1274 3960 1417 4014 enim
1455 3960 1784 4031 subterfugi,
1812 3963 2099 4032 quominus

524 4045 904 4100 annudtiarem
935 4061 1092 4102 omne
1120 4049 1403 4103 consilium
1434 4051 1528 4104 Dei
1554 4053 1708 4105 vobis
1748 4051 1886 4121 (Act.
1921 4052 2037 4123 xx).
2076 4072 2094 4103 ι

523 4132 821 4206 [lienus]
854 4134 1037 4191 Potest
1064 4147 1118 4191 et
1157 4140 1443 4208 unicuique
1479 4141 1594 4194 haec
1632 4144 1897 4197 sententia
1924 4143 2104 4197 ’male—

448 4242 453 4249 ι
525 4223 774 4279 dictionis
801 4226 1126 4295 propheticae
1150 4229 1377 4283 conveni
1400 4244 1459 4293 ί,
1490 4231 1578 4298 qui
1604 4231 1786 4287 luxum
1814 4233 1994 4287 saeculi
2022 4249 2106 4288 se.

528 4316 743 4383 quitur,
771 4326 827 4370 et
880 4333 1074 4387 corpus
1103 4335 1255 4373 suum
1280 4322 1578 4389 castigare,
1612 4331 1664 4375 et
1697 4323 1939 4376 servituti
1972 4324 2100 4377 sub-

522 4404 691 4476 jicere
716 4410 960 4479 negligit,
984 4426 1105 4465 cum
1128 4412 1414 4481 Apostolus
1438 4414 1720 4469 manifeste
1742 4415 1885 4469 dicat
1913 4434 1923 4466 :
1954 4434 1972 4465 ι
2002 4413 2101 4481 Qui

2204 1962 2320 2019 est,
2349 1952 2599 2008 carnalia.
2633 1957 2793 2021 vitia,
2838 1956 2905 2012 ad
2939 1970 3033 2023 ea,
3064 1975 3181 2028 qua:
3217 1960 3397 2014 inante
3443 1968 3567 2014 sunt
3597 1970 3777 2017 exten-

2204 2045 2381 2109 detur.
2410 2047 2514 2102 hoc
2540 2056 2641 2112 est,
2670 2048 2932 2124 spiritalia
2956 2050 3094 2104 dona
3128 2058 3288 2130 atque
3319 2053 3563 2130 virtutes.

2280 2158 2295 2187 ε
2334 2139 2549 2193 Fertilis
2584 2139 2685 2195 fuit
2721 2140 2875 2196 Moab
2911 2144 2979 2198 ab
3020 2128 3383 2200 adolescentia
3426 2128 3557 2210 sua,
3592 2157 3660 2203 et.
3697 2162 3775 2201 re-

2211 2244 2228 2276 ‹
2267 2228 2469 2295 quievit
2496 2230 2548 2282 in
2577 2228 2781 2285 fecibus
2810 2231 2949 2295 suis,
2990 2248 3089 2287 nec
3125 2234 3431 2291 transfusus
3453 2228 3537 2291 est
3563 2236 3628 2291 de
3653 2254 3774 2293 vase

2210 2335 2227 2367 ‹
2270 2318 2321 2370 in
2349 2332 2464 2382 vas,
2499 2328 2554 2372 et
2583 2319 2635 2373 in
2665 2321 3188 2393 transmigrationem
3218 2341 3324 2381 non
3369 2328 3503 2381 abiit
3534 2347 3547 2382 :
3583 2330 3775 2383 idcirco

2210 2426 2227 2459 ο
2274 2411 2571 2479 permansit
2598 2421 2784 2480 gustus
2804 2414 2922 2483 ejus
2957 2415 3009 2468 in
3032 2431 3096 2471 eo
3132 2436 3143 2470 :
3174 2427 3227 2472 et
3256 2418 3389 2474 odor
3411 2421 3529 2489 ejus
3569 2437 3675 2476 non
3701 2431 3776 2475 est

2209 2515 2229 2548 ι
2271 2495 2605 2555 immutatus.
2630 2498 2921 2571 Propterw
2963 2521 3088 2561 ecce
3118 2508 3233 2563 dies
3259 2511 3483 2565 veniunt
3524 2512 3655 2567 dicit
3680 2511 3775 2565 Do-

2210 2606 2228 2639 ‹
2271 2589 2478 2654 minus,
2504 2600 2559 2645 et
2586 2592 2795 2646 mittam
2826 2596 2873 2647 ei
2900 2595 3269 2662 ordinatores,
3295 2608 3352 2654 et
3396 2609 3656 2655 stratores
3706 2601 3774 2654 la-

2208 2696 2228 2729 r
2271 2679 2639 2750 gfmcularum,
2667 2692 2720 2735 et
2746 2692 2989 2740 sternent
3011 2702 3157 2754 eum,
3181 2699 3237 2745 et
3259 2706 3390 2745 vasa
3430 2691 3547 2760 ejus
3584 2694 3775 2747 exhau-

2208 2786 2228 2818 ι
2275 2770 2435 2835 rient,
2459 2780 2511 2826 et
2536 2772 2752 2844 [agonas
2783 2791 2971 2830 eorum
3022 2779 3291 2845 collident,
3318 2790 3374 2835 et
3425 2783 3777 2839 confundetur

2208 2874 2227 2908 ε
2273 2858 2427 2913 Moab
2459 2877 2489 2915 a
2526 2861 2790 2929 Chamos,
2819 2866 2959 2921 sicut
2983 2866 3204 2923 confusa
3226 2878 3309 2925 est
3337 2870 3528 2925 domus
3566 2872 3723 2927 Israel
3747 2889 3775 2925 a

2209 2968 2227 3000 ‹
2274 2951 2457 3006 Bethel
2493 2977 2503 3005 ;
2536 2955 2589 3007 in
2636 2972 2741 3025 qua
2789 2954 3025 3013 habebat
3068 2959 3342 3014 fiduciam.
3394 2980 3412 3013 ι
3451 2960 3776 3032 Frequenter

2205 3054 2385 3095 rerum
2409 3038 2754 3111 abundantia,
2780 3049 2847 3101 ad
2873 3047 3106 3102 validam
3132 3050 3381 3119 perducit
3402 3050 3771 3122 indigentiam:

2205 3142 2260 3188 et
2285 3135 2511 3191 inertem
2556 3138 2905 3193 securitatem
2941 3140 3103 3195 nimia
3151 3134 3407 3211 sequetur
3450 3153 3771 3223 tempestas:

2202 3227 2326 3294 quia
2352 3228 2475 3281 dum
2514 3232 2785 3285 concessis
2824 3230 2984 3286 rebus
3028 3232 3383 3289 immoderate
3425 3235 3589 3290 homo
3633 3236 3771 3308 igna~

2202 3332 2300 3371 vus
2320 3319 2511 3383 utitur,
2537 3314 2685 3391 vigor
2712 3322 2878 3375 animi
2904 3322 2959 3375 in
2985 3321 3170 3376 luxum
3203 3323 3509 3389 resolvitur,
3540 3334 3593 3380 et
3614 3325 3773 3394 proti-

2201 3423 2302 3462 nus
2324 3409 2375 3461 in
2417 3411 2718 3480 superbiam
2754 3427 2849 3467 cor
2874 3412 3156 3468 elevatur:
3188 3423 3241 3470 et
3288 3413 3455 3471 Deum
3486 3433 3643 3487 quem
3686 3433 3773 3486 per

2202 3497 2553 3554 humilitatem
2593 3500 2794 3556 habere
2820 3503 2993 3571 potuit
3018 3505 3341 3573 propitium,
3374 3506 3503 3561 facit
3546 3508 3644 3563 sibi
3685 3524 3776 3578 per

2201 3590 2503 3657 superbiam
2534 3604 2653 3646 esse
2704 3596 3055 3649 contrarium.
3102 3594 3258 3651 Unde
3306 3596 3584 3666 Scriptura
3612 3598 3769 3652 dicit:

2209 3695 2226 3727 ‹
2270 3678 2411 3735 Deus
2445 3683 2691 3751 superbis
2730 3684 2952 3749 resistit,
2982 3685 3274 3740 humilibus
3321 3697 3498 3742 autem
3536 3688 3629 3741 dat
3656 3704 3771 3757 gra-

2188 3768 2329 3839 tiam
2388 3770 2527 3841 (Jac.
2575 3774 2671 3841 iv).
2728 3794 2746 3825 ›
2800 3773 2925 3829 Haec
2973 3784 3154 3830 autem
3214 3793 3371 3831 casus
3429 3772 3773 3833 Moabitarum

2201 3861 2640 3917 manifestissime
2662 3867 2875 3932 probat,
2901 3867 2992 3935 qui
3035 3870 3258 3938 propter
3286 3865 3619 3925 fertilitatem
3666 3878 3771 3922 ter-

2201 3967 2295 4017 rae,
2333 3962 2387 4006 et
2418 3970 2597 4009 rerum
2623 3957 2831 4026 copiam
2853 3999 2866 4020 ,
2894 3958 3227 4028 nimiumque
3272 3962 3443 4015 otium
3467 4001 3481 4023 ,
3501 3961 3557 4014 in
3599 3960 3775 4016 elatio-

2201 4057 2324 4097 nem
2350 4045 2564 4111 cecidit,
2592 4054 2647 4101 et
2674 4048 2928 4116 pepulum
2951 4048 3046 4104 Dei
3072 4052 3171 4105 sub
3200 4049 3347 4107 fasce
3375 4051 3772 4107 tribulationum

2203 4132 2518 4198 sudantem,
2550 4134 2793 4204 despexit
2819 4148 2980 4207 atque
3018 4139 3189 4193 irrisit
3218 4159 3228 4193 :
3258 4142 3384 4210 quia
3412 4142 3527 4212 ipse
3568 4143 3774 4197 calami-

2204 4225 2329 4278 tatis
2358 4240 2567 4296 expers,
2620 4228 2900 4285 incelumis
2926 4232 3142 4287 mansit.
3172 4232 3279 4290 Sed
3300 4234 3557 4303 quoniam
3580 4245 3775 4291 tumore

2202 4318 2399 4372 mentis
2428 4336 2538 4373 suae
2566 4330 2797 4390 actuque
2839 4337 3117 4391 perverso,
3144 4325 3211 4378 ad
3253 4326 3587 4382 iracundiam
3614 4328 3771 4383 Deum

2202 4410 2530 4477 provocavit,
2562 4412 2806 4467 hostibus
2860 4413 2926 4468 ad
2982 4414 3340 4483 diripiendum
3382 4420 3618 4475 traditus
3654 4431 3732 4475 est
3763 4440 3773 4473 :

524 4506 709 4553 autem
735 4508 860 4553 sunt
880 4499 1083 4554 Christi
1103 4542 1116 4564 ,
1147 4516 1363 4555 carnem
1393 4518 1545 4556 suam
1572 4505 1954 4565 cruciﬁxerum
1977 4521 2099 4559 cum
2129 4535 2180 4593 Β
2206 4500 2293 4567 qui
2320 4510 2621 4555 scrutantes
2658 4518 2875 4557 omnem
2916 4504 3301 4574 supellectilem
3346 4508 3464 4576 ejus
3502 4510 3632 4564 nihil
3656 4509 3776 4564 illae-

525 4586 674 4641 vitiis
715 4598 770 4642 et
807 4590 1255 4658 concupiscentiis
1295 4590 1445 4663 (Gal.
1482 4594 1565 4663 v).
1623 4615 1640 4645 ι
1692 4594 1766 4648 De
1810 4596 2103 4665 semetipso

525 4677 602 4731 ait
632 4695 651 4751 ε
681 4695 703 4730 ι
734 4677 949 4750 Castigo
975 4695 1172 4749 corpus
1203 4697 1379 4737 meum
1409 4693 1464 4737 et
1488 4686 1733 4739 servituti
1765 4686 2009 4756 subjicio,
2038 4702 2104 4741 ne

523 4764 663 4821 forte
695 4783 816 4822 cum
846 4770 963 4824 aliis
992 4772 1429 4840 praedicaverini,
1464 4776 1575 4844 ipse
1612 4780 1881 4844 reprobus
1907 4776 2105 4831 efﬁciar

525 4855 579 4927 (Ι
604 4856 725 4911 Cor.
756 4859 852 4930 rx).
892 4879 911 4912 ι
942 4859 1081 4916 Hinc
1108 4869 1164 4917 et
1194 4863 1309 4931 ipse
1335 4864 1389 4918 in
1417 4864 1708 4936 Evangelia
1736 4867 1868 4921 dicit
1901 4886 1913 4913 τ
1948 4886 1966 4916 ι
2004 4866 2103 4932 Qui

528 4950 646 5005 vult
681 4952 865 5006 venire
900 4950 1023 5022 post
1050 4969 1175 5018 me,
1199 4956 1425 5024 abneget
1455 4956 1833 5025 semetipsum,
1865 4965 1919 5011 et
1957 4956 2105 5012 tollat

527 5052 749 5097 erucem
774 5058 926 5098 suam
958 5052 1013 5101 et
1042 5050 1301 5115 sequatur
1323 5063 1409 5103 me
1438 5048 1651 5117 (Matth.
1678 5048 1809 5119 xvr).
1847 5068 1864 5099 ι
1892 5048 1960 5102 Et
1988 5036 2105 5103 rur-

528 5148 647 5188 sum
682 5152 694 5186 :
729 5153 749 5186 r
782 5135 887 5201 Qui
913 5137 1174 5204 voluerit,
1206 5140 1407 5209 inquit,
1448 5141 1682 5195 animam
1726 5158 1875 5196 suam
1902 5142 2104 5197 salvam

529 5224 734 5301 facere,
761 5228 955 5296 perdet
981 5238 1100 5285 eam
1133 5246 1149 5285 :
1176 5241 1237 5287 et
1254 5232 1345 5301 qui
1367 5232 1665 5301 perdiderit
1692 5233 1926 5286 animam
1958 5248 2107 5291 suam

531 5300 587 5368 in
608 5317 716 5371 hoc
740 5320 957 5385 mundo,
985 5321 1040 5375 in
1067 5322 1235 5377 vitam
1258 5300 1516 5378 anei-nam
1538 5324 1777 5379 custodit
1798 5338 1939 5379 eam.
1980 5344 1997 5376 ι
2029 5324 2108 5378 Ad

532 5403 677 5463 hunc
706 5423 833 5479 ergo
858 5420 1057 5467 statum
1084 5415 1329 5482 quisquis
1355 5416 1714 5470 conscendere
1742 5415 1993 5479 voluerit,
2017 5431 2113 5484 per

535 5498 915 5556 abstinentiam
954 5513 1007 5558 et
1052 5507 1521 5561 mortificationem
1567 5508 1741 5562 cordis
1784 5516 1838 5561 et
1876 5508 2115 5577 corporis

536 5590 883 5659 semetipsum
907 5594 1179 5668 pur-ilicet:
1199 5598 1321 5665 quia
1348 5598 1488 5651 sicut
1507 5599 1768 5665 scriptum
1790 5609 1871 5653 est
1898 5617 1909 5652 :
1939 5618 1957 5648 ‹
1988 5597 2113 5651 Sine

538 5681 810 5749 sanguinis
835 5681 1093 5738 effusione
1123 5701 1225 5740 non
1265 5687 1325 5741 fit
1350 5688 1593 5741 remissio
1628 5688 1784 5757 (Πρὸ.
1818 5690 1915 5758 ix).
1956 5682 1981 5739 ι’
2006 5690 2112 5744 Nec

536 5766 809 5828 immerito
839 5788 852 5826 :
888 5790 905 5825 ι
940 5773 1079 5832 Caro
1110 5777 1253 5832 enim
1280 5786 1335 5840 et
1364 5778 1581 5851 sanguis
1618 5793 1839 5855 regnum
1870 5781 1961 5837 Dei
1994 5797 2114 5855 pos-

2197 4602 2326 4639 sum
2350 4590 2648 4644 omiserunt
2679 4612 2689 4643 :
2729 4608 2827 4648 nec
2860 4592 3051 4651 falsum
3091 4614 3290 4654 numen
3338 4612 3393 4655 et
3426 4600 3629 4656 idolum
3651 4600 3779 4657 Cha-

2208 4690 2325 4731 mos
2350 4676 2443 4731 Dei
2475 4682 2555 4732 sui
2588 4682 2727 4748 quod
2750 4698 2850 4751 pro
2903 4701 3031 4739 vero
3058 4689 3277 4742 nurnine
3307 4690 3576 4757 colebant,
3614 4691 3778 4761 aliquo

2208 4767 2368 4822 modo
2417 4769 2495 4824 eis
2554 4770 2833 4842 suffragari
2890 4776 3094 4844 potuit,
3128 4786 3189 4831 ut
3215 4795 3321 4834 non
3358 4780 3777 4845 devastarentur,

2207 4873 2383 4928 neque
2435 4860 2762 4917 ducerentur
2812 4865 2867 4919 in
2916 4866 3283 4935 captivitatem
3324 4888 3338 4924 :
3383 4870 3776 4927 sicutetisrael

2208 4967 2401 5021 passus
2431 4964 2514 5008 est
2539 4965 2758 5025 propter
2787 4958 2986 5013 vitulos
3018 4974 3215 5014 aureos
3244 4975 3379 5029 quos
3421 4963 3592 5018 coluit
3620 4964 3670 5017 in
3694 4964 3776 5018 Be-

2214 5047 2348 5111 thel,
2377 5048 2429 5100 in
2456 5049 2536 5101 eis
2586 5048 2921 5104 liberationis
2956 5065 3067 5106 suae
3091 5052 3300 5108 habens
3327 5054 3607 5110 ﬁduciam.
3634 5054 3770 5115 luxu

2216 5138 2473 5206 mysticus
2516 5153 2647 5195 vero
2676 5154 2865 5196 sensus
2885 5182 2900 5208 ,
2927 5143 3236 5215 quicunque
3262 5143 3317 5200 in
3348 5144 3587 5200 humana
3619 5143 3770 5216 philo-

2217 5222 2405 5299 SOphia
2430 5230 2720 5295 confidunt,
2746 5240 2803 5287 et
2830 5233 2882 5288 in
2905 5248 2967 5288 ea
2994 5249 3051 5289 se
3071 5243 3294 5305 sperant
3340 5238 3688 5292 securitatem
3731 5242 3774 5295 α

2214 5320 2379 5374 vitam
2421 5321 2619 5376 habere
2644 5337 2802 5391 posse
2828 5332 3139 5393 perpetuam
3160 5366 3175 5390 ,
3222 5324 3634 5398 despiciuntque
3670 5325 3755 5381 reli

2216 5409 2419 5479 giosam
2470 5408 2723 5467 Ecclesiae
2768 5412 2927 5467 fidem
2988 5423 3042 5468 et
3102 5414 3401 5484 simplicem
3453 5415 3773 5483 doctrinam,

2215 5502 2429 5555 venient
2460 5501 2563 5556 illis
2597 5502 2932 5558 ordinatores
2963 5513 3018 5558 et
3040 5514 3307 5561 stratores
3333 5505 3646 5577 dogmatum
3672 5522 3781 5562 suo-

2216 5611 2355 5658 rum,
2402 5604 2453 5649 et
2501 5595 2805 5664 direptores
2855 5597 3230 5651 thesaurorum
3284 5613 3419 5667 quos
3467 5598 3705 5653 habuere
3736 5599 3780 5650 in

2214 5687 2357 5739 vasis
2392 5685 2671 5747 librorum,
2726 5685 2945 5756 maligni
2990 5686 3240 5741 videlicet
3284 5688 3508 5756 spiritus
3538 5706 3551 5740 :
3584 5696 3637 5743 et
3671 5696 3779 5740 tunc

2218 5776 2632 5847 confundentur,
2674 5776 2887 5851 quando
2921 5777 2977 5835 in
3026 5778 3174 5837 exitu
3210 5778 3334 5837 vita:
3382 5786 3760 5856 prospexerant
