3952 6328
223 408 364 461 Hi?

1109 415 1467 471 EXPOSITIO
1508 416 1730 471 SUPER
1769 415 2131 477 JEREMIAM.
2174 453 2243 464 —-—
2280 424 2402 479 LIB.
2448 426 2559 480 XV.

3333 438 3465 491 Hl8

218 520 357 575 nihil
384 521 485 577 sibi
515 522 777 590 profuisse
798 525 1031 580 studium
1052 541 1230 590 suum,
1252 526 1598 582 et'culturam
1631 528 1792 582 falso-
1820 533 1871 589 Α
1900 530 2000 585 illis
2028 536 2219 588 evenit.
2267 536 2347 589 Ad
2387 537 2524 605 quod
2552 536 2639 592 ille
2678 538 2888 608 fugiens
2931 544 3237 611 respondit:
3280 564 3296 595 ι
3331 547 3465 603 Con-

220 630 344 669 rum
395 614 618 669 deorum
661 631 795 685 quos
841 617 1118 685 multiplici
1172 618 1330 671 laude
1377 620 1740 686 pmdicabant
1781 638 1792 672 :

226 723 247 756 ι
293 706 553 773 Quoniam
596 722 783 762 omnes
818 709 891 763 dii
933 711 1167 780 gentium
1213 711 1494 774 dicmonia,
1539 709 1799 765 Dominus

216 781 402 851 autem
446 797 609 853 cmlos
636 797 772 869 fecit
798 798 969 870 (Psal.
996 799 1151 870 xcv);
1188 819 1207 852 ι
1241 810 1295 855 et
1328 800 1594 868 completo
1622 801 1798 855 futuro

219 888 495 953 examine,
519 889 669 943 ibunt
690 904 880 944 omnes
904 890 1054 959 impii
1099 906 1221 951 etim
1269 891 1481 945 diabolo
1513 901 1567 945 et
1597 893 1799 961 angelis

218 978 342 1047 ejus
388 981 442 1034 in
472 982 647 1050 ignem
677 990 939 1036 ateruum
974 1000 985 1034 :
1008 983 1137 1052 justi
1164 994 1342 1037 autem
1374 998 1495 1036 cum
1542 1000 1664 1053 rege
1701 1000 1797 1038 suo

217 1069 437 1127 Christo
458 1074 523 1127 ad
547 1088 769 1143 regnum
796 1076 1086 1130 ascenderit
1105 1090 1397 1145 supernum
1414 1074 1626 1143 (Matth.
1646 1077 1792 1143 xxv).

297 1181 315 1212 ι
358 1162 635 1229 Quomodo
670 1164 862 1227 dicitis,
896 1166 1086 1221 Fortes
1118 1182 1302 1221 sumus
1323 1208 1335 1232 ,
1362 1177 1414 1220 et
1441 1168 1542 1220 viri
1594 1169 1793 1222 robusti

220 1268 242 1301 ‹
290 1253 358 1307 ad
381 1253 766 1322 prceliandum?
795 1255 1008 1312 Vastata
1037 1268 1120 1312 est
1168 1257 1321 1311 Moab
1339 1298 1353 1321 ,
1386 1266 1440 1311 et
1462 1258 1705 1312 civitates
1734 1259 1796 1311 il—

222 1361 255 1430 ι,
288 1344 395 1399 lius
447 1347 789 1399 succiderunt
818 1354 871 1400 et
922 1348 1077 1401 electi
1104 1347 1329 1414 juvenes
1364 1347 1480 1416 ejus
1508 1349 1795 1403 descende-

221 1456 240 1487 ‹
289 1446 417 1492 runt
446 1438 499 1491 in
526 1439 872 1503 occisionem,
905 1440 978 1491 ait
1016 1455 1105 1493 rex
1141 1460 1151 1492 :
1181 1441 1437 1495 Dominus
1462 1443 1793 1496 exercituum

218 1547 236 1577 ι
285 1530 609 1584 nominetur.
636 1532 808 1599 Prope
840 1538 920 1584 est
950 1531 1198 1585 interitus
1230 1531 1383 1585 Moab
1412 1542 1471 1584 ut
1514 1533 1715 1595 veniat,
1741 1541 1794 1585 et

215 1638 236 1671 ο
285 1622 484 1677 malum
546 1623 661 1691 ejus
720 1623 975 1676 velociter
1037 1633 1283 1677 occurret
1338 1624 1517 1678 nimis.
1589 1644 1605 1676 ι
1670 1623 1793 1677 Haec

210 1722 396 1767 autem
423 1713 694 1777 dicuntur,
717 1722 773 1765 ut
799 1713 896 1766 sub
923 1712 1139 1766 nomine
1164 1712 1315 1766 Moab
1344 1712 1568 1766 stultitia
1586 1714 1790 1777 saeculi,

209 1805 267 1859 in
305 1805 497 1861 calum
549 1820 605 1859 se
632 1804 861 1859 efferens
904 1804 1154 1872 superbia
1204 1812 1535 1857 conteratur.
1566 1805 1789 1857 Frustra

1899 620 2051 677 fusus
2082 633 2162 677 est
2184 623 2357 689 Moab,
2383 627 2633 693 quoniam
2665 630 2837 682 victus
2875 638 2955 684 est
2984 645 2997 682 :
3036 632 3235 688 ululate
3263 644 3317 689 et
3359 638 3467 691 cla-

1900 721 2063 777 mate,
2095 733 2113 764 ι
2141 723 2431 777 etcaatera;
2457 730 2520 769 ac
2546 717 2590 769 si
2613 718 2817 773 diceret
2845 738 2856 772 :
2887 706 3037 786 Quod
3061 721 3216 776 nobis
3238 714 3489 794 propheQ

1899 801 2035 857 ticus
2080 820 2257 859 sermo
2284 806 2338 859 in
2369 821 2597 874 persona
2625 806 2776 862 Moab
2804 812 3215 878 praenuntiavit,
3244 822 3468 882 repente

1900 906 2058 959 super
2105 908 2202 947 nos
2248 894 2412 957 venit,
2438 902 2494 950 et
2542 894 2791 955 confusus
2830 906 2911 951 est
2960 899 3157 953 Moab:
3206 901 3295 968 qui
3343 910 3469 956 ante

1899 982 2151 1037 victorem
2208 999 2265 1038 se
2315 1000 2472 1054 posse
2527 984 2644 1040 ﬁeri
2718 986 3065 1053 gloriabatur.
3135 989 3288 1045 Unde
3345 1006 3465 1045 eum

1899 1072 2101 1126 ululatu
2140 1084 2194 1129 et
2223 1076 2456 1131 clamore
2485 1078 2683 1146 ubique
2712 1080 2814 1131 hoc
2842 1078 3162 1134 annuntiare
3186 1082 3427 1151 praecipit
3451 1102 3463 1137 :

1898 1165 2147 1231 quoniam
2171 1167 2347 1221 clades
2376 1177 2429 1221 et
2451 1169 2679 1223 vastatio
2711 1170 2961 1223 omnibus
2993 1169 3302 1226 civitatibus
3351 1172 3468 1239 ejus

1895 1258 2254 1311 communiter
2272 1258 2503 1313 advenit.
2548 1260 2770 1329 Mystice
2792 1270 2970 1315 autem
3014 1263 3283 1330 sapientes
3314 1263 3467 1317 istius

1896 1348 2079 1402 mundi
2107 1359 2159 1402 et
2187 1348 2446 1413 hmretici,
2474 1366 2607 1419 quos
2643 1352 2697 1405 in
2744 1352 2900 1407 Moab
2942 1367 3169 1421 persona
3222 1354 3468 1422 superius

1898 1438 2203 1505 designatos
2250 1438 2502 1503 diximus,
2546 1441 2589 1492 si
2622 1456 2678 1493 se
2716 1456 2746 1494 a
2779 1441 3003 1495 stultitia
3056 1448 3150 1495 sua
3197 1457 3302 1495 non
3342 1457 3464 1496 eor-

1899 1530 2168 1592 rexerint,
2200 1537 2251 1582 et
2301 1530 2367 1582 ad
2411 1530 2693 1584 veritatem
2723 1532 2843 1585 ﬁdei
2884 1532 3158 1589 catholicae
3187 1547 3293 1586 non
3338 1548 3468 1587 con-

1898 1620 2172 1680 verterint,
2216 1619 2400 1689 ingens
2424 1619 2527 1673 illis
2555 1620 2707 1673 ruina
2731 1618 2927 1686 veniet,
2952 1631 3007 1676 et
3033 1625 3329 1679 devastatio
3351 1626 3463 1677 uni-

1897 1710 2067 1762 versis
2097 1708 2322 1762 urbibus
2366 1710 2501 1777 ejus,
2539 1711 2639 1764 hoc
2668 1720 2769 1775 est,
2797 1712 3027 1767 diversis
3050 1714 3209 1767 sectis
3237 1713 3467 1782 philoso-

1894 1798 2141 1863 phorum,
2170 1813 2287 1865 qum
2313 1798 2484 1867 longe,
2512 1801 2623 1854 sive
2648 1816 2828 1871 prope,
2861 1818 2890 1856 a
2918 1804 3143 1857 veritate
3172 1798 3463 1867 distabant,

208 1910 268 1949 se
296 1904 476 1963 sperat
522 1893 731 1955 fortem,
764 1893 855 1962 qui
893 1894 943 1946 in
978 1893 1263 1946 Dominum
1298 1908 1403 1945 non
1432 1892 1649 1945 conlidit
1677 1908 1791 1947 om-
1819 1884 1865 1943 B
1894 1887 2199 1941 lucescente
2223 1888 2506 1956 Evangelio
2530 1890 2726 1944 Christi
2754 1893 3147 1947 subvertentur.
3199 1891 3335 1947 Nam
3374 1897 3466 1950 ad-

206 1986 567 2053 nipotentem.
622 1984 739 2038 Cito
781 1984 922 2037 enim
973 1984 1152 2037 veniet
1200 1984 1250 2037 ei
1298 1992 1442 2037 certa
1495 1983 1783 2047 damnatio,

204 2090 370 2143 quem
418 2075 613 2135 summi
642 2075 789 2143 regis
822 2089 926 2127 non
974 2072 1211 2127 defendit
1266 2074 1560 2142 protectio,
1604 2088 1789 2128 omne-

206 2180 317 2233 que
346 2167 507 2221 robur
528 2166 640 2234 ejus
686 2165 1058 2234 dissipabitur,
1088 2165 1177 2233 qui
1210 2165 1263 2218 in
1307 2166 1521 2233 propria
1570 2165 1785 2227 virtute,

206 2271 304 2309 seu
347 2255 569 2309 scientia
620 2256 894 2309 conﬁdens
942 2256 1219 2323 gloriatur.
1275 2275 1292 2305 ‹
1343 2255 1535 2323 Prope,
1578 2256 1793 2323 inquit,

204 2358 293 2401 est
316 2347 561 2402 interitus
586 2347 737 2401 Moab
767 2357 826 2401 ut
860 2348 1055 2410 veniat,
1088 2357 1141 2401 et
1163 2349 1363 2401 malum
1393 2346 1510 2415 ejus
1532 2347 1791 2402 velociter

205 2440 448 2493 occurrit
492 2440 673 2493 nimis.
715 2459 733 2490 ›
769 2438 903 2505 Quia
948 2456 1055 2493 non
1082 2450 1164 2494 est
1189 2441 1498 2494 diuturnum
1528 2442 1668 2509 quod
1693 2442 1789 2494 ali—

206 2532 427 2603 quando
455 2532 561 2586 erit
591 2533 872 2587 occiduum
906 2551 917 2584 :
949 2548 1047 2585 nec
1082 2532 1195 2600 jam
1239 2532 1395 2601 longe
1440 2532 1624 2595 distat,
1651 2533 1791 2599 quod

206 2634 361 2680 certo
409 2624 501 2678 ﬁni
544 2626 833 2680 obnoxium
863 2632 1091 2678 constat.
1140 2624 1335 2677 Malum
1372 2641 1501 2692 ergo
1540 2624 1793 2679 velociter

206 2712 285 2767 illi
315 2713 553 2791 occurrit
587 2730 598 2763 ε
634 2714 723 2781 qui
760 2727 853 2780 per
882 2713 1252 2781 paenitentiam
1295 2721 1349 2766 et
1400 2714 1790 2768 correctionem

206 2804 333 2860 vita:
372 2802 500 2855 illud
530 2800 757 2856 evadere
800 2817 903 2855 non
951 2812 1232 2870 praecavet.
1290 2801 1473 2856 Solum
1518 2812 1597 2858 est
1648 2804 1790 2857 enim

206 2890 639 2961 periclitantibus
661 2890 944 2961 refugium,
974 2908 1002 2944 a
1030 2906 1157 2947 vero
1186 2892 1451 2946 salvatore
1476 2893 1661 2947 salutis
1682 2908 1791 2947 suae

206 2996 454 3051 quaerere
485 2982 799 3035 remedium.
827 2983 901 3036 De
927 2997 1032 3049 quo
1055 2983 1316 3050 scriptum
1350 2990 1433 3037 est
1460 3001 1470 3034 :
1518 3001 1533 3031 α
1585 2982 1787 3048 Omnis,

206 3071 302 3140 qui
331 3070 584 3135 conﬁdit,
614 3086 719 3125 non
747 3071 1125 3125 confundetur.

288 3181 306 3211 ι
352 3161 717 3216 Consoiamini
766 3177 887 3215 eum
919 3175 1139 3225 omnes,
1168 3163 1255 3230 qui
1300 3161 1431 3216 estis
1460 3162 1511 3214 in
1562 3161 1788 3215 circuitu

1891 1982 1996 2034 huc
2024 1980 2269 2049 sequitur
2295 1998 2306 2033 :

1965 2089 1981 2118 ‹
2018 2068 2327 2124 Abscissum
2382 2079 2464 2124 est
2499 2084 2662 2125 cornu
2721 2070 2892 2135 Moab,
2920 2082 2973 2127 et
3018 2075 3294 2130 brachium
3347 2078 3465 2147 ejus

1898 2178 1914 2210 ι
1958 2162 2246 2215 contritum
2283 2171 2387 2225 est,
2416 2162 2489 2214 ait
2534 2161 2808 2219 Dominus.
2855 2162 3121 2218 lnebriate
3148 2180 3292 2230 eum,
3332 2182 3466 2234 quo-

1900 2268 1917 2300 ‹
1964 2250 2107 2302 niam
2161 2254 2348 2303 contra
2398 2250 2681 2303 Dominum
2738 2260 2955 2306 erectus
3002 2264 3083 2307 est
3125 2274 3137 2307 ε
3179 2266 3233 2309 et
3286 2257 3467 2312 allidet

1898 2348 2177 2393 (manum
2223 2340 2375 2393 Moab
2429 2342 2484 2394 in
2524 2342 2725 2394 vomitu
2749 2358 2884 2395 suo:
2926 2354 2977 2397 et
3009 2347 3112 2398 erit
3147 2347 3198 2399 in
3224 2348 3463 2403 derisum
3500 2384 3508 2393 ι

1875 2450 1915 2518 ἰ
1958 2431 2119 2485 etiam
2170 2421 2299 2498 ipse.
2350 2432 2471 2485 Fuit
2518 2433 2663 2485 enim
2709 2434 2761 2486 in
2804 2434 3036 2487 derisum
3090 2437 3183 2490 tibi
3229 2438 3392 2494 Israel
3450 2459 3461 2493 :

1896 2541 1915 2573 ‹
1957 2525 2106 2591 quasi
2144 2524 2283 2576 inter
2312 2522 2456 2577 fures
2483 2524 2775 2592 reperisses
2801 2539 2944 2577 eum.
2986 2525 3211 2593 Propter
3249 2542 3310 2582 ea
3340 2543 3462 2583 ver-

1898 2631 1916 2664 ‹
1962 2612 2026 2666 ba
2083 2628 2211 2681 ergo
2253 2621 2374 2675 tua,
2415 2628 2534 2683 qua:
2583 2614 2866 2667 adversum
2917 2614 3065 2668 illum
3114 2616 3322 2670 locutus
3368 2633 3461 2673 es:

1899 2724 1915 2754 ι
1959 2704 2202 2773 captivus
2251 2703 2480 2756 duceris.
2537 2722 2552 2751 ι
2603 2702 2871 2772 (meram)
2922 2702 3072 2757 Sicut
3103 2720 3231 2774 ergo
3274 2714 3465 2761 contra

1890 2791 2235 2861 Babylonem‘
2257 2800 2309 2843 et
2353 2790 2679 2844 Philisthiim
2710 2792 2974 2859 propheta
3005 2792 3325 2845 vaticinatus
3362 2802 3463 2857 est,

1891 2883 2031 2951 quod
2077 2891 2457 2950 oppresserunt
2502 2882 2753 2950 populum
2797 2881 3101 2936 Iudaeorum
3132 2925 3145 2946 ,
3200 2884 3274 2937 ita
3324 2899 3464 2939 nunc

1890 2974 2117 3026 vastitas
2136 2974 2448 3041 praedicitur
2480 2972 2848 3035 Moabitaram,
2884 2975 2935 3027 id
2981 2984 3064 3029 est
3110 2975 3343 3041 Arabiae,
3394 2976 3464 3031 ab

1891 3065 2125 3133 Assyriis
2182 3072 2233 3115 et
2297 3063 2633 3132 Babylomis,
2701 3065 2766 3117 ab
2829 3073 3057 3133 utraque
3122 3067 3264 3119 enim
3312 3074 3468 3136 gente

1895 3158 2089 3210 vastati
2122 3164 2243 3209 sunt
2274 3174 2284 3207 :
2316 3165 2369 3208 et
2396 3170 2461 3209 eo
2492 3163 2727 3223 tempore
2757 3171 2865 3225 quo
2907 3156 3272 3213 Sennacherib
3297 3161 3465 3229 capti-

210 3269 231 3303 ι
276 3248 431 3318 ejus:
464 3259 518 3305 et
554 3251 822 3315 universi,
859 3251 949 3319 qui
998 3251 1147 3305 scitis
1196 3266 1389 3304 nomen
1420 3250 1555 3318 ejus,
1586 3250 1743 3303 dicite
1776 3269 1787 3302 :
1818 3224 1864 3286 Ο
1895 3261 2019 3298 vum
2041 3245 2193 3299 duxit
2220 3244 2398 3307 Israel,
2439 3252 2491 3298 et
2535 3246 2749 3312 quando
2796 3245 3288 3303 Nabuchodonosor
3341 3252 3465 3305 sub-

210 3358 232 3394 ι
281 3339 559 3412 Quomodo
608 3340 880 3394 confracta
936 3349 1017 3394 est
1066 3341 1217 3409 virga
1266 3339 1447 3405 fortis,
1480 3348 1535 3392 et
1576 3338 1794 3393 baculus

210 3447 232 3484 ι
274 3430 579 3500 gloriosus?
623 3432 893 3484 Descende
919 3430 985 3483 de
1019 3430 1185 3506 gloria
1206 3441 1259 3483 et
1284 3431 1409 3485 sede
1436 3432 1487 3483 in
1520 3430 1611 3483 siti
1640 3429 1792 3484 habi-

210 3536 232 3572 ι
279 3520 411 3573 tatio
441 3519 561 3574 ﬁliae
589 3519 780 3583 Dibon,
810 3520 1060 3587 quoniam
1092 3530 1331 3573 vastator
1360 3519 1513 3574 Moab
1544 3520 1793 3574 ascendet

214 3629 232 3661 ι
279 3612 347 3664 ad
373 3620 424 3665 te
446 3651 459 3673 ,
491 3619 543 3665 et
574 3610 855 3679 dissipabit
901 3612 1228 3665 munitiones
1260 3620 1397 3665 tuas.
1436 3631 1454 3662 ι
1488 3610 1793 3664 Consolatio

207 3703 429 3771 quidem
462 3703 590 3765 haec,
624 3717 729 3769 qua
770 3701 1036 3755 consolari
1079 3702 1231 3755 Moab
1252 3702 1403 3770 jubet
1450 3702 1555 3764 his,
1600 3703 1687 3769 qui
1740 3702 1791 3753 in

207 3793 439 3847 circuitu
460 3791 575 3859 ejus
602 3801 760 3873 sunt,‘
778 3792 989 3847 videtur
1019 3793 1145 3846 mihi
1167 3793 1322 3860 juxta
1344 3793 1568 3845 ironiam
1598 3792 1795 3847 debere

207 3885 459 3954 intelligi,
503 3894 597 3940 aut
650 3886 1089 3951 provocationem
1143 3885 1207 3938 ad
1263 3886 1636 3952 paenitentiam
1680 3902 1692 3935 :
1737 3892 1795 3936 ut

205 3965 754 4048 per’satisfactiOnem
777 3991 1085 4046 congruam,
1116 3984 1169 4028 et
1195 3975 1529 4028 aversionem
1553 3989 1581 4026 a
1606 3988 1793 4042 pecca-

210 4070 311 4132 tis,
342 4076 612 4122 mereatur
650 4067 948 4121 remedium
977 4066 1345 4134 oppressionis
1388 4079 1495 4119 suae
1532 4064 1790 4117 invenire.

207 4159 384 4217 Aliter
413 4160 555 4213 enim
597 4160 865 4229 quomodo
890 4159 1156 4213 consolari
1187 4160 1382 4226 potuit,
1405 4173 1434 4210 a
1459 4158 1797 4211 subventori-

208 4251 313 4308 bus
340 4252 472 4314 suis,
495 4250 581 4305 cui
611 4250 789 4303 divina
821 4248 1088 4304 sententia
1120 4248 1469 4301 vastationem
1501 4260 1795 4313 superven-

212 4348 397 4396 turam
420 4338 813 4393 eomminatur?
858 4336 1009 4391 Sicut
1034 4351 1273 4405 praesens
1302 4336 1568 4389 sententia
1611 4343 1665 4388 et
1710 4348 1794 4387 se-

211 4446 387 4502 quens
414 4445 592 4485 sermo
621 4430 917 4484 declarant.
950 4426 1082 4481 Nam
1109 4427 1352 4495 sequitur
1385 4440 1397 4477 :

290 4541 307 4577 ε
353 4520 411 4575 lu
439 4521 522 4573 via
547 4527 629 4575 sta
656 4528 711 4573 et
738 4518 982 4588 prospice
1011 4517 1272 4571 habitatio
1289 4516 1461 4569 Aroer
1486 4535 1496 4567 :
1526 4516 1794 4585 interroga

218 4631 236 4663 I
282 4610 594 4690 fugientem,
622 4617 677 4662 et
708 4623 849 4672 eum,
882 4608 974 4677 qui
1013 4608 1183 4661 evasit
1212 4625 1224 4659 :
1260 4605 1355 4660 Dic
1376 4646 1389 4669 ,
1413 4604 1540 4674 quid
1573 4602 1795 4658 accidit?

218 4722 236 4755 ί
283 4692 551 4757 Confusus
597 4706 681 4754 est
736 4698 914 4763 Moab,
960 4698 1083 4767 quia
1136 4698 1307 4751 victus
1348 4705 1449 4750 est.
1506 4695 1717 4751 Ululate
1743 4703 1797 4748 et

221 4812 238 4843 1
288 4792 541 4855 clamate,
571 4791 883 4845 annuntiate
930 4791 983 4845 in
1028 4790 1243 4855 Arnon,
1282 4789 1534 4858 quoniam
1589 4795 1795 4841 vastata

222 4900 240 4932 ι
290 4892 372 4936 est
426 4880 603 4946 Moab,
632 4890 685 4936 et
720 4880 981 4948 judicium
1036 4880 1182 4933 venit
1224 4880 1291 4932 ad
1338 4888 1538 4932 terram
1584 4892 1797 4946 campe-

219 4992 241 5029 ι
288 4982 485 5037 strem,
538 4982 593 5028 et
632 4988 793 5041 super
838 4970 991 5034 Elon,
1042 4980 1094 5025 et
1148 4986 1313 5039 super
1360 4970 1503 5033 Jasa,
1537 4978 1591 5024 et
1638 4986 1797 5039 super

219 5084 242 5119 ι
289 5063 527 5133 Mephat,
554 5071 609 5119 et
632 5077 795 5133 super
820 5063 1014 5128 Dibon,
1045 5073 1099 5117 et
1144 5078 1303 5131 super
1348 5061 1519 5127 Nabo,
1552 5073 1607 5117 et
1632 5078 1795 5133 super

224 5176 245 5209 ς
294 5156 508 5211 domum
539 5154 884 5219 Diblathaim,
918 5164 971 5210 et
1001 5170 1162 5223 super
1195 5152 1597 5219 Cariathiarim,
1623 5162 1677 5208 et
1704 5170 1795 5209 su-

225 5266 243 5299 ι
292 5261 389 5316 per
418 5244 763 5315 Bethgamul,
794 5252 848 5299 et
877 5258 1036 5314 super
1080 5244 1397 5309 Bethmaon,
1422 5250 1473 5298 et
1503 5260 1666 5314 super
1694 5244 1794 5299 Ca-

227 5360 245 5392 ι
288 5339 457 5404 rioth,
488 5348 543 5392 et
588 5354 749 5409 super
805 5339 972 5393 Bosra‘
997 5357 1008 5391 :
1038 5348 1094 5393 et
1136 5353 1296 5409 super
1338 5351 1524 5391 omnes
1552 5338 1799 5392 civitates

230 5452 245 5486 ι
288 5439 449 5486 terra:
492 5428 665 5495 Moab,
694 5446 814 5500 quae
840 5429 995 5500 longe
1048 5430 1129 5483 vel
1176 5445 1340 5501 prape
1384 5440 1531 5486 stunt.
1567 5451 1583 5481 ι
1624 5431 1679 5484 ln
1733 5445 1797 5485 eo

220 5525 365 5596 quod
394 5532 539 5577 stare
557 5520 709 5590 jubet
739 5522 1123 5577 habitationem
1155 5522 1346 5587 Aroer,
1374 5538 1493 5591 qum
1525 5530 1794 5589 metropo-

219 5613 290 5668 lis
322 5621 405 5671 est
432 5612 807 5677 Moabitarum,
835 5621 889 5665 et
910 5613 1241 5681 interrogare
1263 5611 1571 5680 fugientem,
1606 5621 1653 5666 et
1675 5627 1795 5665 eum

219 5707 325 5777 qui.
349 5706 523 5759 evasit
548 5706 612 5759 de
638 5704 821 5773 prndio
852 5704 981 5772 quid
1008 5704 1264 5756 acciderit
1308 5723 1318 5755 :
1371 5712 1640 5772 stuporem
1682 5702 1798 5770 ejus

218 5796 424 5855 iudicat
477 5803 696 5872 prOpter
742 5795 1081 5872 subit-uncum
1128 5808 1343 5861 casum,
1393 5795 1480 5865 qui
1530 5796 1797 5866 insperate

1819 4557 1872 4617 D

1894 3337 2053 3390 vertit
2086 3320 2433 3390 Hierusalem.
2486 3324 2840 3389 ln‘sultaverat
2872 3338 3012 3389 enim
3054 3339 3120 3392 ad
3174 3348 3467 3409 utrumque

1888 3428 2101 3481 hostem
2154 3426 2433 3493 Ephraim,
2478 3424 2731 3479 ctJudae.
2784 3426 3082 3481 Inebriatus
3135 3442 3265 3498 ergo
3316 3428 3470 3484 Moab

1892 3518 2061 3574 calice
2104 3519 2199 3571 ira:
2244 3518 2475 3579 Domini,
2520 3517 2573 3569 in
2621 3517 2821 3569 vomitu
2874 3532 2969 3571 suo
3019 3532 3231 3593 manum
3283 3518 3462 3583 allisit,

1894 3610 1995 3663 hoc
2042 3618 2155 3671 est,
2188 3608 2239 3661 in
2277 3622 2436 3676 paena
2474 3620 2566 3660 sua
2615 3607 2749 3660 alios
2788 3608 3037 3675 persequi
3086 3610 3347 3671 cessavit,
3389 3609 3461 3661 ir-

1895 3703 2140 3770 risorque
2198 3701 2443 3763 aliorum,
2474 3701 2635 3755 etiam
2664 3680 2790 3768 ipse
2812 3700 3185 3753 universorum
3215 3701 3465 3754 derisioni

1892 3792 2082 3861 patuit.
2112 3782 2225 3843 'Sie
2274 3800 2327 3842 et
2376 3790 2537 3843 stulta
2592 3787 2749 3855 hujus
2788 3788 2973 3842 mundi
3020 3789 3311 3856 sapientia,
3352 3803 3468 3857 quae

1895 3883 2122 3937 irridere
2166 3881 2302 3934 solet
2347 3877 2707 3933 Christianam
2758 3876 3187 3944 simplicitatem,
3229 3892 3350 3931 cum
3400 3878 3466 3931 ad

1893 3970 2054 4025 ﬁnem
2110 3970 2349 4033 venerit,
2394 3979 2521 4022 tunc
2566 3968 2647 4021 sui
2692 3967 2905 4021 erroris
2959 3965 3240 4019 stultitiam
3284 3981 3464 4034 agno-

1893 4070 2025 4116 scet.
2089 4054 2237 4114 Vere
2273 4060 2416 4113 enim
2470 4056 2729 4125 quidquid
2780 4056 2835 4109 in
2892 4056 3091 4109 saeculo
3159 4056 3465 4125 dogmatum

1894 4164 2269 4219 perversorum
2315 4157 2416 4211 est,
2456 4146 2713 4215 quidquid
2758 4146 2826 4202 ad
2868 4155 3140 4200 terrenam
3187 4146 3465 4199 scientiam

1894 4240 2148 4310 pertinet,
2188 4247 2245 4293 et.
2296 4245 2519 4307 putatur
2570 4250 2689 4291 esse
2740 4227 3037 4298 robustum,
3087 4236 3187 4288 hoc
3240 4234 3465 4287 subver-

1897 4331 2047 4393 titur,
2082 4338 2134 4381 et
2160 4329 2328 4381 instar
2375 4325 2601 4379 incendii
2643 4325 2695 4378 in
2740 4324 2950 4377 cineres
3000 4322 3314 4391 favillasque
3357 4322 3468 4376 disp

1896 4420 2163 4474 solvitur:
2196 4427 2253 4470 ut
2298 4416 2553 4484 probetur
2603 4414 2757 4467 nihili
2816 4414 2959 4482 quod
3008 4414 3295 4482 putabatur
3345 4426 3468 4468 esse

1898 4510 2269 4565 fortissimum.

1972 4623 1989 4653 ε
2037 4601 2342 4670 Relinquite
2366 4599 2630 4662 civitates,
2658 4606 2711 4651 et
2735 4598 2974 4651 habitate
3011 4597 3064 4649 in
3105 4604 3285 4665 petra,
3311 4596 3465 4651 habi-

1902 4712 1923 4745 ι
1963 4702 2167 4748 tatores
2189 4689 2361 4751 Moab.
2384 4697 2435 4740 et
2463 4695 2635 4741 estote
2658 4686 2811 4755 quasi
2834 4685 3083 4741 columba
3106 4683 3390 4738 nidiﬁcans
3406 4684 3467 4737 in

1904 4802 1923 4837 ι
1969 4798 2178 4839 summo
2208 4795 2301 4835 ore
2329 4778 2627 4832 foraminis.
2675 4795 2692 4829 ι
2726 4774 3013 4846 (Μλυιωε.)
3059 4774 3163 4827 Dat
3204 4773 3463 4842 propheta

1898 4874 2178 4931 consilium
2220 4870 2378 4940 hujus
2423 4868 2600 4923 saeculi
2646 4866 2999 4933 sapientibus,
3052 4872 3110 4916 ut
3156 4861 3467 4929 relinquant

1900 4961 2201 5022 habitacula
2230 4972 2473 5013 errorum
2512 4970 2730 5009 suorum
2757 4996 2771 5018 ,
2824 4964 2879 5007 et
2925 4952 3131 5023 fugiant
3159 4951 3225 5007 ad
3259 4959 3468 5020 petram

1903 5056 2178 5112 Christum
2207 5094 2219 5117 ,
2252 5058 2571 5117 sumantque
2600 5048 2654 5101 in
2682 5062 2741 5100 se
2766 5045 3162 5115 simplicitatem
3206 5043 3347 5097 illius
3379 5056 3471 5097 co-

1904 5148 2118 5211 lumbzc,
2149 5147 2213 5199 de
2247 5157 2350 5211 qua
2382 5142 2435 5195 in
2453 5138 2673 5195 Cantico
2702 5138 3031 5192 canticorum
3058 5134 3317 5203 scriptum
3344 5141 3428 5188 est
3455 5152 3465 5185 :

1911 5253 1929 5293 t
1977 5240 2167 5307 Surge,
2199 5236 2370 5289 amica
2394 5248 2537 5297 mea,
2568 5231 2807 5300 speciosa
2830 5243 2971 5291 mea,
2996 5236 3051 5281 et
3074 5226 3197 5280 veni
3224 5224 3469 5280 columba

1903 5348 2024 5389 mea
2074 5332 2127 5385 in
2174 5327 2527 5384 foraminibus
2572 5330 2773 5393 petrae,
2821 5322 2875 5375 in
2920 5332 3177 5374 cavernas
3228 5315 3474 5371 maceria

1906 5420 2082 5496 (Cant.
2114 5420 2173 5491 ιι)
2202 5434 2214 5471 :
2247 5438 2263 5470 ›
2300 5415 2678 5482 nidiﬁceutque
2709 5403 2775 5465 in‘
2793 5422 3002 5464 summo
3032 5420 3125 5462 ore
3160 5405 3470 5470 foraminis,

1906 5516 2007 5569 hoc
2037 5522 2141 5575 est,
2176 5512 2227 5564 in
2253 5507 2487 5579 perfecta
2516 5502 2852 5559 confessione
2894 5499 3159 5570 passionis
3197 5506 3253 5552 et
3293 5510 3473 5551 resur-

1907 5605 2161 5661 rectionis
2189 5600 2387 5665 Christi
2418 5639 2429 5661 ,
2462 5613 2581 5650 cum
2612 5594 2766 5648 bonis
2792 5592 3045 5662 operibus
3083 5601 3339 5645 aeternum
3372 5587 3472 5641 sibi

1905 5702 2207 5767 prmparcnt
2249 5688 2611 5743 habitaculum
2637 5726 2649 5747 ,
2698 5684 2788 5738 ubi
2830 5684 3072 5737 laborum
3106 5694 3325 5737 suorum
3358 5690 3475 5748 per.

1904 5799 2123 5864 petuum
2158 5783 2431 5858 accepturi
2458 5780 2565 5834 sint
2594 5777 2895 5851 praemium.
