3952 6334
487 406 626 462 1119

1119 403 1180 456 Β.
1219 400 1470 456 RABANI
1507 395 1724 455 MAURI
1760 394 2078 452 ARCHIEP.
2125 391 2430 451 MOGUNT.
2465 392 2751 480 OPERUM
2785 393 2964 451 PARS
2996 393 3082 450 III.

3611 391 3740 446 1190

561 534 582 568 ε
625 514 940 570 Audivimus
965 514 1270 583 superbiam
1295 512 1469 577 Moab,
1495 511 1754 580 superbus
1779 517 1861 563 est
1879 508 2053 576 valde.
2083 507 2135 568 Α
2159 511 2457 560 creatorem
2507 513 2678 560 armet
2745 519 2806 559 os
2869 520 3023 560 suum
3051 545 3066 570 ,
3113 504 3402 560 detrahens
3452 503 3740 574 prophetas

495 630 512 660 ι
558 607 958 663 Sublimitatem
985 607 1120 675 ejus,
1152 617 1208 661 ct
1231 606 1621 674 arrogantiam,
1654 613 1708 658 et
1732 603 2062 671 superbiam,

493 719 512 752 ι
558 708 611 755 ct
649 699 981 754 altitudinem
1017 699 1198 754 cordis
1233 697 1372 752 illius
1406 713 1504 766 ego
1529 697 1662 760 scio,
1684 697 1760 749 ait
1787 695 2062 749 Dominus.

493 807 510 839 ο
553 787 872 843 Jactantiam
903 787 1037 856 ejus,
1070 795 1124 842 et
1157 787 1298 856 quod
1336 802 1442 840 non
1473 787 1542 840 sit
1559 785 1714 853 juxta
1745 799 1864 838 eam
1891 785 2066 838 virtus

493 895 510 927 ι
557 875 692 944 ejus,
743 891 842 931 nec
889 874 1042 944 juxta
1086 877 1228 946 quod
1271 883 1484 942 poterat
1514 883 1704 930 conata
1751 874 1822 928 sit
1862 873 2059 927 facere.

492 961 679 1022 (Ideo
706 981 866 1035 super
895 965 1048 1020 Moab
1075 949 1340 1034 evigilabo
1373 963 1628 1036 [ejulaboj
1648 1003 1662 1028 ,
1705 971 1760 1016 et
1806 963 1872 1016 ad
1908 961 2063 1016 Moab

493 1073 512 1108 ι
552 1056 860 1110 universam
890 1055 1154 1120 clamabo,
1199 1055 1268 1110 ad
1305 1056 1451 1108 viros
1489 1053 1628 1108 muri
1659 1051 1837 1106 fictilis
1861 1051 2064 1106 lamen—

490 1167 508 1200 ι
554 1157 749 1202 tantes.
763 1148 838 1202 De
853 1147 1070 1222 planctu
1091 1145 1248 1200 Jazer
1266 1147 1486 1215 plorabo
1508 1143 1602 1198 tibi
1629 1145 1782 1198 vinea
1809 1141 2059 1198 Sabama.

491 1256 510 1288 ‹
551 1237 878 1308 PrOpagines
915 1247 1018 1290 tua:
1049 1236 1378 1289 transierunt
1405 1249 1576 1300 mare,
1601 1249 1772 1302 usque
1797 1232 1864 1285 ad
1911 1245 2062 1284 mare

491 1349 511 1381 ι
555 1329 710 1384 Jazer
753 1339 1114 1398 pervenerunt
1144 1345 1157 1382 :
1189 1338 1352 1397 super
1381 1342 1610 1383 messem
1637 1334 1801 1378 ‘tuam
1820 1363 1834 1388 ,
1863 1331 1916 1378 et
1947 1323 2061 1378 vin-

489 1440 508 1472 ε
551 1421 781 1494 dcmiam
808 1431 956 1475 tuam
981 1419 1166 1486 praede
1199 1418 1356 1472 irruit.
1389 1437 1401 1469 -.
1441 1417 1617 1471 ablata
1647 1425 1730 1470 est
1762 1415 1979 1478 lictitia,
2007 1421 2063 1466 et

487 1531 506 1564 ι
552 1512 839 1567 exsultatio
868 1513 934 1566 de
960 1509 1229 1576 Carmelo,
1255 1509 1392 1564 etde
1418 1517 1562 1562 terra
1587 1507 1762 1570 Moab,
1791 1515 1844 1560 et
1875 1506 2058 1559 vinum

487 1618 508 1654 ι
553 1602 620 1657 de
649 1599 1006 1656 torcularibus
1033 1600 1246 1656 sustuli.
1285 1597 1632 1666 Nequaquam
1679 1596 1914 1650 calcator
1943 1611 2060 1649 uva:

487 1709 508 1744 ‹
553 1693 769 1746 solitum
802 1691 1044 1746 celeuma
1075 1691 1332 1746 cantabit.
1375 1708 1392 1739 ι
1427 1687 1564 1742 Huic
1591 1685 1766 1750 simile
1788 1695 1890 1752 est,
1917 1685 2060 1755 quod

477 1774 536 1836 in
563 1781 698 1836 Isaia
727 1781 921 1850 legitur
953 1799 964 1834 :
1005 1798 1024 1830 ι
1063 1779 1378 1835 Audivimus
1415 1777 1720 1848 superbiam
1749 1775 1902 1831 Moab
1924 1816 1938 1840 ,
1969 1791 2059 1830 su-

2167 595 2303 664 ejus,
2335 595 2488 663 quasi
2515 596 2836 650 auctoritate
2869 595 3160 649 testimonii
3189 594 3511 666 evangelici,
3542 594 3596 648 in
3637 607 3740 664 quo

2167 685 2411 740 Salvator
2433 687 2508 740 ait
2541 705 2553 740 :
2589 705 2607 738 ι
2653 687 2852 743 Omnes
2889 688 2980 756 qui
3009 697 3274 742 venerunt
3311 697 3436 744 ante
3473 703 3562 744 me
3599 687 3742 744 fures

2165 777 2382 830 fuerunt
2407 785 2462 830 et
2485 776 2728 832 latrones
2757 777 2936 850 (Joa'n.
2963 777 3072 850 ix);
3121 798 3138 830 ι
3184 787 3244 832 ut
3281 779 3506 850 Moysen
3535 791 3742 848 quoque

2163 863 2420 920 famulum
2449 865 2546 920 Dei
2571 865 2804 936 appellet
2833 867 3182 933 homicidam,
3213 875 3270 923 et
3297 865 3428 922 Jesu
3459 868 3574 922 tilio
3600 867 3742 923 Nave

2163 955 2431 1020 detrahat,
2465 958 2621 1027 quasi
2655 958 2862 1013 homini
2889 959 3262 1028 sanguinaria,
3293 958 3385 1030 qui
3427 966 3596 1013 tanta:
3623 974 3742 1014 san-

2163 1045 2365 1098 ctitatis
2395 1043 2516 1110 fuit,
2547 1053 2608 1100 ut
2638 1048 2704 1100 ad
2729 1048 3012 1114 imperium
3038 1050 3304 1104 sermonis
3327 1047 3444 1116 ejus
3469 1047 3556 1103 sol
3595 1047 3742 1102 luna-

2163 1149 2267 1204 que
2296 1137 2651 1212 coustiterunt
2683 1135 2830 1208 (los.
2861 1136 2960 1210 x),
2997 1147 3052 1192 et
3080 1139 3250 1194 David
3277 1141 3342 1194 de
3364 1138 3520 1207 cujus
3541 1141 3744 1196 semine

2163 1237 2315 1286 ortus
2341 1238 2425 1285 est
2467 1221 2712 1286 Christus
2743 1231 3068 1286 homicidam
3104 1241 3160 1287 et
3212 1234 3520 1289 adulterum
3567 1241 3742 1296 vocet,

2161 1339 2268 1378 non
2293 1324 2586 1392 respiciens
2617 1325 2731 1394 ejus
2771 1326 3143 1394 paenitentiam
3169 1336 3226 1380 et
3250 1327 3742 1391 mansuetudinem,

2161 1433 2268 1488 qua
2307 1419 2400 1472 Dei
2431 1419 2717 1474 clementia
2747 1429 3112 1489 comparatur.
3147 1419 3254 1475 Sed
3285 1421 3538 1490 quamvis
3563 1435 3746 1489 super-

2159 1509 2261 1564 bus
2307 1516 2363 1563 et
2410 1525 2669 1580 arrogans
2707 1509 2796 1575 sit,
2829 1518 2885 1564 et
2933 1509 3251 1566 furibundus
3279 1509 3538 1574 exsultet,
3571 1519 3744 1564 tamen

2159 1599 2280 1668 plus
2299 1599 2479 1662 audet,
2507 1615 2670 1668 quam
2691 1599 2808 1668 ejus
2830 1600 3030 1668 patitur
3053 1599 3336 1654 fortitudo.
3359 1599 3574 1654 Idcirco
3593 1597 3744 1653 Moab

2161 1691 2388 1746 ululabit
2413 1693 2478 1747 ad
2501 1691 2676 1757 Moab,
2705 1692 2760 1746 id
2785 1700 2886 1756 est,
2917 1691 3051 1746 alter
3077 1691 3144 1746 ad
3169 1691 3422 1756 alterum,
3451 1705 3644 1746 omnes
3667 1689 3744 1744 vi-

2161 1781 2354 1836 delicet
2377 1782 2750 1836 hmreticorum
2799 1789 2854 1835 et
2889 1781 3164 1836 saecularis
3203 1781 3488 1852 sapientia:
3519 1779 3746 1835 diversi-

479 1863 680 1940 perbus
705 1879 786 1924 est
815 1869 988 1924 valde.
1017 1868 1280 1939 Superbia
1316 1867 1454 1936 ejus,
1484 1877 1539 1923 et
1578 1853 1886 1934 arrogantia
1917 1865 2056 1934 erS,
2085 1873 2133 1933 B
2163 1881 2302 1926 tates
2329 1883 2514 1926 contra
2544 1887 2602 1926 se
2633 1871 2891 1942 mugient,
2933 1887 3054 1925 cum
3085 1871 3138 1924 in
3191 1869 3482 1925 tormentis
3527 1869 3746 1924 fuerint.

481 1968 535 2013 et
562 1959 856 2028 indignatio
876 1959 1009 2026 ejus,
1027 1958 1310 2028 plusquam
1326 1957 1586 2012 fortitudo
1602 1957 1717 2027 ejus
1733 1955 1866 2028 (13a.
1885 1959 2017 2009 xvi".
2032 1976 2049 2006 ›

481 2051 684 2104 Idcirco
712 2049 936 2104 ululabit
963 2049 1135 2104 .Moab
1181 2051 1244 2104 ad
1287 2049 1438 2104 Moab
1462 2089 1476 2114 ,
1508 2049 1788 2102 universus
1831 2047 2060 2100 ululabit

481 2140 600 2202 sibi,
635 2139 723 2210 qui
751 2139 999 2192 laetantur
1035 2154 1197 2208 super
1225 2153 1408 2192 muros
1445 2139 1586 2194 cocti
1627 2138 1830 2192 lateris.
1863 2136 2062 2206 Loqui-

482 2231 609 2284 mini
655 2226 838 2302 plagas
867 2229 1000 2298 ejus.
1040 2232 1276 2286 Rursum
1313 2233 1378 2286 ad
1411 2231 1754 2302 praesentiam
1801 2231 1958 2294 redit,
2007 2240 2060 2284 et

481 2321 741 2391 superbiae
783 2330 971 2391 arguet
1001 2321 1178 2388 Moab,
1209 2323 1352 2392 quod
1381 2323 1547 2377 multo
1585 2322 1703 2392 plus
1746 2321 1918 2376 elatus
1949 2321 2016 2374 sit
2043 2361 2058 2384 ,

481 2425 642 2478 quam
668 2411 781 2478 ejus
811 2411 1066 2466 fortitudo
1096 2415 1374 2481 poscebat,
1413 2421 1466 2466 et
1509 2421 1727 2481 propter
1780 2413 1920 2466 hanc
1973 2427 2058 2465 su-

479 2501 719 2569 perbiam
747 2501 982 2554 ululatus
1010 2501 1080 2554 sit
1107 2501 1262 2556 Moab
1297 2501 1363 2556 ad
1403 2501 1578 2564 Moab,
1609 2502 1662 2555 id
1689 2509 1802 2567 est,
1829 2501 2060 2570 populus

481 2591 546 2644 ad
577 2591 790 2656 urbem,
819 2593 904 2644 vel
931 2592 1246 2661 metropolis
1271 2593 1336 2646 ad
1361 2593 1724 2662 provinciam,
1771 2601 1826 2646 et
1867 2599 2060 2646 cuncta

479 2681 770 2736 ululatibus
797 2691 938 2735 terra
964 2683 1241 2736 resonabit
1269 2699 1430 2752 super
1473 2699 1657 2737 muros
1687 2682 1824 2738 cocti
1856 2682 2056 2736 lateris.

479 2772 556 2826 De
583 2770 779 2839 quibus
815 2781 870 2826 et
907 2771 1166 2827 Jeremias
1197 2789 1340 2827 nunc
1367 2775 1444 2826 ait
1473 2791 1484 2826 ε
1516 2792 1534 2824 ‹
1571 2773 1693 2828 Ideo
1716 2785 1876 2842 super
1907 2771 2058 2827 Moab

477 2859 722 2928 ejulabo,
767 2871 822 2916 et
857 2863 924 2917 ad
967 2863 1122 2918 Moab
1167 2865 1474 2918 universam
1515 2864 1792 2929 clamabo,
1819 2867 1885 2920 ad
1914 2865 2058 2920 viros

479 2951 620 3006 muri
651 2953 829 3008 fictilis
871 2955 1244 3011 lamentantes.
1281 2975 1298 3008 ι
1347 2955 1452 3010 Per
1498 2956 1612 3010 lucc
1642 2955 1830 3014 autem
1869 2963 2059 3026 poten-

479 3044 608 3097 tiam
637 3042 876 3114 pristinae
921 3043 1195 3100 felicitatis
1220 3084 1234 3108 ,
1285 3053 1338 3097 et
1381 3045 1566 3114 plagas
1603 3045 1900 3114 repentina:
1929 3045 2056 3099 sub-

477 3135 741 3190 versionis
769 3137 1022 3190 ostendit.
1069 3136 1232 3190 Moris
1259 3145 1340 3190 est
1369 3135 1791 3204 Scripturarum,
1825 3143 1886 3190 ut
1911 3145 2060 3206 post-

2163 1962 2520 2028 Quamobrem
2567 1961 2686 2026 his,
2725 1961 2816 2030 qui
2861 1975 3044 2014 muros
3094 1959 3330 2024 habent,
3371 1975 3482 2013 non
3531 1955 3748 2027 quadris

2159 2051 2450 2106 aedificatus
2479 2051 2770 2122 lapidibus,
2792 2051 2859 2106 de
2885 2051 3084 2120 quibus
3140 2050 3392 2120 templum
3421 2049 3749 2104 aedificatum

2162 2153 2260 2208 est,
2293 2153 2347 2198 et
2371 2145 2426 2197 in
2467 2153 2674 2197 tantum
2700 2143 2902 2214 politis,
2936 2152 2996 2198 ut
3023 2143 3248 2197 malleus
3277 2151 3334 2197 et
3383 2143 3600 2197 securis
3645 2155 3748 2196 non

2163 2239 2231 2292 sit
2283 2239 2464 2292 audita
2509 2239 2562 2292 in
2613 2239 2770 2291 domo
2806 2237 2922 2300 Dei,
2977 2251 3009 2290 ο
3045 2251 3139 2290 vos
3171 2235 3428 2290 Ecclesiae
3479 2231 3748 2304 magistri,

2161 2329 2244 2383 vel
2275 2329 2366 2397 qui
2395 2331 2524 2384 estis
2549 2330 2612 2384 de
2642 2328 2800 2384 Moab
2831 2343 3016 2382 errore
3045 2327 3257 2392 salvati,
3287 2327 3614 2381 annuntiate
3637 2326 3746 2396 pla-

2163 2434 2258 2488 gas
2285 2435 2431 2484 suas,
2459 2421 2656 2488 quibus
2683 2419 3061 2474 haereticorum
3085 2419 3279 2486 jaculis
3309 2419 3582 2473 vulnerati
3605 2423 3742 2470 sunt.

2161 2511 2361 2564 Omnes
2407 2511 2554 2564 enim
2601 2509 2958 2585 cogitationes
3018 2525 3236 2574 eorum,
3275 2509 3420 2578 quod
3479 2507 3744 2577 signiﬁcat

2161 2601 2396 2666 Esebon,
2427 2617 2533 2655 non
2565 2600 2632 2654 ad
2669 2600 2816 2654 urbis
2864 2599 3154 2652 Dominicaa
3203 2599 3746 2670 habitationem_per-

2164 2693 2351 2752 tinent,
2387 2691 2452 2746 de
2483 2706 2587 2760 qua
2615 2690 2873 2759 scriptum
2908 2699 2987 2744 est
3021 2707 3032 2742 :
3067 2709 3084 2738 ε
3110 2689 3371 2743 Fluminis
3401 2689 3636 2758 impetus
3659 2688 3746 2742 L12-

2163 2780 2332 2835 tificat
2376 2780 2648 2834 civitatem
2697 2779 2792 2834 Dei
2824 2779 2996 2850 (Psal.
3027 2779 3171 2846 κων).
3222 2799 3240 2830 ι
3287 2777 3392 2832 Sed
3439 2777 3744 2832 suburbana

2161 2883 2305 2938 sunt,
2337 2873 2462 2926 licet
2511 2874 2575 2928 ad
2622 2873 2812 2927 urbem
2851 2871 3064 2926 Domini
3113 2873 3388 2940 pertinere
3433 2873 3740 2936 credantur,

2162 2963 2289 3031 quia
2335 2963 2433 3016 sub
2481 2962 2616 3018 urbe
2653 2970 2780 3016 sunt
2816 2979 2830 3016 :
2865 2963 3080 3017 deserta
3105 2965 3286 3016 tamen
3327 2963 3602 3032 praesidio,
3633 2963 3744 3018 sive

2163 3053 2345 3108 divino
2376 3055 2496 3124 igne
2520 3054 2800 3110 combusta
2821 3065 3002 3118 erunt,
3027 3054 3299 3124 praecipue
3317 3055 3472 3109 vinea
3491 3055 3740 3120 Sabama,

2164 3157 2284 3212 quae
2311 3143 2698 3212 interpretatur
2723 3143 2973 3198 attollens
3017 3133 3377 3209 altitudinem,
3405 3161 3472 3199 eo
3500 3145 3642 3214 quod
3689 3145 3742 3200 in

473 3239 636 3294 quam
689 3226 1124 3296 desperationem
1175 3227 1370 3280 mentis
1423 3227 1670 3281 humanae
1706 3226 1829 3280 Ιωιο
1871 3225 2059 3280 nuntio
2087 3217 2131 3279 C
2163 3237 2332 3290 altu!“
2363 3252 2422 3291 se
2451 3237 2640 3307 erigat,
2671 3245 2724 3292 et
2751 3237 3018 3306 super-bim
3069 3253 3179 3292 sua}
3223 3237 3418 3291 turrim
3463 3251 3634 3306 usque
3677 3235 3742 3290 ad

480 3314 844 3368 sublevaverit
867 3355 882 3380 ,
933 3331 1148 3370 rursum
1193 3316 1520 3387 negligentes
1546 3323 1600 3370 et
1627 3315 1870 3370 nolentes
1901 3331 2060 3388 agere

475 3405 890 3476 paenitentiam,
943 3409 1360 3462 comminatione
1411 3409 1698 3463 deterreat.
1751 3407 1870 3462 Non
1915 3408 2060 3462 enim

477 3493 688 3548 benitas
716 3495 814 3549 Dei
845 3497 1061 3552 indurat
1094 3513 1190 3550 cor
1239 3505 1500 3552 nostrum.
1556 3495 1718 3564 Cujus
1767 3497 1848 3552 rei
1892 3512 2060 3551 unum

478 3593 685 3638 tantum
713 3603 976 3656 ponamus
1006 3589 1310 3658 exemplum
1341 3603 1356 3641 :
1389 3587 1446 3642 In
1493 3589 1789 3644 centesimo
1831 3589 2058 3658 quadra-

479 3661 682 3744 gesimo
698 3685 888 3744 quarto
907 3679 1113 3746 psalmo
1133 3679 1390 3749 legimus:
1427 3699 1443 3728 ε
1475 3678 1668 3734 Suavis
1696 3687 1780 3734 est
1799 3679 2058 3736 Dominus

477 3765 764 3830 universis,
813 3776 868 3822 et
894 3769 1266 3824 miserationes
1317 3770 1433 3838 ejus
1485 3786 1650 3838 super
1679 3771 1862 3826 omnia
1895 3787 2058 3840 opera

475 3852 592 3920 ejus
621 3853 792 3924 (Psal.
825 3857 994 3926 ms).
1033 3877 1050 3908 ι
1087 3859 1154 3912 Et
1195 3868 1316 3928 post
1361 3859 1636 3928 paululum
1672 3877 1684 3914 :
1723 3879 1740 3910 ι
1777 3859 2058 3914 Sustentat

479 3944 738 4000 Dominus
779 3964 966 4003 omnes
1007 3951 1098 4019 qui
1129 3947 1392 4006 corruunt
1418 3994 1431 4014 ,
1459 3961 1513 4007 et
1545 3955 1702 4024 erigit
1747 3969 1936 4009 omnes
1983 3955 2057 4008 al-

479 4033 626 4089 lisos.
654 4035 802 4090 Oculi
831 4041 1067 4094 omnium
1105 4042 1158 4094 in
1188 4050 1238 4095 te
1262 4053 1500 4112 sperant,
1525 4045 1771 4110 Domine,
1805 4055 1858 4100 et
1883 4053 1940 4098 tu
1961 4045 2058 4099 das

481 4141 660 4180 escam
695 4127 906 4183 illorum
938 4131 992 4184 in
1019 4141 1260 4200 tempore
1299 4149 1394 4187 suo
1425 4133 1596 4204 (Psal.
1625 4133 1826 4202 cxmv).
1851 4155 1868 4186 ι
1897 4135 2058 4189 Cum-

477 4231 584 4288 que
625 4217 977 4287 praemisi’sset
1016 4241 1026 4274 :
1067 4241 1084 4272 ι
1119 4221 1363 4279 Custodit
1397 4224 1658 4278 Dominus
1701 4241 1890 4280 omnes
1933 4225 2056 4279 dili-

479 4317 665 4378 gentes
689 4327 775 4376 se,
809 4331 826 4362 ι
867 4329 934 4366 ne
982 4313 1340 4384 negligentem
1387 4314 1588 4368 faceret
1629 4317 1949 4380 auditorem,
1977 4317 2058 4370 in—

479 4399 600 4454 tulit
639 4417 651 4452 :
695 4419 710 4450 ε
740 4409 796 4454 et
819 4417 1006 4457 omnes
1035 4417 1346 4471 peccatores
1369 4399 1659 4474 disperdet.
1693 4425 1709 4456 ι
1736 4405 1870 4473 Quia
1897 4407 2056 4476 igitur

479 4489 532 4543 in
565 4489 749 4558 priore
781 4499 990 4546 comato
1039 4493 1104 4546 ad
1155 4491 1528 4560 paenitentiam
1569 4503 1813 4548 errantes
1847 4489 2058 4564 'provo-

480 4581 634 4636 eabat
657 4623 672 4648 ,
727 4593 782 4637 et
812 4584 878 4637 ad
909 4583 1178 4639 Christum
1208 4587 1450 4640 converti
1477 4589 1746 4654 monebat,
1775 4597 1832 4642 ut
1858 4589 1910 4642 in
1941 4588 2054 4656 ejus

479 4669 585 4724 fide
617 4669 878 4741 perpetuo
899 4683 1200 4740 manerent,
1230 4691 1370 4729 nunc
1394 4677 1644 4746 quoniam
1669 4676 2058 4744 iucorrigibilcs

476 4774 544 4814 ex
601 4761 680 4814 eis
721 4761 980 4830 plurimos
1023 4779 1182 4830 esse,
1231 4775 1286 4820 et
1323 4769 1676 4834 perdurantes
1729 4769 1784 4822 in
1829 4769 2056 4824 stultitia

481 4865 576 4904 sua
619 4855 878 4922 agnoscit,
936 4871 1002 4910 ex
1051 4871 1280 4924 persona
1317 4867 1647 4924 sanctorum,
1685 4859 1775 4928 qui
1809 4860 1873 4913 de
1901 4859 2057 4914 Moab

481 4939 672 4994 salvati
737 4951 909 5006 sunt,
961 4953 1014 4997 et
1067 4947 1432 5014 experimento
1487 4963 1584 5004 suo
1645 4947 1761 5016 ejus
1823 4949 2058 5006 didicere

479 5032 812 5102 superbiam,
861 5045 1142 5104 prepterca
1175 5037 1443 5106 loquitur:

555 5248 574 5280 ε
618 5231 936 5287 Audivimus
961 5233 1265 5303 superbiam
1289 5233 1462 5302 Moab,
1489 5239 1752 5306 superbus
1773 5245 1856 5292 est
1879 5239 2055 5306 valde,

483 5319 864 5384 sublimitatem
913 5325 1028 5394 ejus
1078 5334 1130 5378 et
1178 5327 1542 5395 arrogantiam
1579 5337 1632 5382 et
1672 5330 1980 5398 superbiam
2007 5339 2062 5386 ct

483 5411 816 5466 altitudinem
864 5417 1040 5470 cordis
1107 5417 1282 5480 illius,
1335 5439 1350 5468 θ
1403 5427 1506 5472 etc.
1559 5419 1860 5492 (Πίεγοη.)
1929 5423 2057 5486 Quis

483 5502 624 5556 enim
655 5503 1030 5560 haereticorum
1059 5523 1164 5562 non
1209 5511 1471 5576 superbus
1521 5518 1624 5572 cst,
1659 5511 1748 5579 qui
1797 5512 2056 5580 ecclesia-

480 5593 666 5645 sticam
699 5595 999 5662 despiciens
1039 5597 1460 5665 simplicitatem.
1491 5601 1562 5654 ita
1607 5601 1768 5656 habet
1805 5601 2058 5656 Ecclesiae

483 5679 724 5738 boutines
751 5689 904 5754 quasi
929 5687 1086 5740 bruta
1125 5689 1373 5742 animalia
1410 5709 1420 5742 :
1455 5699 1508 5746 et
1539 5693 1592 5746 in
1619 5701 1826 5748 tantum
1869 5708 2058 5764 super-

482 5771 582 5828 bia
607 5774 924 5848 injuriazque
963 5787 1228 5834 tumorem
1263 5779 1512 5848 erigitur,
1539 5793 1598 5838 ut
1651 5793 1838 5841 contra
1883 5785 2058 5856 ipsum

2162 3317 2360 3382 coelum
2385 3337 2663 3382 exstruere
2679 3337 2922 3382 conetur.
2943 3328 3014 3380 De
3035 3327 3138 3380 hac
3158 3327 3313 3382 vinea
3345 3342 3558 3396 quoque
3579 3325 3742 3380 Isaias

2161 3417 2334 3471 dicit:
2379 3435 2398 3468 ι
2444 3417 2666 3472 Domini.
2707 3419 2946 3486 gentium
2992 3417 3311 3472 exciderunt
3361 3417 3566 3488 ﬂagella
3603 3417 3740 3486 ejus,

2158 3521 2328 3574 usque
2353 3505 2422 3560 ad
2451 3505 2610 3561 Jazer
2645 3515 3028 3578 pervenerunt.
3061 3507 3395 3561 Erravcrunt
3425 3508 3478 3560 in
3523 3505 3742 3561 deserto

2157 3599 2476 3670 propagines
2505 3600 2642 3669 ejus,
2673 3599 2873 3654 relictae
2912 3608 3058 3664 sunt,
3086 3599 3418 3654 transierunt
3447 3613 3616 3664 mare,
3647 3613 3738 3653 su-

2155 3705 2252 3758 per
2279 3691 2382 3744 hoc
2407 3691 2630 3758 plorabo
2665 3691 2718 3743 iu
2767 3690 2893 3742 fletu
2928 3688 3090 3744 Jazer
3124 3689 3282 3743 vinea
3329 3688 3586 3753 Sabama,
3619 3689 3738 3744 inc-

2155 3781 2344 3834 briabo
2376 3791 2427 3836 te
2463 3783 2703 3854 Iacryma
2728 3798 2846 3837 mea
2877 3782 3094 3838 Ezcbon
3141 3791 3198 3836 et
3241 3781 3454 3844 Eleale,
3483 3781 3736 3849 quoniam

2157 3891 2320 3945 super
2345 3877 2672 3932 vindemiam
2715 3887 2858 3931 tuam
2909 3885 2963 3931 et
2988 3891 3148 3946 super
3177 3891 3410 3931 messem
3455 3883 3600 3928 tuam
3631 3889 3734 3928 vox

2157 3965 2481 4020 calcautium
2511 3967 2686 4030 irruit,
2719 3978 2772 4022 et
2813 3967 3088 4020 auferetur
3116 3967 3324 4030 laetitia,
3359 3973 3414 4020 et
3455 3965 3742 4019 exsultatio

2159 4058 2222 4112 de
2241 4057 2576 4125 Carmelo,et
2603 4059 2655 4112 in
2689 4060 2860 4112 vineis
2891 4073 3000 4112 non
3029 4057 3324 4112 exsultabit
3351 4071 3524 4125 neque
3543 4057 3738 4124 jubila-

2157 4149 2254 4203 bit.
2286 4147 2482 4202 Vinum
2537 4151 2588 4202 in
2617 4149 2874 4202 torculari
2915 4163 3022 4203 non
3067 4147 3318 4212 calcabn,
3347 4147 3494 4216 quod
3535 4145 3742 4200 calcare

2157 4249 2511 4292 consueverat
2541 4257 2554 4292 :
2585 4255 2774 4295 vocem
2803 4238 3129 4294 calcautium
3161 4239 3358 4291 abstuli
3385 4237 3520 4308 (Isu.
3545 4237 3680 4302 xvi).
3717 4255 3734 4286 ι

2159 4329 2476 4384 Suburbana
2507 4329 2742 4394 Esebon,
2779 4331 2845 4382 de
2874 4329 3070 4397 quibus
3119 4343 3280 4396 supra
3329 4327 3592 4396 scriptum
3639 4334 3738 4390 est,

2159 4421 2372 4474 deserta
2400 4428 2538 4482 sunt,
2566 4429 2620 4472 et
2651 4421 2806 4474 vinea
2840 4418 3095 4482 Sabama,
3127 4433 3244 4487 qua)
3273 4417 3626 4487 interpretari
3649 4431 3740 4486 po-

2160 4517 2263 4564 test
2291 4525 2396 4563 non
2428 4509 2598 4563 solum
2631 4509 2894 4564 extollens
2921 4508 3282 4573 altitudinem,
3316 4509 3410 4562 sed
3435 4517 3488 4562 et
3513 4522 3738 4562 conver-

2161 4601 2240 4654 sio
2271 4599 2466 4667 aliqua,
2494 4601 2618 4668 quia
2647 4601 2859 4654 videtur
2891 4599 2944 4654 in
2973 4599 3194 4670 regione
3223 4597 3508 4654 Moabitica
3535 4599 3602 4653 ad
3635 4599 3738 4654 Do-

2161 4691 2292 4744 mini
2311 4689 2626 4743 servitutem
2655 4689 2832 4758 aliqua
2853 4703 2918 4742 ex
2942 4697 3098 4758 parte
3117 4687 3252 4742 velle
3273 4689 3543 4743 converti.
3577 4686 3742 4755 Hujus

2165 4780 2524 4858 igiturvinea:
2573 4777 2802 4832 Sabama
2853 4778 3066 4833 Domini
3111 4777 3352 4848 gentium
3397 4775 3650 4848 apostoli,
3693 4783 3746 4831 et

2165 4869 2444 4938 apostolici
2479 4869 2584 4922 viri
2609 4867 2812 4938 ﬂagella
2842 4877 2896 4923 et
2925 4868 3248 4940 propagines
3297 4867 3516 4938 penitus
3564 4867 3740 4922 absci-

2159 4959 2374 5027 derunt,
2403 4978 2471 5018 ne
2497 4979 2562 5016 cx
2593 4963 2712 5016 aliis
2741 4963 3041 5017 hmresibus
3067 4961 3184 5014 alia:
3233 4969 3590 5016 nascerentur
3638 4959 3746 5016 bte-

2161 5067 2309 5108 rcses
2339 5063 2394 5108 et
2421 5054 2626 5107 infinita
2651 5054 2948 5108 errantium
2987 5051 3142 5106 ﬂeret
3181 5051 3490 5107 multitudo.
3543 5051 3612 5106 Et
3641 5067 3744 5106 non

2161 5144 2332 5198 solum
2359 5143 2673 5198 exciderunt
2700 5143 3027 5220 propagines
3063 5143 3334 5209 Sabama},
3365 5143 3461 5198 sed
3485 5157 3656 5212 usque
3681 5140 3744 5195 ad

2158 5233 2318 5289 Jazer
2347 5243 2730 5304 pervenerunt,
2757 5249 2877 5304 quae
2923 5233 3316 5304 interpretatur
3357 5233 3619 5289 fortitudo
3653 5247 3742 5288 eo-

2161 5339 2300 5390 rum,
2333 5325 2434 5379 IIOC
2461 5335 2564 5390 est,
2597 5325 2664 5378 ad
2693 5323 2986 5378 fortissima
3013 5339 3242 5394 quaeque
3279 5323 3534 5393 dogmata
3573 5323 3742 5378 haere-

2161 5415 2388 5470 ticorum
2414 5425 2468 5469 et
2499 5415 2776 5470 dialectica
2823 5423 2938 5468 arte
2969 5421 3300 5477 constructa,
3336 5413 3388 5466 in
3433 5413 3630 5481 quibus
3661 5427 3744 5466 ro-

2158 5507 2260 5562 bur
2275 5509 2356 5562 sui
2381 5507 2703 5562 videbantur
2719 5505 2936 5572 habere,
2957 5514 3010 5561 et
3035 5506 3086 5558 in
3117 5511 3326 5559 tantum
3353 5519 3540 5559 eorum
3561 5515 3744 5557 mucro

2159 5601 2452 5656 bacchatus
2491 5611 2591 5664 est,
2623 5609 2683 5652 ut
2725 5599 3016 5653 novissime
3041 5607 3289 5674 errarent
3329 5597 3384 5652 in
3427 5595 3742 5657 solitudine,

2161 5703 2214 5746 et
2261 5709 2418 5764 quem
2468 5693 2836 5748 interficerent
2885 5707 2990 5745 non
3039 5689 3320 5744 haberent.
3373 5688 3616 5758 Cumque
3673 5683 3744 5738 illi

2161 5783 2474 5840 exciderent
2506 5781 2716 5855 flagella
2755 5781 2872 5852 ejus
2907 5798 2918 5836 :
2955 5787 3132 5836 tamen
3167 5778 3298 5836 vitio
3345 5777 3546 5837 radicis
3577 5771 3744 5847 pessi-
