3952 6358
460 347 602 409 1128

1096 348 1155 402 B.
1199 344 1451 402 RABANI
1486 344 1705 403 nsum
1738 340 2059 399 ARCHIEP.
2100 304 2408 398 uocum.
2451 337 2733 396 eranum
2769 338 2947 395 PARS
2985 339 3069 394 III.

3579 338 3711 396 “3‘

462 466 615 529 Unde
664 463 972 534 in'psalmo
1005 477 1017 515 ι
1064 480 1082 511 ι
1128 460 1384 535 Visitabo
1423 461 1477 514 in
1521 460 1670 532 virga
1720 459 2029 527 iniquitates
2056 466 2103 523 Α
2132 457 2331 513 fontem
2354 458 2742 511 dominicorum
2759 459 2985 512 arietum
3011 450 3314 527 pervenire,
3334 455 3450 511 sive
3470 457 3708 525 fortium,

459 572 644 613 eorum
676 553 847 627 (Psal.
876 552 1160 624 Lxxxvm).
1211 572 1228 605 ν
1274 552 1589 608 Torrentem
1611 552 1834 607 salicum
1858 551 2029 621 Baby-

459 646 637 709 lonica
659 644 841 713 accipe
864 642 1106 708 ﬂumina,
1125 641 1192 695 de
1212 642 1407 711 quibus
1429 650 1483 696 et
1504 641 1702 696 David:
1729 660 1744 690 ι
1772 639 1829 693 In
1853 639 2031 693 salici-

459 744 565 801 bus
584 739 637 792 in
660 736 835 801 medio
870 734 985 803 ejus
1014 734 1387 802 suspendimus
1416 747 1617 803 organa
1651 739 1832 786 nostra
1857 728 2029 799 (Psal.

462 828 702 899 cxxxvr).
733 848 753 878 ›
783 826 907 882 Sive
931 826 1123 880 vallem
1146 824 1377 888 Arabiae,
1406 838 1501 894 per
1525 838 1687 893 quam
1703 822 1942 892 pergitur
1965 822 2033 876 ad

457 918 724 990 Assyrios.
757 916 1071 999 Accingitur
1106 915 1367 984 spiritalis
1392 910 1741 985 Moahsacco
1768 912 2034 982 poeniten-

465 1010 572 1075 tiae,
601 1016 656 1063 et
689 1016 849 1078 super
893 1015 1033 1061 tecta
1080 1021 1142 1060 ac
1194 1005 1427 1070 domata,
1463 1005 1515 1058 in
1561 1003 1753 1073 quibus
1802 1002 2033 1071 primum

462 1117 520 1158 se
544 1101 797 1156 sublimes
842 1112 962 1177 esse
988 1099 1301 1163 credebant,
1330 1105 1385 1153 et
1430 1097 1485 1151 in
1515 1096 1723 1166 plateis,
1754 1096 1879 1163 quia
1928 1108 2034 1149 non

465 1192 838 1264 ingrediuntur
888 1206 984 1260 per
1029 1198 1309 1260 angustam
1360 1189 1533 1253 viam‘,
1565 1190 1659 1243 sed
1704 1203 1802 1258 per
1846 1188 2033 1251 latam,

464 1298 589 1353 quae,
607 1283 756 1343 ducit
784 1283 850 1337 ad
876 1290 1126 1345 mortem,
1159 1281 1267 1336 erit
1316 1280 1571 1347 ululatus,
1599 1286 1653 1332 et
1700 1292 2033 1346 nequaquam

463 1372 751 1426 ascendent
779 1366 840 1424 in'
880 1370 1323 1441 superbiam,sed
1352 1368 1678 1424 descendent
1729 1370 1781 1422 in
1828 1367 2033 1422 ﬂetum.

465 1465 615 1519 Tunc
676 1461 973 1532 intelligent
1028 1476 1217 1525 orantes
1257 1460 1608 1530 cogitationes
1665 1474 1788 1515 suas
1830 1474 2034 1522 vanas,

466 1556 609 1626 quod
631 1556 1019 1623 interpretatur
1044 1552 1278 1619 Esebon,
1307 1560 1362 1605 et
1387 1565 1571 1606 casum
1624 1564 1906 1605 ascensum
1952 1565 2040 1604 su.

465 1643 687 1717 perbiaa,
714 1643 857 1711 quod
884 1640 1063 1698 Eleale
1115 1648 1293 1705 sonat,
1317 1648 1375 1695 ut
1401 1654 1503 1699 vox
1530 1653 1723 1695 eorum
1767 1637 2039 1702 audiatur,

464 1749 634 1803 usque
664 1732 731 1787 ad
766 1732 906 1787 mala
929 1746 1093 1801 opera
1120 1726 1327 1792 eorum,
1369 1744 1488 1799 qua:
1520 1728 1784 1791 fecerunt,
1817 1736 1869 1781 et
1893 1741 2040 1781 man—

2134 546 2257 616 quia
2294 546 2433 600 Elim
2465 554 2750 615 utrumque
2780 545 3064 612 signiﬁcat.

2209 659 2226 689 I
2269 638 2336 691 Et
2367 637 2608 691 auferam
2635 638 2699 691 de
2746 636 2920 701 Moab,
2958 638 3033 690 ait
3082 638 3366 705 Dominus,
3396 636 3710 694 oﬁ'erentem

2135 731 2189 785 in
2215 728 2459 792 excelsis,
2492 739 2546 783 et
2603 727 3000 783 sacriﬁcantem
3032 729 3133 783 diis
3180 730 3312 797 ejus.
3356 751 3373 783 ι
3416 729 3709 801 (Manlius)

2134 817 2276 872 Bene
2303 832 2432 886 ergo
2457 817 2672 881 dicitur,
2698 816 2840 885 quod
2869 817 3128 872 Dominus
3158 820 3372 874 auferat
3391 820 3709 875 offerentem

2137 908 2201 962 de
2232 906 2384 961 Moab
2411 907 2463 961 in
2488 905 2734 972 excelsis,
2766 915 2820 960 et
2844 905 3237 961 sacriﬁcantem
3272 908 3377 962 diis
3417 910 3557 979 ejus,
3587 922 3711 976 quia

2137 1011 2256 1052 cum
2306 996 2503 1057 defecit
2528 1006 2791 1065 ‘regnum,
2837 997 3073 1050 cessavit
3117 1012 3247 1052 usus
3296 981 3710 1053 sacriﬁciorum.

2137 1086 2359 1156 Mystice
2385 1100 2561 1140 auem
2592 1086 2893 1140 intereunte
2924 1096 3069 1140 secta
3118 1089 3366 1143 humana:
3410 1090 3711 1157 sapientia,

2138 1176 2369 1231 cessavit
2414 1174 2571 1231 simul
2610 1174 2813 1230 clamor
2860 1182 2914 1229 et
2948 1190 3138 1245 pompa
3189 1179 3501 1243 verborum,
3534 1179 3609 1232 ita
3659 1185 3719 1232 ut

2141 1282 2240 1321 nec
2262 1265 2749 1335 pliilosophi'istius
2778 1266 2995 1329 mundi,
3027 1280 3202 1335 neque
3223 1269 3465 1324 haeretici
3495 1268 3563 1323 de
3594 1267 3715 1321 uni-

2139 1369 2249 1418 tate
2280 1359 2536 1415 Ecclesiae
2570 1360 2792 1428 egressi,
2825 1359 3023 1428 aliquid
3050 1360 3105 1413 in
3133 1361 3375 1415 doctrina
3420 1376 3518 1415 sua
3570 1362 3716 1414 inve-

2143 1452 2316 1516 niant,
2354 1452 2499 1520 quod
2523 1452 2775 1506 humanae
2806 1451 2929 1506 vitae
2985 1450 3219 1521 aliquam
3253 1450 3545 1508 utilitatem
3594 1464 3723 1505 coa-

2140 1542 2298 1597 ferat.

2217 1674 2235 1707 ‹
2280 1655 2571 1726 Propterea
2602 1669 2697 1710 cor
2724 1660 2901 1710 meum
2930 1654 2997 1710 ad
3048 1655 3223 1721 Moab,
3250 1658 3406 1727 quasi
3435 1656 3567 1713 tibia
3603 1659 3722 1715 τεῆς

2151 1763 2169 1796 ι
2216 1746 2513 1811 resonabit,
2545 1753 2601 1801 et
2643 1759 2739 1801 cor
2768 1759 2946 1799 meum
2976 1745 3043 1799 ad
3070 1747 3216 1803 viros
3253 1749 3394 1803 muri
3425 1749 3607 1804 ﬁctilis
3633 1749 3723 1804 da-

464 1825 668 1898 datumi
700 1824 843 1895 quod
885 1824 1143 1893 putabant
1197 1820 1293 1875 Dei
1338 1820 1554 1889 propria
1600 1834 1675 1911 se,
1702 1817 2042 1911 confessione
2070 1812 2115 1873 Β
2152 1857 2168 1887 ι
2218 1838 2297 1893 bit
2330 1838 2561 1893 sonitum
2601 1836 2871 1891 tibiarum.
2922 1836 3058 1902 Quia
3086 1839 3205 1909 plus
3235 1839 3383 1904 fecit,
3418 1854 3585 1910 quam
3627 1856 3721 1911 po-

464 1914 800 1973 damnantes.
826 1913 1115 1981 Propterea
1143 1918 1343 1975 vectes,
1377 1911 1427 1964 id
1457 1920 1559 1975 est,
1590 1910 1679 1979 qui
1736 1909 1877 1964 lirmi
1926 1908 2038 1962 fue-

464 2006 572 2060 rint
603 2006 657 2059 in
680 2006 857 2069 Moab,
884 2013 939 2058 et
975 2018 1216 2058 errorem
1246 2017 1401 2065 suum
1446 2003 1827 2065 intellexerint,
1870 2001 2038 2055 ulula-

465 2096 598 2150 bunt
626 2107 680 2165 et
706 2110 855 2165 spem
883 2095 1083 2149 habere
1110 2092 1386 2163 profectus
1408 2093 1683 2161 incipient,
1716 2108 1837 2147 cum
1862 2092 2039 2146 anima

465 2200 652 2242 eorum
680 2185 967 2241 ululaverit
999 2185 1120 2239 sibi.
1172 2183 1323 2240 Unde
1350 2184 1610 2254 propheta
1655 2192 1737 2237 est
1787 2184 2040 2251 patientis

466 2276 681 2342 aﬂectu,
706 2276 941 2348 loquitur
970 2275 1038 2328 ad
1069 2289 1179 2341 eos,
1210 2288 1441 2343 quorum
1473 2273 1649 2330 anima
1681 2273 1903 2328 ululahit
1940 2272 2042 2328 sibi

464 2379 518 2427 et
552 2370 683 2425 dicit
717 2388 728 2421 :
763 2388 781 2419 ‹
821 2370 927 2423 Cor
954 2383 1131 2425 meum
1159 2367 1229 2422 ad
1281 2366 1436 2421 Moab
1485 2366 1739 2420 clamabit
1783 2383 1799 2414 ι
1846 2372 1904 2417 ut
1949 2377 2044 2418 eos

464 2458 532 2521 ad
558 2459 929 2527 pmnitentiam
952 2464 1227 2527 provocet.
1279 2456 1473 2510 Vectes
1521 2463 1700 2509 autem
1750 2469 1955 2519 eorum,
1987 2459 2042 2506 et

464 2548 647 2613 omnia
670 2547 1036 2612 ﬁrmamenta,
1068 2561 1187 2614 quae
1219 2546 1418 2599 habere
1446 2545 1499 2597 in
1558 2542 1850 2605 haeresibus
1898 2542 2043 2596 vide-

464 2637 687 2708 bantur,
714 2652 743 2690 a
775 2636 958 2707 segor,
989 2637 1092 2692 hoc
1115 2644 1220 2701 est,
1254 2636 1319 2694 ad
1344 2634 1631 2705 parvulam
1653 2650 1821 2704 usque
1852 2648 2043 2704 perve-

468 2727 637 2783 nient.
694 2724 1006 2781 Ostenditur
1063 2740 1171 2780 non
1242 2726 1464 2793 robusta
1512 2739 1650 2790 esse,
1678 2724 1774 2779 sed
1816 2724 2039 2794 fragilis.

467 2816 595 2872 Haec
633 2827 815 2873 autem
842 2817 1029 2886 Segor,
1054 2818 1155 2877 hoc
1184 2825 1286 2881 est,
1319 2831 1485 2886 parva
1510 2816 1827 2885 poenitentia
1848 2816 1893 2869 si
1923 2831 2044 2884 per-

465 2908 828 2978 severaverit,
874 2909 1133 2981 perducet
1186 2923 1279 2963 eos
1332 2908 1399 2961 ad
1444 2906 1740 2979 perfectam
1792 2907 2041 2973 salutem,

467 2999 612 3071 quod
645 3000 809 3054 vitula
848 3000 1012 3055 trium
1070 3014 1333 3055 annorum
1385 2998 1670 3069 signiﬁcat,
1702 3000 1856 3069 juxta
1890 2999 2040 3063 illud,

467 3090 611 3159 quod
663 3090 719 3147 in
774 3090 992 3156 Genesi,
1031 3089 1256 3160 legimus
1297 3088 1446 3160 (Gen.
1497 3090 1585 3161 xv)
1619 3109 1631 3143 :
1666 3091 1756 3145 ubi
1803 3090 2046 3159 praecipit

2154 1946 2173 1977 ‹
2223 1928 2323 1981 tuit
2359 1947 2371 1980 ι
2411 1927 2616 1981 idcirco
2645 1926 2944 1994 perierunt.
2990 1946 3009 1977 ι
3055 1926 3321 1998 Propheta
3348 1930 3593 1999 loquitur
3626 1929 3725 1985 do-

2147 2019 2305 2073 lentis
2352 2017 2569 2080 aﬁ‘ectu,
2605 2016 2684 2071 vel
2733 2018 2872 2085 quod
2922 2017 3063 2073 hosti
3091 2022 3363 2075 creditura
3397 2022 3487 2087 sit,
3520 2022 3574 2075 in
3622 2038 3724 2093 quo

2148 2117 2228 2163 tot
2257 2109 2396 2162 mala
2426 2108 2830 2178 superveniunt,
2866 2108 2949 2161 vel
2971 2110 3113 2177 quod
3143 2112 3306 2165 tantis
3328 2110 3723 2167 calamitatibus

2150 2198 2523 2267 opprimendi,
2578 2206 2636 2251 ut
2693 2197 2855 2251 etiam
2900 2198 3134 2253 inimicis
3181 2199 3521 2254 miserabiles
3574 2201 3717 2255 ﬁant.

2152 2287 2309 2357 Unde
2332 2287 2460 2341 dicit
2488 2302 2579 2341 cor
2609 2301 2763 2340 suum
2801 2296 2859 2338 ut
2884 2286 3068 2341 tibiam
3105 2302 3395 2353 resonare,
3425 2289 3555 2358 quia
3582 2288 3725 2359 lugu-

2148 2378 2244 2432 bre
2269 2391 2486 2430 carmen
2518 2390 2681 2444 super
2703 2375 2819 2444 ejus
2842 2376 3168 2445 superbiam,
3194 2384 3249 2430 et
3275 2384 3456 2431 tamen
3486 2375 3723 2444 fragilem

2130 2474 2204 2520 ’et
2230 2466 2545 2520 continuum
2573 2464 2831 2534 gemitum
2862 2473 3145 2533 promptus
3169 2465 3239 2519 sit
3266 2478 3333 2518 ex
3360 2465 3528 2520 corde
3579 2466 3703 2519 dare

2149 2572 2212 2609 eo
2241 2556 2383 2623 quod
2410 2555 2478 2609 ab
2504 2554 2749 2609 hostibus
2776 2554 3014 2622 perierit.

2226 2662 2245 2693 ι
2287 2642 2457 2698 Omne
2510 2643 2653 2695 enim
2699 2644 2859 2711 caput
2912 2642 3206 2708 calvitium,
3238 2651 3292 2697 et
3337 2645 3516 2698 omnis
3562 2646 3726 2700 barba

2156 2753 2174 2785 ‹
2219 2748 2339 2787 rasa
2374 2733 2497 2789 erit.
2540 2732 2596 2791 ln
2650 2732 2861 2786 cunctis
2904 2732 3153 2787 manibus
3176 2733 3549 2804 colligatio,,et
3570 2751 3727 2805 super

2155 2843 2173 2875 ι
2212 2840 2371 2878 omne
2398 2824 2615 2879 dorsum
2638 2822 2895 2887 cilicium,
2924 2832 2979 2879 et
2998 2831 3160 2893 super
3178 2826 3359 2879 omnia
3387 2834 3531 2881 tecta
3553 2826 3725 2892 Moab,

2156 2934 2174 2966 ι
2222 2923 2276 2970 et
2320 2915 2374 2969 in
2409 2914 2604 2985 plateis
2623 2912 2739 2981 ejus
2797 2913 2973 2968 omnis
3023 2913 3289 2983 planctus,
3322 2917 3451 2985 quia
3502 2918 3726 2972 contrivi

2156 3023 2175 3055 ι
2222 3003 2375 3058 Moab
2413 3004 2553 3058 sicut
2578 3018 2673 3057 vas
2700 3001 2910 3067 inutile,
2939 3003 3015 3056 ait
3063 3002 3343 3057 Dominus.
3396 3004 3475 3059 Dc
3519 3020 3623 3073 quo
3674 3012 3727 3059 et

2152 3095 2317 3150 Isaias
2354 3112 2366 3146 :
2415 3112 2433 3144 ι
2469 3094 2525 3147 ln
2549 3092 2759 3148 cunctis
2786 3092 3051 3161 capitibus
3080 3093 3194 3163 ejus
3234 3093 3532 3161 calvitium,
3557 3097 3727 3151 omnis

464 3180 761 3246 Abraham,
813 3190 874 3235 ut
918 3180 1107 3235 offerat
1163 3180 1421 3245 vitulum,
1465 3182 1687 3236 arietem
1739 3192 1792 3236 et
1831 3182 2045 3235 hircum
2073 3166 2119 3231 C
2157 3204 2176 3236 σ
2221 3186 2387 3239 barba
2414 3184 2651 3239 radetur.
2682 3183 2737 3237 In
2763 3183 2938 3239 triviis
2983 3182 3098 3251 ejus
3134 3185 3363 3241 accincti
3406 3196 3531 3241 sunt
3552 3202 3723 3251 sacco,

465 3271 630 3325 trium
680 3270 1302 3341 annorum,perfectum
1361 3271 1564 3326 scilicet
1608 3271 1950 3337 sacrificium,
1989 3279 2050 3325 ut

468 3361 644 3417 haeres
661 3361 774 3423 .Dei
797 3376 919 3417 esse
943 3370 1237 3417 mereatur.
1279 3360 1517 3431 Cumque
1544 3363 1751 3437 egerint
1776 3364 2048 3432 poeniten-

468 3447 599 3505 tiam
629 3462 726 3517 per
750 3446 907 3516 Luith
933 3489 947 3514 ,
980 3449 1033 3503 id
1074 3458 1158 3503 est
1180 3460 1439 3519 genarum
1470 3450 1770 3521 lacrymas,
1800 3452 1867 3505 ad
1916 3452 2048 3507 alta-

466 3535 605 3595 rium
631 3538 1012 3604 conscendent,
1049 3546 1102 3592 et
1130 3539 1284 3608 quasi
1310 3540 1560 3593 maeroris
1588 3540 1854 3595 foramine
1884 3550 2047 3612 atque

463 3625 710 3693 introitu,
727 3627 1018 3683 clamorem
1036 3627 1641 3685 contritionislevabunt
1654 3629 1719 3685 ad
1734 3630 2043 3698 Dominum,

467 3722 525 3769 ut
549 3716 761 3783 possint
789 3716 1009 3772 dicere:
1044 3735 1062 3768 ι
1111 3715 1445 3775 Sacriﬁcium
1493 3718 1603 3773 Deo
1651 3718 1873 3788 spiritus
1924 3734 2047 3774 con-

466 3803 772 3869 tribulatus,
800 3819 892 3859 cor
922 3810 1212 3860 contritum
1258 3816 1311 3861 et
1364 3807 1703 3862 humiliatum
1753 3808 2047 3868 Deusnon

463 3895 670 3965 Spernit
698 3892 867 3963 (Psal.
898 3896 971 3965 ι).
1022 3915 1039 3947 ›
1084 3895 1197 3951 Hoc
1227 3896 1319 3952 ﬁet
1346 3898 1470 3966 quia
1508 3913 1663 3966 aqum
1708 3897 1969 3962 Nemrim,
1992 3900 2046 3954 id

462 3995 566 4050 est,
600 3984 843 4039 doctrina
878 3986 1276 4052 hmreticorum,
1310 4003 1429 4057 quae
1478 3989 1659 4057 pardis
1706 3998 1759 4043 et
1788 3990 2045 4057 praevari-

463 4078 739 4131 catoribus
764 4087 1121 4148 comparatur,
1161 4080 1372 4134 deserta
1403 4081 1524 4145 erit,
1556 4090 1611 4135 et
1658 4081 1951 4137 deducetur
1977 4081 2045 4135 ad

466 4166 716 4221 nihilum.
744 4167 904 4220 Pardi
932 4175 1057 4221 sunt
1079 4182 1308 4236 quorum
1334 4170 1386 4221 in
1407 4168 1787 4238 JeremiaUer.
1805 4170 1924 4238 xm)
1953 4184 2045 4223 va-

469 4259 693 4313 rietates
718 4267 771 4314 et
800 4259 1021 4314 macula:
1044 4274 1151 4313 non
1175 4268 1471 4324 mutantur,
1498 4267 1825 4331 etapostatte
1848 4262 1911 4314 de
1928 4260 2046 4328 qui-

466 4351 565 4404 bus
594 4350 647 4403 in
674 4350 881 4421 psalmo
906 4350 1136 4419 legimus
1170 4367 1182 4402 :
1236 4369 1255 4402 ι
1301 4349 1753 4405 Ριιεενιιιοὶοειωιιεε
1801 4352 2045 4419 reputavi

464 4452 655 4493 omnes
710 4448 1025 4509 peccatores
1064 4437 1456 4509 terraelPsal.
1506 4438 1725 4510 cxvm).
1777 4458 1794 4491 ι
1856 4438 2044 4495 Omnis

465 4546 679 4601 quoque
710 4531 877 4587 herba
907 4540 961 4591 et
1011 4546 1251 4605 germen,
1283 4540 1337 4585 et
1390 4531 1649 4601 quidquid
1696 4534 1749 4585 in
1798 4546 2047 4587 sermone
2071 4518 2127 4580 Ι)

463 4635 647 4678 eorum
681 4621 848 4689 viride
898 4620 1181 4675 videbatur
1227 4618 1458 4683 exaruit,
1489 4628 1541 4675 et
1591 4620 1883 4675 secundum
1935 4635 2047 4673 ma-

464 4712 797 4783 gnitudinem
827 4720 1170 4781 peccatorum
1191 4725 1221 4763 a
1250 4710 1359 4763 Deo
1396 4709 1597 4763 visitati
1625 4718 1769 4774 sunt,
1804 4719 1861 4764 ut
1886 4725 2046 4779 quem

466 4818 564 4873 per
588 4802 853 4859 beneﬁcia
877 4818 983 4857 non
1034 4809 1338 4867 senserant,
1364 4816 1460 4871 per
1498 4800 1705 4871 ﬂagella
1756 4814 2047 4872 cognosce-

468 4904 605 4949 rent.
623 4896 860 4965 Denique
884 4895 1150 4950 ducentur
1177 4895 1243 4949 ad
1270 4893 1485 4959 vallem,
1509 4894 1622 4948 sive
1646 4902 1937 4949 torrentem
1963 4909 2048 4948 sa-

468 4985 651 5053 licum,
670 4995 729 5040 ut
749 4987 928 5041 nullus
948 4987 1000 5041 in
1027 4987 1104 5041 eis
1127 4986 1332 5041 fructus
1358 4995 1572 5041 maneat
1596 5004 1607 5039 :
1633 4986 1772 5039 hanc
1794 4985 1936 5039 enim
1968 5000 2050 5039 se-

471 5080 630 5135 minis
666 5079 856 5133 harum
898 5077 1151 5131 arborum
1185 5078 1367 5133 dicunt
1399 5093 1518 5133 csse
1550 5086 1825 5139 naturam,
1868 5084 1926 5130 ut
1955 5076 2044 5143 qui

470 5170 597 5224 illud
621 5170 672 5223 in
695 5168 888 5239 poculo
909 5168 1171 5233 hauserit,
1188 5168 1372 5223 liberis
1396 5180 1598 5221 careat.
1624 5167 1772 5221 Unde
1795 5177 1846 5221 et
1872 5167 2045 5221 sancti

468 5262 557 5331 qui
590 5268 810 5330 propter
834 5269 1081 5328 pecccata
1112 5259 1166 5316 in
1194 5259 1509 5313 confusione
1534 5258 1690 5326 hujus
1722 5258 1903 5311 mundi
1924 5270 2045 5311 esse

468 5359 765 5420 coeperunt,
800 5350 854 5405 in
888 5348 1143 5404 salicibus
1170 5348 1583 5418 Babyloniorum
1618 5347 1895 5401 fluminum
1927 5362 2043 5402 sus-

468 5439 706 5508 pendunt
767 5456 967 5508 organa
1023 5453 1140 5496 sua.
1201 5437 1399 5493 Omnes
1454 5438 1712 5492 terminos
1765 5431 2041 5492 Moabita-

471 5546 590 5584 rum
619 5532 823 5587 clamor
860 5532 1074 5597 circuit,
1106 5530 1191 5585 vel
1222 5530 1625 5600 provocantium
1652 5531 1714 5582 ad
1755 5529 2043 5597 paenitudi-

473 5638 612 5685 nem,
644 5623 724 5677 vel
774 5640 871 5693 pro
896 5638 1081 5677 errore
1107 5621 1459 5693 gementium,
1493 5629 1551 5673 ut
1600 5618 1791 5672 offerre
1838 5619 2043 5687 possint

471 5728 566 5785 per
594 5718 851 5774 ululatum
903 5735 1057 5774 suum
1114 5718 1307 5773 vitulos
1360 5717 1639 5775 labiorum,
1672 5723 1721 5768 et
1771 5730 1937 5783 usque
1976 5716 2042 5770 ad

2157 3295 2175 3327 ι
2218 3290 2381 3344 super
2407 3283 2546 3329 tecta
2566 3273 2683 3341 ejus
2705 3282 2758 3329 et
2800 3274 2852 3327 in
2876 3273 3069 3343 plateis
3092 3272 3208 3341 ejus
3248 3276 3425 3330 omnis
3471 3276 3663 3331 ululat.
3702 3297 3721 3329 ι

2150 3367 2309 3437 Apud
2340 3366 2589 3435 antiquos
2619 3380 2749 3433 ergo
2793 3363 2971 3419 barba:
2998 3365 3297 3435 capitisque
3324 3376 3534 3431 rasura,
3559 3367 3729 3424 luctus

2153 3456 2406 3511 indicium
2444 3455 2564 3508 fuit.
2598 3455 2700 3508 Per
2727 3454 2841 3509 haec
2867 3455 3179 3525 magnitudo
3208 3457 3464 3511 ιιιωιόι-ἱδ
3494 3456 3727 3511 ostendi-

2152 3556 2255 3601 tur.
2289 3546 2406 3602 Non
2428 3554 2585 3600 erunt
2615 3546 2839 3615 privatae
2876 3545 3125 3617 lacrymae
3160 3565 3173 3599 :
3202 3546 3477 3616 publicum
3505 3547 3725 3613 luctum,

2149 3636 2361 3706 publica
2389 3636 2623 3690 lamenta
2652 3635 3001 3699 resonabunt,
3034 3650 3133 3689 nec
3160 3644 3439 3699 matrona,
3473 3651 3574 3691 nec
3620 3636 3727 3690 vir-

2149 3728 2316 3795 gines,
2349 3741 2448 3780 nec
2478 3734 2609 3780 aetas
2643 3738 2809 3792 parva
2854 3737 3168 3794 puerorum,
3199 3738 3299 3779 nec
3341 3722 3497 3780 fracti
3543 3738 3729 3779 senum

2151 3828 2370 3882 gressus
2412 3814 2736 3867 tenebuntur
2765 3811 3031 3877 domibus,
3060 3812 3323 3880 pudorem
3353 3821 3408 3867 et
3452 3812 3729 3869 imbeoilli-

2152 3910 2314 3957 tatem
2356 3912 2600 3960 extrema
2645 3902 2930 3971 captivitas
2978 3902 3220 3967 nesciet,
3259 3920 3277 3954 ι
3324 3903 3449 3971 quia
3502 3903 3729 3959 contrivi

2151 3993 2304 4049 Moab
2355 3992 2493 4047 sicut
2542 4006 2636 4046 vas
2688 3991 2899 4055 inutile,
2941 4010 2957 4041 ι
2994 3992 3073 4046 ait
3114 3991 3397 4046 Dominus.
3453 3992 3565 4047 Vas
3606 4006 3730 4063 ergo

2150 4081 2335 4136 inutile
2366 4080 2467 4133 fuit
2492 4078 2667 4144 Moab,
2700 4088 2755 4133 et
2801 4080 2979 4135 minus
3024 4088 3205 4148 aptum
3234 4080 3301 4133 ad
3329 4095 3465 4149 opus
3512 4080 3728 4146 bonum,

2152 4170 2270 4224 ideo
2299 4184 2326 4222 a
2360 4169 2588 4223 Domino
2618 4168 2911 4223 contritum
2942 4177 3023 4222 est
3057 4176 3109 4221 et
3134 4169 3309 4223 omnis
3333 4168 3584 4224 doctrina
3617 4171 3730 4240 pbi~

2148 4261 2517 4331 losopborum,
2551 4274 2670 4328 qua:
2725 4258 2930 4328 fragilis
2965 4268 3048 4315 est
3098 4268 3153 4314 et
3197 4259 3417 4315 falsitati
3446 4250 3726 4328 innititur,

2149 4360 2440 4423 superante
2468 4343 2695 4405 veritate
2727 4352 3026 4406 conteritur
3080 4360 3240 4420 atque
3283 4351 3656 4422 dissipabitur,
3680 4360 3730 4407 et

2151 4442 2493 4510 despectione
2518 4449 2679 4509 atque
2706 4440 2926 4510 gemitui
2956 4450 3163 4493 aeterno
3187 4440 3413 4509 patebit.

2231 4550 2267 4606 ι⁸
2291 4530 2568 4597 Quomodo
2615 4530 2756 4583 victa
2803 4539 2888 4584 est
2936 4538 2989 4584 et
3042 4528 3423 4584 ululaverunt?
3464 4532 3727 4599 quomodo

2161 4641 2178 4673 ι
2223 4620 2415 4689 dejecit
2444 4620 2710 4675 cervicem
2763 4618 2919 4675 Moab
2966 4629 3020 4673 et
3064 4618 3323 4673 confusus
3366 4620 3485 4673 est?
3512 4620 3727 4692 Eritque

2160 4732 2176 4763 ι
2220 4712 2373 4766 Moab
2398 4712 2450 4765 in
2482 4710 2744 4773 derisum,
2783 4718 2838 4763 et
2878 4710 2931 4763 in
2954 4710 3257 4778 exemplum
3278 4710 3531 4766 omnibus
3556 4712 3609 4766 in
3631 4713 3729 4767 cir-

2158 4825 2174 4855 ι
2218 4805 2363 4859 cuitu
2407 4812 2517 4856 tuo.
2568 4821 2585 4851 ι
2634 4801 2784 4855 Victa
2816 4808 2899 4855 est
2950 4802 3097 4869 regio
3141 4799 3316 4865 Moab,
3346 4802 3487 4856 unde
3525 4802 3727 4856 habita-

2153 4903 2297 4949 tores
2321 4892 2436 4960 ejus
2488 4890 2843 4945 ululaverunt.
2910 4887 3115 4959 Dejecit
3159 4884 3438 4944 cervicem'
3470 4891 3727 4960 superbiat

2153 5000 2262 5041 sua:
2284 4993 2344 5038 et
2369 4982 2589 5038 confusa
2621 4990 2721 5045 est,
2754 4980 2965 5049 eritque
2995 4978 3151 5033 Moab
3174 4980 3272 5034 ,in‘
3289 4980 3531 5037 derisum
3568 4990 3623 5035 et
3678 4982 3725 5035 iu

2152 5072 2451 5140 exemplum
2499 5071 2749 5126 omnibus
2792 5070 2845 5121 in
2892 5067 3120 5121 circuitu
3163 5084 3281 5134 suo,
3305 5070 3433 5137 quia
3481 5068 3725 5139 superbia

2152 5167 2267 5237 ejus
2298 5179 2487 5233 magna
2518 5161 2671 5215 valde
2700 5168 2783 5212 est
2811 5156 3038 5226 deiecta.
3072 5157 3161 5212 Sic
3184 5160 3496 5213 etho-mana
3523 5160 3725 5230 sapien-

2153 5256 2227 5311 tia
2249 5263 2507 5324 quantum
2525 5252 2684 5321 erigit
2706 5262 2763 5303 se
2788 5257 2977 5303 contra
2994 5249 3275 5303 Dominum
3291 5247 3435 5301 fastu
3462 5249 3721 5311 elationis,

2155 5357 2359 5402 tantum
2399 5347 2626 5400 veritate
2658 5349 2946 5412 superante
2977 5341 3195 5397 habebit
3244 5356 3431 5396 coram
3482 5345 3723 5398 omnibus

2152 5439 2403 5494 ruborem
2430 5435 2779 5492 confusionis.

2227 5550 2241 5581 ‹
2296 5529 2419 5583 llaec
2443 5530 2569 5583 dicit
2604 5528 2861 5583 Dominus
2905 5546 2918 5581 :
2955 5527 3094 5581 Ecce
3122 5526 3276 5595 quasi
3303 5526 3485 5597 aquila
3510 5526 3719 5591 volavit,

2156 5643 2173 5675 ι
2216 5632 2269 5677 et
2294 5622 2533 5675 extendit
2557 5620 2667 5673 alas
2692 5628 2817 5673 suas
2846 5619 2911 5673 ad
2958 5618 3134 5673 Moab.
3168 5616 3335 5687 Capta
3365 5623 3449 5673 est
3487 5617 3717 5680 Cariotb,

2156 5734 2169 5761 ι
2214 5723 2265 5767 et
2314 5711 2635 5765 munitiones
2664 5709 2777 5778 ejus
2806 5724 2900 5780 per
2932 5724 3053 5763 cum
3084 5708 3487 5778 comprehensae
3514 5718 3657 5762 sunt.
3695 5722 3714 5756 ο

3891 1475 3894 1643 τ
