3952 6326
141 338 281 392 1125

133 451 394 521 Aquilam
416 449 915 505 Nabuchodonosor
943 448 1195 517 appellat,
1222 453 1439 515 propter
1462 442 1729 513 rapacita—
1757 445 1808 500 Α

1034 330 1395 388 EXPOSITIO
1436 330 1657 387 SUPER
1696 328 2058 388 JEREMIAM.
2100 364 2169 375 -—
2208 334 2334 387 LIB.
2382 333 2499 389 XV.

3274 343 3410 401 1126

2386 446 2609 503 CAPUT
2640 447 2821 504 XLIX.

136 549 271 605 tem,
304 541 563 610 quoniam
598 540 651 593 in
700 537 1073 593 devastatione
1103 537 1439 591 diversarum
1486 533 1735 603 gentium
1830 533 2009 589 Sermo
2040 536 2254 590 Domini
2289 547 2469 610 contra
2494 542 2740 605 Ammon,
2765 552 2811 595 et
2844 554 3027 599 contra
3076 545 3406 607 Idumwam:

135 631 404 684 excreuit.
437 630 538 697 Qui
568 645 692 684 cum
742 629 854 683 alas
879 644 1027 691 suas,
1054 629 1157 681 hoc
1180 636 1285 692 est,
1317 626 1609 679 transitum
1658 622 1727 677 ad

135 721 295 775 Moab
320 723 613 786 direxerat,
637 730 794 791 capta
821 729 906 775 est
932 720 1154 775 Cariotb
1180 720 1307 774 urbs
1336 718 1723 782 famosissima,

134 822 192 867 et
242 813 574 867 munitiones
626 814 742 881 ejus
794 828 892 881 per
942 826 1067 867 eum
1110 810 1517 879 comprehensae
1578 815 1719 863 sunt.

136 900 295 959 Unde
316 910 372 955 ct
394 903 640 972 sequitur
664 918 676 956 :

211 1032 232 1065 ‹
278 1012 345 1066 Et
373 1014 477 1067 erit
502 1028 598 1067 cor
639 1012 861 1067 fortium
889 1011 1046 1068 Moab
1096 1013 1151 1066 in
1182 1012 1268 1069 die
1316 1012 1428 1076 illa,
1452 1012 1591 1067 sicut
1629 1027 1725 1067 cor

136 1118 162 1161 Ι,
209 1104 452 1159 mulieris
478 1105 856 1173 parturientis,
880 1112 935 1158 et
958 1106 1194 1160 cessabit
1222 1103 1379 1157 Moab
1402 1118 1523 1158 esse
1550 1120 1721 1174 popu-

142 1204 165 1233 ιι
214 1208 291 1245 .us
319 1212 330 1244 :
366 1194 618 1261 quoniam
652 1202 840 1248 contra
870 1195 1157 1249 Dominum
1200 1193 1459 1265 gloriatus
1480 1201 1579 1247 est.
1630 1193 1725 1248 Pa-

138 1306 149 1332 ε
200 1299 299 1335 vor
326 1282 549 1339 etfovea
577 1294 631 1341 et
654 1286 878 1357 laqueus
902 1302 1064 1351 super
1089 1295 1163 1351 te,
1191 1301 1225 1341 o
1246 1285 1520 1339 habitator
1546 1284 1719 1347 Moab,

136 1393 149 1421 δ
200 1375 277 1427 ait
304 1374 564 1431 Dominus
591 1396 602 1428 :
630 1376 731 1443 Qui
762 1376 959 1445 fugerit
982 1392 1012 1429 a
1041 1376 1177 1430 facie
1221 1376 1456 1444 pavoris,
1487 1376 1644 1428 cadet
1670 1376 1722 1428 in

135 1484 149 1509 ι
202 1464 418 1519 foveam
467 1477 521 1519 et
550 1467 639 1535 qui
675 1466 1051 1521 conscenderit
1076 1467 1141 1520 de
1169 1464 1345 1529 fovea,
1377 1466 1622 1535 capietur
1650 1466 1725 1518 la-

136 1574 151 1604 ‹
204 1572 365 1623 queo.
395 1558 672 1614 Adducam
699 1559 841 1611 enim
872 1572 1035 1627 super
1060 1558 1218 1611 Moab
1243 1560 1441 1611 annum
1468 1558 1724 1635 visitatio-

136 1666 152 1696 ι
204 1648 290 1701 nis
314 1663 523 1711 eorum,
557 1649 688 1703 dicit
712 1649 988 1704 Dominus.
1024 1668 1041 1698 ι
1086 1648 1253 1703 Recte
1275 1663 1369 1702 cor
1398 1646 1551 1702 Moab
1573 1648 1723 1702 cordi

128 1747 414 1807 comparat
444 1739 685 1794 mulieris
708 1740 1085 1808 parturientis,
1108 1739 1235 1807 quia
1259 1739 1324 1793 de
1352 1754 1547 1807 magna
1569 1739 1724 1792 luxu-

2197 618 2379 661 contra
2410 607 2597 677 Cedar,
2634 612 2769 666 Asor
2793 626 2841 667 et
2868 614 3043 669 Elam.

1906 739 1923 772 σ
1967 720 2093 776 "(CC
2120 722 2250 776 dicit
2286 722 2547 777 Dominus
2582 725 2648 778 ad
2686 726 2824 781 ﬁlios
2857 728 3085 787 Ammon
3118 748 3129 782 :
3160 730 3410 803 Nunquid

1838 843 1853 863 .
1893 812 1987 867 filii
2044 828 2149 868 non
2204 823 2327 868 sunt
2356 813 2563 867 Israel?
2595 824 2687 868 aut
2716 818 2887 872 haeres
2930 835 3035 873 non
3064 831 3147 875 est
3170 822 3265 876 ei?
3300 824 3409 878 Cur

1837 924 1855 957 ι
1888 905 2051 975 igitur
2080 907 2395 961 hmreditate
2436 907 2677 974 possedit
2720 908 2962 967 Melchon
2990 912 3124 979 Gad,
3152 924 3206 969 et
3246 931 3411 985 popu-

1838 1011 1869 1047 ς·
1894 995 1976 1050 lus
2004 995 2119 1064 ejus
2150 997 2202 1049 in
2243 995 2470 1070 urbibus
2521 995 2636 1063 ejus
2660 998 2965 1057 habitavit?
2999 1001 3120 1055 Ideo
3148 1018 3274 1058 ecce
3295 1005 3413 1062 dies

1840 1087 2111 1142 «veniunt
2147 1088 2200 1141 in
2241 1096 2312 1152 te,
2360 1088 2489 1141 dicit
2524 1086 2804 1153 Dominus,
2840 1097 2893 1141 et
2928 1078 3169 1149 auditum
3215 1093 3411 1150 faciam

1838 1194 1856 1227 ι
1896 1190 2057 1245 super
2089 1177 2354 1243 Rabbatb,
2390 1178 2621 1232 ﬁliorum
2648 1179 2880 1237 Ammon
2918 1181 3190 1236 fremitum
3218 1186 3410 1253 praelii,

1837 1289 1855 1321 ι
1890 1278 1943 1323 et
1972 1270 2076 1323 erit
2113 1270 2165 1323 in
2199 1272 2483 1325 tumultum
2542 1272 2798 1341 dissipata
2832 1292 2842 1325 :
2880 1274 3111 1343 ﬁliaeque
3144 1274 3260 1342 ejus
3292 1278 3413 1348 igne

1838 1380 1854 1411 ι
1890 1362 2285 1415 succendentur
2336 1378 2348 1412 :
2396 1368 2449 1415 et
2501 1362 2797 1431 possidebit
2850 1363 3017 1418 Israel
3076 1380 3405 1433 possessores

1837 1472 1853 1501 ι
1896 1467 2041 1515 suos,
2077 1452 2205 1506 dicit
2239 1451 2518 1509 Dominus.
2556 1471 2575 1503 ι
2622 1452 2846 1523 (ΜΑυιι.)
2894 1454 3022 1509 Post
3071 1455 3225 1510 Moab
3254 1458 3406 1526 igitur

1832 1541 1898 1593 ad
1924 1540 2060 1595 ﬁlios
2092 1541 2322 1595 Ammon
2364 1555 2544 1595 sermo
2600 1540 2815 1598 divinus
2864 1545 3219 1611 convertitur,
3251 1555 3305 1600 et
3334 1548 3415 1603 in-

1832 1642 2021 1701 crepat
2056 1648 2168 1697 eos,
2200 1634 2343 1703 quod
2377 1634 2494 1688 ausi
2524 1642 2653 1689 sunt
2708 1644 2909 1690 terram
2938 1637 3304 1693 Israelitarum
3333 1640 3412 1693 in-

1836 1722 2052 1787 festare,
2081 1734 2133 1780 et
2163 1724 2536 1780 lnereditatem
2577 1727 2790 1781 Domini
2838 1728 3090 1785 invadere
3118 1749 3130 1784 :
3158 1746 3413 1801 praenun-

129 1830 209 1883 ﬁa
237 1832 309 1885 ad
358 1846 607 1903 magna",
659 1831 909 1901 pervenit
954 1832 1251 1894 tristitiam,
1282 1830 1446 1885 etiam
1491 1831 1725 1884 cessavi;
1753 1799 1800 1857 Β
1831 1815 1969 1867 tians
2011 1817 2090 1869 eis
2128 1816 2363 1870 debitam
2396 1817 2653 1873 ultionem
2683 1819 2809 1873 inde
2838 1819 3121 1875 imminere
3164 1828 3219 1876 et
3242 1821 3411 1877 Israel

128 1936 252 1977 esse
278 1924 529 1993 populus,
558 1923 681 1993 quia
731 1923 964 1992 superbe
995 1923 1049 1975 in
1102 1936 1197 1976 sua
1242 1922 1483 1990 potentia
1533 1928 1723 1974 contra

130 2013 424 2067 Dominum
452 2022 532 2067 est
560 2014 842 2083 gloriatus.
878 2011 1033 2067 Unde
1053 2016 1224 2081 pavor
1251 2012 1448 2066 mentis
1488 2019 1543 2066 et
1570 2009 1724 2064 fovea

128 2103 487 2172 deceptionis,
518 2112 573 2156 et
594 2102 819 2172 laqueus
863 2101 1195 2171 captivitatis
1220 2116 1343 2155 eum
1372 2101 1724 2169 comprehen-

127 2193 228 2248 dit.
290 2192 489 2262 Sicque
540 2192 745 2247 factum
791 2198 897 2258 est,
943 2198 1007 2245 ut
1054 2207 1177 2246 cum
1233 2190 1469 2261 elfugere
1504 2182 1723 2261 pararet

126 2283 199 2335 ab
224 2283 471 2351 angustia
500 2282 736 2352 pavoris,
763 2283 981 2336 caderet
1029 2281 1084 2334 in
1110 2280 1319 2335 foveam
1366 2280 1717 2343 obsessionis,

126 2380 185 2427 et
217 2374 341 2427 inde
372 2373 604 2427 evadere
632 2381 866 2435 tentans,
901 2378 1186 2439 caperetur
1238 2372 1305 2423 ab
1358 2371 1603 2426 hostibus
1642 2370 1719 2423 la-

127 2483 273 2537 queo
298 2466 647 2537 capt'rvitatis.
684 2464 749 2518 Et
770 2479 947 2535 quare
965 2464 1068 2517 hoc
1099 2463 1201 2517 sibi
1230 2464 1468 2516 evenerit
1498 2456 1723 2531 subina-

127 2558 308 2628 gendo
340 2556 618 2626 Scriptura
665 2555 901 2610 ostendit
940 2572 950 2607 :
986 2553 1114 2623 quia
1163 2553 1417 2606 nimirum
1461 2552 1720 2607 Dominus

128 2650 355 2704 adduxit
384 2665 535 2720 super
575 2648 730 2702 Moab
754 2661 952 2701 annum
1002 2645 1331 2700 visitationis
1378 2659 1585 2710 eorum,
1617 2646 1719 2700 hoc

126 2752 237 2806 est,
255 2741 416 2809 justce
448 2738 844 2802 retributionis,
874 2746 933 2791 ut
975 2738 1191 2791 tandem
1221 2751 1320 2805 per
1355 2736 1718 2791 calamitatem

126 2834 417 2899 sentirent,
450 2832 595 2903 quod
622 2832 677 2885 in
713 2828 1072 2899 prosperitate
1112 2826 1273 2896 positi
1301 2826 1597 2897 intelligere
1624 2842 1718 2880 no-

128 2925 370 2981 luerunt.
1555 2976 1565 2985 θ

207 3034 224 3065 ε
272 3013 329 3067 In
359 3014 549 3067 umbra
576 3011 785 3066 Esebon
818 3019 1084 3065 steterunt
1116 3010 1181 3064 de
1218 3009 1409 3079 laqueo
1430 3008 1713 3079 fugientes,

133 3125 153 3157 ι
192 3106 320 3173 quia
351 3105 489 3175 ignis
535 3116 784 3171 egressus
814 3110 898 3155 est
951 3101 1017 3155 de
1055 3101 1286 3164 Esebon,
1330 3109 1385 3155 et
1412 3099 1625 3154 ﬂamma
1653 3100 1720 3153 de

1829 1921 2170 1974 possessores
2192 1923 2317 1963 suos
2340 1923 2714 1978 possessurum
2742 1925 2881 1966 esse.

1904 2018 1919 2048 ‹
1961 1997 2138 2062 Ulula,
2195 1999 2427 2065 Esebon,
2483 2002 2735 2069 quoniam
2770 2011 2981 2058 vastata
3013 2011 3097 2058 est
3126 2002 3262 2059 Hal:
3298 2002 3412 2058 cla—

1833 2108 1849 2139 ι
1888 2098 2052 2153 matc,
2078 2089 2200 2145 lilia:
2218 2090 2491 2157 Rabbath,
2518 2092 2785 2162 accingite
2797 2108 2893 2149 vos
2913 2094 3107 2150 ciliciis
3132 2113 3145 2148 :
3174 2094 3415 2165 plangite

1832 2197 1847 2228 ι
1885 2188 1939 2235 et
1977 2179 2202 2260 circuito
2255 2194 2353 2249 per
2406 2196 2582 2250 sepes,
2637 2184 2765 2253 quia
2800 2183 3043 2241 Melchon
3073 2184 3128 2238 in
3158 2185 3414 2239 transmi-

1832 2286 1849 2315 ι
1888 2268 2188 2339 grationem
2244 2260 2490 2335 ducetur,
2542 2274 2855 2329 sacerdotes
2893 2274 3009 2343 ejus
3059 2282 3114 2329 et
3136 2276 3413 2345 principes

1834 2377 1851 2408 ‹
1888 2359 2005 2427 ejus
2050 2359 2231 2413 simul.
2298 2381 2315 2412 ι
2366 2360 2520 2427 Quod
2567 2363 2781 2420 Esebon
2831 2365 2959 2419 urbs
3009 2364 3172 2420 fuerit
3218 2378 3413 2432 magna

1824 2450 2283 2517 Amorrhaeorum,
2340 2469 2501 2522 supra
2548 2452 2653 2519 iam
2701 2456 2902 2512 dictum
2933 2464 3033 2511 est.
3062 2456 3139 2510 Ar
3193 2472 3412 2527 quoque

1826 2544 2140 2611 metropolis
2171 2545 2360 2599 civitas
2406 2545 2520 2606 fuit,
2557 2546 2913 2604 Moabitarum
2942 2568 2953 2603 :
2988 2566 3107 2620 quae
3158 2552 3319 2607 hodie
3340 2566 3411 2608 ex

1826 2632 2074 2698 Ηοὺιδεῐξο,
2134 2643 2186 2689 et
2237 2634 2425 2690 Graeco
2476 2652 2726 2692 sermone
2780 2640 3097 2729 composita,
3138 2641 3411 2711 Ariopolis

1825 2732 2183 2793 nuncupatur.
2212 2724 2344 2779 Nam
2375 2736 2429 2781 et
2479 2728 2723 2799 plerique
2763 2724 3029 2787 aestimant
3084 2734 3226 2801 quod
3250 2733 3410 2801 Ares,

1824 2813 1879 2867 id
1907 2822 2009 2879 est,
2042 2814 2229 2870 Martis
2262 2816 2456 2872 civitas
2506 2819 2911 2889 interpretetur.
2944 2822 3194 2878 Rabbth
3228 2832 3409 2881 autem

1825 2910 2139 2980 metropolis
2186 2919 2306 2965 erat
2357 2911 2786 2969 Ammonitarum
2816 2934 2827 2969 :
2862 2931 2983 2985 quae
3029 2917 3187 2970 hodie
3218 2933 3249 2971 a
3280 2934 3408 2989 rege

1826 2998 2044 3071 Egypti
2072 3000 2362 3057 Ptolomaeo
2386 3012 2739 3073 cognomento
2761 3005 3131 3075 Philadelpho,
3160 3008 3250 3076 qui
3276 3008 3412 3063 Ara-

1827 3088 1970 3143 biam
1998 3090 2169 3143 tenuit
2210 3106 2333 3144 cum
2360 3090 2562 3159 Iudaea,
2594 3093 2941 3165 Philadclpha
2966 3107 3273 3166 nuncupata
3305 3108 3406 3158 est.

130 3216 151 3250 ι
196 3151 597 3259 ιὶιεόὶθῠεόεξοη,ο
613 3202 668 3248 et
698 3194 976 3264 devoravit
1007 3202 1217 3262 partem
1263 3191 1435 3257 Moab,
1468 3201 1522 3245 et
1552 3190 1717 3244 verti-
1748 3151 1792 3214 Ο
1824 3179 2070 3236 Melcbon
2106 3195 2234 3235 vero
2272 3182 2471 3237 idolum
2508 3183 2610 3238 fuit
2655 3185 3112 3249 Ammonitarum,
3148 3198 3203 3242 et
3240 3189 3412 3243 inter-

132 3312 151 3342 ι
192 3305 313 3344 cem
366 3288 597 3342 ﬁliorum
625 3286 907 3342 tumultus.
946 3306 962 3336 ι
1010 3286 1065 3339 In
1101 3286 1290 3339 umbra
1324 3286 1534 3339 Esebon
1588 3284 1718 3337 dicit

128 3382 350 3443 stetisse
380 3381 445 3434 de
472 3359 667 3447 laqueo
694 3376 982 3447 fugientes,
1018 3377 1142 3445 quia
1180 3375 1233 3428 in
1263 3373 1380 3443 ejus
1421 3374 1718 3428 munitione

130 3470 426 3538 sperabant
459 3483 517 3522 se
548 3461 752 3537 aliquid
785 3468 1036 3521 solatium
1084 3466 1305 3529 habere,
1348 3465 1441 3519 sed
1470 3464 1672 3519 frustra
1702 3482 1716 3515 :

129 3561 258 3630 quia
301 3559 439 3629 ignis
484 3557 761 3621 vindictae,
794 3571 913 3625 qua:
942 3572 1008 3611 ex
1042 3555 1253 3609 meritis
1279 3570 1465 3609 eorum
1498 3569 1718 3623 proces-

128 3651 220 3712 sit,
276 3649 533 3705 vcrticem
594 3647 859 3701 tumultus
910 3646 1139 3700 ﬁliorum
1189 3645 1344 3699 Moab
1368 3644 1719 3714 justojudice

129 3740 471 3797 retribuente
504 3737 791 3806 oppressit:
820 3734 972 3789 Unde
998 3735 1241 3802 sequitur
1271 3752 1283 3785 :

211 3848 229 3879 ι
265 3828 357 3882 Vae
386 3827 504 3891 tibi,
560 3826 737 3887 Moab,
786 3824 993 3894 periisti
1040 3824 1235 3893 popule
1278 3822 1516 3881 Chamos
1546 3838 1561 3876 :
1592 3824 1719 3892 quia

136 3944 155 3975 ι
192 3918 574 3991 comprehensi
604 3925 730 3971 sunt
760 3915 854 3969 lilii
896 3916 991 3979 tui,
1020 3924 1075 3970 et
1112 3914 1235 3968 ﬁliae
1267 3922 1369 3968 tuae
1397 3916 1449 3967 in
1491 3914 1718 3982 captivi-

139 4036 156 4065 ι
193 4023 383 4069 tatem.
416 4032 433 4063 ι
468 4009 625 4065 Nulla
647 4009 793 4065 enim
844 4006 1071 4061 munitio
1101 4007 1317 4061 urbium
1343 4022 1586 4069 suarum,
1619 4020 1720 4060 nec

132 4108 243 4161 ulla
272 4106 354 4159 vis
375 4103 638 4158 falsorum
673 4100 976 4163 numinum,
1003 4113 1123 4167 qua:
1159 4099 1213 4173 in
1240 4097 1474 4152 Cbamos
1503 4095 1719 4150 nomine

131 4196 389 4251 denotata
423 4203 527 4258 est,
556 4206 651 4247 eos
686 4189 754 4245 ab
808 4189 1053 4244 hostibus
1085 4188 1297 4256 eripere
1325 4202 1390 4241 ac
1433 4185 1720 4241 defendere

130 4286 416 4358 prtevaluit
442 4303 456 4339 :
492 4283 586 4339 sed
616 4296 807 4337 omnes
835 4280 929 4333 ﬁlii
955 4288 1011 4334 et
1043 4278 1167 4334 ﬁliae
1194 4293 1383 4333 eorum
1414 4278 1467 4331 in
1491 4276 1739 4345 captivi--

134 4388 303 4434 tatem
356 4375 709 4430 transierunt.
760 4371 851 4426 Sic
886 4372 991 4426 erit
1018 4385 1100 4424 va:
1150 4378 1469 4440 perpetuum
1494 4370 1598 4434 his,
1626 4369 1719 4438 qui

129 4468 412 4524 confidunt
440 4466 495 4519 in
543 4463 807 4533 sapientia
856 4463 1111 4527 humana,
1146 4470 1201 4517 et
1230 4461 1540 4516 deserviunt
1570 4474 1721 4515 erro-
1746 4487 1799 4547 Β

132 4560 287 4615 ribus
317 4553 571 4621 diversis,
603 4571 721 4610 nec
740 4554 928 4608 volunt
955 4552 1142 4606 audire
1176 4552 1495 4621 sapientiam
1526 4552 1640 4615 Dei,
1665 4561 1720 4606 et

127 4650 345 4722 legibus
375 4647 565 4717 subjici
617 4645 813 4701 divinis
840 4658 853 4697 :
885 4643 1011 4712 quia
1050 4642 1145 4697 ﬁlii
1176 4652 1231 4697 et
1258 4642 1381 4699 ﬁliae
1432 4656 1621 4696 eorum
1649 4643 1720 4697 si-

130 4742 243 4797 mul
296 4756 419 4795 eum
468 4736 783 4809 parentibus
836 4736 970 4800 suis,
1007 4736 1110 4789 hoc
1165 4743 1265 4800 est,
1316 4734 1558 4803 discipuli
1597 4749 1717 4788 cum

130 4832 411 4904 magistris
462 4832 616 4886 ibunt
651 4829 703 4909 in
753 4826 1144 4895 captivitatem,
1196 4827 1268 4879 de‘
1298 4840 1403 4895 qua
1452 4838 1557 4885 non
1587 4838 1713 4893 pos-

130 4933 259 4979 sunt
279 4924 485 4994 egredi.
521 4922 675 4989 Quod
704 4928 884 4974 autem
914 4918 1159 4986 sequitur
1184 4934 1196 4968 :

206 5036 225 5067 ‹
257 5014 328 5069 Et
359 5021 673 5069 convertam
698 5011 1073 5082 captivitatem
1124 5008 1282 5063 Moab
1311 5007 1367 5071 in
1405 5008 1717 5063 novissimis

138 5128 154 5158 ι
199 5106 416 5171 diebus,
472 5105 547 5159 ait
597 5105 879 5167 Dominus,
933 5124 950 5155 ι
984 5103 1196 5158 videtur
1238 5102 1371 5155 mihi
1412 5103 1719 5171 signiﬁcare

136 5210 386 5269 tempora
420 5198 646 5269 gratiae:
681 5197 733 5249 in
766 5196 961 5265 quibus
1002 5196 1310 5265 quicunque
1345 5194 1575 5249 voluerit
1604 5208 1720 5248 cre—

134 5293 264 5345 dere
300 5292 368 5346 de
397 5288 663 5344 universis
695 5287 963 5357 gentibus,
993 5295 1047 5341 et
1076 5284 1318 5340 converti
1356 5284 1424 5338 ab
1454 5284 1716 5338 idolorum

135 5382 375 5445 cultura,
407 5396 529 5451 spes
553 5370 635 5450 illi
668 5378 922 5432 tribuitur
951 5378 1141 5431 salutis
1176 5383 1391 5431 aeterna:
1419 5392 1430 5426 :
1456 5375 1589 5442 quia
1612 5389 1719 5427 non

138 5484 217 5531 est
244 5489 603 5545 personarum
643 5479 895 5541 acceptor
926 5470 1087 5535 Deus,
1120 5470 1213 5524 sed
1242 5470 1295 5522 in
1350 5467 1497 5521 omni
1538 5474 1716 5536 gente,

138 5568 229 5638 qui
256 5567 413 5621 timet
466 5564 739 5619 Deum.et
766 5568 1017 5632 operatus
1058 5570 1139 5616 est.
1164 5560 1431 5627 justitiam
1468 5566 1721 5624 acceptus

139 5667 223 5711 est
249 5655 346 5710 illi.
380 5675 397 5705 c
434 5653 501 5708 Et
525 5653 653 5717 erit,
680 5652 833 5721 juxta
867 5650 1205 5721 prophetiam
1251 5648 1384 5710 .Ioel,
1415 5648 1719 5715 quit'tmquc

142 5748 476 5805 invocaverit
515 5761 710 5802 nomen
764 5744 971 5801 Domini
1026 5738 1204 5798 salvus
1235 5744 1335 5798 erit
1376 5740 1532 5810 (Joel.
1569 5744 1649 5801 η).
1698 5760 1712 5785 ι

1821 3279 2067 3340 pretatur
2109 3287 2200 3325 rex
2268 3288 2437 3328 meus.
2485 3273 2783 3345 Meritoque
2830 3277 3142 3345 praedicitur
3188 3279 3409 3335 sceleris

1821 3364 2059 3417 vindicta
2089 3363 2173 3418 bis
2207 3365 2518 3422 civitatibus
2550 3383 2563 3418 :
2598 3367 2723 3434 quia
2748 3383 2856 3421 non
2886 3367 3057 3423 solum
3086 3368 3256 3425 Deum
3282 3386 3411 3426 con-

1826 3456 2507 3525 tempserantdiripientes,
2534 3465 2590 3511 et
2618 3458 2959 3513 devastantes
2987 3461 3240 3529 pupulum
3270 3461 3407 3529 ejus,

1824 3544 1917 3599 sed
1955 3546 2117 3599 etiam
2144 3545 2345 3599 idolum
2374 3546 2427 3599 in
2459 3546 2576 3600 loco
2617 3546 2712 3602 Dei
2736 3563 2835 3617 pro
2864 3549 3083 3605 numine
3104 3550 3407 3618 coluerunt,

1823 3637 2155 3706 appellantes
2190 3637 2319 3692 illud
2351 3652 2447 3691 rex
2498 3652 2651 3694 meus
2674 3680 2690 3693 .
2724 3640 2745 3691 ἰ
2785 3640 2919 3707 Quia
2967 3657 3157 3697 omnes
3181 3644 3253 3698 dii
3280 3659 3408 3715 gen-

1825 3729 1960 3783 tium
1999 3730 2281 3796 daemonia,
2340 3730 2599 3785 Dominus
2642 3740 2822 3787 autem
2864 3734 3029 3789 caelos
3084 3735 3209 3789 fecit
3234 3734 3404 3806 (Psal.

1825 3819 1955 3889 ιιι).
1992 3838 2011 3868 ι
2045 3820 2112 3873 Et
2139 3820 2457 3874 maledictus
2483 3831 2565 3875 est
2589 3822 2675 3876 ille
2716 3823 2808 3891 qui
2849 3826 3015 3878 servit
3041 3826 3144 3880 diis
3190 3825 3403 3892 alienis,

1822 3918 2007 3965 etnon
2030 3911 2142 3964 vult
2162 3911 2422 3965 exhibere
2460 3912 2737 3985 servitium
2794 3912 2893 3967 soli
2936 3922 3099 3982 atque
3145 3915 3236 3969 uni
3264 3916 3407 3982 Deo,

1823 4016 1951 4056 vero
1976 4001 2146 4067 Patri,
2172 4012 2226 4057 et
2253 4002 2390 4058 Filio
2418 4011 2472 4058 et
2497 4002 2723 4073 Spiritui
2752 4014 2960 4060 sancto.

1899 4109 1916 4141 ι
1953 4090 2090 4156 Quid
2140 4090 2393 4161 gloriaris
2445 4092 2498 4145 in
2553 4093 2934 4148 convallibus?
2990 4094 3223 4151 Delluxit
3253 4097 3408 4155 vallis

1829 4200 1847 4230 ι
1882 4188 1973 4233 tua
1998 4180 2103 4233 ﬁlia
2133 4180 2381 4245 delicata,
2416 4194 2534 4249 quae
2559 4182 2871 4239 conﬁdebas
2901 4184 2956 4237 in
2981 4186 3251 4241 thesauris
3277 4189 3405 4255 tuis,

1829 4290 1846 4320 ι
1881 4278 1935 4325 et
1961 4270 2177 4325 dicebas
2209 4289 2220 4322 :
2251 4270 2382 4336 Quis
2408 4273 2556 4325 venit
2582 4272 2647 4325 ad
2681 4274 2808 4327 me?
2836 4274 2976 4328 Ecce
3010 4290 3109 4344 ego
3138 4277 3405 4331 adducam

1829 4380 1846 4411 ‹
1883 4376 2045 4430 super
2077 4369 2127 4415 te
2156 4369 2441 4426 terrorem,
2474 4362 2548 4415 ait
2580 4364 2837 4417 Dominus
2868 4366 3011 4419 Deus
3043 4368 3405 4435 exercituum,

1829 4471 1847 4501 ι
1885 4452 1953 4505 ab
1976 4452 2285 4505 hominibus
2310 4452 2401 4520 qui
2433 4461 2556 4506 sunt
2582 4453 2636 4506 in
2679 4455 2910 4509 circuitu
2940 4464 3032 4512 tuo
3060 4474 3071 4509 :
3103 4466 3158 4512 et
3195 4458 3406 4527 disper-

1832 4562 1850 4595 ε
1886 4544 2071 4613 gimini
2114 4542 2324 4613 singuli
2353 4539 2380 4597 a
2412 4554 2700 4612 conspectu
2756 4554 2959 4611 vestro,
3019 4560 3119 4602 nec
3181 4548 3285 4602 erit
3314 4550 3407 4617 qui

1830 4652 1847 4685 ι
1886 4643 2175 4705 eongreget
2205 4634 2492 4703 fugientes.
2538 4654 2555 4684 ι
2602 4633 2832 4688 Vallium
2864 4635 3085 4689 nomine
3133 4635 3406 4693 fructuum

1823 4729 2207 4783 abundantiam
2242 4728 2510 4796 designat,
2540 4728 2591 4780 in
2640 4744 2745 4797 qua
2772 4728 3099 4785 Ammonitaa
3127 4732 3404 4787 conﬁden-

1823 4829 1903 4874 tes
1926 4818 2145 4873 minime
2195 4817 2261 4871 ad
2292 4817 2571 4885 penuriam
2625 4833 2682 4871 se
2732 4832 2890 4887 posse
2920 4819 3107 4873 venire
3153 4821 3403 4875 arbitrati

1823 4916 1947 4963 sunt
1979 4927 1989 4960 ε
2022 4908 2115 4962 sed
2168 4906 2379 4961 Domini
2434 4907 2597 4961 verbo
2622 4907 3021 4975 praenuntiatur
3046 4908 3125 4973 eis
3154 4909 3403 4963 devasta-

1822 5003 1897 5057 tio
1921 5012 1975 5056 et
2026 5001 2289 5070 dispersio
2340 5000 2537 5054 futura.
2566 5000 2840 5055 Ezechiel
2893 5015 3106 5070 quoque
3156 5002 3406 5057 similiter

1822 5100 2009 5148 contra
2058 5092 2194 5148 ﬁlios
2220 5092 2449 5146 Ammon
2498 5092 2859 5160 prophetavit,
2894 5092 3080 5146 dicens
3109 5110 3120 5145 :
3159 5112 3177 5142 ι
3207 5094 3405 5149 Audite

1820 5185 2041 5239 verbum
2098 5184 2352 5237 Domini’:
2394 5182 2517 5236 Haec
2568 5183 2699 5237 di'cit
2726 5183 3197 5238 DominusDeus:
3230 5185 3400 5255 Euge,

1822 5290 1977 5344 euge,
2017 5268 2198 5342 super
2252 5273 2620 5328 sanctuarium
2678 5288 2876 5337 meum,
2924 5274 3037 5326 sive
3071 5273 3199 5341 quia
3228 5274 3400 5344 gavisi

1820 5368 1950 5422 estis
1982 5383 2142 5437 super
2170 5365 2537 5420 sanctuarium
2586 5378 2787 5428 meum,
2840 5363 2966 5432 quia
2999 5362 3261 5432 pollutum
3292 5373 3398 5430 est,

1822 5468 1876 5514 et
1905 5475 2065 5527 super
2096 5469 2294 5512 terram
2346 5455 2529 5518 Israel,
2586 5456 2710 5523 quia
2761 5454 2995 5509 desolata
3027 5464 3129 5519 est,
3158 5465 3213 5509 et
3236 5470 3401 5525 super

1822 5554 2037 5607 domum
2061 5550 2219 5613 Iuda,
2256 5550 2508 5617 quoniam
2554 5547 2700 5601 ducti
2754 5556 2882 5599 sunt
2906 5546 2957 5598 in
2986 5546 3352 5615 captivitatem
3381 5564 3395 5599 :

1824 5630 2023 5701 idcirco
2059 5659 2157 5712 ego
2186 5643 2391 5695 tradam
2423 5650 2473 5693 te
2521 5640 2644 5694 ﬁliis
2675 5638 3051 5701 orientalibus,
3084 5637 3197 5691 sive
3226 5636 3393 5699 Eden,

1822 5738 1875 5790 in
1930 5736 2317 5789 lnereditatmn.
2375 5730 2725 5787 Collocabunt
2770 5728 2953 5795 caulas
2980 5742 3106 5783 suas
3136 5727 3188 5781 in
3218 5736 3269 5781 te
3297 5746 3309 5780 :
3344 5736 3398 5780 et
