3952 6314
528 287 668 348 “27

1175 292 1237 348 B.
1283 277 1546 348 RABANI'
1574 290 1794 350 MAURI
1831 291 2150 349 ARCIIIEP.
2191 291 2500 353 MOGUNT.
2533 295 2818 356 OPERUM
2855 299 3036 356 PARS
3069 301 3155 358 Ill.

3679 303 3804 364 1128

525 411 730 474 ponent
753 401 810 458 in
841 409 893 459 te
913 405 1148 460 tentoria
1181 421 1296 459 sua.
1331 404 1436 474 lpsi
1461 404 1743 459 comedent
1769 403 1950 474 fruges
1973 413 2111 470 tuas,
2143 409 2192 466 Α
2221 405 2512 476 Amos,qui
2537 417 2726 466 contra
2749 409 3038 480 ldumazam
3067 421 3122 466 et
3141 411 3312 466 Edom
3339 406 3628 470 vaticinati
3651 427 3800 468 sunt:

525 505 582 554 et
606 498 710 568 ipsi
737 497 924 554 bibent
973 499 1079 565 lac,
1132 499 1244 552 sive
1287 499 1591 552 ubertatem
1639 507 1806 550 tuam.
1857 496 2116 566 Daboque

525 589 776 670 Babbath
807 591 860 645 in
889 591 1248 646 habitaculum
1289 591 1640 656 camelorum,
1692 591 1805 645 sive
1838 589 2114 645 civitatem

527 683 756 738 Ammon
789 682 842 736 in
885 677 1086 751 pascua
1141 682 1495 746 camelorum,
1545 691 1600 736 et
1627 681 1763 734 filios
1793 681 2028 736 Ammon
2061 681 2114 734 in

525 773 704 828 cubile
755 787 1060 842 pecorum:
1103 781 1158 827 et
1209 773 1396 828 scietis
1455 773 1580 843 quia
1623 787 1722 842 ego
1771 771 2051 826 Dominus.
2092 790 2110 822 ι

527 861 798 936 (Ηὶεγοη.)
827 861 1121 918 Possumus
1155 861 1308 931 juxta
1341 863 1696 934 tropologiam
1725 861 1864 916 filios
1885 861 2112 916 Ammon

524 951 848 1022 intelligere,
879 951 972 1022 qui
1021 953 1088 1008 de
1141 952 1278 1008 L0th
1313 953 1366 1008 in
1421 953 1676 1022 spelunca
1720 954 1962 1022 generati
1991 960 2118 1008 sunt

523 1041 750 1106 semine,
775 1049 828 1096 et
863 1043 1108 1110 generati
1141 1041 1198 1098 in
1247 1043 1509 1098 ebrietate
1559 1051 1612 1097 et
1651 1043 1883 1108 incesto,
1925 1057 2116 1098 onmes

525 1131 832 1188 hatreticos.
869 1133 944 1186 De.
998 1131 1192 1204 quibus
1241 1133 1372 1188 dicit
1425 1143 1479 1188 et
1528 1134 1805 1202 apostolus
1839 1133 2112 1189 Joannes:

529 1243 548 1276 α
579 1225 660 1280 Ex
692 1226 852 1282 nobis
889 1226 1160 1293 exierunt,
1192 1225 1286 1280 sed
1337 1241 1446 1282 non
1501 1226 1722 1280 fuerunt
1751 1243 1818 1281 ex
1853 1227 2028 1280 nobis.
2059 1225 2116 1280 Si

521 1317 668 1372 enim
699 1317 930 1372 fuissent
969 1331 1042 1392 ex.
1085 1319 1264 1382 nobis,
1319 1319 1748 1387 permansissent
1799 1319 1984 1386 utique
2012 1315 2118 1370 "no-

521 1407 730 1464 biscum
763 1407 816 1480 (Ι
843 1407 1006 1463 Joan.
1036 1409 1118 1478 ιι).
1161 1429 1176 1460 ι
1209 1409 1304 1464 Isti
1352 1411 1416 1462 de
1449 1408 1800 1464 inclinatione
1833 1411 1940 1462 orti
1970 1417 2114 1482 sunt,

522 1497 628 1554 hoc
653 1499 796 1553 enim
836 1497 942 1552 Lot
969 1497 1026 1552 in
1069 1498 1308 1570 linguam
1339 1507 1588 1554 nostram
1617 1501 1846 1552 vertitur
1874 1515 1886 1552 :
1929 1516 1946 1549 ι
1983 1499 2118 1564 Quia

521 1605 712 1644 omnes
751 1589 1164 1644 declinaverunt
1203 1589 1382 1654 simul,
1411 1589 1630 1644 inutiles
1667 1589 1794 1642 facti
1833 1597 1978 1652 sunt,
2009 1603 2118 1644 non

519 1689 606 1737 est
632 1681 726 1750 qui
753 1681 914 1736 faciat
953 1683 1174 1744 bonum,
1205 1696 1310 1734 non
1343 1691 1424 1736 est
1451 1696 1624 1751 usque
1655 1681 1722 1736 ad
1751 1697 1916 1734 unum
1941 1679 2114 1752 (Psal.

2221 497 2422 551 Abdias
2451 501 2710 568 propheta
2749 509 2918 554 totam
2949 502 3288 572 prophetiam
3333 507 3530 560 contra
3563 505 3706 559 hanc
3735 505 3802 559 di-

2219 589 2348 656 rigit
2375 591 2672 654 nationem,
2705 593 2829 660 quia
2861 593 3220 664 primogenita
3247 597 3490 664 perdidit
3511 604 3568 652 et
3595 597 3668 660 ab
3687 596 3806 650 edu-

2219 678 2290 732 lio
2317 679 2540 734 sortitus
2564 681 2884 734 vocabulum
2932 691 3034 737 est.
3065 682 3208 738 Esau
3243 698 3458 754 quoque
3487 685 3700 741 factura
3729 685 3808 738 in-

2221 779 2568 840 terpretatur.
2605 771 2672 824 Et
2699 771 2802 826 hoc
2829 773 3131 838 sciendum,
3158 773 3302 844 quod
3331 774 3386 828 in
3413 774 3650 831 Hebrzeo
3675 791 3806 830 nun-

2219 876 2384 932 quam
2435 863 2704 919 scribatur
2751 863 3002 930 ldumaea,
3033 865 3129 920 sed
3167 881 3382 936 semper
3415 866 3612 932 Edam,
3655 884 3806 938 quem

2218 949 2505 1006 ldummam
2535 951 2802 1020 expressit
2831 951 3020 1008 Graeca
3047 955 3352 1010 translatio.
3383 955 3808 1030 Prasdiciturque

2218 1043 2483 1108 ldunuete,
2512 1043 2654 1114 quod
2691 1044 2833 1100 ultra
2871 1061 2980 1101 non
3008 1045 3104 1102 fiat
3139 1047 3410 1118 sapientia
3437 1049 3496 1104 in
3525 1050 3804 1118 Themam,

2219 1150 2340 1204 qua:
2377 1134 2766 1206 interpretatur
2812 1136 3092 1204 deficiens,
3121 1139 3324 1210 ﬁatque
3363 1141 3576 1196 inutilis
3605 1144 3808 1212 sapien-

2221 1227 2294 1280 tia
2323 1241 2532 1292 eorum,
2559 1235 2820 1298 tergaque
2845 1239 3056 1290 vertent
3081 1231 3422 1288 habitatores
3449 1232 3672 1298 Dedan,
3699 1249 3808 1302 quae

2221 1317 2469 1371 similiter
2489 1325 2574 1372 est
2605 1317 2736 1373 urbs
2773 1315 3041 1386 Idumaete,
3075 1327 3132 1376 et
3181 1321 3578 1394 interpretatur
3617 1336 3810 1392 cogna-

2221 1409 2337 1464 tio.
2373 1410 2628 1479 quoniam
2667 1411 3108 1480 vindemiatores,
3151 1413 3204 1468 id
3247 1423 3332 1470 est
3369 1423 3704 1480 vastatores,
3729 1430 3808 1470 ve-

2221 1511 2435 1570 nerunt,
2461 1519 2624 1574 super
2647 1505 2959 1568 Idumaaam,
2991 1507 3084 1576 qui
3127 1521 3236 1561 non
3281 1505 3628 1576 reliquerunt
3663 1519 3806 1562 race-

2221 1609 2366 1648 mum
2401 1612 2412 1647 :
2447 1604 2502 1648 et
2545 1611 2654 1650 non
2685 1595 2872 1652 furtim
2917 1611 2986 1652 ex
3023 1607 3200 1666 parte,
3257 1599 3350 1654 sed
3379 1599 3566 1667 palam
3609 1612 3682 1653 ex
3710 1607 3808 1654 toto

2223 1695 2570 1743 vastaverunt
2619 1703 2758 1750 eam,
2818 1697 2874 1742 et
2907 1703 3110 1743 semen
3155 1687 3290 1758 ejus,
3347 1697 3406 1744 et
3449 1687 3660 1744 fratres
3683 1689 3806 1758 ejus.

521 1769 666 1840 xm).
691 1789 710 1821 ι
751 1771 1054 1826 Adversum
1099 1770 1199 1826 hos
1245 1771 1488 1841 ponitur,
1523 1773 1638 1828 sive
1689 1755 2011 1828 obfirmatur
2039 1769 2120 1824 fa—
2147 1769 2194 1828 B
2229 1793 2244 1826 ι
2285 1773 2343 1828 Si
2373 1775 2810 1840 vindemiator-es,
2835 1775 3029 1846 inquit,
3083 1755 3362 1832 venissent
3404 1793 3572 1848 super
3601 1787 3680 1842 te,
3712 1755 3808 1831 non

521 1861 634 1919 cies
679 1861 1038 1932 prophetalis,
1067 1871 1127 1916 ut
1157 1878 1252 1918 eos
1280 1879 1378 1918 sua
1409 1863 1730 1920 austeritate
1766 1869 2036 1926 conterat,
2067 1871 2122 1917 et

521 1955 652 2010 dicit
677 1955 798 2010 eis:
838 1953 978 2022 Quia
1013 1955 1312 2010 insultastis
1371 1955 1628 2012 Ecclesiae
1685 1971 1816 2010 mete
1879 1963 2122 2024 tempore

519 2048 942 2119 persecutionis,
975 2063 1044 2104 eo
1081 2049 1224 2118 quod
1263 2049 1600 2106 diversorum
1639 2049 1895 2129 vitiorum
1945 2048 2122 2118 pollu-

523 2145 638 2192 tum
689 2145 832 2193 esset
888 2139 1258 2192 sanctuarium
1291 2154 1496 2192 .mcum
1529 2157 1542 2192 ε
1579 2139 1690 2194 sive
1717 2153 1908 2194 eorum
1967 2137 2120 2205 vitio,

523 2231 618 2304 qui
673 2231 806 2286 mihi
855 2231 1186 2296 serviebant,
1235 2232 1350 2286 sive
1375 2233 1610 2286 hostium
1659 2231 2001 2294 crudelitate,
2031 2229 2124 2300 qui

527 2335 680 2394 neos
725 2320 1238 2390 persequebantur;
1269 2329 1474 2374 terram
1533 2335 1748 2390 quoque
1779 2318 1964 2384 lsrael,
2001 2333 2124 2374 sen-

525 2427 621 2466 sus
649 2409 898 2464 videntes
921 2410 1112 2474 Deum,
1151 2424 1272 2464 esse
1303 2409 1602 2464 desolatam
1641 2411 1898 2462 virtutum
1935 2408 2120 2462 choro.

527 2501 598 2556 Et
637 2500 908 2568 quomodo
961 2497 1058 2553 filii
1101 2499 1296 2554 domus
1323 2497 1480 2564 Juda,
1515 2499 1680 2552 Deum
1712 2497 2033 2562 confitentis,
2071 2497 2124 2551 in

529 2605 636 2660 qua
669 2599 752 2644 est
795 2604 922 2642 vera
951 2589 1108 2654 fides,
1138 2597 1193 2642 et
1241 2597 1392 2644 recta
1423 2588 1712 2654 confessio,
1743 2591 1888 2645 ducti
1914 2599 2037 2644 sunt
2069 2591 2124 2644 in

531 2683 928 2754 captivitatem,
959 2691 1014 2736 et
1043 2681 1248 2736 servire
1293 2681 1522 2736 Domino
1551 2681 1867 2746 desierunt;
1899 2681 2120 2738 idcirco.

529 2789 564 2830 ο
593 2774 768 2828 omnis
795 2771 1084 2837 insultans,
1119 2771 1352 2826 traderis
1377 2769 1499 2824 filiis
1535 2765 1912 2834 orientalibus,
1937 2771 2028 2838 qui
2059 2771 2126 2824 de

531 2881 660 2920 vero
691 2865 894 2919 lumine
945 2873 1068 2917 sunt
1097 2863 1348 2933 profecti,
1377 2871 1432 2916 et
1479 2863 1708 2916 traderis
1747 2863 1800 2914 in
1845 2861 2120 2916 ha:redita-

533 2969 686 3015 tem:
721 2965 780 3012 ut
819 2965 876 3010 tu
922 2973 1140 3026 quoque
1191 2956 1370 3010 discas
1421 2955 1706 3010 Dominum
1761 2953 2026 3008 conﬁteri.
2062 2953 2124 3004 Et

529 3066 629 3120 per
669 3047 1080 3104 translationem
1106 3046 1326 3108 dicitur,
1375 3046 1516 3112 quod
1547 3045 1640 3097 filii
1664 3045 1890 3098 orientis
1927 3051 2128 3111 ponant

531 3158 700 3213 super
737 3127 832 3194 eos
862 3125 1046 3194 caulas
1097 3153 1244 3200 suas,
1277 3143 1332 3190 et
1365 3137 1532 3202 figant
1563 3136 1814 3198 tentoria,
1841 3143 1896 3188 et.
1943 3135 2128 3186 bibant

533 3233 640 3298 lac,
683 3239 738 3284 et
765 3229 1052 3285 comedunt
1079 3225 1262 3297 fruges
1289 3243 1298 3278 :
1331 3235 1384 3280 et
1419 3225 1614 3280 civitas
1639 3223 1908 3292 quondam
1941 3236 2128 3290 super-

531 3323 634 3378 biae
663 3321 756 3375 fiat
795 3321 848 3373 in
883 3317 1250 3372 habitaculum
1279 3315 1644 3378 camelorum,
1679 3313 1766 3380 qui
1805 3313 2014 3380 possint
2038 3313 2130 3364 de—

533 3411 712 3484 posito
733 3423 900 3464 onere
935 3413 1286 3476 peccatorum
1311 3405 1518 3458 intrare
1557 3419 1654 3472 per
1685 3403 1926 3456 foramen
1957 3416 2086 3455 acus
2113 3417 2124 3452 :

533 3511 596 3555 et-
627 3501 680 3568 in
711 3497 887 3554 cubile
919 3511 1202 3566 pecorum,
1235 3509 1354 3564 qum
1379 3502 1640 3558 reguntur
1667 3509 1694 3544 a
1725 3507 1938 3560 pastore
1967 3492 2126 3554 bono,

533 3603 594 3644 ut
632 3605 754 3644 cum
805 3591 906 3644 hoc
957 3587 1202 3652 fecerint,
1259 3587 1407 3639 misti
1457 3593 1510 3638 et
1543 3585 1724 3638 traditi
1757 3585 1994 3638 Orientis
2031 3599 2130 3651 pa—

535 3681 772 3738 Storibus
831 3677 1152 3746 inteliigant,
1205 3677 1350 3746 quod
1387 3675 1500 3744 ipse
1547 3675 1616 3728 sit
1665 3673 1943 3727 Dominus.
1981 3673 2132 3727 L’nde

537 3773 732 3848 dicitur
761 3789 772 3824 :

613 3885 630 3916 ‹
681 3863 748 3919 Et
775 3873 896 3932 post
945 3863 1060 3916 lucc
1117 3857 1316 3914 reverti
1373 3857 1572 3912 faciam
1622 3857 1864 3926 captivos
1897 3857 2132 3912 filiorum

541 3975 562 4010 ι
593 3957 848 4018 Ammon,
877 3953 954 4008 ait
979 3951 1258 4007 Dominus.
1300 3969 1318 4002 ι
1357 3949 1584 4020 (Mane)
1613 3949 1748 4016 Quia
1799 3961 1920 4018 post
1951 3964 2134 4004 rever-

537 4049 746 4104 sionem
802 4037 1192 4099 hzereticorum
1250 4043 1316 4096 ab
1355 4055 1540 4096 errore
1571 4041 1640 4096 ad
1693 4041 1854 4096 fidem
1906 4051 2132 4106 rectam,

537 4139 826 4210 captivitas
878 4139 958 4190 eis
1009 4135 1336 4189 dissolvetur
1371 4143 1738 4202 peccatorum,
1779 4140 1834 4184 et
1867 4135 2132 4202 recipien-

541 4241 630 4284 tur
657 4233 708 4284 in
741 4237 942 4284 sanctm
993 4227 1274 4288 Ecclesirc,
1309 4225 1452 4282 unde
1489 4225 1754 4286 exierant,
1801 4227 2135 4280 communio—

541 4338 686 4380 nem.

615 4428 638 4464 ι
670 4408 752 4464 Ad
777 4409 1066 4464 [dammam
1103 4425 1117 4460 :
1149 4407 1276 4462 Haec
1301 4407 1430 4460 dicit.
1459 4405 1720 4460 Dominus
1755 4405 2090 4462 exercituum
2117 4423 2128 4456 :

545 4525 564 4556 ι
601 4501 856 4572 Nunquid
887 4515 993 4554 non
1021 4511 1105 4554 est
1140 4499 1278 4553 ultra
1312 4499 1576 4568 sapientia
1627 4497 1678 4550 in
1705 4497 1966 4552 Thcmam
1991 4498 2013 4548 ?
2037 4497 2134 4550 Pe-

547 4613 564 4644 ε
603 4595 696 4648 riit
729 4593 1020 4647 consilium
1053 4605 1083 4644 a
1107 4589 1230 4642 ﬁliis
1265 4607 1274 4641 :
1309 4589 1512 4643 inutilis
1571 4587 1710 4643 facta
1739 4599 1822 4641 est
1869 4588 2132 4656 sapientia

548 4705 568 4736 ι
607 4699 814 4738 eorum.
845 4681 1038 4752 Fugite
1087 4689 1144 4734 et
1173 4691 1318 4749 terga
1375 4679 1596 4744 vertite,
1629 4679 1938 4734 descendite
1964 4681 2017 4732 in
2045 4695 2134 4735 vo—

549 4795 568 4826 c
585 4775 870 4844 'raginem,
897 4769 1424 4824 habitatorcsl)edan
1455 4787 1468 4820 :
1499 4771 1752 4836 quoniam
1779 4769 2134 4838 perditionem

549 4885 569 4918 ε
607 4865 748 4920 Esau
783 4861 982 4916 adduxi
1011 4873 1172 4928 super
1199 4874 1342 4922 eum,
1379 4867 1586 4928 tempus
1643 4860 1966 4915 visitationis
1997 4859 2132 4928 ejus.

549 4973 572 5010 ι
609 4955 668 5010 Si
699 4953 1118 5008 vindemiatores
1149 4951 1428 5005 venissent
1451 4967 1613 5020 super
1637 4959 1706 5014 te,
1749 4967 1854 5004 non
1885 4951 2134 5020 reliquis-

552 5068 570 5098 ι
605 5055 730 5100 sent
755 5059 1030 5099 racemum
1061 5061 1072 5094 :
1105 5043 1148 5096 si
1175 5043 1322 5096 fures
1359 5043 1414 5096 in
1443 5051 1598 5096 nocte
1645 5051 1954 5112 rapuissent
1994 5043 2138 5112 quod

553 5161 572 5192 ι
611 5137 882 5195 sulliceret
912 5135 1034 5190 sibi.
1068 5136 1180 5206 Ego
1207 5151 1336 5190 vero
1375 5137 1716 5204 discooperui
1765 5137 1946 5190 lisau:
1981 5151 2136 5191 reve-

553 5253 570 5285 ι
605 5231 712 5286 lavi
742 5228 1058 5284 abscondita
1089 5230 1206 5298 ejus
1241 5237 1296 5282 et
1343 5227 1508 5282 celari
1551 5242 1660 5280 non
1699 5229 1916 5294 poterit.
1947 5227 2140 5282 Vasta-

553 5342 573 5374 α
609 5333 722 5378 tum
749 5331 834 5376 est
865 5335 1050 5375 semen
1075 5319 1214 5388 ejus,
1247 5329 1300 5372 et
1329 5319 1526 5374 fratres
1565 5318 1702 5388 ejus,
1735 5325 1788 5372 et
1811 5317 1976 5371 vicini
2004 5319 2140 5386 ejus,

553 5433 574 5466 ι
608 5425 664 5468 et
715 5427 822 5468 non
875 5413 1000 5467 erit.
1049 5431 1066 5462 ι
1103 5411 1374 5478 (Hist-on.)
1427 5409 1584 5475 Quod
1623 5411 1760 5464 Esau
1801 5419 1854 5462 et
1907 5409 2046 5472 Seir,
2089 5419 2144 5464 et

549 5507 722 5568 Edon,
753 5513 808 5558 et
861 5504 1119 5566 ldumaza,
1173 5511 1228 5556 et
1251 5501 1424 5556 Duma
1453 5517 1558 5554 una
1607 5515 1738 5568 gens
1791 5500 2140 5570 appellentur,

551 5613 656 5650 non
687 5597 946 5668 ambiget,
987 5597 1078 5664 qui
1103 5595 1388 5648 scientiam
1433 5595 1686 5648 habuerit
1713 5595 2140 5664 Scripturarum.

553 5689 614 5744 hi
643 5697 702 5744 ut
751 5689 817 5742 de
843 5687 1052 5742 caneris
1103 5683 1382 5756 prophetis
1417 5693 1644 5738 taceam.
1697 5685 1858 5746 Isaia,
1889 5683 2144 5752 Jeremia,

2225 1865 2572 1936 reliquissent
2605 1880 2880 1928 racemum
2913 1885 2926 1920 :
2959 1867 3004 1921 si
3035 1865 3188 1922 fures
3215 1868 3268 1922 in
3313 1877 3476 1924 nocte
3509 1869 3812 1938 rapuissent

2225 1957 2368 2026 quod
2415 1957 2686 2012 sufficeret
2723 1958 2844 2014 sibi.
2887 1955 3002 2030 Ego
3049 1973 3178 2014 vero
3231 1961 3576 2030 discooperui
3631 1961 3808 2016 Esau:

2225 2049 2460 2104 revelavi
2483 2049 2800 2104 abscondita
2835 2047 2968 2118 ejus,
3009 2059 3066 2104 et
3097 2049 3266 2104 celari
3301 2065 3408 2106 non
3453 2051 3680 2120 poterit.
3713 2049 3812 2104 Ya-

2225 2149 2428 2196 statum
2453 2127 2542 2194 est
2563 2155 2750 2194 semen
2780 2138 2920 2208 ejus,
2947 2149 3002 2195 et
3023 2139 3221 2195 fratres
3243 2139 3381 2210 ejus,
3409 2151 3467 2194 et
3494 2141 3660 2195 vicini
3683 2141 3812 2209 ejus,

2227 2241 2281 2288 et
2309 2249 2416 2288 non
2447 2233 2570 2286 erit.
2604 2249 2622 2282 ι
2659 2231 2814 2296 Quod
2839 2229 2970 2285 dicit
2993 2231 3096 2284 hoc
3143 2239 3226 2284 est
3255 2247 3267 2284 :
3305 2227 3366 2284 Si
3393 2219 3548 2286 fures
3574 2239 3632 2285 et
3659 2231 3812 2284 latro-

2227 2337 2348 2384 nes,
2399 2321 2492 2391 qui
2522 2329 2682 2376 nocte
2711 2321 2899 2375 domos
2941 2319 3212 2375 suffodere
3245 2327 3602 2384 consuerunt,
3639 2327 3696 2374 et
3735 2335 3812 2374 ra-

2225 2429 2354 2484 pere
2387 2429 2506 2482 quae
2527 2413 2580 2466 in
2613 2413 2862 2468 domibus
2895 2421 3040 2476 sunt,
3071 2411 3388 2466 introissent
3419 2411 3488 2465 ad
3517 2421 3592 2476 te,
3621 2419 3682 2466 et
3703 2411 3796 2466 abs

2227 2505 2430 2560 conditi
2489 2503 2730 2560 tenebris
2777 2503 3103 2558 circuissent
3161 2503 3352 2558 domus
3399 2509 3508 2557 tua:
3563 2503 3806 2572 angulos.

2227 2597 2416 2664 utique
2445 2594 2548 2648 hoc
2577 2593 2849 2656 tulissent,
2879 2593 3024 2662 quod
3059 2593 3160 2648 sibi
3187 2591 3454 2662 putabant
3491 2609 3652 2662 posse
3677 2591 3814 2649 suﬁ-

2229 2697 2390 2738 cere:
2427 2691 2482 2736 et
2517 2683 2718 2752 aliquid
2771 2681 2826 2736 in
2865 2681 3088 2746 aedibus,
3125 2680 3210 2736 vel
3239 2697 3334 2751 per
3375 2681 3704 2748 satietatem,
3735 2683 3814 2737 vel

2227 2787 2324 2841 per
2359 2771 2718 2842 ignorantiam
2759 2771 3126 2842 reliquissent.
3163 2769 3222 2823 Si
3269 2771 3696 2826 vindemiatores
3741 2773 3816 2826 in-

2231 2848 2487 2920 troissent
2513 2865 2726 2918 vineam
2756 2873 2926 2928 tuam,
2949 2871 3004 2918 et
3035 2875 3154 2916 eam
3177 2861 3262 2916 vel
3291 2861 3562 2918 hostiliter
3581 2871 3814 2928 vastare,

2229 2957 2310 3010 vel
2339 2973 2370 3010 a
2400 2966 2448 3026 te
2475 2957 2726 3010 conducti
2776 2955 3048 3010 demetere
3099 2961 3382 3023 cuperent,
3421 2953 3672 3024 quamvis
3701 2954 3814 3008 dili-

2233 3065 2362 3118 gens
2393 3063 2582 3102 eorum
2613 3047 2804 3100 fuisset
2857 3047 3145 3112 vindemia,
3181 3056 3366 3100 tamen
3417 3059 3664 3100 racemos
3701 3045 3818 3098 viti-

2155 3111 2198 3170 Ο
2365 3137 2613 3206 foliisque
2645 3137 2850 3192 celatos
2885 3137 3028 3190 inter
3049 3135 3302 3204 palmites
3333 3135 3700 3204 reliquissent,
3733 3135 3816 3190 sed

2231 3229 2412 3282 omnia
2437 3227 2641 3288 hostes,
2671 3227 2764 3295 qui
2815 3226 2881 3280 ad
2913 3235 2964 3280 te
3008 3225 3236 3280 Domino
3285 3225 3512 3294 jubentc
3561 3233 3820 3280 venerunt

2233 3317 2528 3388 (signiﬁcat
2557 3327 2736 3370 autem
2761 3315 3090 3386 Babylonios
3129 3325 3182 3369 et
3209 3316 3506 3370 exercitum
3535 3315 3816 3370 Nabucho-

2235 3407 2510 3478 donosor),
2533 3407 3033 3474 investigaverunt:
3065 3413 3122 3458 et
3149 3405 3332 3458 omnia
3375 3417 3584 3460 secreta
3631 3417 3742 3468 tua,
3769 3417 3818 3458 et

2233 3513 2495 3552 cavernas
2525 3513 2589 3550 ae
2633 3495 2902 3550 foramina
2957 3495 3362 3564 speluncarum,
3403 3497 3458 3548 in
3505 3495 3700 3564 quibus
3733 3495 3818 3548 ha-

2235 3591 2394 3654 bitas,
2427 3591 2811 3644 lustraverunt.
2848 3587 2915 3641 Et
2945 3601 3156 3650 revera,
3187 3595 3246 3640 ut
3277 3587 3520 3641 dicamus
3545 3585 3748 3654 aliquid
3771 3595 3820 3638 et

2235 3685 2298 3738 de
2337 3690 2530 3736 natura
2573 3681 2696 3735 loci.
2733 3679 2920 3736 Omnis
2959 3679 3212 3733 australis
3265 3677 3416 3746 regio
3471 3679 3816 3732 ldummorum

2235 3774 2300 3828 de
2331 3771 2696 3842 Eleuteropoli
2757 3786 2930 3840 usque
2979 3769 3196 3824 Petram
3241 3779 3298 3823 et
3327 3767 3540 3822 Hialam
3571 3771 3708 3840 (haec
3743 3777 3818 3820 est

2235 3869 2376 3922 enim
2429 3867 2698 3938 possessio
2747 3865 2935 3934 Esau),
2973 3865 3028 3920 in
3057 3861 3326 3934 Specubus
3369 3859 3816 3920 habitatiunculas

2235 3961 2400 4016 habet
2428 3977 2441 4014 :
2476 3969 2530 4014 et
2557 3967 2778 4029 propter
2805 3957 3004 4013 nimios
3035 3957 3250 4010 calores
3281 3955 3434 4018 solis,
3487 3951 3613 4022 quia
3661 3949 3816 4005 meri-

2239 4053 2396 4108 diana
2435 4051 2716 4120 provincia
2769 4057 2873 4114 est,
2933 4047 3302 4104 subterraneis
3353 4045 3586 4116 tuguriis
3631 4045 3816 4097 utitur.

2245 4165 2262 4196 (
2313 4145 2679 4213 Discooperui,
2721 4163 2744 4194 ι
2769 4143 2964 4212 inquit,
2999 4141 3053 4196 id
3099 4149 3201 4204 est,
3233 4139 3376 4210 quod
3439 4145 3588 4191 terra
3615 4147 3818 4206 premo

2237 4239 2398 4292 batur
2431 4239 2484 4292 in
2513 4235 2748 4290 medium
2777 4233 2998 4304 protuli,
3029 4241 3086 4288 et
3123 4239 3312 4302 aperta
3342 4237 3470 4284 sunt
3495 4227 3678 4282 omnia
3707 4241 3818 4295 qua:

2239 4327 2562 4381 claudebas:
2595 4325 3062 4392 substantiamque
3116 4317 3264 4376 tuam
3317 4333 3406 4373 me
3455 4317 3664 4388 pariter
3705 4329 3818 4370 cum

2241 4416 2486 4470 hostibus
2513 4414 2882 4485 perquirente,
2911 4411 3054 4464 nulla
3074 4415 3366 4478 potuerunt
3395 4413 3606 4462 secreta
3629 4403 3814 4458 celare.

2241 4505 2410 4560 Aliter
2441 4525 2452 4558 :
2487 4504 2636 4559 fures
2683 4513 2738 4558 et
2769 4503 3030 4566 latrones,
3078 4501 3170 4569 qui
3227 4497 3608 4568 ingrediuntur
3651 4503 3816 4555 nocte,

2242 4601 2366 4670 quia
2395 4597 2488 4651 lilii
2524 4605 2650 4652 sunt
2675 4597 2850 4650 noctis
2875 4603 2930 4648 et
2957 4593 3326 4668 tenebrarum,
3361 4589 3648 4644 haereticos
3677 4595 3816 4653 puto,

2243 4687 2488 4742 veritatis
2537 4685 2784 4752 dogmata
2839 4700 2946 4738 non
3005 4683 3385 4752 praedicantes,
3443 4681 3534 4750 qui
3585 4677 3820 4732 furantur

2245 4779 2564 4836 sufficientia
2617 4777 2714 4832 sibi
2747 4791 2760 4828 :
2793 4784 2846 4830 et
2897 4773 3137 4846 quotidie
3177 4771 3242 4826 de
3271 4771 3530 4826 Ecclesiae
3581 4769 3818 4840 gregibus

2249 4887 2440 4942 rapere
2481 4871 2760 4926 festinant.
2817 4867 2908 4922 Isti
2963 4865 3330 4936 ingredientes
3365 4864 3580 4920 vineam
3619 4859 3818 4916 Domini

2247 4961 2418 5016 nostri
2447 4975 2608 5028 quam
2663 4959 2726 5012 de
2753 4957 2988 5026 [Egypto
3027 4953 3184 5022 hujus
3235 4952 3418 5009 saeculi
3455 4951 3746 5012 transtulit,
3775 4957 3820 5002 et

2248 5055 2314 5109 de
2345 5051 2498 5120 cujus
2527 5049 2796 5121 genimine
2833 5048 3018 5100 vinum
3071 5059 3129 5100 se
3177 5059 3298 5099 esse
3339 5044 3634 5098 bibiturum
3665 5039 3716 5092 in
3747 5051 3820 5090 re-

2247 5157 2352 5214 gno
2379 5141 2550 5212 patris
2581 5139 2882 5208 pollicetur,
2917 5137 2993 5190 ita
3018 5135 3243 5205 cupiunt
3279 5135 3538 5188 universa
3565 5129 3820 5202 populari,

2248 5241 2308 5285 ut
2333 5231 2420 5284 vix
2453 5244 2726 5284 racemum
2777 5227 3088 5302 relinquant
3139 5225 3195 5280 in
3222 5238 3288 5278 ea
3317 5239 3332 5276 :
3371 5225 3466 5278 sed
3491 5236 3526 5278 e
3557 5219 3820 5276 contrario

2249 5323 2506 5378 Dominus
2536 5323 2682 5392 agit:
2706 5321 2884 5376 omnia
2915 5321 3056 5374 enim
3083 5326 3294 5374 secreta
3321 5317 3510 5372 eorum
3537 5325 3590 5370 et
3621 5311 3820 5368 occulta

2245 5415 2502 5486 mysteria
2552 5423 2606 5468 et
2633 5413 3064 5482 patriarcharum
3117 5411 3260 5466 Esau
3301 5409 3428 5478 (hos
3451 5407 3646 5478 quippe
3675 5401 3820 5458 intel-

2247 5506 2352 5575 ligo
2375 5505 2464 5572 qui
2521 5503 2680 5572 primi
2711 5503 2946 5557 liaercscs
2999 5500 3440 5570 adinvenerunt),
3495 5513 3592 5568 per
3617 5503 3818 5550 sanctos

2249 5609 2374 5649 suos
2405 5605 2460 5648 et
2491 5593 2888 5648 ecclesiasticus
2939 5593 3086 5646 viros
3143 5597 3307 5658 atque
3347 5589 3600 5644 doctores
3633 5581 3822 5654 profert

2250 5691 2302 5744 in
2330 5686 2560 5744 medium
2599 5705 2608 5740 ;
2643 5697 2690 5742 (ιε
2717 5687 2912 5742 ίιιτίιιιτι
2943 5683 3082 5738 illius
3121 5683 3350 5738 victoria
3379 5693 3484 5738 est.
3507 5691 3688 5736 natcrc
3713 5689 3820 5730 oua:
