3952 6326
218 350 360 407 1129

1110 344 1479 405 EXPOSI'I‘IO
1516 344 1745 405 SUPER
1781 346 2146 406 IEREMIAM.
2186 374 2256 387 -—-
2292 346 2420 402 LIB.
2458 346 2570 405 XV.

3324 354 3362 411 .I
3371 351 3477 415 I30

214 465 540 536 tegebantur
579 462 809 519 occulta.
840 462 1025 520 Undel
1044 472 1103 518 et
1127 479 1249 519 cum
1290 462 1645 518 admiratione
1676 460 1806 517 dici-
1831 464 1887 525 Α
1985 479 2003 512 ι
2040 460 2177 527 Quia
2202 461 2317 517 haec
2343 460 2475 516 dicit
2510 461 2766 518 Dominus
2794 478 2808 517 :
2840 462 2979 519 Ecce
3004 464 3199 534 quibus
3230 480 3343 539 non,
3362 477 3479 525 erat

217 567 385 624 tur,»¢
422 557 693 626 quomodo
718 564 1092 627 perscrutatus
1125 564 1210 610 est
1234 554 1423 609 Esau?
1452 554 1800 626 Depreheusa

213 658 345 707 sunt
371 649 582 705 occulta
611 648 748 717 ejus.
783 668 801 701 ι
834 647 970 704 Vide
995 634 1328 703 Marcionem
1355 654 1411 701 et
1434 645 1793 721 Valentinum,

213 752 273 799 et
299 757 491 799 omnes
518 742 824 808 haereticos,
856 741 1128 813 quomodo
1152 740 1205 795 in
1228 740 1489 797 doctrinis
1511 739 1805 801 daemonio-

211 848 339 888 rum
376 834 736 889 cauteriatam
765 833 1032 889 habentes
1064 830 1453 887 conscientiam
1478 829 1805 901 applaudant

212 924 321 981 sibi
347 940 362 979 :
392 935 450 981 et
478 926 751 996 simplices
781 926 996 981 animas
1029 924 1186 995 quasi
1234 922 1557 994 quibusdam
1579 982 1584 987 ,
1605 921 1804 978 divinis

211 1016 493 1087 mysteriis
521 1015 797 1070 initiantes
846 1009 1171 1085 composito'
1202 1029 1454 1070 sermone
1486 1012 1760 1084 decipiant
1786 1028 1799 1064 :

211 1108 312 1161 sed
338 1123 463 1162 cum
490 1107 710 1179 triginta
734 1122 936 1174 manas,
962 1118 1017 1163 et
1046 1107 1297 1173 decadas,
1329 1116 1385 1162 et
1427 1105 1723 1177 ogdoadas,
1750 1111 1806 1159 et

210 1196 579 1264 duodecadas,
643 1208 699 1255 et
755 1198 1019 1270 duplicem
1089 1198 1260 1253 Deum
1321 1205 1377 1252 et
1431 1203 1803 1266 portentorum

210 1288 449 1345 abraxas
475 1291 531 1345 in
561 1291 797 1347 medium
841 1306 1023 1347 sermo
1051 1288 1357 1359 protulerit,
1412 1296 1539 1342 tunc
1566 1286 1806 1358 pruden-

210 1382 292 1437 tia
341 1382 484 1440 Esau
534 1384 762 1439 stultitia
796 1384 1223 1439 demonstratur.
1276 1380 1589 1436 Secundum
1624 1387 1808 1450 tropo-

207 1471 412 1542 logiam
470 1474 561 1529 hic
612 1475 746 1529 mihi
796 1488 990 1530 sensus
1030 1472 1539 1529 videtur:Idumaea
1589 1479 1805 1527 terrena

209 1566 518 1637 appellatur
567 1575 623 1622 et
650 1581 871 1634 carnea,
922 1582 1044 1639 quae
1088 1549 1610 1637 consurgit'contra
1646 1564 1805 1635 spiri-

210 1665 351 1722 tum,
381 1665 441 1712 ut
473 1672 580 1712 non
611 1656 875 1713 faciamus
914 1673 979 1714 ea
1000 1720 1007 1723 ην
1030 1657 1405 1734 qua:_spiritus
1428 1666 1577 1723 sunt,
1606 1665 1661 1711 et
1684 1656 1805 1711 ani-

207 1763 358 1802 mam
390 1748 443 1803 in
482 1748 778 1804 meditullio
805 1750 1037 1819 positam
1090 1750 1157 1805 ad
1206 1765 1265 1805 se
1315 1750 1532 1804 trahere
1561 1747 1805 1813 festinat,

1910 572 1928 605 ‹
1958 553 2239 625 judicium,
2272 562 2334 607 ut
2370 552 2621 623 biberent
2646 554 2882 621 calicem,
2915 556 3162 614 bibentes
3188 559 3393 627 bibent,
3426 571 3480 618 et

1910 663 1928 697 ι
1965 653 2020 700 tu
2044 645 2211 716 quasi
2239 644 2499 701 innocens
2530 645 2890 716 relinqueris?
2914 647 3032 704 Non
3062 650 3173 706 eris
3194 650 3477 720 innocens,

1909 756 1928 791 ι
1961 738 2057 794 sed
2076 738 2267 794 bibens
2288 737 2461 795 bibes.
2488 736 2622 805 Quia
2648 755 2746 811 per
2772 742 3145 813 memetipsum
3168 742 3372 813 juravi,
3401 743 3483 799 di-

1884 850 1926 903 .1
1961 832 2035 886 cit
2073 830 2355 896 Dominus,
2381 840 2385 843 '
2408 832 2551 901 quod
2604 832 2659 886 in
2708 832 3069 900 solitudinem,
3119 844 3174 890 et
3203 835 3257 890 in
3279 850 3484 907 oppro-

1909 942 1930 977 ι
1966 926 2167 992 brium,
2212 924 2278 981 et
2304 925 2698 995 in.desertum,
2736 934 2792 981 et
2842 925 2895 979 in
2924 924 3355 983 maledictionem
3381 927 3488 982 erit

1911 1034 1931 1068 σ
1952 1015 2133 1073 vBosra
2162 1036 2177 1072 :
2209 1026 2477 1074 ebomnes
2505 1018 2753 1075 civitates
2778 1016 2894 1085 ejus
2930 1020 3089 1073 erunt
3135 1020 3189 1073 in
3240 1018 3485 1074 solitudi-

1913 1126 1932 1159 ι
1966 1121 2066 1162 nes
2089 1100 2464 1179 sempiternas.
2501 1126 2520 1159 ι
2556 1107 2615 1163 Si
2647 1107 2739 1162 vix
2784 1106 2962 1177 justus
2992 1107 3304 1172 salvabitur,
3333 1105 3485 1177 impii

1906 1209 1961 1254 et
1984 1201 2294 1269 peccatores
2324 1200 2416 1257 ubi
2454 1200 2848 1272 apparebunt?
2883 1199 2936 1273 (Ι
2965 1200 3080 1256 Pet.
3115 1196 3213 1272 tv.)
3251 1199 3320 1277 Et
3343 1201 3385 1255 si
3418 1200 3485 1255 fi-

1905 1288 2035 1345 lium
2060 1300 2213 1362 pater
2239 1290 2729 1361 ﬂagellat':_servus
2768 1292 3002 1362 neqtiam
3030 1290 3179 1362 quid
3203 1292 3486 1349 meretur?

1907 1380 2131 1438 Frustra
2148 1398 2277 1454 ergo
2288 1382 2519 1438 Idumaaa
2537 1383 2789 1452 sperabat
2810 1385 3072 1456 impunite
3092 1378 3157 1440 se
3182 1399 3340 1455 posse
3361 1401 3488 1455 pce-

1908 1486 2051 1537 care,
2064 1488 2186 1527 cum
2209 1472 2419 1527 videret
2440 1471 2682 1527 Iudaeam
2698 1472 2981 1528 Dominum
3000 1490 3096 1545 pro
3114 1476 3353 1545 peccatis
3376 1474 3491 1530 suis

1907 1562 1961 1618 in
1992 1564 2226 1620 hostium
2252 1579 2445 1620 manus
2466 1564 2535 1619 ad
2556 1555 2959 1636 corripiendum
2988 1545 3295 1624 tradidisse:
3320 1568 3488 1624 Bosra

1907 1675 2035 1732 ergo
2068 1660 2261 1717 civitas
2294 1676 2404 1717 non
2434 1669 2519 1717 est
2567 1660 2622 1715 in
2667 1660 2856 1725 Edom,
2895 1660 2991 1717 sed
3024 1659 3083 1715 in
3110 1659 3288 1725 Moab,
3324 1668 3379 1718 et
3409 1660 3490 1715 in-

1911 1762 2237 1827 terpretatur
2262 1752 2419 1808 ﬁrma
2445 1761 2609 1823 atque
2637 1754 2842 1809 munita
2866 1771 2878 1807 :
2911 1753 3006 1809 sed
3031 1738 3219 1808 tamen'
3234 1754 3360 1823 quia
3383 1755 3489 1809 Do-

209 1837 437 1905 vultque
486 1836 714 1891 ultiones
751 1838 998 1904 reddere,
1039 1839 1234 1908 quibus
1260 1838 1413 1909 prius
1439 1838 1654 1893 subdita
1683 1846 1803 1892 erat
1831 1823 1881 1883 Β
1908 1823 2040 1898 mini
2065 1824 2268 1911 judicio
2292 1844 2620 1899 devastanda
2644 1853 2784 1909 erat,
2801 1845 2955 1915 quasi
2985 1844 3203 1899 infirma
3230 1853 3386 1915 capta
3406 1853 3491 1899 est

212 1926 343 1983 filiis
370 1924 505 1983 Iuda
533 1946 546 1982 :
580 1938 635 1983 et
674 1930 992 1984 recordatur
1026 1930 1230 1985 doloris
1257 1928 1491 1999 antiqui,
1523 1928 1667 1997 quod
1694 1942 1801 1982 non

210 2020 431 2089 proprie
460 2020 623 2075 fuerit
654 2021 938 2091 potestatis
971 2038 983 2075 :
1022 2029 1078 2077 et
1104 2021 1224 2077 ideo
1262 2021 1573 2082 vindictam
1599 2020 1805 2091 expetit

213 2110 283 2165 de
305 2111 404 2175 eis,
436 2111 529 2182 qui
578 2112 890 2167 recedentes
922 2127 954 2165 a
995 2126 1161 2167 carne
1207 2112 1457 2181 spiritum
1506 2112 1805 2181 sequeban-

214 2211 321 2257 tur.
350 2204 646 2274 PrOpterea
693 2205 807 2274 ipse
859 2205 1149 2269 Dominus,
1188 2203 1419 2259 filiorum
1470 2202 1606 2258 Iuda
1660 2202 1804 2257 ultor

209 2298 476 2363 existens,
508 2289 748 2353 extendit
804 2312 1023 2352 manum
1060 2312 1221 2367 super
1262 2296 1552 2351 Idumaeam
1579 2312 1593 2349 :
1624 2303 1681 2350 et
1708 2310 1804 2349 au-

213 2390 327 2445 fert
380 2390 676 2445 secundum
729 2388 1032 2443 Ezechielis
1073 2387 1414 2457 prephetiam
1443 2387 1511 2441 de
1528 2400 1595 2441 ea
1628 2386 1805 2440 homi-

212 2496 342 2535 nem
370 2490 425 2536 et
449 2479 778 2549 jumentum,
816 2478 1075 2549 quidquid
1102 2477 1186 2533 vel
1214 2477 1437 2533 rationis
1466 2476 1680 2531 videtur
1706 2476 1803 2530 ha-

212 2572 369 2637 bere,
400 2572 482 2627 vel
510 2572 769 2641 simplicis
789 2571 938 2635 ﬁdei,
965 2578 1025 2623 ut
1058 2576 1177 2625 eam
1229 2568 1439 2639 redigat
1473 2568 1527 2623 in
1557 2564 1803 2623 Solitudi-

211 2676 340 2717 nem
376 2680 387 2714 :
437 2670 492 2715 et
522 2661 587 2716 de
617 2660 878 2726 Theman,
935 2674 1056 2730 qua:
1086 2658 1474 2728 interpretatur
1519 2656 1796 2721 deficiens,

212 2760 272 2807 et
302 2750 507 2815 Dedan,
553 2765 673 2819 quae
698 2757 752 2803 et
795 2749 908 2818 ipsa
958 2749 1338 2819 cognationem
1371 2754 1550 2803 sonat.
1597 2745 1800 2802 Omnes

212 2842 394 2913 gladio
423 2840 714 2905 interfecit,
773 2855 935 2911 quem
964 2840 1144 2909 posuit
1171 2840 1226 2893 in
1279 2853 1441 2892 manu
1488 2837 1672 2907 pepuli
1717 2836 1800 2891 sui

205 2931 406 2997 Israel,
436 2940 496 2987 ut
517 2930 865 2986 subvertatur
894 2930 1084 2994 Edom,
1115 2937 1171 2985 et
1196 2929 1330 2983 iram
1365 2928 1563 2983 sentiat
1590 2926 1801 2983 Domini

214 3038 285 3079 ac
310 3022 549 3079 furorem
578 3040 590 3075 :
616 3030 671 3078 et
699 3021 966 3091 intelligat
998 3019 1292 3075 vindictam
1320 3017 1437 3087 ejus
1457 3018 1524 3072 ad
1550 3017 1654 3071 hoc
1675 3030 1801 3087 pm-

1906 1942 1960 1988 et
1997 1918 2272 1991 destituta.
2307 1934 2576 2008 (Hierom)
2603 1934 2773 1992 Nosse
2802 1936 3059 1991 debemus
3086 1938 3381 1992 secundum
3408 1934 3486 1992 lc-

1906 2041 2002 2097 ges
2031 2026 2363 2107 trapologiaz,
2395 2034 2489 2081 aut
2526 2022 2731 2082 contra
2751 2025 2966 2083 Iudaeos
2995 2026 3194 2083 factum
3226 2018 3347 2084 esse
3374 2042 3484 2083 ser-

1906 2115 2137 2189 monem,
2171 2116 2264 2186 qui
2292 2124 2419 2171 sunt
2441 2115 2616 2172 aemuli
2660 2117 3014 2182 Christianis,
3049 2127 3103 2172 et
3148 2132 3488 2189 persequun-

1866 2228 1869 2229 ν
1905 2213 1995 2259 tur
2042 2205 2266 2259 fratrem
2298 2220 2453 2260 suum
2488 2204 2655 2271 Iacob
2678 2194 2951 2277 populum
3004 2208 3485 2279 supplantatorem,

1905 2296 1997 2365 qui
2024 2294 2127 2351 illis
2154 2294 2836 2369 primogenita'prazripuit
2866 2316 2880 2352 :
2916 2310 3008 2353 aut
3033 2308 3181 2356 certe
3226 2301 3488 2355 adversus

1904 2400 2093 2441 omnes
2121 2386 2373 2453 haereses,
2420 2395 2475 2442 et
2502 2388 2779 2452 contraria
2806 2386 3074 2460 degmata,
3103 2405 3223 2460 quae
3240 2389 3491 2445 videntur

1904 2473 2123 2544 quidem
2169 2474 2325 2529 nobis
2385 2474 2525 2530 esse
2561 2474 2761 2541 vicina,
2814 2470 2912 2533 sed
2957 2478 3127 2548 magis
3179 2478 3491 2535 adversaria

1903 2570 2052 2627 sunt,
2079 2570 2134 2618 et
2161 2563 2226 2618 de
2247 2571 2474 2633 paterna
2511 2552 2833 2620 haereditate
2854 2566 3149 2636 simplicem
3179 2576 3235 2622 et
3271 2568 3484 2623 habita-

1904 2659 2077 2706 torem
2092 2651 2300 2715 ,dom‘us
2326 2650 2493 2709 Iacob
2513 2646 2760 2709 nituntur
2782 2655 3069 2727 expellere.
3098 2656 3323 2727 Propter
3345 2660 3489 2726 quod

1904 2740 2139 2796 Idumaaa
2173 2749 2227 2796 et
2258 2750 2474 2798 terrena
2510 2743 2896 2815 interpretatur
2924 2753 2979 2801 et
3000 2755 3223 2817 propter
3252 2740 3490 2803 colorem

1900 2832 2126 2886 rubrum
2183 2842 2407 2887 cruenta
2471 2847 2684 2903 quoque
2737 2834 2959 2905 intelligi
3020 2836 3234 2905 potest.’
3284 2836 3491 2891 Idcirco

1880 2922 2152 2977 Salvator
2189 2930 2415 2993 portans
2462 2924 2530 2979 ad
2572 2923 2791 2979 Patrem
2820 2926 2887 2981 de
2930 2926 3131 2981 mundo
3180 2926 3484 2992 victoriam,

1900 3013 2117 3081 quando
2140 3014 2314 3085 angeli
2337 3014 2753 3071 conclamabant
2778 3029 2794 3069 :
2817 3014 3039 3085 Aperite
3054 3004 3272 3086 portas,
3288 3018 3491 3087 princi-

210 3113 432 3181 fecisse,
470 3124 529 3169 ut
566 3114 769 3170 serviat
802 3112 983 3168 domui
1022 3110 1192 3167 Iudae.
1228 3109 1341 3165 Hoc
1396 3116 1513 3174 est,"
1553 3106 1687 3163 illud
1734 3107 1801 3163 de
1837 3173 1870 3181 _
1902 3120 2017 3174 pes,
2047 3113 2275 3171 vestras,
2306 3115 2363 3160 et
2388 3104 2632 3161 introibit
2684 3120 2783 3161 rex
2835 3106 3017 3176 gloriae
3042 3105 3215 3178 (Psal.
3244 3106 3424 3179 XXIII).
3463 3128 3481 3160 ι

216 3218 329 3275 quo
350 3214 405 3260 et
419 3173 719 3276 'Apostolus
752 3205 994 3275 disputat
1028 3203 1271 3257 scribens
1299 3217 1312 3254 :
1342 3219 1362 3251 ‹
1400 3198 1568 3255 Iacob
1595 3198 1756 3254 dilexi
1782 3217 1795 3251 :
1827 3173 1871 3236 C
1904 3173 1975 3250 Et
1998 3196 2053 3250 in
2084 3194 2221 3251 Isaia
2248 3204 2542 3267 stupentes,
2564 3173 2990 3269 interrogabant
3014 3216 3029 3253 :
3053 3173 3086 3249 ἰ
3120 3196 3252 3266 Quis
3276 3207 3359 3254 est
3383 3173 3487 3253 iste

216 3296 367 3353 Esau
415 3306 594 3351 autem
645 3295 769 3351 odio
813 3294 976 3350 habui
1021 3292 1195 3366 (Rom.
1227 3293 1327 3362 ix).
1361 3310 1380 3343 ι
1413 3290 1597 3360 Diligit
1619 3298 1800 3344 autem
1906 3286 1998 3355 qui
2026 3286 2262 3342 ascendit
2289 3286 2356 3342 de
2393 3284 2564 3341 Edom
2616 3286 2818 3342 fulvida
2865 3294 3014 3344 veste
3058 3287 3124 3344 de
3171 3287 3359 3352 Bosor,
3414 3289 3492 3344 sic

213 3387 408 3453 Iacob,
450 3386 575 3456 quia
615 3400 872 3441 carneum
901 3394 1062 3453 atque
1096 3394 1369 3437 terrenum
1421 3380 1727 3451 supplantat
1748 3388 1805 3435 et

215 3485 457 3548 superat,
508 3488 563 3533 et
613 3474 1017 3530 benedictiones
1061 3472 1204 3528 illius
1250 3480 1488 3526 meretur
1534 3470 1798 3545 accipere.

216 3568 462 3624 Primum
485 3567 629 3623 enim
649 3564 804 3635 juxta
826 3578 1045 3621 carnem
1079 3571 1135 3619 et
1160 3570 1347 3634 postea
1362 3559 1519 3630 juxta
1553 3561 1812 3642 spiritum

214 3658 452 3712 vivimus
488 3674 499 3710 :
531 3664 655 3709 ante
684 3655 834 3719 vitia,
883 3653 1077 3708 deinde
1126 3652 1379 3715 virtutes,
1430 3650 1625 3719 quibus
1674 3650 1805 3703 vitia

216 3748 577 3810 subruuntur,
629 3745 754 3815 quia
806 3743 1106 3814 appositum
1154 3756 1248 3797 cor
1292 3740 1528 3805 hominis
1556 3739 1625 3795 ad
1653 3738 1807 3793 mali-

219 3838 352 3893 tiam
387 3854 417 3891 a
466 3837 716 3907 pueritia,
752 3847 1070 3904 erroresque
1128 3831 1505 3887 adolescentiae
1535 3838 1666 3885 aetas
1691 3845 1807 3883 ma-

219 3937 343 3985 tura
379 3936 708 3985 contemnat.
764 3927 917 3984 Unde
953 3935 1008 3983 et
1047 3918 1253 3979 David:
1292 3944 1310 3977 ‹
1346 3922 1577 3990 Delicta,
1608 3924 1803 3997 inquit,

212 4004 521 4089 juventutis
570 4017 903 4090 ignorantias
951 4030 1103 4071 meas
1147 4030 1217 4069 ne
1265 4014 1579 4069 memineris
1630 4011 1805 4087 (Psal.

220 4110 401 4182 xvut).
456 4130 475 4162 ι
525 4108 593 4163 Ει
634 4118 815 4163 tamen
870 4107 1169 4169 sciendum,
1202 4106 1346 4176 quod
1373 4102 1539 4161 Iacob
1576 4105 1807 4175 primam

221 4202 435 4272 accepit
487 4201 943 4264 benedictionem,
978 4199 1119 4253 Esau
1160 4188 1452 4252 secundam
1491 4204 1585 4251 :et
1607 4196 1675 4249 ad
1710 4211 1804 4251 ex-

223 4304 461 4350 tremum
517 4293 712 4347 dicitur
756 4292 823 4347 de
860 4306 927 4346 eo
966 4306 979 4344 :
1016 4310 1033 4342 ‹
1087 4290 1289 4345 Servus
1342 4288 1450 4344 eris
1501 4286 1685 4343 fratris
1730 4288 1806 4341 tui

225 4386 383 4458 (Gen.
426 4384 618 4455 xxvu),
658 4403 677 4437 ι
725 4391 779 4438 et
813 4390 1099 4453 postquam
1131 4380 1341 4451 spiritui
1390 4393 1519 4434 caro
1564 4376 1807 4447 subjecta

222 4479 409 4542 fuerit,
464 4477 645 4547 illique
682 4474 967 4544 conjuncta
1003 4489 1130 4529 caro
1156 4487 1276 4527 esse
1304 4472 1531 4527 desistat
1560 4490 1575 4527 :
1607 4479 1663 4526 et
1685 4471 1807 4527 Idu-

223 4588 360 4626 mzea
402 4578 644 4625 transeat
673 4570 726 4623 in
758 4568 1016 4622 Iudaeam.

302 4680 319 4712 ι
358 4660 621 4729 Relinque
667 4649 897 4730 p'upillos
942 4666 1081 4723 tuos,
1115 4671 1213 4727 ego
1239 4670 1332 4711 eos
1360 4654 1552 4710 faciam
1577 4654 1804 4710 vivere:

228 4772 245 4803 ι
300 4761 355 4805 et
380 4752 553 4805 viduae
583 4762 685 4804 tua:
740 4750 791 4803 in
828 4764 915 4803 me
967 4748 1313 4816 sperabunt.»
1348 4744 1573 4817 (Μλυιι.)
1602 4742 1802 4797 Vidua-

223 4859 345 4897 rum
374 4853 427 4897 et
465 4844 832 4912 orplianorum
858 4849 1013 4911 pater
1060 4839 1325 4909 promittit
1362 4838 1413 4890 in
1444 4853 1502 4891 se
1539 4836 1805 4906 speranti-

222 4935 326 4989 bus
366 4934 535 4987 vitam
581 4933 851 4997 daturum,
901 4940 960 4986 ut
1000 4932 1249 4986 ostendat
1273 4945 1332 4984 se
1360 4930 1531 4999 ipsum
1564 4944 1702 4995 esse,
1739 4929 1805 4983 ad

223 5039 386 5095 quem
433 5023 695 5093 prepheta
732 5030 845 5076 ait:
886 5040 904 5071 ί
953 5021 1091 5084 Tibi,
1126 5021 1369 5084 Domine,
1411 5019 1701 5074 derelictus
1723 5028 1807 5075 est

223 5130 453 5184 pauper,
500 5113 700 5184 pupillo
742 5122 797 5167 ttt
828 5113 936 5166 eris
978 5112 1189 5178 adjutor
1221 5108 1391 5180 (Psal.
1426 5110 1521 5180 IX).
1559 5131 1576 5161 ι
1612 5110 1677 5164 Ει
1713 5111 1799 5179 qui

225 5204 334 5258 alio
384 5204 503 5257 loco
541 5204 715 5273 inquit
748 5220 760 5255 :
797 5221 814 5252 ι
858 5200 1087 5254 Viduam
1140 5201 1254 5269 ejus
1296 5200 1619 5254 benedicens
1646 5186 1805 5253 bene—

225 5295 425 5357 dicam,
442 5306 708 5363 pauperes
722 5294 837 5364 ejus
852 5291 1107 5346 saturabo
1126 5292 1352 5359 panibus
1368 5289 1536 5359 (I’sal.
1553 5290 1756 5359 cxxxr).
1780 5310 1796 5339 ›

223 5385 527 5440 Interfectis
577 5400 705 5455 ergo
763 5383 1086 5439 adversariis
1146 5382 1261 5446 Dei,
1306 5381 1488 5449 pupilli
1524 5396 1709 5435 eorum
1750 5389 1803 5433 et

223 5476 400 5530 vidua:
454 5474 749 5537 salvantur,
807 5474 931 5543 quia
980 5471 1157 5525 anima
1223 5478 1549 5539 sequestrata
1601 5484 1629 5521 a
1673 5469 1799 5521 luxu

226 5566 412 5621 mundi
450 5575 611 5635 atque
648 5565 887 5619 szecnlari
931 5563 1361 5626 conversatione,
1392 5563 1435 5618 si
1466 5576 1523 5617 se
1549 5569 1711 5615 totam
1736 5562 1801 5615 ad

203 5642 395 5712 Deum
443 5656 785 5715 converterit,
820 5664 873 5707 ct
902 5656 956 5708 in
1007 5652 1119 5721 ejus
1170 5652 1409 5705 bonitate
1467 5649 1796 5719 speraverit,

223 5746 387 5803 vitam
418 5757 675 5802 tetcruau'.
704 5745 936 5799 habebit.

544 5840 816 5901 PATItOL.
865 5837 1027 5900 CXI:

1828 4522 1883 4582 D

1906 3377 2176 3433 formosus
2196 3376 2250 3432 in
2268 3376 2405 3432 stola
2423 3377 2694 3433 candida?
2716 3376 2849 3449 (Isa.
2883 3377 3059 3449 Lxm),
3082 3398 3101 3431 ι
3135 3386 3191 3434 et
3216 3380 3285 3435 ad
3308 3378 3484 3449 ipsum

1906 3468 2150 3524 cominus
2200 3468 2561 3540 loquebantur
2593 3486 2606 3522 :
2647 3487 2667 3520 ι
2704 3468 2902 3539 ρον-θ,
2935 3470 3161 3525 rubrum
3214 3479 3299 3525 est
3327 3471 3487 3525 indu-

1906 3544 2145 3615 mentum
2168 3567 2345 3627 tuum,
2374 3562 2429 3615 et
2462 3559 2781 3615 vestimenta
2833 3569 2923 3615 tua
2977 3562 3118 3617 sicut
3162 3562 3486 3618 calcantium

1909 3651 1961 3705 in
1990 3636 2348 3730 torculariis
2376 3651 2496 3722 Ipse
2520 3651 2761 3730 loquitur
2788 3651 2842 3707 in
2878 3652 3173 3724 triumpho,
3213 3669 3490 3723 exponens

1908 3742 2115 3811 palmas
2142 3728 2323 3798 crucis
2348 3757 2497 3797 suae:
2546 3761 2564 3793 ι
2600 3728 2860 3799 Torcular
2906 3742 3108 3799 calcavi
3144 3744 3307 3807 solus,
3339 3753 3394 3797 et
3424 3745 3489 3799 de

1909 3832 2162 3900 gentibus
2186 3832 2272 3885 vir
2310 3847 2416 3886 non
2463 3840 2548 3887 est
2594 3848 2824 3887 mecum.
2866 3852 2885 3884 ι
2918 3830 3055 3886 Sunt
3074 3817 3172 3903 qui
3199 3833 3485 3889 ldumaaam

1908 3921 1975 3975 ad
2005 3936 2225 3983 carnem
2257 3922 2517 3987 referant,
2550 3930 2606 3978 et
2630 3923 2907 3978 adversus.
2927 3922 3069 3979 illius
3112 3940 3345 3995 pugnam
3374 3926 3491 3980 ani-

1910 4027 2051 4066 mam
2103 4013 2376 4068 aestiment
2426 4014 2749 4083 provocari:
2784 4024 2844 4069 ut
2879 4014 3269 4073 mortiﬁcantes
3318 4033 3485 4073 mem-

1908 4102 2006 4158 bra
2037 4112 2221 4157 nostra
2251 4118 2413 4172 super
2450 4112 2674 4171 terrain,
2734 4095 3166 4172 fornicationem,
3197 4108 3487 4164 immundi-

1910 4196 2063 4261 tiam,
2126 4195 2451 4265 passionem,
2499 4204 2764 4252 mternam
2825 4196 2882 4251 in
2934 4196 3152 4253 Christo
3204 4199 3485 4254 victoriam

1910 4300 2321 4354 consequamur.

1985 4394 2002 4426 ι
2040 4376 2294 4432 Auditum
2325 4378 2504 4433 audivi
2534 4394 2563 4433 a
2590 4378 2839 4445 Domino,
2885 4387 2942 4435 et
2979 4378 3187 4451 legatus
3213 4380 3279 4434 ad
3301 4390 3489 4450 gentes

1916 4489 1933 4522 ι
1968 4471 2170 4525 missus
2216 4479 2315 4526 est.
2366 4470 2776 4543 Congregamini
2830 4480 2897 4525 et'
2934 4472 3110 4526 venite
3168 4473 3234 4526 ad
3267 4488 3403 4535 eam,
3435 4483 3489 4526 ct

1914 4578 1932 4611 ι
1972 4575 2360 4631 consurgamus
2418 4562 2471 4614 in
2524 4561 2784 4629 praelium.
2844 4582 2861 4613 ι
2914 4561 3141 4634 (Mirum)
3190 4563 3477 4617 Sciendum

1909 4666 2037 4706 vero
2082 4652 2222 4720 quod
2250 4651 2364 4705 lucc
2392 4652 2659 4705 sententia
2689 4651 2937 4708 Ieremia:
2962 4668 3095 4723 pene
3137 4655 3334 4732 eisdem
3368 4670 3487 4708 vcr-

1908 4740 1991 4795 bis
2031 4742 2081 4794 in
2116 4741 2289 4795 Abdia
2317 4742 2576 4811 propheta
2621 4743 2946 4807 continetur,
2999 4744 3139 4798 sicut
3167 4752 3219 4797 et
3248 4743 3478 4812 plurima

1908 4832 2069 4884 verba
2093 4830 2247 4885 istius
2269 4832 2485 4901 capituli
2514 4830 2759 4887 Ieremia:
2780 4837 3113 4888 concordant
3158 4835 3341 4889 Abdia:
3366 4852 3480 4889 ser-

1909 4922 2173 4975 monibus.
2205 4920 2322 4975 Iam
2372 4938 2530 4993 supra
2584 4924 2819 4978 diximus
2843 4925 3089 4980 eumdem
3138 4941 3256 4980 csse
3284 4927 3475 4991 Edam,

1911 5030 2072 5084 quam
2102 5026 2155 5069 et
2185 5016 2471 5071 ltlumzeam
2501 5035 2513 5069 :
2557 5019 2682 5087 quia
2707 5019 2759 5072 in
2791 5020 3048 5073 Hebraico
3070 5021 3201 5088 ipse,
3228 5022 3317 5089 qui
3349 5038 3480 5075 con-

1912 5108 2065 5174 didit,
2100 5109 2149 5160 in
2174 5107 2360 5163 Grzccu
2396 5111 2546 5173 urbs,
2574 5126 2693 5179 qum
2724 5111 2795 5165 sit
2836 5111 2903 5165 ab
2932 5126 2996 5165 co
3044 5111 3277 5175 condita,
3309 5113 3480 5165 nomi-

1912 5207 2097 5278 natur.
2131 5200 2347 5255 Audivit
2376 5217 2504 5271 ergo
2532 5201 2813 5274 Iercmias,
2864 5202 2946 5257 vel
2994 5202 3212 5265 Abdias,
3247 5204 3328 5257 vel
3358 5220 3476 5257 om-

1912 5303 2007 5341 nes
2037 5287 2315 5358 Prophetze
2340 5292 2543 5361 pariter
2591 5291 2890 5345 audierunt.
2930 5290 3127 5345 Omnes
3158 5292 3298 5345 enim
3349 5294 3481 5347 scri-

1912 5379 2044 5431 bunt
2086 5389 2271 5432 contra
2331 5382 2518 5443 Edom,
2563 5382 2703 5449 quod
2734 5381 2800 5435 ad
2828 5390 3013 5450 gentes
3043 5381 3249 5452 legatus
3282 5384 3481 5437 missus

1909 5470 1995 5533 sit,
2018 5471 2293 5543 mediator
2320 5470 2411 5525 Dei
2453 5481 2506 5525 ct
2536 5472 2810 5525 hominum
2863 5472 3021 5525 homo
3048 5471 3295 5527 Christus
3322 5472 3477 5529 Iesus

1909 5561 1956 5631 (1
1994 5560 2125 5613 Tim.
2159 5560 2249 5632 tt);
2280 5562 2344 5616 de
2369 5578 2475 5630 quo
2505 5572 2557 5617 et
2608 5562 2763 5615 Pater
2801 5562 3033 5631 loquitur
3063 5578 3155 5631 per
3182 5563 3432 5632 Aggreutu
3462 5583 3475 5618 :

1913 5669 1929 5699 ‹
1980 5650 2199 5703 Movcbo
2225 5666 2413 5704 omnes
2440 5662 2647 5720 gentes,
2680 5660 2732 5704 et
2774 5652 2951 5705 veniet
2982 5650 3316 5706 desideratus
3344 5640 3475 5706 cuu-

1905 5743 2005 5795 ctis
2056 5741 2300 5811 gentibus
2350 5740 2502 5811 (.lgg.
2566 5742 2646 5811 II).
2704 5743 2854 5798 siste
2912 5743 2962 5796 in
3018 5742 3195 5796 Isaia:
3240 5763 3257 5793 ‹
3302 5740 3479 5813 Magni

3029 5837 3103 5894 30
