3952 6314
495 322 625 379 1131

1127 316 1187 375 Β.
1231 320 1481 376 RABANI
1518 318 1737 377 MAURI
1775 318 2091 376 ARGHIEP.
2130 319 2436 397 MOGUNT.
2478 316 2759 376 OPERUM
2797 318 2978 375 PARS
3015 320 3101 376 lli.

3608 322 3741 381 H39.

493 433 703 493 consilii
741 439 989 504 angelus,
1045 443 1101 489 et
1148 444 1307 501 pater
1332 433 1499 488 futuri
1530 432 1711 487 saeculi
1746 452 1765 484 ι
1806 432 2068 488 describi-
2095 437 2147 498 Α
2174 434 2307 488 siam
2338 447 2513 487 meam
2544 432 2757 500 (Matth.
2800 433 2913 503 xvi)
2941 450 2953 487 :
2988 454 3006 486 ι
3039 443 3217 489 tamen
3246 444 3301 491 et
3328 438 3387 493 in
3412 436 3740 493 contrariam

494 536 583 589 tur
630 523 770 596 (Ita.
811 524 908 595 ιι).
964 524 1257 584 Possumus
1291 525 1469 580 dicere
1517 524 1661 594 quod
1711 524 1823 594 ipse
1862 523 2068 593 legatus

498 618 589 684 sit,
625 618 821 687 etipsa
850 616 1079 677 munitio
1116 615 1301 673 dicens
1330 630 1392 669 ea
1431 630 1551 684 quae
1594 613 1926 685 prophetalis
1955 629 2069 669 ser-

497 724 585 771 mo
634 706 932 773 contexuit,
998 706 1202 777 surgite
1266 713 1321 762 et
1370 720 1757 776 consurgamus
1813 703 2071 759 adversus

498 808 644 866 eum,
673 797 757 859 vel
809 812 929 865 eam
976 797 1030 857 in
1081 796 1345 867 praelium.
1382 796 1614 867 Legatus
1642 794 1735 863 qui
1783 794 1854 848 ad
1880 800 2070 865 gentes

498 888 697 947 missus
741 887 993 955 ὅμως
1038 886 1273 955 loquitur
1301 904 1315 941 :
1346 904 1365 936 ι
1399 884 1591 954 Surge,
1623 883 1715 953 qui
1770 882 1993 947 dormis,
2018 891 2074 937 et

499 978 709 1036 elevare
733 976 765 1033 a
796 976 1044 1041 mortuis,
1074 984 1129 1033 et
1154 974 1475 1037 illuminabit
1497 984 1549 1029 te
1576 973 1826 1031 Christus
1852 973 2069 1045 (Ep/tes.

500 1069 575 1139 v).
602 1084 633 1120 ἰ
658 1067 738 1123 Ac
764 1081 834 1131 ne
871 1065 1095 1123 forsitan
1124 1066 1302 1149 gravis
1354 1063 1511 1121 nobis
1537 1073 1593 1119 et
1622 1065 1839 1121 insolita
1894 1078 2072 1136 pugna

501 1158 766 1221 videatur,
794 1170 902 1218 me,
958 1155 1152 1224 inquit,
1206 1153 1416 1211 habetis
1461 1154 1693 1221 primum
1726 1152 1779 1209 in
1810 1153 1947 1218 acie,
1975 1167 2073 1222 ego

502 1262 595 1302 ero
622 1245 1037 1322 ἆρχιστρατησγός
1089 1240 1395 1317 praeliorum
1435 1256 1449 1294 :
1482 1242 1573 1310 qui
1600 1253 1655 1296 et
1677 1241 1803 1299 Jesu
1836 1240 1947 1295 ﬁlio
1974 1239 2076 1294 Na-

503 1354 568 1394 ve
604 1338 839 1410 gladium
884 1346 1074 1391 tenens
1104 1336 1329 1409 apparui
1374 1352 1388 1389 :
1426 1344 1480 1390 et
1531 1334 1785 1391 Amalech
1814 1335 1868 1389 in
1898 1334 2078 1391 crucis

504 1442 637 1482 meae
668 1425 862 1487 vexillo
902 1424 1047 1483 Moss
1093 1433 1366 1496 pugnante
1404 1425 1669 1494 superavi.
1702 1423 1965 1480 Jeremias
1992 1424 2077 1477 hic

504 1522 557 1576 in
589 1518 793 1572 visione
822 1524 1010 1573 contra
1052 1514 1341 1573 ldumaeam
1371 1531 1479 1571 non
1506 1515 1732 1571 multum
1762 1516 1829 1571 ab
1857 1516 1943 1571 his
1972 1516 2079 1571 dis—

506 1617 710 1681 erepat.

580 1730 598 1763 ι
639 1710 776 1765 Ecce
804 1708 946 1764 enim
994 1704 1278 1779 parvulum
1318 1704 1441 1767 dedi
1471 1712 1523 1759 te
1562 1703 1617 1758 in
1642 1704 1909 1775 gentibus,
1946 1719 2079 1759 con-

2168 531 2374 593 partem
2398 523 2708 593 frequenter
2729 523 2991 593 accipitur
3021 538 3036 576 :
3070 543 3088 575 ι
3114 522 3391 591 Auferam,
3420 524 3621 593 inquit,
3654 540 3744 579 cor

2168 614 2458 683 lapideum,
2487 622 2540 671 et
2559 615 2697 670 dabo
2724 616 2803 669 eis
2827 629 2921 669 cor
2942 630 3195 671 carneum
3223 614 3441 685 (Eucti.
3466 618 3684 685 xxxvi).
3720 636 3737 667 ι

2169 705 2278 759 Et:
2318 724 2336 756 ι
2370 705 2569 761 Potens
2611 713 2696 760 est
2722 704 2979 760 Dominus
3007 705 3072 761 de
3120 705 3386 777 lapidibus
3414 708 3538 762 istis
3574 706 3743 762 susci-

2171 804 2287 850 tare
2317 796 2457 853 ﬁlios
2512 796 2743 852 Abrahae
2798 795 3012 869 (Matth.
3059 798 3144 868 ιιι)
3174 816 3187 852 :
3220 818 3237 851 ι
3273 800 3621 871 maximeque
3658 799 3746 855 hic

2172 890 2263 945 ubi
2314 905 2422 945 non
2473 889 2627 956 dixit,
2676 891 3009 947 habitantem
3058 909 3222 965 super
3263 904 3494 965 petram,
3533 896 3591 951 in
3643 910 3746 966 qua

2170 981 2409 1051 prudens
2437 981 2733 1036 aediﬁcator
2771 983 2988 1037 domum
3017 1000 3168 1039 suam
3219 988 3449 1047 exstruit
3499 1006 3512 1041 :
3555 988 3651 1043 sed
3696 988 3745 1042 in

2172 1072 2441 1135 scissuris,
2486 1070 2581 1127 vel
2624 1073 2677 1127 in
2722 1074 2968 1129 cavernis
3024 1084 3209 1145 petrte,
3266 1088 3328 1132 ut
3375 1079 3667 1134 hzeresean
3716 1094 3747 1133 a

2173 1170 2325 1231 petra
2374 1160 2594 1228 Christi,
2649 1171 2703 1219 et
2748 1164 2815 1219 ab
2844 1164 3082 1222 Ecclesia
3127 1167 3391 1237 signiﬁcet
3434 1169 3744 1224 scissiones.

2174 1252 2342 1307 Porro
2366 1254 2511 1323 quod
2560 1252 2754 1323 legitur
2777 1254 2829 1309 in
2855 1253 3027 1311 Abdia
3059 1274 3071 1310 :
3108 1275 3127 1308 ι
3163 1257 3505 1314 Exaltantem
3556 1258 3750 1314 solium

2177 1359 2356 1410 suum,
2384 1351 2439 1399 et
2470 1344 2561 1414 qui
2614 1344 2745 1400 dicit
2774 1345 2826 1399 in
2863 1346 3023 1401 corde
3063 1362 3181 1418 suo,
3210 1347 3343 1415 Quis
3369 1349 3622 1411 detrahet
3667 1364 3748 1403 me

2176 1434 2231 1488 in
2262 1442 2463 1489 terram
2518 1434 2674 1506 (ΑΜ.
2723 1435 2808 1507 ιιι)
2837 1435 2862 1489 i
2890 1455 2909 1489 ι
2947 1444 3212 1493 tumorem
3241 1439 3507 1495 haeretica
3556 1438 3749 1493 mentis

2176 1526 2427 1591 ostendit,
2468 1526 2848 1588 conﬁdentiam
2876 1527 2979 1583 sibi
3031 1529 3085 1583 in
3114 1531 3387 1599 mysteriis
3436 1537 3491 1584 et
3525 1528 3751 1584 secretis

2178 1618 2309 1683 suis,
2338 1627 2597 1687 quantum
2646 1620 2698 1673 in
2742 1620 2873 1689 ipsis
2917 1628 3021 1675 est.
3054 1620 3405 1691 Hyperbolice
3430 1633 3614 1675 autem
3654 1620 3752 1674 hoc

2181 1708 2425 1779 accipere
2457 1710 2735 1777 debemus,
2764 1712 3254 1782 repromittentium
3282 1715 3384 1770 sibi
3431 1730 3602 1785 regna
3644 1726 3751 1767 cte-

510 1821 527 1855 t
567 1798 915 1870 temptibilem
944 1798 1084 1853 inter
1116 1796 1381 1857 homines.
1438 1794 1763 1866 Arrogantia
1798 1790 1883 1849 tua
1914 1796 2076 1851 dece-
2106 1797 2154 1857 B
2183 1800 2376 1855 lorum.
2432 1800 2585 1857 Unde
2632 1804 2698 1859 ad
2750 1802 3115 1871 hujuscemodi
3166 1805 3408 1861 homines
3466 1806 3752 1877 Apostolus

511 1912 529 1944 ι
562 1892 644 1963 pit
671 1899 743 1957 te,
772 1899 827 1947 et
855 1889 1107 1961 superbia
1130 1887 1308 1961 cordis
1330 1887 1431 1953 tui,
1459 1886 1551 1956 qui
1579 1886 1791 1943 habitas
1819 1886 1870 1941 in
1895 1901 2081 1945 caver-

513 2004 530 2035 ι
566 1985 651 2041 nis
675 1980 856 2053 petrae,
883 1990 940 2038 et
968 1980 1368 2052 apprehendere
1391 1979 1581 2033 niteris
1605 1979 1935 2037 altitudinem
1965 1980 2079 2034 col-

512 2094 529 2127 ι
565 2074 650 2129 lis.
695 2073 829 2129 Cum
877 2071 1199 2127 exaltaveris
1253 2070 1406 2139 quasi
1456 2070 1635 2139 aquila
1696 2069 1881 2124 nidum
1908 2077 2077 2135 tuum,

513 2183 531 2215 ι
566 2163 690 2219 inde
714 2161 995 2218 detraham
1033 2168 1103 2227 te,
1140 2160 1270 2216 dicit
1299 2159 1576 2217 Dominus.
1617 2177 1635 2210 ι
1671 2157 1730 2221 in
1757 2159 2083 2229 interpreta-

510 2256 653 2311 tione
671 2254 985 2328 prophetica
1013 2254 1271 2310 debemus
1308 2268 1513 2308 morem
1540 2260 1786 2309 nostrum
1822 2252 1995 2321 sequi,
2025 2262 2085 2306 ut

511 2348 742 2418 primum
794 2345 1033 2400 historia:
1084 2343 1432 2401 fundamenta
1478 2344 1761 2414 jaciamus,
1797 2343 2009 2407 deinde,
2038 2342 2083 2397 si

512 2452 817 2509 possumus,
849 2436 1094 2492 excelsas
1125 2444 1304 2497 turres
1336 2442 1390 2489 et
1418 2442 1678 2489 tectorum
1700 2434 1932 2489 culmina
1953 2433 2081 2487 sub-

512 2530 765 2603 rigamus.
791 2527 858 2594 Ο,
884 2528 1077 2599 inquit,
1107 2528 1293 2591 Edom,
1333 2528 1425 2596 qui
1459 2542 1581 2582 cum
1610 2527 1864 2587 minimus
1900 2526 1973 2580 sis
2002 2525 2085 2579 in-

510 2630 593 2677 ter
622 2620 894 2676 omnes-in
920 2620 1150 2685 circuitu
1198 2620 1467 2685 nationes,
1512 2626 1569 2675 et
1613 2619 1681 2673 ad
1729 2619 2085 2689 comparatio-

510 2727 630 2768 nem
651 2713 890 2784 gentium
910 2720 1226 2768 cteterarum
1254 2726 1455 2782 parvus
1477 2711 1530 2766 in
1561 2726 1805 2775 numero,
1835 2711 1976 2765 ultra
2006 2710 2083 2763 vi-

509 2818 597 2859 res
618 2802 848 2874 erigeris
877 2802 1149 2878 superbia.
1189 2802 1432 2874 Cumque
1469 2802 1679 2857 habites
1708 2802 1763 2857 in
1790 2802 2080 2871 speluncis,

508 2895 617 2950 imo
642 2896 696 2951 in
722 2895 974 2953 cavernis
998 2902 1300 2966 petrarum,
1347 2893 1567 2953 humilis
1602 2901 1764 2962 atque
1788 2907 2083 2963 paupercu-

507 2984 611 3051 lus,
654 2993 711 3041 et
757 2983 967 3043 excelsa
1021 2983 1368 3047 tediﬁciorum
1411 2993 1552 3039 tecta
1610 2998 1717 3037 non
1778 2983 2081 3052 possidens,

508 3076 662 3147 quasi
690 3075 867 3147 aquﬂa
900 3076 951 3129 in
979 3074 1206 3131 sublime
1246 3074 1539 3137 extolleris,
1570 3083 1623 3128 et
1653 3081 1859 3127 tantum
1889 3074 2085 3143 cogita-

2182 1892 2411 1947 scribit:
2449 1911 2468 1947 ι
2519 1890 2638 1947 Jam
2688 1904 2803 1949 sine
2831 1896 2987 1950 nobis
3043 1898 3326 1967 reguastis,
3358 1907 3521 1967 atque
3549 1899 3750 1953 utinam

2183 1984 2502 2054 regnaretis,
2529 1994 2590 2038 ut
2636 1991 2691 2039 et
2718 2000 2817 2040 nos
2864 1976 3142 2041 vobiscum
3172 2002 3524 2059 regnaremus
3552 1989 3599 2059 (1
3631 1987 3749 2043 Cor.

2185 2074 2280 2145 ιν).
2317 2094 2334 2125 ι
2379 2074 2507 2129 Tale
2532 2074 2662 2143 quid
2698 2083 2751 2130 et
2778 2075 2943 2130 David
2992 2077 3267 2145 loquitur:
3309 2097 3327 2128 ι
3364 2077 3668 2133 Posuerunt
3699 2080 3750 2131 in

2181 2159 2319 2220 εαξΙὸ
2345 2179 2407 2218 os
2436 2179 2613 2230 suum,
2666 2172 2719 2219 et
2770 2165 2952 2235 lingua
2986 2180 3173 2221 eorum
3224 2168 3475 2222 transivit
3526 2169 3579 2223 in
3614 2179 3750 2223 terra

2182 2252 2355 2324 (Ptol.
2387 2254 2578 2327 Lxxn).
2627 2274 2645 2307 ι
2687 2253 2743 2309 Si
2772 2256 2991 2315 exaltati
3027 2271 3157 2326 ergo
3190 2256 3410 2324 iuerint,
3448 2268 3508 2312 ut
3540 2259 3751 2327 aquila:

2184 2360 2309 2400 nam
2352 2354 2406 2399 et
2436 2345 2539 2415 ipsi
2584 2345 2886 2414 aquilarum
2936 2347 3035 2402 sibi
3066 2348 3468 2403 similitudinem
3498 2350 3753 2419 pollicen-

2183 2446 2291 2499 tur,
2327 2450 2446 2504 qute
2483 2436 2657 2490 solent
2692 2439 2759 2493 ad
2784 2439 3015 2494 cadaver
3042 2440 3366 2495 dominicum
3416 2444 3749 2513 congregari.

2182 2523 2251 2578 Et
2279 2525 2421 2579 inter
2446 2526 2621 2580 media
2643 2526 2821 2581 sidera
2873 2537 3168 2599 posuerunt
3192 2531 3377 2584 nidum
3410 2547 3588 2595 suum,
3633 2534 3755 2589 inde

2182 2615 2462 2670 detraham
2493 2632 2606 2682 eos,
2635 2618 2763 2674 dicit
2789 2617 3067 2675 Dominus.
3112 2619 3263 2676 Sicut
3288 2622 3431 2677 enim
3462 2624 3755 2679 dormiente

2183 2705 2567 2775 patrel‘amilias
2591 2708 2734 2764 inter
2760 2711 2958 2765 bonam
2986 2721 3284 2767 sementem
3327 2713 3579 2769 inimicus
3604 2716 3756 2771 homo

2183 2798 2390 2852 zizania
2428 2802 2824 2869 superseminat
2871 2800 3087 2873 (Matth.
3146 2803 3287 2875 xm),
3317 2805 3393 2859 ita
3420 2804 3559 2860 solet
3582 2808 3754 2875 aquila

2182 2889 2416 2957 grandis,
2451 2905 2766 2961 magnarum
2793 2892 3018 2956 alarum,
3071 2893 3229 2964 longo
3265 2896 3630 2950 membrorum
3664 2898 3754 2951 duo

2183 2985 2294 3045 ctu,
2326 2977 2485 3046 plena
2515 2979 2732 3046 plumis,
2783 2988 2836 3036 et
2865 2981 3147 3046 varietate,
3191 2998 3311 3052 quae
3338 2984 3503 3040 habet
3541 2988 3753 3040 ductum

2184 3070 2417 3125 intrandi
2443 3071 2497 3127 in
2532 3071 2818 3141 Libanum,
2849 3082 2902 3129 et
2916 3074 3071 3129 tollit
3110 3075 3177 3129 de
3200 3077 3482 3131 cacumine
3511 3078 3675 3141 cedri,
3705 3086 3752 3131 et

508 3167 656 3221 tione
679 3164 1015 3227 intumescis,
1042 3172 1101 3220 ut
1128 3164 1270 3221 inter
1296 3163 1474 3225 sidera
1499 3162 1744 3219 habitare
1771 3171 1822 3217 te
1846 3162 2036 3217 credas
2063 3180 2075 3215 :
2107 3158 2152 3220 C
2184 3156 2391 3225 plantat
2425 3174 2588 3229 super
2616 3175 2787 3230 aquas
2829 3161 3044 3225 multas,
3099 3170 3159 3217 ut
3202 3162 3254 3216 in
3307 3164 3461 3219 vinea
3492 3164 3754 3234 plantaria

508 3253 724 3309 etiamsi
771 3252 912 3315 ultra
941 3261 1188 3315 naturam
1232 3267 1419 3323 posses
1448 3251 1571 3307 οωιὶ
1620 3252 1727 3309 alta
1775 3261 2078 3320 penetrare,

507 3338 715 3403 inde'te
739 3346 1102 3408 detraherent,
1134 3352 1191 3405 et
1232 3343 1299 3398 ad
1350 3352 1549 3397 terram
1581 3344 1920 3408 deducerem,
1952 3344 2083 3399 dicit

507 3436 767 3492 Dominus
800 3435 959 3495 Deus.
990 3434 1124 3489 Illud
1175 3443 1353 3493 autem
1407 3434 1551 3503 quod
1587 3434 1640 3487 in
1671 3432 1903 3499 Jeremia
1933 3434 2082 3489 addi-

508 3538 620 3584 tum
648 3536 768 3583 est:
810 3544 827 3577 ι
870 3524 939 3581 Et
959 3525 1362 3595 apprehendere
1398 3524 1586 3579 niteris
1612 3524 1949 3585 altitudinem
1974 3525 2083 3579 col-

510 3621 595 3685 lis,
648 3638 666 3670 ι
702 3616 910 3687 aperuit
960 3616 1208 3686 aenigma,
1261 3614 1450 3670 collem
1488 3614 1801 3683 signiﬁcans
1843 3624 2081 3669 montem

512 3709 642 3765 Sion
672 3727 686 3763 :
719 3723 784 3763 ac
809 3721 905 3776 per
946 3707 1067 3771 hoc,
1096 3704 1181 3759 vel
1204 3703 1378 3777 ipsam
1427 3706 1615 3757 urbem
1644 3702 1961 3767 Jerusalem,
1996 3706 2080 3759 vel

510 3801 787 3870 templum,
839 3800 983 3870 quod
1037 3798 1089 3851 in
1118 3812 1181 3851 ea
1213 3798 1482 3854 conditum
1530 3805 1631 3861 est,
1668 3797 1779 3851 vult
1834 3798 2075 3868 intelligi.

508 3898 755 3967 Aquilam
784 3901 961 3950 autem
1012 3889 1221 3949 cunctis
1263 3888 1451 3942 avibus
1481 3886 1643 3943 altius
1665 3887 1891 3948 volitare
1917 3888 2080 3942 etiam

508 3989 583 4053 hi,
612 3988 703 4057 qui
732 3987 797 4041 de
825 3995 1018 4041 natura
1052 3980 1229 4041 avium
1255 3979 1548 4051 disputant,
1575 3977 1851 4036 memoria:
1899 3977 2049 4050 prmll

509 4080 705 4133 derunt
730 4093 743 4130 :
775 4076 1015 4144 tantique
1039 4073 1312 4137 contuitus
1360 4088 1479 4126 esse
1510 4072 1727 4137 dicitur,
1757 4081 1815 4127 ut
1844 4087 1965 4123 cum
1991 4087 2081 4125 su-

508 4185 603 4240 per
638 4168 808 4246 maria
863 4164 1123 4229 immobili
1173 4178 1346 4231 penna
1395 4162 1620 4226 feratur,
1679 4176 1781 4215 nec
1834 4160 2079 4214 humanis

508 4267 689 4330 pateat
741 4257 1041 4318 obtutibus,
1101 4255 1166 4308 de
1216 4260 1364 4307 tanta
1422 4251 1747 4307 sublimitate
1795 4250 2081 4320 pisciculos

509 4359 697 4404 natare
726 4348 904 4402 videat
947 4365 959 4400 :
1005 4354 1058 4401 et
1082 4360 1207 4405 cum
1245 4344 1400 4412 juxta
1430 4344 1578 4399 littus
1624 4343 1787 4397 fuerit
1828 4343 2077 4397 tormenti

508 4440 682 4493 instar
704 4436 1051 4497 descendere,
1084 4442 1396 4503 raptamque
1423 4433 1657 4500 prretlam
1680 4432 1870 4499 pennis
1900 4432 1966 4484 ad
1992 4431 2024 4483 li
2036 4439 2079 4483 t-

2185 3247 2445 3317 pullulent
2471 3250 2611 3304 inter
2638 3249 2814 3305 sidera
2844 3250 3128 3315 Ecclesiae,
3163 3252 3231 3307 de
3275 3254 3470 3321 quibus
3499 3262 3551 3307 et
3576 3254 3628 3308 in
3656 3254 3756 3309 alio

2186 3336 2303 3391 loco
2361 3338 2596 3393 dicitur:
2640 3358 2657 3389 ι
2692 3337 2832 3393 Iusti
2881 3349 3059 3395 autem
3087 3341 3227 3396 sicut
3275 3342 3444 3397 stellae
3478 3343 3754 3414 fulgebunt

2185 3426 2399 3497 (Matth.
2428 3428 2569 3498 χιιι),
2609 3448 2627 3480 ι
2655 3444 2856 3498 ponere
2883 3432 3069 3486 nidum
3100 3448 3275 3487 suum.
3308 3434 3429 3487 Dixi
3463 3450 3627 3503 supra
3656 3437 3752 3491 hoc

2148 3517 2381 3586 ipsum,
2436 3529 2492 3575 et
2537 3521 2821 3581 adversum
2851 3536 3072 3578 carnem
3118 3523 3359 3593 intelligi,
3407 3526 3549 3593 quod
3578 3526 3755 3580 immi-

2180 3620 2328 3665 nuta:
2356 3612 2465 3666 sint
2494 3613 2640 3667 vires
2671 3612 2785 3679 ejus
2818 3614 2867 3666 in
2915 3614 3144 3667 adventu
3178 3614 3398 3679 Christi,
3436 3625 3491 3669 et
3514 3626 3753 3671 contem-

2182 3704 2404 3772 ptibilis,
2432 3705 2735 3776 animmque
2760 3704 3000 3773 subjecta
3030 3707 3272 3774 imperio,
3290 3706 3557 3762 etl'mstra
3580 3709 3755 3778 eriga-

2184 3804 2269 3848 tur
2298 3811 2419 3849 cum
2450 3796 2657 3865 habitet
2686 3796 2740 3848 in
2762 3796 3010 3850 cavernis
3038 3805 3229 3864 petne,
3258 3798 3340 3851 vel
3371 3799 3638 3861 sensibus,
3672 3797 3752 3855 vel

2182 3887 2617 3956 cogitationibus,
2647 3896 2699 3941 et
2728 3888 2856 3941 velit
2885 3889 3150 3941 dominari
3182 3891 3373 3943 animae
3398 3890 3645 3944 exultans
3672 3905 3753 3944 so-

2182 3980 2313 4037 lium
2352 3996 2525 4047 suum,
2562 4002 2661 4039 nec
2686 3994 2850 4055 opera
2879 3996 2970 4038 sua
3023 3996 3183 4055 posse
3218 3981 3447 4041 credens
3492 3982 3749 4056 superari.

2180 4076 2274 4129 Cui
2306 4076 2522 4138 dicitur,
2552 4076 2696 4145 quod
2731 4078 2976 4145 quamvis
3011 4094 3069 4132 se
3105 4078 3302 4147 erigat,
3337 4089 3390 4133 et
3418 4080 3609 4147 aquila:
3641 4080 3755 4133 imi-

2182 4174 2323 4219 tetur
2366 4167 2599 4229 excelsa,
2650 4168 2951 4238 multosque
2998 4177 3306 4223 sanctorum
3345 4170 3634 4239 deceperit,
3674 4179 3752 4223 ta—

2182 4272 2300 4310 men
2333 4272 2362 4309 a
2390 4258 2615 4311 Domino
2642 4269 2887 4328 separata
2929 4260 3000 4313 sit
3048 4269 3209 4329 atque
3259 4261 3487 4330 deiecta.
3524 4262 3674 4329 Quod
3702 4265 3753 4317 in

2180 4332 2449 4400 haereticis
2474 4357 2527 4401 et
2550 4362 2711 4401 carne
2747 4349 3128 4416 intelleximus,
3178 4361 3364 4406 contra
3386 4351 3602 4408 Iudaeos
3626 4371 3753 4423 quo-

2180 4452 2283 4505 que
2312 4437 2532 4507 intelligi
2562 4448 2753 4507 potest.

506 4543 593 4586 tus
646 4529 977 4599 pertrahere.
1011 4524 1065 4579 Si
1096 4525 1381 4579 didicimus
1437 4524 1739 4584 historiam,
1788 4538 2079 4591 sequamur
2102 4511 2153 4570 D
2255 4545 2273 4577 ι
2316 4527 2384 4580 Et
2411 4530 2513 4582 erit
2536 4528 2763 4583 ldumaea
2794 4530 3026 4595 deserta,
3055 4531 3230 4586 omnis
3270 4532 3361 4603 qui
3392 4534 3642 4588 transibit
3664 4549 3753 4605 per

507 4619 911 4691 intelligentiam
934 4616 1249 4686 spiritalem.
1278 4614 1428 4668 Licet
1454 4615 1569 4677 tibi,
1600 4631 1631 4667 ο
1660 4616 1929 4677 haeretice,
1960 4629 2077 4667 ma-

506 4730 641 4786 gnus
664 4726 784 4767 esse
806 4710 1058 4774 videaris,
1106 4716 1160 4761 et
1195 4715 1507 4761 contemnas
1552 4706 1808 4761 Ecclesia:
1842 4706 2079 4775 paucita-

510 4814 640 4867 tem,
663 4812 842 4855 tamen
870 4812 1066 4868 parvus
1097 4798 1148 4849 in
1185 4795 1432 4864 gentibus
1462 4810 1538 4860 es,
1563 4804 1617 4849 et
1640 4795 2076 4863 contemptibilis,

508 4904 562 4949 et
595 4908 699 4948 non
730 4890 901 4946 solum
934 4888 1374 4957 contemptibilis,
1398 4888 1493 4942 sed
1520 4903 1639 4941 cum
1669 4889 1896 4943 ἐπιτάσει
1926 4888 2080 4941 valde

508 4979 940 5051 contemptibilis.
978 4997 995 5028 ι
1037 4978 1298 5047 Superbia
1352 4979 1529 5032 cordis
1590 4979 1664 5031 tui
1710 4978 1900 5031 extulit
1944 4988 2013 5031 te.
2053 4998 2071 5029 ι

510 5073 640 5139 Quis
665 5072 807 5125 enim
827 5069 1203 5127 haereticorum
1230 5084 1336 5122 non
1363 5068 1416 5122 in
1446 5071 1749 5137 superbiam
1780 5070 2077 5133 extollitur,

512 5160 761 5215 Ecclesiae
814 5158 1209 5227 simplicitatem
1260 5160 1671 5228 parvipendcns,
1706 5168 1759 5212 et
1789 5159 1946 5213 ﬁdem
1973 5159 2078 5212 im—

511 5251 756 5319 peritiam
783 5255 1035 5317 reputans
1067 5266 1078 5299 :
1114 5247 1363 5303 habitans
1389 5249 1441 5302 in
1487 5249 1735 5302 scissuris
1766 5256 1954 5317 petrm,
1979 5264 2078 5303 ex-

513 5343 687 5395 altans
740 5332 930 5393 solium
986 5353 1161 5393 suum.
1211 5337 1368 5391 Petra
1410 5354 1714 5407 quanquam
1766 5338 2081 5407 frequenter

514 5431 595 5485 vel
624 5430 677 5483 in
707 5441 930 5497 persona
988 5427 1221 5491 Domini,
1276 5426 1360 5479 vel
1412 5427 1462 5478 in
1513 5427 1780 5480 soliditate
1828 5435 2079 5494 ponatur,

513 5520 653 5575 unde
683 5525 737 5571 ct
772 5516 1031 5585 propheta
1074 5517 1203 5571 dicit
1232 5532 1245 5568 :
1282 5533 1299 5565 ι
1336 5514 1537 5569 Statuit
1579 5529 1737 5583 super
1761 5527 1965 5584 petram
1991 5533 2081 5586 pc-

515 5614 607 5667 .les
638 5624 785 5664 meos
814 5606 983 5680 (Psal.
1016 5608 1159 5679 nux);
1196 5628 1212 5659 ι
1250 5617 1303 5662 et
1327 5609 1393 5662 ad
1435 5608 1652 5661 Petrum
1684 5609 1877 5663 dicitur
1908 5628 1917 5661 :
1952 5631 1967 5660 ε
2005 5611 2079 5663 Tu

516 5716 574 5755 es
622 5698 833 5763 Petrus,
871 5707 925 5751 et
955 5711 1115 5766 super
1154 5697 1293 5751 hanc
1335 5706 1540 5765 petram
1571 5698 1845 5753 aediﬁcabo
1901 5694 2085 5755 Eccle-

2186 4635 2203 4667 ι
2248 4632 2366 4671 eam
2394 4618 2647 4686 stnpebit,
2680 4627 2733 4672 et
2761 4620 2995 4673 sibilabit
3019 4635 3179 4688 super
3200 4636 3387 4676 omnes
3412 4624 3595 4693 plagas
3617 4626 3748 4691 ejus,

2185 4728 2202 4758 ι
2249 4710 2388 4763 sicut
2425 4711 2684 4763 subversa
2723 4717 2805 4763 est
2830 4709 3060 4765 Sodoma
3083 4718 3136 4764 et
3163 4710 3464 4766 Cutnorrha
3495 4723 3547 4768 et
3570 4716 3751 4769 vicinae

2186 4818 2203 4849 ι
2248 4800 2385 4867 ejus,
2426 4800 2502 4852 ait
2543 4798 2838 4854 Dominus:
2869 4800 2983 4855 Non
3014 4802 3275 4857 habitabit
3299 4804 3370 4857 ibi
3410 4804 3515 4870 vir,
3562 4816 3615 4860 et
3652 4821 3752 4861 non

2186 4908 2204 4941 ι
2250 4891 2445 4944 ineolet
2478 4906 2595 4945 eam
2627 4891 2767 4945 ﬁlius
2794 4893 3044 4946 hominis.
3092 4913 3110 4945 ι
3156 4894 3428 4965 Eritcrgo
3458 4897 3512 4950 in
3564 4897 3649 4951 die
3678 4897 3752 4952 iu-

2182 4981 2322 5034 roris
2358 4980 2568 5034 Domini
2614 4982 3022 5036 conciliabulum
3073 4985 3472 5052 haereticorum,
3502 4990 3616 5041 sive
3665 4986 3750 5042 ,Ιιι⁹

2182 5071 2417 5123 daeorum
2458 5070 2937 5139 blasphemantium
2971 5073 3262 5138 desertum,
3302 5077 3427 5145 quia
3481 5093 3749 5148 nunquam

2181 5170 2365 5230 postea
2408 5162 2681 5216 habebunt
2725 5171 3039 5230 potestatem
3094 5180 3422 5236 congregare
3471 5170 3746 5225 concilium

2183 5250 2609 5318 malignantium.
2657 5250 2969 5319 Omnisque,
3009 5254 3099 5322 qui
3151 5255 3427 5309 transierit
3469 5273 3571 5327 per
3611 5274 3746 5324 eam,

2183 5341 2437 5408 stnpebit,
2476 5349 2531 5393 et
2565 5339 2800 5397 sibilabit
2826 5356 2985 5409 super
3013 5358 3199 5397 omnes
3235 5344 3419 5415 plagas
3457 5348 3590 5417 ejus.
3620 5349 3749 5415 Quia

2184 5429 2445 5498 supplicn
2475 5443 2683 5492 eorum,
2713 5444 2831 5497 qua:
2872 5432 3213 5485 sustinebunt
3254 5448 3351 5501 pro
3391 5436 3749 5503 impietatilms

2183 5520 2593 5580 suisformidini
2622 5528 2675 5572 et
2701 5522 2885 5588 pavori
2908 5521 3062 5575 valde
3082 5522 3239 5591 digna
3262 5532 3442 5578 erunt.
3468 5526 3747 5593 Quoniam.

2188 5614 2328 5667 sicut
2342 5612 2630 5666 Sodomam
2653 5619 2705 5665 et
2724 5611 3077 5667 Gomorrham
3102 5613 3322 5684 sulphur
3341 5618 3549 5689 etignis
3570 5622 3747 5673 incen-

2188 5702 2264 5755 dit
2300 5700 2447 5769 (Gen.
2494 5702 2624 5772 XIX),
2674 5710 2725 5753 ct
2768 5703 2816 5755 in
2847 5711 3100 5757 aeternam
3144 5705 3483 5763 solitudinem
3531 5709 3744 5772 redegit.
