3952 6332
170 422 306 479 1135

1049 429 1414 486 EXPOSITIO
1452 428 1680 486 SUPER
1708 424 2077 486 JEREMIAM.
2110 460 2180 471 —
2218 432 2344 486 LlB.
2389 438 2502 489 AV.

3301 434 3443 493 1134

166 530 245 587 ita
272 538 327 586 et
347 547 511 603 super
534 541 845 603 peccatores
867 534 1002 605 pluit
1040 537 1177 607 ignis
1206 547 1260 593 et
1288 537 1529 609 sulphur,
1562 546 1618 594 et
1648 541 1758 609 Spi-
1783 556 1837 616 Α
1859 543 2009 609 titur,
2042 560 2161 614 quae
2191 552 2245 599 et
2275 545 2389 613 ipsa
2418 543 2609 617 regalis
2628 546 2899 616 quondam
2929 548 3119 605 civitas
3149 548 3284 617 fuit,
3305 562 3363 609 et
3391 556 3445 609 in

168 620 304 678 ritus
332 624 691 693 procellarum
726 642 851 696 pars
880 628 1064 682 calicis
1087 643 1297 683 eorum.

243 734 262 767 ι
305 717 444 771 Ecce
482 718 637 787 quasi
675 718 759 773 leo
796 722 1052 775 ascendet
1087 723 1152 777 de
1216 724 1470 792 superbia
1513 722 1762 780 Iordanis

172 821 198 861 ι
240 808 305 862 ad
340 806 793 877 pulchritudinem
829 812 1123 874 robustam,
1164 813 1289 881 quia
1332 815 1509 869 subito
1541 830 1763 870 currere

172 913 196 951 ι
236 913 358 954 eum
396 898 588 955 faciam
614 899 687 953 ad
731 901 898 966 illam,
931 913 985 955 et
1027 904 1148 974 quis
1181 904 1286 956 erit
1326 904 1528 960 electus
1554 947 1567 972 ,
1599 922 1759 977 quem

173 1006 196 1043 ε
238 1007 535 1063 proponam
567 994 654 1048 ei?
683 992 816 1060 Quis
838 994 978 1048 enim
1011 995 1374 1051 similismei?
1404 998 1471 1051 Et
1499 1000 1620 1068 quis
1646 1015 1763 1055 sus-

174 1097 194 1133 t
241 1082 432 1138 tinebit
456 1084 577 1137 me?
604 1084 671 1143 Et
692 1085 812 1154 quis
839 1094 921 1140 est
935 1086 1035 1141 iste
1060 1099 1268 1157 pastor,
1292 1088 1382 1158 qui
1402 1090 1618 1149 resistet
1648 1090 1764 1145 vul-

176 1193 194 1225 ι
239 1174 314 1228 tui
330 1176 486 1230 meo?
505 1195 523 1227 ι
542 1174 709 1246 Igitur
723 1176 863 1231 sicut
878 1174 1137 1233 Dominus
1150 1179 1433 1249 castigavit
1456 1180 1764 1250 superbiam

169 1262 496 1332 Judaeorum,
528 1282 664 1338 quos
699 1266 949 1325 Jordanis
991 1270 1207 1325 nomine
1252 1280 1404 1325 notat
1440 1290 1452 1325 :
1493 1272 1567 1326 ita
1592 1272 1762 1337 etiam

170 1362 224 1410 et
280 1356 639 1413 ldumaeorum
685 1358 968 1429 perﬁdiam
1034 1368 1201 1429 atque
1248 1362 1504 1417 invidiam
1534 1403 1547 1428 ,
1601 1377 1764 1432 quam

173 1460 532 1507 exercuerant
562 1461 756 1513 contra
795 1452 993 1508 fratres
1030 1469 1156 1513 suos
1182 1495 1196 1522 ,
1230 1469 1325 1525 per
1364 1455 1644 1511 ministros
1672 1455 1767 1510 irae

172 1555 282 1596 suae
313 1540 469 1614 plena
500 1541 737 1599 vindicta
767 1542 1045 1610 corripiet,
1079 1557 1179 1596 nec
1212 1553 1295 1599 est
1325 1543 1463 1598 ullus
1502 1543 1595 1613 qui
1652 1542 1767 1611 ejus

172 1634 400 1690 consilio
424 1649 486 1690 ac
505 1633 767 1697 voluntati
797 1634 1053 1692 resistere
1077 1636 1268 1707 possit.
1300 1636 1558 1695 Similiter
1586 1644 1640 1691 et
1656 1638 1768 1691 haz-

176 1725 335 1781 retici
366 1732 421 1785 et
449 1724 637 1782 hostes
665 1724 922 1780 Ecclesia:
944 1726 1038 1780 Dei
1070 1742 1176 1781 non
1209 1714 1440 1782 evadent
1476 1734 1760 1799 tormenta,

175 1816 375 1887 iniquis
408 1816 663 1887 operibus
710 1824 767 1871 et
807 1818 1148 1887 dogmatibus
1192 1819 1303 1874 suis
1336 1818 1622 1890 condigna.
1658 1818 1765 1874 Sed

1863 636 2007 690 omni
2058 636 2212 707 Syria
2241 638 2433 713 ‘tenuit
2494 638 2876 709 principatum.
2939 638 3179 695 Necdum
3223 643 3447 699 ﬂorebat

1862 724 2147 782 Antiochia
2179 736 2234 783 et
2268 728 2543 793 Laodicia,
2589 736 2645 784 et
2675 730 2902 800 Apamia
2926 771 2941 798 ,
2984 748 3118 802 quas
3158 735 3322 791 urbes
3351 752 3448 806 per

1870 817 2225 873 Alexandrum
2267 828 2322 873 et
2368 818 2715 875 Macedonum
2762 822 3046 892 imperium
3098 834 3284 883 auctas
3328 844 3449 884 esse

1874 910 2233 978 wgnovimus.
2283 908 2418 976 Quia
2464 894 2662 980 igitur,
2693 926 2905 981 semper
2968 914 3152 969 decem
3200 917 3450 975 tribubus

1867 1006 2055 1052 contra
2083 997 2273 1053 Judam
2304 1000 2583 1070 praebebat
2627 1001 2907 1070 auxilium,
2937 1012 2992 1059 et
3026 1003 3231 1075 Regum
3261 1016 3315 1061 et
3356 1009 3453 1063 Pa-

1867 1088 2232 1157 ralipomenon
2259 1099 2444 1145 narrat
2469 1091 2719 1158 historia,
2746 1094 2910 1148 etiam
2929 1095 3030 1164 ipsi
3058 1097 3360 1152 vastitatem
3387 1101 3453 1155 ab

1864 1178 2101 1250 Assyriis
2131 1182 2561 1250 appropinquare
2603 1182 2873 1252 significat
2896 1196 2919 1249 ,‘
2951 1185 3164 1241 dicente
3191 1202 3317 1258 rege
3349 1189 3453 1244 As-

1868 1271 2135 1341 syriorum
2172 1270 2339 1342 :Cepi
2397 1273 2650 1329 Arabiam
2698 1285 2754 1331 et
2807 1277 3128 1333 Damascum
3172 1286 3229 1333 et
3270 1277 3456 1333 Sama-

1874 1364 2026 1418 riam.
2076 1364 2227 1419 Sicut
2249 1366 2394 1420 enim
2443 1365 2562 1421 illas
2598 1371 2745 1438 cepi,
2791 1360 2845 1425 et
2884 1372 3135 1427 universa
3168 1387 3333 1444 regna
3362 1388 3439 1428 ca-

1867 1453 2032 1523 piam.
2070 1454 2199 1508 ltem
2232 1455 2283 1509 in
2323 1454 2532 1526 Regum
2576 1457 2847 1515 volumine
2889 1460 3114 1532 legimus
3148 1480 3161 1515 :
3193 1461 3456 1518 Ascendit

1869 1561 1964 1601 rex
1983 1545 2331 1617 Assyriorum
2356 1546 2700 1614 Damascum,
2721 1558 2778 1604 et
2790 1552 2932 1620 cepit
2956 1567 3075 1607 eam
3105 1560 3160 1607 et
3184 1556 3460 1609 transtulit

1869 1637 1921 1693 in
1962 1638 2225 1709 Cyrenen.
2277 1638 2441 1694 Rasin
2484 1655 2697 1711 quoque
2737 1642 3029 1709 interfecit,
3076 1644 3167 1712 qui
3211 1636 3329 1699 erat
3362 1660 3461 1701 rex

1870 1729 2135 1787 Damasci.
2164 1730 2294 1798 Quae
2314 1732 2497 1787 omnia
2524 1732 2755 1788 Ezechia
2784 1732 3171 1805 Hierosolymis
3198 1747 3462 1809 regnante

1869 1834 2126 1891 perpessa
2157 1830 2299 1875 sunt.
2329 1822 2523 1877 Emath
2550 1838 2677 1895 ergo
2703 1830 2758 1878 et
2776 1823 3045 1894 Arphath,
3072 1842 3192 1896 qua:
3220 1827 3275 1881 in
3298 1827 3460 1883 Esaia

173 1904 260 1963 leo
312 1906 642 1963 stevissimus
684 1915 739 1961 et
774 1907 1157 1977 rapacissimus
1206 1907 1449 1991 diabolus
1494 1909 1548 1965 iu
1594 1916 1766 1963 tarta-
1796 1915 1845 1974 B
1871 1920 1927 1966 et
1956 1912 2008 1966 in
2041 1912 2313 1971 Hieremia
2344 1913 2611 1984 legantur,
2648 1916 2808 1970 urbes
2840 1899 3262 1984 sunt'Damasci,
3300 1929 3463 1991 atque

176 2015 313 2075 rum“
370 2015 463 2056 eos
526 2000 819 2075 perpetuis
850 1998 1143 2055 laniatibus
1201 1990 1523 2065 cruciandos
1583 2008 1766 2057 retru-

188 2092 275 2150 iit.

253 2203 272 2242 ί
318 2183 614 2261 Propterea
654 2184 839 2240 audite
871 2184 1153 2245 consilium
1184 2184 1436 2251 Domini,
1464 2185 1607 2254 quod
1650 2184 1773 2239 iniit

183 2274 207 2327 ί
247 2276 313 2332 de
360 2277 526 2332 Edom
550 2318 565 2343 ,
596 2284 651 2331 et
692 2277 1047 2348 eogitationEs
1082 2275 1198 2346 ejus
1235 2293 1370 2347 quas
1407 2277 1664 2347 cogitavit
1706 2277 1772 2332 de

183 2383 206 2420 ο
246 2367 645 2423 habitatoribus
666 2366 940 2433 Tbeman;
973 2368 1019 2422 si
1050 2384 1154 2423 non
1192 2368 1489 2439 dejecerint
1513 2382 1608 2423 eos
1649 2384 1775 2437 par-

182 2477 203 2512 ι
247 2458 359 2513 νωί
391 2458 589 2529 gregis,
614 2458 715 2513 nisi
739 2459 1123 2528 dissipaverint
1147 2474 1273 2513 cum
1303 2460 1382 2533 eis
1405 2459 1771 2515 habitaculum

183 2567 205 2605 ι
250 2566 461 2607 eorum.
514 2551 562 2604 A
603 2566 735 2606 voce
764 2552 935 2609 ruinae
956 2567 1144 2606 eorum
1172 2560 1442 2608 commota
1484 2560 1563 2607 est
1592 2562 1771 2619 terra,

186 2662 206 2697 ι
251 2645 459 2700 clamor
502 2644 556 2709 in
608 2645 746 2700 mari
781 2644 967 2721 Rubro
1001 2646 1216 2703 auditus
1254 2652 1337 2701 est
1374 2645 1524 2701 vocis
1562 2661 1772 2701 eorum.

186 2756 205 2791 ι
246 2737 387 2796 Ecce
416 2738 572 2810 quasi
600 2738 779 2809 aquila
810 2738 1067 2796 ascendet
1090 2748 1145 2793 et
1173 2738 1392 2805 volabit,
1425 2747 1481 2797 et
1507 2740 1776 2810 espandet

186 2845 206 2880 ι
252 2828 367 2883 alas
382 2843 508 2884 suas
520 2843 683 2898 super
695 2828 936 2885 Bosram.
962 2830 1025 2883 Et
1046 2830 1151 2887 erit
1178 2846 1273 2885 cor
1287 2830 1509 2889 fortium
1529 2832 1776 2888 ldumaeaa

188 2938 207 2973 ε
255 2921 310 2975 in
344 2921 431 2978 die
458 2920 549 2985 illa
579 2921 735 2991 quasi
779 2922 1154 2979 coramulieris
1190 2924 1559 2994 parturientis.
1608 2944 1628 2977 ι
1673 2924 1779 2980 Va-

181 3020 411 3069 statore,
437 3012 687 3076 veniente
726 3028 888 3082 super
925 3013 1213 3071 hiumamm
1244 3024 1299 3071 et
1346 3016 1776 3086 superoBosram,

183 3118 347 3177 quem
378 3104 573 3175 aquilae
604 3104 930 3175 expandenti
956 3104 1072 3160 alas
1104 3121 1229 3161 suas
1254 3146 1270 3171 ,
1317 3106 1420 3161 hoc
1445 3118 1565 3171 est,
1596 3106 1661 3160 ad
1689 3122 1779 3160 ra-

182 3180 442 3268 piendum
480 3204 704 3266 paratae,
745 3205 1045 3266 comparat,
1075 3213 1179 3252 vox
1206 3198 1374 3257 ruinae
1406 3212 1593 3255 eorum
1623 3197 1780 3269 longe

1869 2002 2102 2065 Arabia),
2128 2020 2264 2074 quas
2282 2019 2373 2059 rex
2389 2006 2733 2077 Assyriorum
2753 2010 3005 2064 vastavit.
3056 2010 3161 2066 Sed
3185 2011 3463 2068 sciendum

1876 2096 2013 2165 quod
2054 2096 2129 2149 ab
2148 2096 2304 2151 Esaia
2333 2098 2505 2153 vicina
2545 2099 2831 2168 captivitas
2878 2101 3246 2172 Assyriorum,
3275 2119 3304 2156 a
3334 2102 3463 2177 Hie-3

1873 2187 2043 2241 remia
2065 2201 2279 2257 quoque
2292 2186 2617 2258 Babylonica
2641 2191 2930 2259 captivitas
2952 2192 3296 2249 Damascenae
3317 2194 3465 2250 urbis

1874 2276 2222 2345 describitur,
2265 2278 2316 2331 id
2354 2287 2470 2343 est,
2506 2294 2801 2348 paucorum
2828 2298 2965 2352 quos
2994 2283 3337 2355 Assyriorum
3371 2302 3465 2343 rex

1875 2370 2167 2439 reliquerat
2214 2370 2269 2424 in
2298 2385 2381 2425 ea.
2424 2370 2527 2425 Alii
2557 2372 2826 2428 aestimant
2867 2375 2931 2430 de
2960 2374 3201 2431 Romana
3236 2361 3468 2449 captivi-

1878 2470 1987 2517 tate
2018 2460 2239 2532 praedlci
2264 2503 2278 2529 ,
2310 2463 2525 2532 quando
2554 2472 2606 2520 et
2636 2463 2943 2520 Judaeorum
2969 2478 3158 2538 captus
3184 2478 3267 2524 est
3298 2484 3466 2539 popu—

1876 2552 1962 2607 lus
1989 2594 2003 2618 ,
2052 2560 2107 2607 et
2139 2552 2465 2619 Damascus,
2505 2554 2591 2609 cui
2620 2555 2924 2626 imperabat
2968 2557 3191 2624 Aretha,
3232 2560 3468 2614 similem

1880 2643 2138 2698 sustinuit
2180 2645 2497 2699 servitutem
2530 2686 2545 2710 ,
2583 2643 2653 2699 ut
2690 2654 2884 2701 cuncta
2912 2688 2934 2713 ,
2986 2664 3106 2717 quae
3152 2663 3315 2720 super
3377 2664 3471 2704 eas

1880 2738 2080 2805 scripta
2110 2745 2255 2802 sunt,
2292 2738 2358 2793 ad
2388 2738 2842 2810 Christitempus
2867 2749 2922 2795 et
2951 2741 3327 2810 Apostolbrum
3354 2759 3471 2814 my-

1881 2827 2047 2880 steria
2082 2827 2499 2883 transferantur.
2538 2829 2856 2885 Prmdicitur
2884 2832 3028 2887 enim
3065 2833 3327 2888 Damasco
3354 2848 3473 2887 ver-

1880 2918 2007 2972 bum
2057 2918 2273 2973 crudele
2316 2920 2647 2989 captivitatis
2673 2962 2687 2985 ,
2732 2923 2875 2991 quod
2916 2924 3180 2992 propheta
3228 2923 3473 3003 auditum

1879 3010 2176 3079 pessimum
2222 3020 2532 3082 nuncupat,
2570 3014 2819 3083 quodque
2860 3015 3045 3084 vigore
3083 3014 3342 3070 dissoluto
3378 3030 3474 3085 ap-

1883 3102 2181 3170 prehendet
2206 3116 2324 3157 eam
2360 3103 2528 3157 timor
2559 3111 2617 3158 et
2643 3104 2856 3159 dolores
2890 3106 3059 3175 quasi
3082 3106 3471 3175 parturientem

1882 3190 2174 3261 exagitent,
2232 3207 2523 3263 murosque
2570 3192 2819 3249 Damasci
2878 3202 2933 3249 et
2974 3196 3172 3250 mtenia
3219 3196 3468 3253 Benedab

184 3286 405 3359 lateque
428 3288 661 3357 sonabit,
702 3296 758 3353 et
786 3296 1050 3347 terrorem
1080 3289 1279 3347 vicinis
1310 3290 1602 3359 provinciis
1629 3290 1779 3343 incu-

1883 3280 2023 3350 ignis
2057 3282 2295 3337 devoret.
2348 3281 2602 3337 Damasci
2638 3284 2871 3353 primum
2919 3299 3116 3340 nomen
3172 3287 3226 3340 in
3272 3285 3472 3342 Genesi

186 3381 252 3435 tit
282 3397 296 3433 :
332 3380 457 3449 quia
485 3379 655 3449 juxta
685 3381 969 3437 consilium
1010 3378 1227 3439 Domini
1250 3398 1400 3453 “gens
1430 3383 1662 3452 superba
1693 3383 1785 3436 de-

184 3472 327 3529 bitas
370 3488 569 3544 pmnas-
604 3473 720 3529 luit.
772 3473 995 3545 Mystice
1040 3484 1259 3540 autem,
1303 3475 1456 3545 juxta
1502 3473 1784 3529 consilium

184 3562 422 3633 Domini.
448 3566 656 3637 parvuli
692 3582 938 3639 gregum,
978 3569 1080 3622 hoc
1115 3575 1220 3634 est,
1250 3566 1480 3629 humiles
1503 3566 1570 3629 de
1591 3564 1785 3635 p0pulo

186 3657 434 3717 ecclesiae
474 3666 623 3726 recta
658 3657 765 3717 ﬁde
811 3666 868 3713 et
900 3657 1079 3714 veraci
1116 3646 1387 3729 dogmate,
1428 3655 1684 3726 dejiciunt
1721 3671 1785 3711 ac

186 3736 458 3817 dissipant
514 3748 747 3818 superba
791 3748 1046 3818 dogmata
1099 3748 1502 3803 haereticorum.
1542 3763 1561 3799 t
1599 3748 1664 3801 Et
1682 3747 1787 3802 erit

186 3854 283 3895 cor
312 3837 537 3893 fortium
565 3837 812 3892 ldumreae
858 3838 911 3891 in
952 3838 1038 3893 die
1077 3837 1191 3903 illa,
1234 3838 1387 3908 quasi
1411 3852 1505 3893 cor
1546 3836 1787 3892 mulieris

186 3930 543 4002 parturientis
570 3947 583 3982 :
620 3949 639 3982 ι
660 3928 784 3998 quia
800 3930 977 3983 omnis
1001 3930 1173 3985 fastus
1196 3930 1549 3984 contumaciae
1574 3928 1784 3982 btereti-

186 4037 383 4081 corum
416 4021 627 4077 Domini
653 4030 786 4091 nutu
813 4030 1122 4080 conteretur
1147 4063 1161 4085 ,
1201 4030 1255 4077 et
1299 4022 1363 4076 ad
1392 4020 1618 4075 nihilum
1645 4020 1788 4074 redi-

189 4121 369 4184 getur,
396 4110 780 4190 quandojuxta
804 4110 1145 4169 Psalmistam
1173 4129 1185 4166 :
1216 4129 1234 4162 ι
1270 4111 1538 4181 Exsurget
1563 4111 1709 4181 Deus
1736 4119 1789 4165 et

189 4203 600 4274 dissipabuntur
626 4204 829 4261 inimici
858 4202 975 4272 ejus
1000 4244 1015 4265 ,
1056 4204 1147 4273 qui
1173 4205 1406 4272 oderunt
1447 4220 1591 4258 eum.
1636 4203 1790 4258 Sicut

192 4296 379 4351 deficit
408 4293 587 4349 fumus
618 4291 885 4358 deficient,
926 4294 1069 4349 sicut
1097 4293 1211 4349 fluit
1242 4309 1363 4349 cera
1394 4312 1422 4348 a
1452 4293 1589 4349 facie
1627 4294 1783 4364 ignis,

195 4390 275 4444 sic
304 4388 557 4457 peribunt
580 4394 890 4455 peccatores
925 4400 954 4439 a
986 4385 1121 4441 facile
1152 4386 1244 4440 Dei
1276 4406 1288 4439 :
1317 4386 1384 4439 Et
1413 4386 1543 4455 justi
1571 4386 1791 4455 epulen-

198 4488 308 4542 tur,
342 4479 611 4537 exsultent
636 4478 689 4531 in
721 4484 1010 4547 conspectu
1049 4476 1167 4541 Dei,
1207 4487 1262 4532 et
1290 4477 1700 4532 delectabuntur
1735 4478 1788 4531 in

198 4569 390 4624 laetitia
416 4583 479 4627 ac
504 4568 843 4622 multitudine
869 4567 1015 4635 pacis
1036 4564 1207 4637 (Psal.
1244 4569 1433 4636 van).
1478 4588 1496 4618 ι

1887 3370 2115 3442 legimus
2163 3371 2316 3442 (Gen.
2350 3373 2483 3443 xv),
2527 3374 2619 3442 qui
2665 3383 2792 3429 ante
2832 3374 2983 3430 Isaac
3022 3366 3119 3430 fuit
3158 3378 3476 3433 vernaculus

1886 3461 2155 3517 Abraham
2188 3472 2243 3516 et
2281 3464 2571 3533 putabatur
2607 3465 2800 3530 haeres,
2830 3466 2943 3521 nisi
2974 3476 3117 3522 esset
3158 3465 3306 3522 Sarae
3335 3468 3475 3523 filius

1885 3570 1949 3609 ex
1989 3555 2344 3624 promissione
2377 3564 2683 3626 generatus.
2722 3557 3114 3629 Interpretatur
3154 3568 3335 3615 autem
3379 3571 3472 3617 aut

1888 3642 2165 3720 sanguinis
2224 3648 2506 3718 poculum,
2562 3657 2672 3727 aut.
2705 3630 3023 3719 sanguinem
3076 3653 3269 3708 bibens
3305 3694 3320 3719 ,
3379 3664 3474 3709 aut

1889 3738 2109 3811 sanguis
2129 3742 2323 3806 cilicii,
2367 3752 2485 3810 qua:
2505 3742 2681 3796 omnia
2707 3744 2900 3813 populo
2927 3741 3256 3799 conveniunt
3277 3745 3471 3799 Ethni-

1889 3848 2097 3899 corum,
2152 3834 2242 3903 qui
2285 3842 2409 3889 ante
2463 3835 2621 3889 fidem
2674 3833 2871 3890 Christi
2924 3838 3129 3895 amicus
3182 3846 3301 3891 erat
3356 3854 3467 3892 san-

1888 3924 2065 3993 guinis
2092 3934 2144 3977 et
2174 3924 2505 3980 crudelitatis
2530 3965 2543 3989 ,
2576 3934 2631 3979 et
2666 3925 2823 3996 digna
2846 3942 3011 3995 opera
3045 3927 3259 3996 planctu
3286 3928 3481 3999 agebat

1890 4022 1944 4070 et
1990 4029 2165 4069 sacco.
2209 4014 2263 4068 in
2303 4015 2517 4070 Dierum
2547 4016 2686 4071 libro
2727 4027 2915 4071 narrat
2960 4002 3187 4075 historia
3234 4019 3321 4091 (II
3346 4020 3477 4075 Par.

1889 4119 2000 4159 xxu
2020 4104 2038 4175 )
2057 4144 2071 4169 ,
2099 4104 2239 4173 quod
2271 4105 2492 4173 impleto
2528 4121 2671 4160 anno
2700 4108 3003 4162 ascenderit
3031 4117 3219 4163 contra
3248 4109 3376 4165 JOas
3400 4126 3483 4165 re-

1891 4213 2011 4267 gem
2066 4195 2370 4253 Iudaeorum
2408 4200 2681 4255 exercitus
2732 4202 2921 4271 Syriae,
2959 4213 3012 4255 et
3045 4204 3255 4257 venerit
3292 4203 3482 4260 Hieru-

1893 4288 2057 4341 salem
2092 4329 2105 4350 ,
2162 4297 2217 4341 et
2271 4304 2458 4343 omnes
2510 4290 2781 4359 principes
2842 4292 3024 4361 populi
3096 4293 3432 4350 interfecerit
3462 4300 3493 4362 ,'

1892 4386 2251 4449 cunctamque
2278 4380 2515 4448 prasdam
2552 4382 2761 4436 miserit
2792 4383 2904 4454 regi
2937 4383 3207 4450 Damasci,
3234 4387 3327 4455 qui
3359 4402 3481 4443 cum

1890 4469 2077 4538 paucis
2112 4470 2244 4523 viris
2284 4480 2549 4535 venerat,
2594 4481 2649 4525 et
2696 4472 2837 4527 Deus
2877 4474 3172 4528 tradiderat
3212 4476 3267 4529 in
3317 4493 3481 4532 manu

1898 4574 2080 4613 eorum
2116 4559 2507 4615 multitudinem
2548 4578 2794 4631 magnam
2834 4564 3013 4627 nimis,
3051 4580 3121 4619 eo
3165 4567 3307 4635 quod
3352 4568 3479 4623 reli-

280 4681 299 4712 ι
343 4660 425 4714 Ad
463 4661 781 4714 Damascum
812 4680 823 4714 ε
855 4659 1089 4715 Confusa
1127 4670 1207 4714 es;
1238 4660 1432 4714 Emam
1463 4670 1517 4713 ει
1546 4660 1783 4730 Αφιιθά,
1815 4656 1867 4718 1)
1892 4650 2429 4719 quissentDominum
2443 4663 2651 4722 patrum
2666 4668 2907 4708 suorum.
2930 4654 3253 4723 Quodjuxta
3280 4673 3481 4729 anagn-

208 4770 228 4805 c
270 4751 398 4821 quia
425 4751 665 4805 auditum
692 4750 984 4819 pessimum
1012 4751 1316 4814 audierunt,
1354 4745 1551 4804 turbaii
1584 4759 1709 4803 sunt.
1739 4750 1792 4803 in

210 4861 231 4897 ι
276 4843 438 4905 mari,
471 4844 521 4896 in
548 4842 906 4900 sollicitudine
932 4843 1209 4910 quiescere
1248 4858 1351 4895 non
1395 4842 1585 4911 potuit.
1616 4840 1795 4895 Disso-

209 4954 231 4988 ι
276 4933 388 4988 luta
412 4940 493 4987 est
520 4931 843 4996 Damascus,
876 4946 1031 4985 versa
1076 4940 1158 4985 est
1196 4933 1248 4984 in
1284 4930 1481 5001 fugam,
1517 4932 1678 4984 timor
1700 4946 1793 4999 ap-

212 5045 230 5079 ‹
275 5024 559 5096 prehendit
584 5039 722 5087 eam,
760 5022 1007 5093 angustia
1038 5031 1093 5076 et
1114 5022 1327 5077 dolores
1357 5030 1645 5076 tenuerunt
1671 5037 1793 5074 eam

212 5136 231 5169 ε
277 5116 433 5185 quasi
470 5115 876 5184 parturientem.
922 5114 1201 5189 Quomodo
1231 5115 1630 5183 dereliquerunt
1663 5113 1793 5167 civi-

213 5226 232 5260 ι
281 5215 450 5261 tatem
500 5204 817 5259 laudabilem
849 5245 863 5268 ,
920 5205 1105 5258 urbem
1152 5204 1384 5259 laetitias?
1430 5203 1553 5257 [deo
1599 5204 1793 5257 cadent

213 5316 233 5349 ι
273 5295 502 5366 juvenes
529 5294 645 5363 ejus
674 5295 727 5349 in
770 5294 962 5363 plateis
989 5294 1103 5362 ejus
1132 5336 1146 5359 ,
1189 5303 1246 5348 et
1272 5310 1462 5351 omnes
1494 5294 1593 5347 viri
1625 5293 1793 5363 prazlii

213 5408 235 5444 ι
280 5387 649 5445 conticescent
678 5387 731 5440 in
774 5386 857 5440 die
897 5386 1004 5450 illa,
1036 5387 1112 5439 ait
1140 5385 1395 5443 Dominus
1423 5385 1792 5448 exercituum,

216 5476 338 5535 (et
366 5479 687 5532 succendam
710 5478 882 5547 ignem
907 5478 957 5530 in
974 5492 1127 5531 muro
1158 5476 1427 5541 Damasci,
1452 5485 1504 5529 et
1523 5476 1802 5531 dcvoraliit

220 5591 244 5627 ι
286 5573 486 5629 mtenia
516 5572 781 5627 Benedad.
816 5571 893 5625 Ad
933 5570 1107 5628 Cedar
1126 5579 1180 5625 et
1211 5572 1278 5624 ad
1311 5586 1471 5640 regna
1496 5571 1650 5631 Asor,
1679 5586 1798 5639 quae

224 5687 245 5721 ι
291 5666 557 5739 percussit
594 5664 1083 5719 Nabuchodonosor
1135 5648 1225 5717 rex
1263 5662 1566 5731 Babylonis.
1608 5681 1625 5712 ›
1671 5661 1797 5715 Post

217 5756 521 5817 Pbilislaeos
563 5763 620 5809 et
662 5754 939 5817 Moabitas,
982 5753 1321 5806 Ammonitas
1348 5766 1558 5820 quoque
1600 5759 1653 5803 et
1679 5750 1797 5803 ldu-

219 5864 407 5915 macos,
440 5850 504 5903 ad
533 5848 872 5910 Damascum,
905 5845 954 5898 id
981 5852 1067 5898 est
1094 5843 1346 5898 Arabiam
1374 5857 1549 5897 sermo
1575 5856 1799 5895 conver-

1897 4760 1997 4815 gen
2044 4756 2098 4799 et
2122 4744 2423 4799 futurorum
2452 4755 2632 4816 typum
2662 4749 3111 4802 consnderandum
3142 4758 3224 4803 est
3251 4769 3261 4802 :
3301 4762 3477 4803 utrum

1896 4838 1999 4891 hoc
2026 4838 2091 4892 ad
2126 4836 2334 4905 tempus
2358 4838 2619 4892 Dominici
2650 4840 2907 4893 adventus
2930 4841 3142 4917 referre
3184 4842 3475 4898 valeamus.

1896 4927 2023 4983 Post
2047 4928 2205 4981 linem
2232 4929 2374 4983 enim
2403 4931 2527 4983 anni
2547 4930 2911 4997 acceptabilis,
2944 4932 2996 4986 in
3020 4949 3127 5001 quo
3146 4950 3173 4985 a
3201 4933 3479 4989 Salvatore

1896 5022 2241 5091 Evangelinm
2272 5022 2617 5091 praedicatum
2656 5030 2757 5084 est,
2817 5023 3057 5075 ascendit
3101 5026 3167 5077 de
3216 5024 3477 5079 Damasco

1898 5110 2136 5179 gentium
2177 5108 2465 5169 exercitus,
2499 5109 2548 5160 in
2582 5109 2766 5175 paucis
2802 5109 2951 5173 viris,
2983 5121 3169 5163 contra
3202 5108 3394 5165 Judam
3425 5121 3481 5165 et

1900 5196 2269 5261 Hierusalem,
2320 5196 2803 5267 qum'reliquerunt
2844 5198 3124 5251 Dominum
3152 5240 3167 5264 ,
3210 5208 3264 5253 et
3290 5216 3477 5255 omnes

1901 5308 2085 5348 eorum
2120 5292 2260 5361 leges
2310 5309 2369 5345 ac
2402 5292 2803 5359 prophetarum,
2844 5292 3113 5346 abstulere
3144 5294 3380 5358 divitias,
3422 5304 3476 5349 et

1902 5384 2164 5437 miserunt
2206 5388 2316 5452 regi
2367 5382 2633 5447 Damasci,
2682 5383 2813 5435 viris
2855 5383 3236 5437 ecclesiasticis
3266 5396 3320 5438 et
3353 5386 3475 5438 doc-

1903 5475 2057 5527 trinae
2073 5473 2408 5543 evangelicae,
2427 5473 2515 5539 qui
2546 5472 2609 5525 ad
2626 5474 3080 5540 comparationem
3108 5476 3267 5528 totius
3293 5476 3475 5527 nmndi

1905 5566 2076 5618 adhuc
2108 5573 2234 5618 tunc
2265 5563 2467 5627 fideles,
2508 5572 2561 5617 et
2599 5564 2649 5617 in
2681 5572 2789 5617 toto
2828 5564 2957 5619 orbe
2982 5565 3342 5633 dispersorum
3378 5565 3475 5620 Ju-

1901 5655 2171 5719 dacorum,
2219 5654 2371 5722 pauci
2421 5663 2603 5718 erant,
2648 5663 2700 5708 et
2745 5663 2920 5709 tanmn
2963 5656 3218 5711 Dominus
3257 5658 3478 5712 tradidit

1902 5747 2234 5801 Hierusalem
2286 5746 2527 5805 manibus
2580 5762 2797 5810 eorum,
2841 5764 2904 5800 co
2948 5748 3088 5816 quod
3140 5748 3481 5816 reliquissent
3554 5768 3569 5784 κ

1904 5840 1993 5892 Dei
2038 5839 2248 5902 Filium,
2294 5840 2382 5906 qui
2425 5856 2519 5909 per
2551 5840 2836 5908 prophetas
2866 5848 2989 5893 ante
3016 5840 3335 5908 pricdicatus
3370 5850 3472 5895 est.
