3952 6320
515 406 648 462 1155
688 430 693 435 ’

1146 406 1224 459 Β.-
1247 366 1499 459 BABANI
1536 400 1753 459 MAURI
1788 399 2104 455 ARCHIEP.
2136 395 2442 453 MOGUNT.
2476 397 2758 454 OPERUM
2793 397 2972 453 PARS
3008 398 3093 452 Ill.

3624 394 3755 450 H36

502 520 613 590 Ego
626 519 707 575 ‘bb
734 518 891 574 thanc
926 531 1144 589 causam
1183 508 1336 582 reor,
1375 523 1428 569 et
1456 514 1679 569 Saulum
1708 553 1722 579 ,
1762 512 1853 581 qui
1890 518 2081 580 postea
2106 511 2161 572 Α
2184 523 2289 563 nox
2318 508 2634 576 compulerit
2655 509 2811 563 sedes
2838 515 3046 571 tenent,
3069 507 3265 575 quibus
3285 512 3538 561 armenta
3560 515 3687 559 sunt
3705 514 3755 560 et

502 612 652 665 Pauli
674 626 737 667 ex
764 612 963 665 virtute
996 624 1191 663 nomen
1232 607 1466 676 accepit.
1510 606 1603 675 qui
1642 602 1918 659 aemulator
1956 608 2075 654 erat

502 699 637 771 legis
683 716 750 755 ex
790 699 1085 765 Damasco,
1123 698 1399 752 et‘contra
1428 695 1706 752 credentes
1732 707 1795 747 ex
1824 690 2075 761 gentibus

500 807 743 865 pugnare
785 790 1018 846 voluisse
1040 831 1056 854 ,
1094 789 1187 858 qui
1230 789 1282 843 in
1324 789 1584 850 Damasco
1608 783 1984 847 Versabantur,
2016 788 2077 835 ut

501 884 623 939 inde
662 897 878 938 rursum
914 879 1247 935 Hierusalem
1298 878 1508 933 Iudaeos
1546 882 1943 944 expugnaturus
1995 886 2076 925 as-

500 976 754 1033 cenderet
789 974 925 1046 (Act.
963 976 1061 1043 tx).
1099 970 1201 1027 Per
1237 970 1557 1023 Damascum
1593 965 1800 1021 vocatio
1836 963 2073 1033 gentium

498 1063 850 1137 signiﬁcatur,
873 1062 1128 1133 quoniam
1159 1060 1430 1123 amabant,
1446 1056 1529 1112 vel
1562 1056 1820 1112 bibebant
1854 1053 2073 1123 sangui-

498 1170 645 1219 nem,
678 1169 799 1224 quae
817 1161 1101 1225 postquam
1130 1150 1187 1203 in
1215 1148 1430 1203 Christo
1459 1144 1808 1209 crediderint,
1832 1141 2073 1212 pristina:

501 1242 921 1300 conversationis
969 1240 1157 1295 civitas
1203 1233 1334 1293 esse
1366 1236 1663 1299 desistent,
1711 1254 1729 1286 ς
1767 1241 1821 1287 et
1866 1238 2069 1294 erunt,

491 1332 646 1401 juxta
699 1331 848 1386 Isaia:
893 1324 1238 1393 vaticinium,
1300 1322 1439 1381 sicut
1476 1339 1699 1381 acervus
1738 1320 1975 1389 lapidum
2017 1318 2071 1372 in

496 1424 649 1477 ruina
706 1420 841 1491 (Isa.
903 1420 1057 1491 xvu).
1102 1439 1120 1470 ι
1164 1416 1633 1485 Quomodo,’enim
1706 1413 1885 1468 acervi
1932 1411 2067 1480 lapi—

496 1511 623 1565 dum
645 1550 660 1576 ,
715 1510 806 1580 qui
836 1510 892 1563 in
916 1508 1060 1579 agris
1106 1507 1331 1577 dispersi
1356 1515 1503 1570 sunt,
1530 1505 1585 1558 in
1614 1518 1780 1557 unum
1804 1501 2069 1556 tumulum

394 1632 397 1633 ν
493 1607 934 1670 componantur,
979 1599 1061 1652 sic
1099 1598 1165 1650 de
1193 1595 1456 1649 universis
1494 1592 1799 1646 nationibus
1846 1603 2069 1645 acervus

491 1689 822 1744 credentium
870 1694 1244 1757 congregatur,
1293 1684 1345 1738 in
1394 1683 1604 1737 ruinam
1635 1680 1814 1750 populi
1861 1679 2069 1734 Judaeu-

492 1794 628 1842 rum,
661 1778 766 1832 illis
794 1777 1107 1833 cadentibus
1140 1784 1194 1831 et
1230 1775 1384 1829 nobis
1412 1774 1755 1842 surgentibus
1777 1768 2062 1841 (MAURUS).

2174 611 2367 668 pecora
2402 597 2731 652 camelorum
2758 610 3050 668 gregesque
3080 596 3281 661 ouium,
3305 596 3399 665 qui
3424 610 3533 651 non
3559 592 3755 648 habent

2175 688 2310 741 ostia
2340 699 2439 739 nec
2460 695 2658 741 vectes.
2691 686 2806 741 Non
2836 686 2977 740 enim
3002 692 3289 740 versantur
3316 686 3371 740 in
3414 685 3642 740 urbibus
3663 684 3754 739 sed

2176 773 2230 828 in
2256 773 2560 837 solitudine.
2592 774 2659 826 Et
2690 774 2745 828 hi
2783 790 2911 845 ergo
2935 790 2967 828 a
2984 772 3291 844 Babyloniis
3318 774 3478 828 deleti
3505 782 3663 838 sunt,
3692 787 3755 828 eo

2177 865 2319 933 quod
2349 865 2488 919 Asor
2515 862 2813 928 civitatem,
2844 879 2963 933 quae
2990 860 3303 932 metrOpolis
3333 849 3513 932 gentis
3538 861 3682 917 illius
3702 860 3753 915 in

2174 972 2356 1013 eremo
2382 957 2501 1023 fuit,
2527 972 2697 1026 usque
2737 956 2806 1010 ad
2832 956 3003 1010 solum
3043 956 3433 1017 subverterent,
3476 962 3533 1008 et
3578 964 3753 1007 tamen

2174 1064 2298 1104 cum
2330 1048 2655 1105 camelorum
2678 1055 2733 1102 et
2777 1047 2957 1102 ovium
2994 1062 3183 1118 greges
3209 1046 3352 1118 capti
3380 1052 3525 1112 sunt,
3566 1044 3755 1115 pelles-

2132 1174 2141 1179 η
2173 1153 2280 1210 que
2325 1154 2525 1197 eorum.
2550 1145 2605 1192 et
2644 1136 2876 1192 tentoria
2907 1143 3053 1191 sorte
3092 1137 3296 1202 divisa,
3321 1136 3557 1191 nominis
3584 1135 3755 1207 gentis

2173 1231 2317 1286 illius
2344 1230 2675 1300 signiﬁcatur
2714 1229 2997 1293 interitus,
3022 1241 3087 1283 eo
3112 1228 3253 1297 quOd
3280 1226 3640 1283 dromedariis
3672 1241 3757 1281 ca-

2173 1324 2327 1381 melis
2352 1331 2567 1379 centum
2602 1330 2660 1378 et
2695 1321 2926 1393 amplius
2962 1320 3129 1375 millia
3167 1336 3276 1374 uno
3300 1320 3386 1375 die
3417 1335 3516 1389 per
3549 1329 3753 1374 vastam

2171 1414 2533 1489 solitudinem
2559 1411 2743 1483 fugere
2791 1412 2983 1467 solent.
3024 1409 3302 1474 Aufertur,
3328 1411 3539 1479 inquit,
3583 1408 3757 1463 omnis

2170 1505 2343 1561 Cedar
2370 1504 2425 1558 in
2456 1504 2662 1558 minuto
2686 1516 2914 1557 numero
2941 1499 3363 1571 sagittariorum,
3395 1514 3497 1569 qua
3520 1498 3759 1553 maxime

2168 1595 2370 1665 pollent
2392 1602 2529 1650 arte.
2572 1591 2899 1663 Spiritaliter
2926 1599 3107 1647 autem
3139 1590 3333 1657 Cedar,
3368 1591 3462 1660 qui
3490 1592 3758 1661 interpre-

2168 1693 2314 1739 tatur
2335 1684 2587 1749 tenebrae,
2607 1692 2663 1739 et
2680 1684 2839 1748 Asor,
2856 1683 2945 1752 qui
2969 1683 3356 1751 interpretatur
3376 1678 3572 1752 sagitta
3601 1681 3758 1735 lumi-

2168 1779 2273 1845 nis,
2297 1778 2603 1850 signiﬁcant
2627 1778 2910 1833 haereticos
2928 1785 3108 1832 mente
3130 1777 3472 1841 tenebrosos,
3494 1786 3551 1830 et
3575 1788 3755 1830 tamen

493 1869 814 1924 Damascum
861 1883 999 1937 ergo
1026 1867 1323 1937 spiritalem
1370 1866 1530 1920 timor
1574 1862 1939 1935 apprehendit,
1974 1876 2059 1913 an-

2172 1870 2452 1925 sententiis
2476 1867 2782 1940 dogmatum
2804 1884 3024 1924 suorum
3054 1869 3278 1939 sagittas
3303 1868 3522 1922 luminis
3552 1868 3756 1938 ﬁngeno

454 1968 457 1969 '
490 1961 682 2028 gustite
710 1968 765 2014 et
789 1958 1001 2013 dolores
1028 1958 1178 2027 quasi
1203 1956 1623 2027 “parturientem,
1656 1955 1757 2008 hoc
1783 1960 1884 2016 est,
1922 1950 2061 2015 illos,

488 2050 577 2119 qui
634 2064 817 2104 coram
841 2049 952 2102 Deo
992 2061 1091 2116 pro
1131 2046 1366 2116 peceatis
1395 2046 1505 2100 suis
1542 2042 1917 2112 paenitentiam
1948 2053 2065 2110 ege-

487 2150 659 2205 runt,
701 2148 762 2194 ut
800 2134 1131 2211 pa'rturirent
1178 2137 1422 2206 spiritum
1451 2134 1657 2197 salutis,
1709 2140 1763 2187 et
1802 2132 2066 2186 bonorum

486 2234 711 2299 operum
750 2226 983 2282 fructum
1007 2224 1329 2296 proferrent.
1378 2225 1501 2279 Ideo
1533 2237 1661 2293 ergo
1691 2221 1832 2275 versi
1859 2228 1982 2275 sunt
2010 2222 2064 2274 in

406 2340 409 2343 ν
488 2316 666 2388 fugam
694 2317 1058 2383 salubrem,ut
1077 2304 1388 2371 deserentes
1413 2311 1765 2368 idololatrian)
1783 2311 1849 2366 ad
1878 2324 2065 2363 verum

486 2410 651 2467 Deum
691 2418 1093 2481 convertantur,
1131 2418 1181 2468 et
1209 2409 1299 2483 qui
1319 2408 1469 2483 prius
1500 2407 1714 2465 fuerant
1748 2419 1843 2480 per
1870 2401 2063 2455 feroci-

485 2512 650 2561 tatem
678 2507 1011 2577 praeliatores
1037 2505 1268 2572 diaboli,
1304 2519 1447 2560 nunc
1476 2503 1608 2558 ﬁant
1630 2518 1727 2573 per
1763 2508 2065 2555 mansuetu-

486 2600 660 2655 dinem
692 2599 879 2653 devoti,
895 2598 1091 2652 milites
1114 2597 1331 2656 Christi.

560 2711 578 2742 ‹
625 2691 747 2745 Haac
796 2690 924 2744 dicit
990 2688 1307 2744 Dominus‘:
1354 2686 1611 2756 Surgite,
1666 2684 1935 2739 ascendite
1996 2682 2063 2736 ad

491 2799 509 2831 ‹
556 2778 750 2844 Cedar,
790 2786 845 2833 et
872 2787 1080 2833 vastate
1111 2778 1248 2832 ﬁlios
1291 2777 1533 2831 orientis.
1567 2772 1933 2829 Tabernacula
1975 2786 2063 2825 eo-

489 2887 507 2917 ι
555 2884 675 2923 rum
704 2877 761 2922 et
785 2883 971 2939 greges
993 2882 1177 2922 eorum
1204 2866 1436 2935 capient,
1462 2864 1626 2935 pelles
1651 2879 1838 2919 eorum
1866 2869 1920 2916 et
1945 2876 2061 2916 om-

488 2978 505 3011 ς
553 2960 641 3014 nia
668 2974 797 3013 vasa
826 2973 1035 3023 eorum,
1071 2966 1125 3013 et
1161 2956 1395 3011 camelos
1436 2970 1623 3010 eorum
1651 2952 1836 3008 tollent
1859 2952 1979 3015 sibi,
2009 2959 2062 3005 et

490 3068 507 3102 t
548 3052 816 3105 vocabunt
855 3064 1015 3118 super
1050 3064 1144 3105 eos
1178 3047 1517 3103 formidinem
1566 3046 1621 3100 in
1668 3045 1891 3100 circuitu
1924 3042 2056 3110 ejus.

490 3155 508 3189 ι
552 3138 757 3208 Fugite,
789 3138 932 3192 abite
966 3137 1333 3201 vehementer,
1372 3136 1428 3187 in
1465 3133 1811 3203 voraginibus
1847 3132 2056 3194 sedete,

2165 1970 2267 2026 tes,
2298 1960 2487 2030 quicse
2516 1960 2769 2015 simulant
2797 1975 2916 2015 esse
2947 1959 3085 2014 ﬁlios
3113 1959 3361 2025 orientis,
3395 1973 3520 2013 cum
3554 1959 3755 2013 veraci-

2166 2057 2249 2104 ter
2306 2049 2414 2105 sint
2464 2049 2559 2103 ﬁlii
2624 2050 2988 2105 tenebrarum.
3046 2048 3250 2103 Horum
3302 2048 3653 2103 tabernacula
3704 2059 3755 2104 et

2165 2154 2375 2211 greges,
2407 2139 2572 2209 pelles
2600 2147 2655 2194 et
2684 2155 2845 2205 vasa,
2889 2137 3123 2193 camelos
3171 2146 3226 2193 et
3268 2136 3519 2205 jumenta
3544 2179 3558 2202 ,
3603 2136 3755 2191 Chal-

2166 2232 2262 2285 daei
2289 2230 2556 2300 spiritales
2583 2244 2705 2285 cum
2742 2229 3235 2284 Nabuchodonosor
3261 2228 3493 2299 mystico
3536 2236 3753 2283 vastati.

2164 2328 2245 2376 tes
2284 2322 2529 2392 capiunt,
2560 2318 2685 2390 quia
2723 2322 2967 2376 doctores
3014 2336 3137 2375 cum
3174 2320 3451 2388 discipulis
3486 2336 3617 2374 vasa
3667 2332 3733 2375 ne

2163 2412 2343 2487 quitia:
2372 2454 2388 2481 ,
2409 2420 2531 2469 cum
2577 2410 2879 2471 morticinis
2908 2410 3241 2479 facinorum.
3273 2413 3463 2471 brutus
3501 2411 3746 2466 homines

2164 2522 2194 2560 a
2237 2506 2549 2561 tortitudine
2592 2515 2932 2575 peccatorum
2976 2504 3260 2569 deformes,
3304 2506 3357 2559 in
3402 2503 3750 2575 voraginibus

2166 2597 2429 2653 scelerum
2466 2612 2683 2651 suorum
2715 2596 2986 2650 latitantes
3014 2596 3252 2665 capiunt,
3281 2607 3445 2665 atque
3476 2598 3528 2651 in
3558 2592 3744 2650 interi-

2165 2698 2275 2753 tum
2311 2687 2697 2757 sempiternum
2728 2686 3027 2741 abducunt:
3060 2687 3153 2756 qui
3179 2685 3304 2740 licet
3328 2687 3525 2741 attonsi
3558 2688 3666 2741 sint
3694 2686 3746 2740 in

2162 2793 2349 2844 coma,
2380 2786 2436 2833 et
2460 2779 2696 2847 privatos
2739 2776 2978 2831 crinibus
3003 2776 3259 2830 vitiorum
3296 2790 3353 2830 se
3392 2775 3746 2841 arbitrentur,

2165 2877 2342 2923 tamen
2370 2876 2588 2938 propter
2626 2874 2847 2937 peccata
2896 2881 3015 2931 sua,
3050 2874 3107 2921 et
3146 2864 3457 2935 hypocrisin
3486 2866 3747 2933 nequissi~

2164 2975 2304 3015 mam
2348 2957 2511 3013 morti
2549 2957 2765 3011 obnoxii
2804 2966 2931 3010 sunt
2966 2964 3252 3024 perpetuae.
3294 2954 3519 3023 Eritque
3560 2955 3745 3008 civitas

2161 3064 2367 3115 eorum,
2396 3047 2537 3117 quod
2563 3062 2774 3117 semper
2801 3047 3066 3102 contraria
3091 3046 3375 3101 exstiterat
3397 3046 3603 3100 civitati
3628 3045 3737 3111 Dei,

2162 3140 2525 3197 habitaculum
2554 3140 2847 3195 draconum
2878 3139 3199 3208 spiritalium
3220 3179 3234 3204 ,
3277 3153 3378 3192 nec
3405 3138 3479 3192 ibi
3511 3138 3745 3192 manebit

496 3248 514 3280 ι
556 3230 649 3297 qui
679 3228 934 3283 habitatis
959 3226 1115 3291 Asor,
1142 3226 1218 3279 ait
1240 3225 1518 3280 Dominus.
1554 3222 1678 3277 lniit
1701 3222 1845 3276 enim
1870 3230 2058 3277 contra
2086 3203 2130 3266 Ο
2162 3233 2245 3286 vir
2274 3230 2671 3287 ecclesiasticus
2710 3240 2871 3297 atque
2904 3203 3233 3293 catholicus,
3262 3243 3361 3283 nec
3394 3227 3590 3283 incolet
3626 3242 3741 3281 eam

488 3338 507 3372 ι
548 3335 645 3374 vos
679 3319 1173 3375 Nabuchodonosor
1219 3333 1315 3372 rex
1359 3317 1647 3387 Babylonis
1676 3317 1981 3381 consilium,
2008 3324 2062 3369 et

492 3429 507 3460 ε
552 3410 807 3479 cogitavit
847 3408 1131 3464 adversum
1182 3422 1276 3462 vos
1320 3406 1691 3474 cogitationes.
1745 3406 2062 3476 Consurgite

485 3520 504 3553 ‹
547 3498 603 3555 et
648 3500 924 3555 ascendite
965 3500 1033 3555 ad
1081 3510 1295 3570 gentem
1322 3500 1560 3569 quietam
1584 3540 1598 3565 ,
1637 3506 1693 3553 et
1728 3498 2058 3553 habitantem

484 3614 502 3643 ‹
548 3591 912 3657 conﬁdenter,
957 3592 1031 3647 ait
1075 3592 1351 3647 Dominus.
1392 3589 1509 3646 Non
1546 3590 1701 3654 ostia,
1745 3604 1850 3643 non
1879 3597 2059 3645 vectes

489 3702 506 3731 ι
553 3683 663 3748 eis,
704 3681 803 3737 soli
839 3672 1099 3736 habitant.
1127 3681 1193 3735 Et
1225 3689 1382 3735 erunt
1415 3680 1605 3735 cameli
1626 3694 1812 3734 eorum
1836 3678 1888 3731 in
1912 3677 2057 3731 dirc-

488 3791 506 3822 ‹
550 3771 805 3840 ptionem,
841 3778 897 3825 et
921 3770 1206 3825 multitudo
1233 3770 1595 3839 jumentorum
1622 3768 1677 3822 in
1714 3766 1967 3836 praedam,
2005 3774 2057 3818 et

485 3883 503 3915 ι
548 3863 852 3933 dispergam
876 3877 968 3916 eos
997 3862 1049 3916 in
1081 3876 1295 3916 omnem
1324 3872 1562 3925 ventum,
1593 3860 1683 3929 qui
1715 3868 1838 3913 sunt
1857 3857 2054 3911 attonsi

488 3974 503 4006 ι
551 3956 603 4008 in
633 3969 809 4018 coma,
840 3964 895 4006 et
917 3969 978 4007 ex
1005 3952 1151 4007 omni
1174 3953 1405 4008 conﬁnio
1430 3968 1615 4007 eorum
1636 3952 1893 4006 adducam
1920 3950 2055 4003 inte-

488 4063 507 4095 ι
555 4046 714 4098 ritum
744 4058 903 4112 super
926 4059 1041 4109 eos,
1073 4044 1147 4097 ait
1176 4043 1446 4098 Dominus.
1496 4043 1562 4097 Et
1590 4045 1694 4097 erit
1722 4042 1860 4096 Asor
1881 4042 1934 4094 in
1960 4042 2055 4094 ha-

488 4153 505 4183 (
548 4133 836 4187 bitacdlum
860 4134 1152 4186 draconum
1182 4173 1197 4196 ,
1227 4133 1438 4187 deserta
1465 4147 1632 4200 usque
1660 4131 1713 4184 in
1744 4140 2005 4185 aeternum
2038 4146 2050 4182 :

487 4241 504 4272 ι
549 4221 661 4275 Non
690 4220 926 4275 manebit
958 4221 1029 4275 ibi
1067 4221 1148 4277 vir
1174 4261 1188 4285 ,
1232 4235 1330 4273 nec
1354 4220 1549 4275 incolet
1572 4234 1686 4273 eam
1716 4218 1856 4273 ﬁlius
1884 4202 2055 4273 homi-Q

486 4333 503 4362 ι
548 4314 632 4365 nis
660 4332 678 4364 ›
711 4310 976 4383 (meram)
999 4311 1158 4364 Liber
1180 4309 1448 4364 Geneseos
1474 4311 1630 4363 docet
1654 4324 1718 4363 ex
1742 4307 1929 4362 lsmael
1954 4306 2052 4375 Cc:

482 4404 577 4458 dar
604 4410 657 4457 et
683 4402 981 4472 Agarenos,
1008 4401 1097 4467 qui
1132 4415 1383 4468 perverso
1412 4401 1625 4453 nomine
1660 4399 1913 4453 Saraceni
1953 4414 2049 4452 vo-

478 4502 690 4559 cantur,
708 4470 827 4547 esse
855 4501 1157 4562 generatos.
1177 4491 1237 4543 Hi
1256 4506 1348 4558 per
1366 4498 1527 4543 totam
1551 4491 1792 4563 habitant
1812 4470 2053 4544 solitudie

2163 3323 2303 3378 ﬁlius
2350 3321 2582 3377 hominis
2604 3362 2617 3387 ,
2662 3320 2927 3375 veraciter
2956 3318 3112 3374 utens
3148 3336 3179 3373 a
3207 3319 3317 3373 Deo
3348 3320 3403 3372 in
3438 3334 3498 3373 se
3528 3317 3740 3372 condita

2163 3416 2372 3471 ratione
2394 3455 2409 3480 ,
2440 3415 2535 3471 sed
2576 3413 2674 3468 soli
2703 3412 2893 3482 perditi
2928 3426 2992 3466 ac
3021 3411 3293 3466 erroribus
3322 3398 3531 3478 decepti
3556 3424 3738 3463 mane-

2159 3506 2294 3560 bunt
2318 3506 2372 3558 in
2408 3512 2742 3575 perpetuum.
2771 3501 2846 3556 De
2874 3500 2977 3556 hoc
3000 3498 3228 3571 spiritali
3254 3498 3428 3553 Cedar
3457 3497 3737 3552 Psalmista

2161 3605 2568 3660 commemorat,
2616 3594 2799 3648 dicens
2842 3612 2853 3645 :
2906 3609 2923 3643 ‹
2962 3590 3077 3645 Heu
3122 3605 3243 3655 me,
3297 3590 3423 3659 quia
3478 3588 3736 3642 iaculatus

2160 3704 2313 3744 meus
2356 3688 2705 3758 prolongatus
2746 3692 2867 3743 est,
2921 3681 3157 3737 habitari
3205 3696 3327 3736 cum
3374 3680 3735 3739 habitantibus

2159 3781 2331 3837 Cedar
2372 3779 2542 3851 (Psal.
2593 3777 2760 3848 crux).
2807 3797 2825 3828 ι
2860 3777 3019 3831 Venit
3057 3775 3123 3829 ad
3162 3773 3450 3829 secundam
3491 3783 3730 3841 partem,

2159 3873 2247 3927 ubi
2277 3871 2560 3925 damnatus
2587 3870 2735 3932 vitia,
2766 3866 2941 3921 saeculi
2972 3867 3137 3921 vitam
3166 3880 3222 3919 se
3262 3866 3489 3934 paenitet
3536 3864 3733 3917 habere

2157 3962 2520 4033 longinquam.
2544 3981 2561 4012 ‹
2582 3960 2697 4015 Heu
2721 3976 2823 4023 me,
2849 3980 2867 4011 ι
2888 3973 3065 4013 sermo
3079 3956 3307 4012 dolentis
3321 3966 3424 4021 est,
3440 3956 3563 4024 quia
3580 3955 3732 4024 hujus

2157 4053 2342 4107 mundi
2374 4052 2679 4121 prolixitate
2702 4050 2975 4119 fatigetur,
3003 4064 3163 4118 quam
3194 4038 3467 4116 querelam
3495 4048 3731 4102 diversos

2156 4151 2369 4197 sanctos
2403 4142 2652 4195 habuisse
2688 4156 2793 4194 non
2834 4139 3051 4193 dubium
3082 4148 3186 4203 est,
3217 4137 3352 4191 sicut
3383 4136 3731 4191 Ecclesiastes

2156 4237 2285 4292 dicit
2320 4254 2330 4289 :
2368 4236 2397 4286 ‹’
2424 4235 2492 4289 Ει
2530 4234 2740 4288 laudavi
2790 4248 2974 4287 omnes
2998 4233 3089 4300 qui
3138 4231 3332 4284 mortui
3374 4240 3520 4294 sunt,
3574 4245 3729 4298 super

2154 4339 2342 4379 omnes
2371 4323 2461 4391 qui
2484 4324 2670 4375 vivunt
2698 4336 2867 4389 usque
2887 4335 3027 4373 nunc
3051 4319 3238 4391 (Eccli.
3261 4318 3357 4391 tv).
3398 4338 3416 4370 ›
3448 4319 3728 4387 Apostolus

2154 4429 2362 4485 quoque
2395 4412 2605 4489 Paulus
2637 4411 2901 4466 exclamat
2941 4430 2951 4463 :
3008 4408 3211 4480 «Cupio
3252 4410 3470 4489 dissolvi
3514 4420 3565 4464 et
3612 4424 3727 4464 esse

2155 4519 2275 4558 cum
2305 4503 2517 4558 Christo
2560 4492 2723 4573 (Phil.
2763 4504 2823 4571 l).
2864 4523 2883 4555 ι
2928 4502 3116 4556 Merito
3144 4517 3271 4571 ergo
3301 4511 3355 4556 et
3382 4504 3642 4573 propheta
3670 4504 3722 4556 in

482 4598 602 4637 nem
627 4622 642 4647 ι
673 4583 738 4636 de
772 4580 964 4648 (ιυίῠυε
992 4588 1118 4649 PUl0
1146 4589 1200 4633 θῐ
1225 4588 1435 4647 Ροεῑδπι
1468 4580 1671 4643 dicere.
1704 4579 1929 4649 Ῑιαιειῖαε
1962 4596 2051 4632 υα·
2077 4554 2128 4613 D
2154 4597 2254 4649 hac
2277 4603 2427 4663 parte
2442 4594 2765 4663 congemuit,
2789 4594 2877 4661 qui
2904 4594 3172 4647 simillimo
3193 4594 3402 4647 Domini
3434 4610 3617 4648 amore
3632 4594 3723 4647 ﬁa-

481 4685 660 4745 guntes
729 4673 987 4725 Barchmi.
1046 4672 1111 4724 Et
1168 4670 1320 4739 juxta
1381 4670 1745 4739 supradictum
1806 4669 2051 4724 volumen

485 4784 502 4815 ‹
532 4774 721 4820 contra
740 4764 932 4818 faciem
952 4764 1188 4818 omnium
1225 4763 1449 4817 fratrum
1478 4778 1694 4817 suorum
1719 4762 1995 4817 habitabit.
2027 4782 2045 4814 θ

480 4872 544 4909 eo
558 4857 699 4924 quod
718 4855 976 4909 latissima
997 4869 1210 4909 eremus
1235 4856 1303 4909 ab
1326 4854 1470 4909 India
1493 4854 1945 4909 adMauritaniam
1968 4847 2053 4909 us-

482 4961 586 5015 que
644 4946 891 5023 tendatur
930 4953 983 4997 et
1030 4944 1351 4998 Atlanticum
1400 4960 1678 4999 oceanum.
1722 4946 1872 5011 Quod
1924 4956 2052 5013 puto

476 5034 722 5091 Ieremia:
762 5033 970 5088 titulum
1018 5048 1208 5088 sonare
1232 5038 1297 5087 ad
1343 5034 1514 5088 Cedar
1540 5044 1591 5088 et
1616 5035 1681 5089 ad
1710 5050 1872 5107 regna
1892 5038 2047 5099 Asor,

479 5139 597 5194 qua:
645 5123 909 5192 percussit
942 5121 1430 5177 Nabuchodonosor
1459 5139 1551 5177 rex
1592 5124 1893 5195 Babylonis.
1929 5125 2051 5181 Sta—
2098 5190 2101 5193 ἰ

476 5220 681 5287 timque
724 5217 985 5286 sequitur.
1028 5234 1045 5266 (
1085 5216 1207 5270 Haec
1240 5216 1650 5271 dicitDominus
1685 5234 1697 5269 ί
1744 5221 1957 5289 Surgite
1996 5230 2051 5273 et

478 5308 751 5363 ascendite
780 5308 845 5362 ad
878 5307 1051 5361 Cedar
1088 5315 1141 5359 et
1164 5315 1372 5360 vastate
1404 5306 1539 5361 ﬁlios
1564 5308 1802 5361 orientis.
1849 5309 2049 5363 Taber-

479 5396 671 5451 nacula
698 5410 883 5451 eorum
908 5406 963 5451 et
997 5410 1184 5467 greges
1208 5412 1393 5451 eorum
1424 5398 1653 5466 capient,
1677 5399 1839 5467 pelles
1861 5416 2045 5454 eorum

475 5494 530 5543 et
557 5484 737 5542 omnia
766 5500 892 5541 vasa
918 5494 971 5551 et
1010 5486 1241 5541 camelos
1274 5486 1459 5541 tollent
1499 5485 1601 5543 sibi
1631 5528 1645 5552 ,
1700 5509 1717 5541 ι
1773 5499 1825 5544 et
1853 5501 2043 5546 caetera

478 5595 644 5649 usque
672 5581 727 5634 in
756 5578 914 5633 ﬁnem
944 5577 1177 5645 capituli.
1211 5577 1498 5633 Considera
1543 5580 1808 5647 quomodo
1844 5581 2043 5635 lsmae-

479 5670 712 5736 litarum,
740 5670 843 5725 hoc
866 5676 947 5723 est
978 5667 1391 5733 Saracenorum,
1422 5672 1693 5741 propriam
1719 5680 1927 5740 gentem
1956 5672 2042 5725 dc-

479 5764 753 5830 scripscrit
790 5780 801 5815 :
832 5761 929 5827 Qui
965 5760 1208 5816 habitant
1236 5762 1287 5815 in
1319 5763 1575 5828 tentoriis,
1607 5765 1697 5832 qui
1724 5764 2041 5833 ubicumque

2154 4684 2343 4756 gravit.
2386 4684 2650 4738 lncolatus
2692 4692 2868 4737 autem
2914 4682 3179 4752 signiﬁcat
3214 4684 3719 4753 peregrinationem.

2152 4775 2358 4831 lncolas
2382 4777 2525 4829 enim
2550 4775 2789 4845 dicimus
2808 4814 2820 4837 ,
2849 4774 2938 4841 qui
2984 4773 3049 4827 ad
3081 4781 3286 4841 tempus
3325 4782 3496 4827 terras
3525 4773 3725 4827 alienas

2152 4865 2351 4929 colunt,
2392 4865 2485 4918 sed
2523 4880 2554 4916 a
2592 4865 2766 4933 patria
2805 4878 2899 4917 sua
2937 4862 3088 4933 longe
3129 4861 3356 4931 sejuncti
3396 4874 3537 4919 sunt.
3574 4864 3723 4931 Quod

2153 4955 2216 5008 de
2240 4955 2343 5009 illis
2369 4956 2562 5010 merito
2589 4956 2803 5017 dicitur,
2830 4970 3055 5024 quorum
3076 4957 3415 5012 conversatio
3434 4972 3645 5025 semper
3668 4958 3720 5009 in

2159 5046 2307 5100 coelis
2336 5055 2451 5112 est,
2493 5046 2583 5100 sed
2624 5046 2797 5098 adhuc
2826 5044 2913 5098 hic
2947 5059 3170 5114 corpore
3212 5046 3537 5099 detinentur.
3573 5046 3723 5109 Quod

2158 5148 2332 5190 autem
2365 5138 2495 5191 dixit
2527 5156 2538 5189 :
2578 5155 2595 5185 ι
2627 5135 2969 5205 prolongatus
3003 5145 3117 5201 est,
3157 5157 3175 5189 ι
3209 5136 3456 5190 affectum
3500 5137 3719 5189 nimium

2156 5226 2504 5280 desiderantis
2553 5225 2815 5299 expressit
2859 5243 2870 5277 :
2914 5224 3155 5295 Cupienti
3206 5226 3470 5293 siquidem
3514 5224 3719 5278 felicem

2153 5316 2377 5384 patriam
2416 5314 2611 5371 videre,
2654 5314 2894 5383 quamvis
2932 5315 3017 5368 hic
3042 5316 3202 5367 breve
3234 5325 3444 5381 tempus
3466 5317 3720 5382 probetur

2154 5420 2267 5460 esse
2314 5424 2326 5459 :
2375 5406 2722 5475 longinquum
2768 5413 2944 5459 tamen
2986 5420 3104 5457 esse
3143 5403 3375 5457 videtur.
3418 5404 3716 5473 Sequitur:

2154 5516 2169 5546 ι
2209 5496 2455 5551 Habitari
2510 5512 2628 5551 cum
2687 5496 3049 5549 habitantibus
3096 5494 3285 5548 Cedar.
3327 5514 3345 5546 ›
3392 5494 3566 5549 Cedar
3617 5491 3718 5547 He-

2145 5590 2344 5644 braeum
2375 5604 2567 5643 nomen
2599 5596 2681 5642 est
2708 5628 2721 5651 ,
2752 5588 2892 5658 quod
2915 5596 3096 5643 nostra
3123 5587 3302 5665 lingua
3334 5588 3718 5657 interpretatur

2147 5679 2395 5733 tenebrae.
2424 5679 2532 5731 lloc
2562 5678 2626 5731 ad
2656 5679 2831 5732 saeculi
2862 5677 3021 5747 hujus
3046 5678 3276 5747 pertinet
3304 5690 3595 5739 amatores,
3625 5679 3713 5745 qui

2148 5770 2441 5824 tencbt‘Osis
2472 5769 2677 5822 actibus
2705 5770 2945 5837 involuti,
2977 5770 3064 5825 illa
3091 5771 3261 5839 magis
3299 5770 3548 5837 diligunt,
3578 5770 3713 5824 unde
