3952 6334
241 386 269 440 1
280 379 385 441 137

1123 382 1484 437 exrosmo
1525 382 1749 438 SUPER
1787 367 2153 437 tenentem;
2190 412 2258 422 —
2299 381 2422 435 LlB.
2465 381 2601 435 xvn.

3350 377 3483 431 1158

241 496 423 565 perire
451 501 762 548 noscuntur.
795 492 911 560 Quo
937 492 1194 548 vocabulo
1219 499 1582 560 competenter
1611 490 1811 560 signiti-
1837 494 1887 554 Α
1914 489 2868 561 Magnipotentiamdestruemlisunt.
2886 488 2999 557 Ipse
3012 484 3487 556 enim,quieaetera

244 597 332 641 cat
361 592 702 656 peccatores,
750 584 888 639 inter
916 599 1048 652 quos
1077 598 1136 638 se
1172 582 1348 636 adhuc
1375 583 1619 636 habitare
1648 582 1823 650 suspi-

243 685 348 731 rat.
387 665 619 730 Necesse
659 681 744 730 est
786 675 932 730 enim
970 681 1027 728 ut
1061 675 1234 730 bonus
1272 673 1485 727 animus
1509 667 1782 744 'atlligatur
1806 711 1821 737 ,

244 761 495 837 quotiens
523 766 784 822 malorum
812 767 1168 838 permixtione
1195 763 1550 821 concluditur.

325 877 342 909 ι
391 858 542 925 Quod
567 857 768 913 factum
813 865 896 912 est
933 858 1155 912 verbum
1200 855 1411 910 Domini
1440 854 1506 909 ad
1535 846 1823 910 Jeremiar'n

250 968 270 1001 ‹
314 951 630 1020 prophetam
663 949 918 1002 adversus
946 947 1118 1011 Elam,
1163 946 1218 1000 in
1242 945 1503 1015 principio
1543 944 1695 1013 regni
1723 943 1822 998 Se-

251 1057 271 1089 ι
313 1039 515 1093 decbiae
557 1037 699 1109 regis
732 1036 866 1091 Juda
892 1077 908 1103 ,
949 1038 1174 1093 dicens:
1222 1036 1348 1092 Hzec
1373 1036 1523 1104 .dicit
1567 1036 1826 1090 Dominus

251 1147 272 1179 ¢
318 1127 648 1182 exercituum
693 1144 704 1180 ;
743 1127 882 1182 Ecce
909 1141 1010 1199 ego
1052 1125 1391 1195 confringam
1428 1123 1824 1189 arcum‘Elam,

253 1236 271 1268 ι
317 1225 370 1271 et
393 1231 658 1271 summam
683 1213 1051 1270 fortitudinem
1087 1229 1299 1277 eorum,
1326 1220 1380 1267 et
1398 1212 1646 1266 inducam
1669 1225 1828 1280 super

254 1324 273 1356 ι
317 1305 468 1359 Elam
511 1314 742 1375 quatuor
783 1313 969 1360 ventos
1012 1319 1041 1358 a
1091 1312 1323 1373 quatuor
1350 1302 1525 1373 plagis
1566 1302 1732 1367 coeli,
1777 1310 1832 1356 et

254 1416 274 1450 ι
317 1397 587 1453 ventilabo
616 1412 710 1452 eos
750 1397 802 1450 in
840 1411 1029 1451 omnes
1073 1403 1263 1449 ventos
1293 1394 1461 1458 istos,
1502 1403 1556 1448 et
1587 1409 1696 1448 non
1726 1392 1831 1447 erit

253 1507 274 1540 ι
318 1505 470 1560 gens,
514 1490 580 1544 ad
616 1503 778 1558 quam
813 1504 920 1543 non
965 1487 1280 1558 perveniant
1315 1485 1735 1558 profugitElam,
1776 1494 1832 1540 et

252 1599 271 1631 ι
319 1594 516 1650 pavere
564 1578 755 1634 faciam
785 1579 936 1633 Elam
979 1594 1160 1635 coram
1204 1577 1436 1632 inimicis
1479 1577 1590 1631 suis
1616 1616 1632 1642 ,
1674 1567 1752 1630 et‘
1776 1575 1830 1630 in

233 1652 272 1723 ’ί
316 1681 606 1741 conspectu
647 1672 997 1740 quaerentium
1037 1669 1271 1725 animam
1312 1683 1519 1722 eorum.
1567 1667 1634 1721 Et
1666 1666 1832 1720 addu-

253 1778 273 1811 ι
311 1765 426 1816 eam
457 1777 619 1832 super
647 1777 741 1817 eos
767 1762 964 1816 malum
988 1802 1002 1825 ,
1036 1762 1170 1815 iram
1198 1758 1396 1812 furoris
1424 1757 1552 1820 mei,
1579 1755 1706 1809 dicit
1735 1754 1836 1808 Do-

1924 594 2081 650 regna
2110 595 2207 648 pro
2233 578 2605 648 iniquitatibus
2634 579 2746 633 suis
2776 579 3061 648 corripuit,
3096 578 3237 632 istud
3265 590 3490 646 regnum

1923 679 2018 740 pro
2057 669 2259 725 scelere
2297 683 2393 723 suo
2414 678 2468 722 et
2498 668 2855 737 impietatibus
2886 664 3205 738 impunitum
3229 681 3339 722 non
3369 664 3493 721 reli-

1922 739 2055 826 Quit.
2097 757 2521 825 lnterpretantur
2557 739 2682 826 ergo
2724 755 2966 810 Elamitze
3007 755 3336 824 despiciente:
3381 754 3495 809 sive

1922 856 2195 912 tentantes,
2229 857 2281 902 et
2308 845 2608 916 significant
2636 841 3008 915 persecutores
3045 843 3297 901 Ecclesia:
3340 841 3496 899 Chri-

1924 937 2015 1002 sti,
2042 937 2235 1007 quibus
2272 941 2511 1007 potestas
2533 939 2654 991 data
2682 944 2763 991 est
2790 951 2820 989 a
2847 936 3086 998 Domino,
3119 944 3178 991 ut
3198 935 3494 990 secundum

1925 1038 2136 1099 tempus
2170 1029 2466 1085 Ecclesiam
2498 1028 2590 1083 Dei
2627 1027 2987 1099 despicientes
3011 1042 3036 1092 ,'
3059 1028 3222 1082 variis
3245 1041 3498 1097 persecu-

1927 1119 2162 1174 tionibus
2185 1121 2438 1174 tentando
2464 1118 2710 1189 fatigent.
2737 1117 2843 1173 Sed
2869 1118 3050 1173 veniet
3069 1118 3202 1172 hora
3229 1118 3441 1186 quando
3468 1131 3499 1171 a

1928 1217 2158 1279 quatuor
2179 1209 2350 1280 plagis
2373 1210 2493 1264 cteli
2520 1209 2623 1264 illis
2641 1210 2877 1264 vindicta
2904 1195 3286 1279 superveniat,
3325 1215 3378 1261 et
3405 1220 3500 1277 pa-

1927 1307 2090 1353 veant
2111 1314 2294 1353 coram
2340 1299 2569 1354 inimicis
2597 1299 2732 1364 suis,
2767 1299 3154 1369 quia'undique
3194 1298 3274 1352 eis
3301 1295 3501 1368 malum

1930 1392 2209 1455 imminet,
2249 1385 2518 1447 et'valida'
2544 1395 2852 1460 tempestas
2898 1376 3072 1444 futura
3120 1390 3240 1444 erit.
3276 1407 3296 1439 ‹
3329 1387 3507 1444 Mittet

1931 1484 2075 1538 enim
2122 1483 2263 1539 ﬁlius
2306 1484 2794 1555 hominisangelos
2834 1499 2962 1540 suos
2991 1500 3020 1539 a
3061 1484 3292 1554 quatuor
3327 1483 3506 1543 ventis

1932 1573 2077 1639 caeli,
2103 1582 2164 1627 ut
2189 1572 2441 1644 colligant
2465 1573 2643 1629 omnia
2670 1574 2924 1629 scandala
2954 1575 3019 1649 de
3047 1571 3212 1645 regno
3233 1575 3369 1647 ejus,
3399 1576 3422 1630 ⁴›
3451 1584 3506 1631 et

1931 1678 2025 1719 eos
2049 1665 2141 1734 qui
2167 1675 2455 1735 operantur
2479 1666 2812 1736 iniquitatem
2858 1685 2877 1718 ι
2911 1667 3129 1722 mittant
3149 1669 3203 1723 in
3231 1668 3504 1724 caminum

1933 1755 2072 1824 ignis
2121 1757 2392 1821 ardentis,
2443 1757 2513 1812 ibi
2562 1759 2664 1812 erit
2711 1757 2866 1815 fletus
2920 1766 2975 1814 et
3023 1747 3223 1815 stridor
3267 1760 3504 1814 dentium

254 1869 273 1902 ι
316 1853 531 1907 minus:
562 1861 615 1908 et
640 1853 848 1907 mittam
891 1861 1009 1920 post
1039 1866 1134 1914 eos
1161 1848 1396 1919 gladium
1426 1847 1593 1900 donec
1634 1861 1831 1899 consu-
1859 1847 1908 1907 B
1937 1845 2128 1918 (Marc.
2175 1848 2294 1916 xm)
2319 1888 2333 1912 ,
2378 1866 2396 1899 ι
2443 1848 2620 1918 ibique
2655 1865 2750 1904 eos
2775 1850 3255 1920 gladius'vindicta:
3296 1850 3506 1906 Domini

255 1959 274 1990 ι
320 1957 464 1995 mam
502 1957 615 2007 eos,
658 1951 713 1996 et
746 1956 939 2011 ponam
983 1939 1172 1994 solium
1215 1951 1393 1990 meum
1445 1935 1497 1990 in
1535 1935 1687 1996 Elam
1717 1975 1733 2000 ,
1775 1941 1830 1989 et

256 2053 281 2085 κ
321 2036 541 2105 perdam
573 2033 698 2086 inde
723 2046 911 2107 reges,
930 2038 985 2084 et
1020 2029 1310 2099 principes,
1339 2027 1414 2092 ait
1439 2025 1698 2080 Dominus
1729 2041 1742 2077 :
1773 2025 1828 2078 in

251 2143 274 2188 ς
318 2120 623 2177 novissimis
663 2127 840 2173 autem
875 2117 1064 2173 diebus
1091 2117 1302 2171 reverti
1347 2114 1541 2170 faciam
1590 2115 1829 2183 captivos

251 2236 280 2270 α
319 2218 494 2278 Elam,
517 2213 647 2267 dicit
669 2211 944 2266 Dominus.
983 2231 1000 2262 ι
1031 2210 1180 2264 Elam
1208 2220 1386 2263 autem
1411 2223 1531 2263 esse
1552 2208 1828 2278 regionem

245 2305 616 2365 Persidis'non
644 2301 995 2369 ambigamus,
1016 2299 1158 2354 unde
1179 2308 1231 2353 et
1253 2298 1493 2352 Elamita:
1514 2313 1828 2367 nuncupan-

250 2411 359 2456 tur.
378 2393 627 2451 Praedielt
654 2391 797 2446 enim
821 2391 1081 2460 propheta
1100 2389 1280 2445 Medis
1306 2398 1360 2442 et
1396 2386 1576 2443 Persis
1595 2387 1829 2442 licetBa—

250 2493 504 2564 bylonem
528 2486 948 2549 devastaverint,
973 2499 1306 2555 regnumque
1335 2482 1704 2539 Chaldaeorum
1739 2483 1830 2538 de.

257 2581 560 2636 struxerint
579 2597 590 2632 :
610 2578 711 2648 ipsi
733 2585 911 2632 tamen
926 2590 1021 2645 per
1033 2574 1349 2629 Macedones
1362 2583 1522 2645 atque
1535 2573 1830 2630 Alexandri

303 2734 3326 2763 ww

1938 1947 2219 1992 consumet
2246 1938 2299 1991 in
2328 1945 2605 1993 aeternum.
2636 1938 2887 1995 Attamen
2908 1940 3033 2010 quia
3063 1941 3214 1994 multi
3257 1949 3383 1998 sunt
3415 1940 3508 2008 qui

1934 2044 1999 2083 ex
2029 2029 2158 2100 ipsis
2187 2031 2621 2102 persecutoribus
2644 2039 2769 2086 ante
2790 2033 2857 2088 ad
2883 2031 3042 2088 fidem
3065 2032 3266 2088 Christi
3287 2046 3511 2087 conver-

1937 2129 2135 2186 tentur,
2161 2128 2243 2179 ‘et,
2269 2122 2322 2176 in
2349 2137 2574 2177 numero
2601 2121 2827 2178 fratrum
2860 2124 3203 2194 recipientur,
3231 2138 3408 2178 sermo
3431 2122 3510 2178 di-

1933 2212 2092 2266 vinus
2132 2226 2237 2264 non
2291 2221 2436 2267 tacet
2473 2228 2593 2267 cum
2639 2214 2808 2268 dicit:
2843 2212 2948 2268 (In
2993 2214 3296 2270 novissimis
3328 2223 3506 2268 autem

1935 2303 2121 2358 diebus
2141 2302 2337 2358 reverti
2365 2302 2558 2358 iaciam
2581 2305 2820 2375 captivos
2841 2303 3155 2370 Elam,dicit
3179 2304 3458 2368 Dominus,
3485 2322 3504 2354 ι

1935 2395 2060 2464 quia
2083 2394 2183 2464 ipsi
2198 2395 2288 2465 qui
2313 2404 2438 2451 ante
2457 2395 2696 2466 peccatis
2715 2395 2930 2450 fuerant
2952 2395 3175 2464 captivi,
3196 2411 3292 2466 per
3310 2393 3511 2450 Christi

1937 2485 2163 2555 gratiam
2194 2487 2533 2555 postmodum
2559 2494 2718 2541 erunt
2743 2486 2918 2551 liberi,
2945 2495 3002 2542 et
3022 2487 3116 2556 qui
3144 2493 3269 2540 ante
3295 2483 3512 2539 fuerant

1937 2573 2162 2639 inimici,
2183 2575 2306 2645 'jam
2333 2574 2467 2630 fient
2495 2576 2656 2630 amici
2685 2583 2740 2632 et
2765 2576 3015 2646 proximi.

1212 2848 1508 2928 LIBER
1585 2843 2038 2925 DECIMUS
2119 2843 2534 2926 SEXTUS.

1705 3032 2059 3051 ﬂ

327 3144 551 3216 Expleto
601 3142 854 3198 vaticinio
902 3141 1044 3212 quod
1090 3146 1281 3195 contra
1322 3135 1594 3230 gdiversas
1653 3147 1839 3209 gentes
1866 3167 1911 3230 ο
1941 3139 2194 3210 produnt,
2219 3148 2275 3197 et
2299 3140 2422 3226 libri
2445 3143 2830 3214 prephetarum
2859 3161 2966 3203 non
2988 3155 3189 3205 tacent.
3210 3149 3364 3206 Unde
3380 3163 3514 3219 prte-

254 3239 516 3312 propheta
549 3235 786 3305 protulit,
818 3234 920 3288 hoc
945 3241 1044 3296 est,
1084 3238 1268 3286 contra
1300 3227 1593 3301 [Egyptum
1642 3239 1698 3284 et
1729 3230 1835 3285 Pa-

254 3330 492 3385 lmstinos
524 3335 686 3395 atque
734 3323 907 3388 Moab,
960 3331 1256 3391 contraque
1303 3320 1442 3375 ﬁlios
1485 3320 1737 3386 Ammon,
1787 3329 1842 3376 et

254 3424 579 3478 Damascum
629 3423 791 3485 atque
833 3412 1024 3477 Cedar,
1076 3411 1368 3466 novissime
1398 3419 1585 3466 contra
1615 3410 1842 3482 Babylo-

254 3526 381 3567 nem
409 3517 464 3564 et
506 3505 785 3563 Chaldaeos
815 3504 907 3573 qui
958 3511 1180 3557 caeteras
1212 3499 1582 3581 gentesjussu
1623 3500 1839 3554 Domini

255 3600 576 3672 arguebant,
627 3608 932 3651 sermonem
958 3593 1169 3662 dirigit,
1202 3601 1436 3666 utquos
1482 3600 1607 3646 ante
1645 3592 1699 3646 in
1730 3592 1841 3661 ple-'-

259 3693 444 3760 risque
466 3689 599 3743 locis
630 3688 857 3742 latenter
883 3685 1077 3756 arguit,
1111 3700 1254 3739 nunc
1284 3683 1462 3754 palam
1491 3681 1695 3738 scelera
1721 3684 1838 3739 illo~

259 3798 380 3837 rum
402 3790 562 3849 atque
589 3787 810 3849 peccata
837 3775 1236 3831 manifestando
1255 3815 1270 3841 ,
1296 3775 1669 3832 vastationem
1690 3773 1840 3843 ipso-

260 3882 511 3940 rum‘pro
549 3871 652 3924 hoc
693 3876 855 3936 atque
899 3865 1290 3920 desolationem
1335 3863 1633 3933 perfectam
1661 3863 1843 3932 expri-

260 3971 396 4019 mat.

881 4068 1108 4127 CAPUT
1159 4067 1221 4123 L.

263 4217 449 4273 Sermo
499 4211 707 4267 Domini
754 4216 933 4262 contra
975 4203 1294 4274 Babylonem
1333 4199 1570 4274 pradicit
1619 4199 1842 4252 reditum

671 4278 861 4350 populo
885 4275 921 4330 J
926 4275 1030 4329 uda
1057 4271 1108 4328 et
1133 4271 1450 4326 Jerusalem.

339 4439 359 4471 ε
402 4417 627 4474 Verbum
649 4412 790 4485 quod
827 4410 1036 4467 locutus
1059 4415 1142 4478 est
1176 4405 1432 4461 Dominus
1467 4405 1534 4460 de
1568 4401 1842 4474 Babylone

1944 3245 2067 3285 sens
2096 3222 2355 3300 propheta
2395 3233 2550 3302 jubet
2594 3236 2914 3292 annuntiare
2941 3238 2996 3292 in
3023 3239 3273 3308 gentibus
3296 3247 3352 3294 et
3376 3254 3516 3310 prae-

1943 3322 2124 3376 dicare
2151 3322 2295 3392 quod
2321 3330 2480 3393 capta
2508 3324 2579 3379 sit
2619 3323 2880 3396 Babylon,
2913 3327 3166 3385 confusus
3208 3329 3321 3396 Bel,
3353 3340 3408 3385 et
3430 3331 3516 3384 vi-

1943 3421 2062 3466 etus
2083 3411 2389 3480 Merodacb,
2439 3413 2578 3470 idola
2601 3415 2845 3473 videlicet
2872 3434 2992 3488 quas
3014 3419 3251 3476 Chaldaei
3289 3436 3390 3492 pro
3417 3421 3518 3477 diis

1942 3502 2207 3558 colebant.
2244 3503 2477 3560 Confusa
2500 3515 2625 3561 sunt
2651 3509 2830 3562 omnia
2857 3509 3123 3581 seulptilia
3167 3512 3306 3581 ejus,
3353 3521 3408 3568 et
3431 3528 3514 3567 su-

1940 3601 2128 3663 perata
2173 3604 2296 3650 sunt
2321 3595 2460 3650 idola
2488 3611 2696 3665 eorum,
2738 3601 2992 3669 quoniam
3036 3603 3277 3658 ascendit
3328 3613 3510 3659 contra

1942 3702 2060 3742 eam
2088 3703 2242 3759 gens,
2269 3689 2554 3745 Persarum
2581 3692 2766 3762 utique
2787 3701 2947 3763 atque
2966 3692 3238 3751 Medorum
3270 3697 3337 3751 ab
3356 3696 3495 3766 Aqui

1942 3776 2083 3839 Ione,
2111 3792 2229 3847 qua:
2253 3787 2418 3865 ponet
2447 3787 2646 3834 terram
2675 3779 2791 3850 ejus
2820 3781 2872 3835 in
2915 3781 3256 3838 solitudinem
3281 3801 3294 3838 :
3331 3784 3406 3838 ita
3461 3791 3514 3838 ut

1941 3884 2050 3924 non
2076 3869 2146 3924 sit
2169 3869 2258 3939 qui
2283 3869 2486 3924 habitet
2507 3872 2562 3926 in
2589 3887 2676 3937 ea,
2704 3872 2772 3926 ab
2800 3872 3018 3928 homine
3039 3888 3208 3944 usque
3236 3874 3304 3929 ad
3329 3889 3514 3944 pecus.

1940 3957 2039 4013 Cui
2064 3959 2214 4028 paria
2241 3958 2410 4014 Isaias
2447 3959 2502 4014 in
2529 3959 2666 4016 libro
2710 3977 2807 4016 suo
2831 3963 3046 4031 scripsit
3071 3963 3295 4018 dicens:
3333 3965 3519 4021 «Ecce

1938 4064 2040 4119 ego
2062 4050 2332 4105 suscitabo
2356 4049 2635 4121 super'eos
2672 4053 2853 4110 Medos
2880 4056 2969 4126 qui
2998 4056 3278 4127 argentum
3303 4045 3408 4112 neu
3436 4074 3507 4114 re

1939 4141 2178 4212 quirant,
2195 4157 2369 4212 neque
2388 4138 2789 4211 aurum‘velint,
2815 4148 2909 4202 sed
2935 4149 3144 4218 sagittis
3167 4149 3416 4219 parvulos
3439 4141 3539 4207 in?

1942 4233 2233 4299 terticiant,
2275 4227 2334 4289 et
2357 4235 2681 4291 lactantibus
2721 4239 2892 4294 uteris
2922 4255 3029 4294 non
3075 4241 3434 4297 miserentur:
3463 4252 3518 4299 et

1941 4340 2103 4395 super
2126 4325 2264 4381 ﬁlios
2294 4341 2400 4381 non
2430 4336 2615 4398 parcet
2643 4329 2830 4385 oculus
2860 4345 3066 4386 eorum.
3093 4332 3184 4388 .Et
3203 4333 3306 4388 erit
3339 4332 3515 4404 Baby-

1940 4413 2031 4470 lon
2056 4414 2146 4469 illa
2176 4415 2408 4486 gloriosa
2440 4414 2504 4472 in
2519 4419 2716 4488 regnis,
2763 4420 2962 4492 inclyta
2990 4423 3044 4476 in
3083 4424 3333 4492 superbia
3359 4422 3518 4479 Chal-

268 4532 285 4564 ι
320 4521 374 4565 et
421 4511 487 4563 de
517 4481 683 4561 terra
704 4502 1072 4557 Chaldaeorum
1112 4499 1167 4552 in
1209 4511 1370 4552 manu
1403 4494 1675 4586 Ieremia:
1709 4507 1837 4586 pro-
1862 4481 2203 4586 Βαωοι-ιιωξ
2243 4507 2386 4561 sicut
2410 4481 2670 4562 subvehi;
2704 4481 2850 4563 pem,
2873 4481 3180 4565 ’δοάοιηειίι
3203 4519 3257 4566 ει
3289 4511 3517 4567 ροωοιι.

268 4622 285 4655 ι
320 4604 498 4672 pheta.-
529 4616 540 4651 :
577 4593 906 4651 Annuntiate
934 4593 987 4645 in
1010 4590 1263 4661 gentibus
1299 4596 1353 4642 et
1378 4587 1618 4642 auditum
1653 4584 1832 4648 facite,

268 4711 286 4742 ‹
323 4693 496 4745 levate
525 4687 755 4757 signum,
811 4682 1097 4752 praedicate
1120 4689 1174 4734 et
1200 4678 1363 4734 nolite
1403 4676 1598 4740 celare,
1631 4675 1833 4730 dicite:

272 4803 289 4834 ι
325 4782 492 4851 Capta
519 4763 616 4832 est.
651 4776 910 4846 Babylon,
957 4771 1212 4827 confusus
1243 4776 1346 4832 est
1390 4766 1504 4831 Bel,
1546 4766 1721 4820 victus
1754 4771 1836 4819 est

271 4893 289 4925 ι
330 4868 652 4925 Merodacb:
686 4863 906 4920 confusa
937 4869 1060 4916 sunt
1080 4859 1259 4914 omnia
1295 4855 1558 4926 sculptilia
1586 4853 1720 4923 ejus,
1753 4869 1837 4908 su-

272 4981 290 5013 ι
328 4966 515 5030 perata
544 4962 668 5011 sunt
695 4953 833 5008 idola
858 4966 1067 5015 eorum,
1093 4949 1344 5018 quoniam
1385 4947 1625 5002 ascendit
1646 4953 1834 5000 contra

273 5072 292 5104 ‹
326 5066 446 5106 eam
477 5062 606 5120 gens
650 5046 716 5100 ab
741 5043 1008 5113 aquilone,
1058 5055 1174 5108 quae
1203 5046 1365 5108 ponet
1392 5047 1587 5090 terram
1629 5036 1747 5104 ejus
1785 5034 1840 5088 in

277 5171 292 5201 ι
332 5145 695 5207 solitudinem,
741 5149 796 5194 et
824 5153 928 5193 non
973 5136 1078 5190 erit
1103 5135 1194 5204 qui
1238 5133 1444 5188 habitet
1481 5131 1533 5183 in
1559 5144 1623 5183 ea
1647 5129 1714 5182 ab
1738 5130 1838 5183 ho-

279 5251 300 5290 ι·
337 5237 484 5291 mine
510 5247 680 5302 usque
714 5231 779 5284 ad
807 5243 970 5298 pecus
999 5243 1012 5278 :
1046 5236 1100 5280 et
1125 5224 1256 5279 moti
1283 5231 1409 5278 sunt
1433 5231 1487 5275 et
1511 5221 1776 5275 abierunt.
1813 5239 1831 5270 ι

275 5325 563 5401 (altanus)
589 5321 752 5377 Isaias
773 5330 825 5394 et
860 5317 1118 5372 Jeremias
1151 5324 1310 5385 atque
1334 5311 1581 5367 Ezechiel
1619 5312 1838 5365 verbum

273 5418 486 5474 Domini
517 5423 701 5470 contra
745 5410 1090 5481 Babylonem,
1127 5417 1179 5460 et
1229 5416 1426 5461 terram
1466 5405 1837 5460 Chaldaeorum

273 5507 632 5580 protulerunt,
672 5503 723 5555 in
771 5516 876 5570 quo
924 5498 1395 5568 praevaricationes
1432 5505 1486 5551 et
1533 5495 1839 5563 iniquitates

274 5598 391 5667 ejus
433 5595 690 5664 plurimas
734 5590 1153 5659 replicaverunt,
1198 5595 1251 5640 et
1278 5588 1520 5641 meritam
1548 5585 1837 5639 vindictam

277 5689 401 5744 inde
439 5684 540 5739 sibi
576 5689 858 5736 venturam
897 5678 1273 5748 praedixerunt.
1319 5676 1594 5746 Quomodo
1636 5691 1764 5745 ergo
1807 5691 1838 5730 a

277 5777 447 5831 Medis
474 5784 528 5830 et
576 5772 758 5827 Persis
786 5771 912 5824 urbs
941 5766 1175 5835 Babylon
1222 5769 1474 5822 subversa
1502 5766 1572 5820 sit
1601 5765 1839 5820 historiae

1940 4597 2114 4650 rham.
2163 4595 2280 4652 Non
2329 4597 2658 4652 habitabitur
2681 4615 2850 4669 usque
2900 4600 2955 4655 in
3008 4603 3412 4671 sempiternum,
3461 4611 3520 4658 et

1938 4700 2045 4739 non
2077 4683 2391 4763 fundabitur)
2411 4702 2580 4756 usque
2613 4688 2681 4742 ad
2697 4685 3101 4759 generationem
3130 4701 3186 4746 et
3209 4694 3515 4763 generatio-

1938 4787 2097 4827 nem:
2130 4786 2230 4827 nec
2267 4782 2428 4842 ponet
2473 4774 2544 4829 ibi
2575 4778 2800 4833 tentoria
2832 4779 3024 4844 Arabs,
3063 4771 3236 4850 neque
3267 4773 3512 4851 pastOres

1940 4863 2278 4933 requiescent
2317 4864 2389 4918 ibi
2418 4883 2431 4917 :
2483 4867 2576 4920 sed
2604 4876 2763 4922 erunt
2806 4868 2879 4924 ibi
2909 4871 3115 4937 bestias,
3147 4879 3202 4924 et
3228 4872 3514 4941 replebun-

1944 4963 2032 5007 tur
2057 4954 2247 5008 domus
2272 4969 2457 5010 eorum
2487 4955 2831 5024 draconibus,
2859 4968 2914 5014 et
2937 4960 3252 5015 habitabunt
3272 4961 3342 5015 ibi
3372 4971 3513 5016 stru-

1945 5044 2173 5108 thiones,
2232 5054 2286 5098 et
2334 5045 2488 5113 pilosi
2540 5047 2810 5104 saltabunt
2865 5049 2964 5114 ibi,
3009 5059 3065 5104 et
3114 5054 3515 5122 respondebunt

1945 5132 2101 5186 ululae
2134 5135 2188 5188 in
2217 5135 2418 5189 aedibus
2448 5137 2578 5202 suis,
2608 5147 2664 5192 et
2705 5140 2896 5194 sirenae
2924 5142 2977 5195 in
3009 5141 3246 5197 delubris
3274 5143 3514 5214 volupta-

1949 5222 2016 5276 tis
2055 5221 2186 5292 (lsa.
2220 5223 2362 5294 xm).
2396 5245 2413 5277 ι
2470 5226 2727 5295 Apertum
2759 5231 3004 5300 estquod
3037 5231 3252 5287 latebat.
3304 5233 3516 5305 Nequa-

1946 5325 2105 5380 quam
2133 5310 2299 5365 fortes
2326 5320 2380 5366 et
2417 5314 2658 5383 gigantes
2695 5316 2867 5387 angeli
2919 5318 3244 5389 intelligendi
3289 5329 3414 5374 sunt
3458 5331 3514 5378 et

1946 5401 2236 5465 dtemones,
2278 5403 2370 5457 sed
2402 5401 2674 5458 Medorum
2698 5394 2853 5474 gens,
2888 5422 3112 5474 quorum
3138 5409 3387 5480 princeps
3409 5412 3512 5466 Da-

1945 5491 2056 5545 rius
2081 5492 2286 5560 primus
2327 5491 2736 5562 Babyloniorum
2772 5496 3033 5550 destruxit
3083 5498 3385 5567 imperium,
3415 5516 3510 5556 oc-

1944 5583 2054 5652 ciso
2075 5581 2351 5636 Balthasar
2379 5593 2569 5652 nepote
2582 5583 3090 5650 Nabuchodonosor,
3117 5587 3205 5655 qui
3223 5587 3514 5643 Evilmero-

1945 5675 2082 5729 dach
2109 5673 2249 5728 filius
2280 5673 2395 5727 fuit.
2425 5674 2646 5728 Tantam
2669 5683 2846 5729 autem
2876 5675 3064 5730 scribit
3088 5675 3361 5731 Medorum
3384 5676 3513 5732 Per-

1944 5781 2230 5835 sarumque
2275 5766 2555 5831 saevitiam,
2597 5772 2655 5819 ut
2691 5767 2883 5823 ardore
2915 5766 3185 5824 sanguinis
3209 5765 3512 5822 etfundend.‘
