3952 6324
459 334 601 392 “'59

1099 335 1161 393 D.
1206 333 1461 390 RABANI
1496 336 1715 393 MAURI
1752 336 2072 395 ARCHIEP.
2115 333 2424 396 MOGUNT.
2454 339 2741 399 OPERUM
2779 341 2958 399 PARS
2994 346 3059 401 III

3614 352 3745 409 1140

458 472 654 513 aurum
699 463 1095 528 argentumque
1152 468 1525 526 contemnant,
1570 468 1625 515 et
1669 460 1879 529 oblatas
1925 473 2056 529 opes
2082 455 2135 516 Α
2160 464 2217 509 et
2246 459 2350 513 hoc
2373 460 2516 529 quod
2542 461 2642 516 sub
2673 461 2776 516 alia
2813 462 3167 519 similitudine
3210 466 3462 523 Ezechiel
3490 468 3744 541 prepbeta

455 557 555 623 pro
584 550 697 606 luto
717 557 969 619 reputent
995 567 1007 603 :
1037 549 1133 604 sed
1158 541 1370 617 sagittis
1403 550 1657 620 parvulos
1696 549 2051 615 interﬁciant,

455 651 517 698 et:
536 640 866 698 lactantibus
890 640 1062 695 uteris
1091 655 1197 694 non
1236 641 1620 706 misereantur,
1646 648 1701 694 et
1731 654 1895 709 super
1913 638 2054 695 ﬁlios

455 747 565 788 non
612 737 803 800 parcat
860 728 1050 784 oculus
1100 743 1310 784 eorum.
1368 730 1766 786 lnterficiantur
1820 730 2051 800 parvuli,

455 838 687 894 quorum
712 820 935 877 vulnera
970 828 1131 876 erunt
1156 836 1263 875 non
1295 822 1502 877 minora
1531 837 1692 891 quam
1721 836 1982 891 corpora,
2000 829 2056 876 et

453 923 799 988 praegnantes
849 914 989 969 uteri
1044 922 1318 979 secentur,
1369 915 1743 983 elidanturque
1794 914 2051 999 infantes,

452 1018 511 1065 et
534 1008 602 1063 ad
630 1008 795 1063 ubera
818 1021 1037 1075 pressos
1064 1005 1203 1059 ﬁlios
1224 1005 1458 1067 crudelis
1487 1006 1657 1059 vietor
1693 1004 1923 1058 occidat.
1954 999 2055 1058 Us-

453 1088 981 1169 que‘in’praaseutem
1010 1111 1141 1168 ergo
1170 1096 1311 1150 diem
1333 1095 1617 1166 prophetia
1645 1095 1937 1165 Babylonis
1959 1111 2052 1164 ex-

449 1191 629 1260 pletur
654 1203 668 1242 :
690 1199 753 1243 .et
776 1188 917 1243 sicut
943 1188 1211 1243 subvertit
1248 1187 1387 1243 Deus
1417 1188 1709 1263 Sodomam
1743 1197 1796 1241 et
1818 1186 2049 1241 Gomor-

451 1284 632 1348 rham,
666 1283 745 1337 sic
765 1289 821 1336 et
862 1281 961 1336 ista
992 1280 1249 1335 subversa
1277 1294 1383 1332 non
1433 1278 1765 1333 habitabitur
1805 1279 1858 1331 in
1886 1286 2047 1332 aeter-

449 1390 601 1430 num.
653 1374 761 1429 Pro
790 1374 880 1429 illa
908 1372 1374 1435 enimSeleuciam
1391 1379 1443 1426 et
1465 1370 1868 1441 Ctesiphontem
1884 1372 2048 1426 urbes

449 1465 740 1523 Persarum
793 1464 1022 1535 inclytas
1058 1462 1320 1518 fecerunt.
1375 1460 1483 1516 Nec
1513 1469 1675 1531 ponet
1720 1461 1790 1516 ibi
1816 1462 2047 1517 tentoria

448 1556 645 1622 Arabs,
675 1571 776 1610 nec
806 1564 1058 1625 pastores
1098 1555 1440 1624 requiescent
1478 1554 1588 1607 ibi:
1643 1554 1741 1608 sed
1787 1563 1947 1607 erunt
1974 1553 2049 1607 ibi

447 1648 660 1713 bestiae,
698 1655 754 1701 et
789 1646 1141 1716 replebuntur
1161 1647 1352 1701 domus
1379 1635 1569 1700 eorum
1603 1645 1950 1709 draconibus,
1993 1653 2049 1698 et

447 1739 772 1795 babitabunt
797 1738 870 1794 ibi
895 1738 1250 1801 struthiones,
1282 1746 1336 1791 et
1354 1737 1512 1807 pilosi
1543 1738 1817 1793 saltabunt
1864 1738 1957 1802 ibi,
1990 1748 2045 1793 et

450 1832 853 1901 respondebunt
884 1830 1041 1884 ululae
1069 1830 1121 1884 in
1154 1830 1360 1884 aedibus
1391 1831 1523 1894 suis,
1552 1838 1607 1884 et
1651 1831 1845 1886 sirenae
1874 1831 1928 1884 in
1956 1831 2049 1886 de-
2076 1814 2125 1874 Β

445 1922 622 1978 luhris
643 1922 973 1991 νοιυριιιὶεμ
999 1923 1058 1976 In
1097 1930 1307 1984 tantum
1330 1921 1568 1992 Babylon
1593 1930 1803 1975 vastata
1832 1922 1940 1976 erit
1968 1931 2052 1976 at-

448 2028 555 2084 que
584 2013 830 2079 deserta,
876 2022 1032 2068 utne
1060 2009 1126 2067 ad
1176 2027 1380 2082 pascua
1426 2013 1643 2083 quidem
1675 2022 2048 2088 armentorum

446 2112 500 2161 ct
528 2121 785 2175 pecorum
816 2105 964 2160 utilis
1011 2105 1118 2160 sit:
1172 2118 1280 2160 non
1328 2106 1478 2160 enim
1523 2107 1707 2161 tendet
1754 2106 1827 2159 ibi
1873 2106 2050 2165 Arabs

452 2197 873 2269 Saraoenusque
906 2197 1161 2261 tentoria,
1218 2211 1321 2252 nec
1363 2206 1612 2267 pastores
1654 2204 1778 2267 post
1819 2196 2047 2266 vestigia

447 2307 670 2365 gregum
698 2291 827 2347 fessi
854 2280 1051 2346 labore
1069 2290 1352 2360 quiescent
1381 2310 1394 2344 :
1428 2290 1524 2346 sed
1564 2291 1709 2345 inter
1748 2289 2049 2359 parietinas

446 2392 503 2440 et
551 2384 830 2454 angustias
862 2392 1114 2437 veterum
1162 2382 1443 2436 ruinarum
1496 2382 1819 2437 habitabunt
1868 2387 2044 2441 cur:

447 2478 592 2547 quod
616 2476 717 2532 soli
770 2474 1123 2546 Septuaginta
1148 2476 1320 2550 eripiat,
1362 2474 1416 2529 id
1449 2482 1554 2538 est,
1586 2473 1775 2527 bestias
1813 2478 2050 2526 transtu-

445 2567 670 2623 lerunt:
715 2567 802 2621 alii
832 2568 949 2636 ipso
987 2567 1207 2620 nomine
1254 2566 1396 2635 quod
1446 2565 1589 2634 apud
1627 2563 1887 2621 Hebraeos
1914 2562 2048 2619 scri-

444 2671 599 2731 ptum
642 2668 743 2721 est.
780 2659 1022 2714 volentes
1064 2674 1262 2726 genera
1317 2660 1620 2713 daemonum
1669 2657 1917 2728 intelligi,
1959 2657 2045 2710 vel

444 2755 847 2825 phantasmata.
903 2751 1167 2833 Quodque
1194 2751 1438 2820 sequitur
1470 2768 1482 2803 :
1519 2769 1537 2801 ‹
1574 2749 1737 2804 Pilosi
1773 2749 2046 2805 saltabunt

445 2844 542 2910 ibi,
577 2864 593 2895 ι
626 2843 711 2898 vel
755 2842 1072 2905 incubones,
1121 2841 1203 2895 vel
1234 2848 1418 2895 tauros
1450 2849 1742 2910 sylvest.es
1782 2839 2044 2909 quosdam

444 2936 713 2998 homines,
746 2948 882 3003 quos
938 2931 1182 2986 nonnulli
1213 2930 1459 2995 Faunos,
1515 2930 1752 2985 Sicarios
1798 2938 1995 2984 vocant
2026 2948 2039 2983 :

446 3036 541 3083 aut
567 3028 871 3082 daemonum
910 3040 1107 3095 genera
1140 3022 1462 3093 intelligunt.
1507 3022 1613 3076 Pro
1643 3022 1801 3077 ululis
1830 3026 2044 3091 quoque

444 3132 636 3175 omnes
666 3118 840 3186 ipsum
870 3114 1095 3169 verbum
1140 3112 1465 3167 llebraicum
1496 3120 1648 3177 sua,
1681 3111 1777 3166 soli
1813 3111 2041 3182 Septua-

2156 546 2210 600 iu
2259 547 2398 603 libro
2437 564 2537 603 suo
2581 550 2858 617 describit,
2881 552 3107 607 dicens:
3175 574 3193 607 ι
3234 554 3334 623 Τυ,
3383 558 3456 612 ﬁli
3494 560 3741 629 hominis,

2156 652 2312 694 sume
2337 639 2433 715 tibi
2461 640 2667 711 lignum
2698 658 2887 711 unum,
2917 653 2973 700 et
3019 648 3197 702 scribe
3236 660 3398 720 Super
3421 652 3552 707 illud
3575 651 3741 723 Iudae,

2154 738 2207 785 et
2236 732 2469 788 filiorum
2506 733 2697 802 Israel,
2737 738 3007 795 sociorum
3045 740 3183 811 ejus,
3218 753 3271 799 et
3299 745 3425 800 tolle
3450 748 3653 819 lignum
3678 751 3747 806 al-

2156 830 2354 892 terum,
2387 836 2442 913 et
2464 828 2642 884 scribe
2665 845 2827 900 super
2845 847 2969 887 eum
2989 833 3210 905 Ioseph,
3235 837 3438 909 lignum
3464 842 3743 912 Eph‘raim,

2152 925 2215 972 et
2241 929 2448 975 cunctae
2472 920 2655 977 domui
2691 924 2895 991 Israel,
2944 930 3321 999 sociorumque
3355 934 3494 1003 ejus.
3555 936 3624 989 Et
3650 938 3744 992 ad-

2146 1008 2315 1081 iunge
2348 1011 2437 1067 illa
2469 1029 2633 1067 unum
2660 1018 2727 1069 ad
2760 1018 3010 1083 alterum,
3047 1023 3143 1077 tibi
3171 1025 3221 1077 in
3246 1025 3447 1095 lignum
3482 1044 3670 1093 unum,
3696 1042 3749 1087 et

2152 1111 2313 1159 erunt
2349 1102 2401 1164 in
2429 1105 2683 1161 unionem
2730 1107 2995 1164 inmanu
3043 1120 3173 1179 tua;
3206 1131 3329 1170 cum
3374 1126 3554 1174 autem
3600 1123 3748 1177 dixe-

2154 1192 2264 1246 rint
2292 1191 2357 1247 ad
2404 1204 2457 1249 te
2495 1195 2591 1249 filii
2634 1198 2813 1268 populi
2846 1202 2920 1274 tui
2964 1200 3286 1271 loquentes:
3318 1204 3508 1264 Nonne
3545 1213 3746 1268 indicas

2152 1283 2449 1355 nobisquid
2479 1286 2532 1341 in
2552 1289 2636 1344 his
2659 1290 2754 1343 tibi
2777 1292 2956 1347 velis?
2985 1294 3223 1364 loqueris
3250 1299 3319 1353 ad
3334 1316 3427 1355 eos
3447 1321 3459 1355 :
3480 1302 3606 1358 Hice
3622 1305 3747 1361 dicit

2153 1375 2413 1433 Dominus
2439 1380 2621 1435 Deus:
2671 1382 2810 1439 Ecce
2846 1400 2948 1455 ego
2988 1402 3261 1445 assumam
3298 1393 3499 1465 lignum
3529 1396 3743 1467 .losepb,

2151 1468 2295 1537 quod
2320 1477 2406 1524 est
2426 1470 2479 1555 in
2501 1487 2666 1527 manu
2692 1474 2973 1544 Ephraim,
3000 1489 3055 1534 et
3077 1481 3249 1537 tribus
3280 1484 3464 1551 Israel,
3491 1506 3611 1558 quae
3634 1492 3751 1561 jun-

2149 1564 2251 1611 (διε
2278 1567 2403 1614 sunt
2426 1561 2498 1626 ei,
2548 1571 2605 1616 et
2635 1562 2776 1620 dabo
2800 1580 2893 1622 eas
2920 1571 3127 1639 pariter
3155 1588 3279 1627 eum
3305 1575 3450 1646 ligno
3487 1577 3647 1645 Juda,
3698 1591 3749 1637 et

2150 1648 2345 1704 faciam
2370 1667 2465 1707 eas
2496 1653 2549 1708 in
2585 1654 2792 1727 lignum
2818 1674 3006 1727 unum,
3033 1670 3087 1717 et
3116 1676 3272 1720 erum
3300 1684 3466 1723 unum
3507 1670 3562 1725 in
3588 1688 3747 1728 manu

2149 1740 2286 1811 ejus.
2343 1743 2518 1800 Erunt
2557 1755 2738 1803 autem
2783 1749 2927 1821 ligna
2976 1768 3138 1830 super
3188 1773 3309 1827 quae
3359 1762 3650 1830 scripseris
3696 1756 3747 1820 in

2154 1852 2314 1891 manu
2346 1846 2437 1893 tua
2489 1839 2544 1893 in
2585 1840 2755 1897 oculis
2792 1826 3013 1910 eorum,
3050 1856 3106 1903 et
3154 1826 3302 1907 dices
3339 1853 3408 1907 ad
3449 1826 3581 1909 eos:
3626 1856 3747 1912 lltcc

2154 1930 2282 1985 dicit
2312 1929 2572 1987 Dominus
2593 1933 2734 1988 Deus
2764 1953 2777 1989 :
2820 1935 2961 2004 Ecce
2992 1940 3091 2010 ego
3107 1956 3390 1998 assumant
3420 1944 3559 2002 filios
3590 1948 3748 2005 Israel

2152 2020 2219 2074 de
2240 2021 2415 2075 medio
2444 2022 2742 2089 nationum,
2774 2026 2841 2081 ad
2872 2043 3005 2097 quas
3034 2032 3301 2099 abierunt,
3330 2042 3748 2111 etcongregaho

2152 2125 2245 2169 eos
2272 2115 2511 2186 undique
2528 2123 2585 2173 et
2606 2121 2869 2177 adducam
2894 2138 2988 2179 eos
3009 2126 3076 2180 ad
3107 2128 3328 2183 humum
3356 2140 3535 2196 sitam,
3585 2143 3641 2187 et
3668 2133 3747 2187 fa-

2153 2206 2295 2261 ciam
2325 2223 2419 2263 eos
2448 2216 2662 2280 gentem
2687 2227 2851 2266 unam
2878 2214 3126 2284 interra,
3163 2219 3217 2274 in
3250 2222 3531 2281 montibus
3564 2224 3745 2291 Israel,

2152 2298 2207 2353 et
2230 2313 2320 2355 rex
2351 2301 2491 2356 unus
2525 2302 2630 2357 erit
2657 2304 2907 2362 omnibus
2930 2309 3221 2380 imperans,
3253 2320 3309 2368 et
3340 2296 3447 2369 non
3475 2327 3637 2372 erunt
3673 2319 3749 2372 ul-

2151 2397 2237 2444 tra
2266 2391 2387 2446 dua:
2409 2401 2618 2462 gentes,
2647 2410 2751 2451 nec
2770 2387 3079 2455 dividentur
3103 2400 3333 2472 amplius
3351 2406 3402 2459 in
3428 2406 3537 2461 duo
3562 2425 3742 2479 regna,

2151 2498 2328 2552 neque
2349 2485 2659 2555 polluentur
2690 2486 2829 2543 ultra
2870 2491 2925 2545 in
2957 2492 3113 2549 idolis
3143 2498 3277 2561 suis,
3308 2506 3362 2553 et
3390 2499 3744 2557 abominatio-

2149 2573 2332 2639 nibus,
2358 2584 2413 2630 et
2450 2576 2503 2630 in
2528 2579 2737 2633 cunctis
2765 2581 3145 2651 iniquitatibus
3182 2588 3315 2653 suis,
3350 2600 3407 2644 et
3437 2592 3611 2647 salvos
3657 2599 3746 2649 eos

2150 2664 2347 2720 faciam
2380 2668 2445 2722 de
2479 2670 2747 2727 universis
2793 2674 3013 2731 sedibus
3041 2678 3155 2732 suis
3183 2679 3241 2732 in
3266 2681 3464 2749 quibus
3492 2698 3745 2752 peccave-

2149 2766 2296 2823 runt,
2349 2766 2403 2812 et
2450 2762 2719 2817 mundabo
2766 2778 2882 2830 eos,
2933 2774 2989 2820 et
3030 2778 3190 2822 erunt
3234 2771 3367 2825 mihi
3396 2776 3643 2842 populus,
3694 2784 3745 2831 et

2148 2861 2250 2917 ego
2279 2863 2375 2903 ero
2418 2851 2499 2905 eis
2538 2851 2697 2907 Deus.
2724 2853 2792 2908 Et
2834 2870 3024 2912 servus
3052 2873 3202 2913 meus
3244 2859 3413 2915 David
3450 2880 3539 2918 rex
3587 2882 3745 2935 super

2148 2955 2261 3004 eos,
2291 2948 2347 2994 et
2382 2951 2568 3010 pastor
2593 2958 2730 2999 unus
2770 2946 2876 2999 erit
2904 2948 3144 3003 omnium
3172 2965 3381 3005 eorum.
3447 2953 3502 3007 In
3528 2954 3745 3022 judiciis

2148 3028 2282 3082 meis
2314 3023 2682 3092 ambulabunt,
2714 3028 2767 3087 et
2797 3035 3051 3089 mandata
3083 3053 3202 3092 mea
3234 3041 3557 3103 custodient,
3583 3054 3634 3097 et
3669 3044 3744 3099 fa-

2146 3121 2292 3175 cient
2341 3137 2424 3187 ea,
2483 3130 2537 3177 et
2572 3123 2892 3180 habitabunt
2938 3139 3100 3198 super
3150 3115 3383 3197 terram,
3432 3149 3592 3203 quam
3621 3136 3741 3191 dedi

444 3211 597 3282 ginta
656 3214 1057 3265 ouocentauros
1113 3205 1526 3260 transtulerunt.
1596 3202 1801 3259 Sirena:
1859 3214 2043 3260 autem
2072 3194 2116 3256 Ο
2150 3226 2309 3290 servo
2334 3226 2456 3269 meo
2486 3212 2672 3280 Jacob,
2703 3216 2758 3269 in
2779 3231 2905 3286 qua'
2920 3194 3301 3275 habitaverunt
3329 3194 3515 3291 patres
3554 3227 3741 3291 vostri,

441 3306 584 3360 nun
614 3312 752 3367 quas
778 3310 879 3352 nos
909 3303 1003 3349 aut
1030 3296 1323 3361 dremones,
1358 3304 1454 3349 aut
1500 3304 1743 3351 monstra
1773 3298 2041 3366 quaedam,

438 3393 527 3451 vel
556 3379 703 3459 certe
721 3392 986 3462 dracones
1012 3404 1237 3459 magnos
1266 3389 1611 3458 interpretati
1638 3403 1847 3453 sumus,
1898 3388 2043 3458 quod

441 3481 651 3546 cristati
690 3488 815 3536 sunt
863 3489 919 3535 et
960 3479 1241 3534 volantes:
1283 3492 1380 3548 per
1411 3494 1533 3548 quae
1560 3479 1745 3533 omnia
1774 3478 2043 3537 vastitatis

442 3584 497 3631 et
526 3574 855 3631 solitudinis
877 3573 1030 3643 signa
1054 3581 1429 3628 monstrantur
1453 3591 1466 3626 :
1500 3572 1645 3642 quod
1674 3580 1824 3628 tanta
1856 3574 1927 3629 sit
1950 3574 2042 3641 de:

440 3664 716 3736 populatio
752 3663 901 3719 urbis
925 3664 1198 3733 quondam
1238 3663 1650 3732 potentissimae,
1683 3673 1742 3719 ut
1772 3680 1883 3733 prae
1910 3665 2041 3748 mul~

441 3755 673 3823 titudin'e
725 3754 1032 3809 daemonum
1063 3768 1127 3808 ac
1166 3753 1467 3809 bestiarum
1499 3753 1678 3808 nullus
1708 3754 1763 3809 in
1792 3769 1914 3809 eam
1946 3770 2042 3810 au-

442 3848 567 3904 deat
590 3853 799 3918 pastor,
834 3846 888 3900 id
911 3851 1012 3911 est,
1050 3845 1253 3901 deserti
1286 3846 1554 3916 appetitor
1580 3846 1806 3901 intrare.
1842 3846 2040 3901 Didici-

438 3955 562 3996 mus
589 3955 621 3995 a
650 3938 887 4013 quodam
935 3938 1105 3994 fratre
1156 3938 1390 3995 Elamita
1432 3940 1524 4009 qui
1572 3941 1640 3996 de
1691 3940 1797 3996 illis
1842 3940 2042 3997 finibus

438 4032 723 4105 egrediens
773 4047 919 4087 nunc
969 4030 1359 4102 Hierosolymis
1412 4032 1581 4089 vitam
1633 4033 1800 4103 exigit
1854 4050 2039 4091 mona-

437 4123 689 4189 chorum,
710 4123 1029 4178 venationes
1051 4122 1232 4193 regias
1258 4122 1445 4179 essein
1470 4122 1761 4194 Babylone,
1787 4133 1843 4181 et
1859 4128 2039 4182 omnis

440 4216 654 4286 generis
695 4214 901 4271 bestias
926 4229 1206 4270 murorum
1232 4213 1351 4287 ejus
1393 4222 1601 4271 tantum
1649 4217 1854 4273 ambitu
1883 4233 2038 4275 coer-

438 4312 570 4363 ceri.
883 4364 897 4377 ,

516 4418 534 4451 ί
569 4399 626 4453 lu
651 4398 843 4454 diebus
892 4396 998 4453 illis
1024 4406 1081 4453 et
1120 4400 1175 4453 in
1207 4407 1452 4469 tempore
1482 4399 1597 4467 illo,
1630 4400 1705 4456 ait
1748 4401 2027 4470 Dominus,

443 4511 462 4543 ‹
498 4492 715 4549 venient
743 4492 839 4546 filii
880 4492 1067 4558 Israel,
1107 4494 1209 4564 ipsi
1234 4502 1289 4548 et
1330 4493 1428 4548 ﬁlii
1455 4492 1614 4560 Juda,
1647 4495 1806 4550 simul
1837 4498 2029 4553 ambu-

445 4600 464 4633 c
501 4581 675 4637 lantes
704 4592 759 4637 et
809 4581 999 4637 Dentes
1024 4583 1412 4653 pr0perabunt,
1470 4592 1526 4639 et
1550 4584 1834 4641 Dominum
1861 4587 2029 4643 Deum

426 4664 462 4723 ἰ
501 4688 657 4727 suum
683 4683 946 4742 quaerent.
982 4672 1041 4726 In
1088 4670 1220 4727 Sion
1258 4674 1666 4746 interrogabunt
1704 4676 1871 4743 viam,
1924 4679 2030 4734 huc

442 4785 461 4816 ‹
500 4763 666 4820 facies
701 4778 887 4822 eorum
916 4764 1151 4829 venient,
1200 4773 1253 4819 et
1278 4776 1617 4835 apponentur
1643 4770 1711 4824 ad
1740 4770 2027 4825 Dominum

444 4873 463 4905 ι
500 4854 705 4910 findere
747 4838 1095 4923 sempiterno,
1142 4854 1285 4923 quod
1331 4856 1477 4911 nulla
1513 4857 1785 4913 oblivione
1826 4859 2025 4917 delebi-

444 4964 461 4996 ι
498 4955 603 4999 tur.
644 4964 664 4997 ι
706 4944 829 4999 Haec
853 4958 983 5014 ergo
1006 4946 1294 5014 pnmissio
1337 4948 1405 5001 ad
1450 4949 1815 5005 reversionem
1833 4952 2024 5023 populi

439 5037 536 5092 Dei
594 5037 661 5092 de
709 5036 1061 5105 captivitate,
1109 5052 1273 5106 quam
1308 5040 1409 5094 sub
1444 5038 1681 5111 Assyriis
1736 5043 1819 5096 vel
1864 5043 2025 5098 Chal-

439 5126 569 5181 daeis
596 5141 789 5196 passus
813 5134 896 5181 est
924 5127 979 5181 in
1011 5138 1209 5186 terram
1239 5128 1398 5195 Iuda,
1438 5130 1705 5200 pertinet,
1729 5133 1813 5187 vel
1851 5134 2023 5205 magis

437 5214 745 5281 Christiana
797 5223 1039 5287 tempora
1081 5219 1385 5289 signiﬁcat,
1430 5223 1646 5291 quando
1688 5224 1756 5277 de
1795 5224 2024 5279 diversis

438 5307 688 5378 gentibus
724 5306 819 5360 lilii
858 5306 953 5361 Dei
980 5310 1307 5365 conveniunt
1335 5311 1403 5365 ad
1469 5311 1766 5368 Ecclesiam
1800 5315 2024 5369 catholi-

438 5413 558 5454 cam
588 5406 644 5453 et
691 5399 760 5453 ad
780 5413 963 5454 veram
992 5400 1329 5470 religionem.
1371 5401 1559 5471 Ibique
1576 5414 1819 5475 quaerent
1842 5404 2021 5461 Domi-

444 5502 571 5542 num
615 5480 773 5543 suum
804 5486 1220 5559 interrogantes,
1263 5498 1320 5545 et
1345 5491 1616 5550 discentes
1643 5496 1788 5549 viam
1823 5497 2023 5551 verita-

437 5582 527 5645 tis,
564 5579 878 5648 vultumque
906 5581 1087 5636 cordis
1139 5582 1223 5637 sui
1251 5584 1319 5638 ad
1347 5582 1651 5641 faciendam
1693 5588 2020 5645 voluntatem

443 5671 533 5725 Dei
588 5678 953 5737 convertunt,
992 5670 1398 5745 jungunturque
1448 5676 1522 5731 illi
1574 5678 1775 5734 ftedere
1821 5682 2022 5751 sempi-

441 5769 617 5827 terno,
652 5762 797 5832 quod
825 5762 972 5818 nulla
1004 5762 1274 5821 oblivione
1307 5782 1549 5838 unquam
1571 5770 1851 5828 delabitur.
1885 5773 2023 5832 Nam

2147 3311 2204 3359 et
2222 3305 2542 3360 habitabunt
2593 3321 2756 3377 super
2781 3324 2901 3365 eam
2950 3311 3053 3380 ipsi
3087 3321 3141 3367 et
3168 3312 3263 3367 filii
3293 3329 3503 3381 eorum,
3541 3326 3595 3371 et
3646 3316 3741 3372 filii

2146 3386 2378 3452 filiorum
2400 3412 2587 3453 eorum
2614 3414 2786 3470 usque
2815 3400 2870 3455 in
2894 3404 3284 3473 sempiternum
3310 3425 3323 3459 :
3350 3417 3406 3463 et
3430 3408 3598 3465 David
3623 3424 3741 3465 ser-

2145 3500 2244 3542 vus
2271 3502 2441 3554 meus,
2474 3490 2727 3570 princeps
2757 3506 2945 3549 eorum
2980 3494 3036 3549 in
3066 3488 3406 3566 perpetuum.
3458 3498 3522 3552 Et
3551 3513 3741 3570 pereu-

2146 3579 2274 3635 tiam
2327 3581 2431 3636 illis
2465 3582 2662 3653 fmdtis,
2711 3595 2932 3654 pactum
2982 3591 3371 3659 sempiternum
3401 3594 3507 3647 erit
3551 3596 3649 3660 eis,
3686 3604 3741 3651 et

2146 3669 2381 3757 fundaho
2408 3688 2520 3739 eos,
2575 3683 2631 3729 et
2660 3675 3029 3747 multiplicabo
3049 3720 3063 3745 ,
3096 3691 3149 3736 et
3184 3680 3322 3740 dabo
3349 3689 3737 3757 sanctificatio-

2144 3778 2269 3818 nem
2298 3756 2476 3820 meam
2521 3767 2576 3820 in
2620 3770 2797 3825 medio
2842 3783 3030 3826 eorum
3077 3774 3132 3827 in
3161 3756 3519 3847 perpetuum,
3549 3791 3603 3836 et
3633 3785 3739 3838 erit

2144 3854 2547 3912 tabernaculum
2582 3874 2765 3914 meum
2789 3860 2842 3915 in
2872 3862 2973 3927 eis,
3008 3870 3063 3918 et
3104 3880 3199 3922 ero
3245 3868 3325 3924 eis
3352 3871 3513 3937 Deus,
3544 3883 3598 3928 et
3634 3877 3735 3945 ipsi

2142 3956 2303 3999 erunt
2340 3947 2469 4001 mihi
2501 3949 2747 4019 populus,
2794 3961 2848 4007 et
2883 3954 3058 4009 scient
3104 3967 3289 4027 gentes
3326 3964 3451 4031 quia
3500 3980 3600 4033 ego
3632 3968 3735 4022 Do-

2142 4037 2319 4091 minus
2349 4041 2717 4096 sanctilicator
2759 4042 2945 4117 Isiaci,
2999 4060 3119 4103 eum
3168 4048 3332 4106 fuerit
3378 4056 3732 4117 sanctificatio

2141 4141 2259 4179 mea
2291 4127 2343 4180 in
2369 4129 2542 4184 medio
2564 4145 2749 4187 eorum
2775 4135 2826 4187 in
2852 4146 3169 4207 perpetuum
3196 4140 3411 4204 (Exerit.
3447 4150 3676 4219 xxxvii).
3710 4172 3725 4201 ι

2140 4216 2547 4289 Iieguninarrat
2577 4216 2803 4281 historia
2828 4225 2947 4296 (ΙΙΙ
2980 4227 3104 4299 Reg.
3133 4236 3340 4303 xxxvii)
3370 4238 3470 4291 sub
3491 4216 3728 4297 Boboam

2141 4307 2249 4363 lilio
2292 4307 2596 4366 Salomonis
2640 4314 2920 4395 duodecim
2960 4318 3130 4373 tribus
3179 4320 3343 4379 fuisse
3397 4327 3622 4395 divisas,
3674 4342 3725 4386 et

2138 4399 2289 4463 duas,
2320 4400 2423 4455 hoc
2452 4409 2558 4466 est,
2585 4390 2778 4465 Iudam
2806 4413 2862 4459 et
2896 4406 3175 4479 Benjamin
3201 4427 3326 4467 cum
3348 4414 3528 4473 Ievitis
3558 4390 3622 4476 ac
3646 4438 3729 4476 sa-

2111 4493 2444 4550 rce'rdotibus
2489 4504 2703 4552 secutas
2730 4506 2851 4554 ease
2878 4499 3140 4568 Roboam,
3171 4506 3262 4574 qui
3285 4510 3529 4578 regnavit
3553 4513 3606 4567 in
3634 4514 3723 4569 Je-

2135 4586 2386 4651 rusalem,
2418 4596 2471 4642 et
2498 4604 2724 4660 regnum
2750 4592 2868 4662 ejus
2903 4596 3229 4671 appellatum
3272 4608 3356 4655 est
3381 4594 3556 4657 Juda:
3594 4608 3726 4663 alias

2131 4692 2265 4732 vero
2297 4676 2482 4733 decem
2512 4679 2682 4734 tribus
2726 4694 2845 4751 quae
2895 4685 3187 4741 dixerunt:
3229 4708 3248 4739 ‹
3298 4689 3416 4746 Non
3445 4704 3527 4748 est
3572 4700 3725 4753 nobis

2130 4781 2257 4859 pars
2288 4768 2339 4821 in
2364 4767 2552 4834 David,
2584 4785 2753 4840 neque
2784 4773 3069 4832 hzereditas
3097 4778 3150 4832 in
3175 4778 3285 4834 filio
3315 4780 3464 4838 Iesse
3490 4784 3666 4859 μεθῇ,
3700 4809 3716 4839 ι

2131 4854 2456 4912 Hieroboam
2494 4859 2603 4915 [illo
2653 4860 2886 4932 Nahath,
2915 4866 2981 4921 de
3020 4869 3162 4923 tribu
3192 4854 3591 4947 Ephrainﬂqui
3622 4854 3724 4937 fuit

2130 4949 2273 5004 ﬁlios
2304 4950 2522 5021 Joseph,
2553 4956 2869 5012 submisisse
2910 4962 3148 5017 cervices
3177 4975 3230 5019 et
3260 4970 3497 5024 servisse
3522 4972 3601 5035 ei,
3628 4989 3721 5044 ap-

2129 5042 2458 5114 pellatasque
2482 5062 2545 5101 ex
2586 5062 2777 5119 magna
2822 5059 2977 5118 parte
3022 5054 3203 5123 populi
3239 5059 3463 5129 antiquo
3499 5042 3717 5121 nomine

2128 5132 2329 5189 Israel:
2362 5145 2415 5189 et
2442 5138 2609 5193 multo
2636 5146 2875 5210 tempore
2910 5158 3130 5213 regnum
3177 5145 3315 5204 Juda
3345 5162 3397 5206 et
3427 5150 3593 5209 Israel
3624 5160 3718 5213 ad-

2128 5240 2343 5281 versum
2367 5243 2424 5283 se
2454 5230 2705 5285 habuisse
2734 5235 3053 5302 certamina,
3104 5240 3444 5311 propriisque
3467 5250 3715 5317 paruisse

2130 5317 2363 5386 regibus,
2392 5320 2705 5390 primasque
2723 5323 2907 5379 decem
2950 5326 3118 5383 tribus
3148 5340 3333 5401 captas
3358 5335 3427 5387 ab
3450 5334 3709 5410 Assyriis,

2128 5415 2182 5461 et
2204 5416 2325 5477 post
2347 5410 2681 5479 aliquantum
2726 5417 2984 5485 temporis
3010 5432 3104 5472 eas
3142 5435 3261 5488 qua:
3297 5425 3712 5493 appellabantur

2123 5500 2279 5567 Juda,
2306 5518 2333 5556 a
2364 5502 2628 5558 Chaldaeis
2656 5505 2709 5558 in’
2728 5505 3052 5579 Babylonem
3078 5512 3265 5566 ductas
3292 5528 3413 5571 esse
3443 5522 3708 5589 captivas,

2125 5600 2179 5646 et
2204 5594 2400 5647 tribum
2431 5592 2563 5647 Juda
2592 5602 2711 5665 post
2738 5612 2907 5654 annos
2928 5602 3262 5672 septuaginta
3290 5608 3527 5678 antiqua:
3551 5618 3709 5668 term:

2126 5686 2389 5741 redditam
2417 5706 2429 5742 :
2470 5689 2655 5743 decem
2685 5698 2865 5746 autem
2908 5695 3080 5751 tribus
3105 5712 3225 5767 qua:
3250 5678 3585 5759 vocabantur
3627 5705 3705 5759 Is-

2126 5776 2258 5845 rael,
2298 5789 2466 5850 usque
2502 5779 2660 5837 hodie
2689 5781 2743 5837 in
2783 5786 3055 5843 montibus
3074 5787 3405 5860 urbibusque
3425 5791 3706 5854 Medorum
