3952 6356
251 389 391 447 illi

1104 389 1465 448 EXPOSITIO
1503 385 1726 447 SUPER
1765 387 2126 446 IEREMIAM.
2169 421 2240 433 —-
2275 387 2404 446 LIB.
2447 389 2585 447 XVI.

3368 377 3514 446 “8‘2

247 512 458 566 servire
487 510 721 579 captivas
752 508 799 582 (1
819 508 855 562 γ
886 511 1014 581 Reg.
1067 527 1160 573 xu,
1213 505 1293 564 IV
1324 510 1447 582 Reg.
1485 513 1629 585 xxv).
1675 511 1822 566 Prae-
1851 512 1900 569 Α
1928 507 2243 574 Sali’atoris,
2277 510 2490 578 quando
2513 506 2910 562 tabernaculum
2932 506 3046 575 ejus
3070 507 3302 576 positum
3333 515 3416 561 est
3451 505 3509 562 in

247 619 378 660 seus
399 603 563 676 igitur
588 605 867 673 prophetia
912 604 1026 660 haec
1051 618 1242 658 exure
1286 604 1494 658 Domini
1532 605 1830 674 pollicetur,

247 697 396 768 quod
427 703 715 766 utrumque
762 697 877 752 sibi'
911 699 1169 767 jungatur
1228 697 1546 766 imperium,
1603 699 1706 753 hoc
1752 701 1835 752 est

248 773 479 858 regnum
506 787 656 844 Iudae
678 831 692 854 ,
743 799 796 844 et
823 781 1048 859 regnum
1077 786 1243 844 Israel
1272 807 1282 840 :
1335 789 1655 860 tollaturque
1683 788 1833 860 virga

249 879 530 948 Ephraim,
562 881 652 949 qui
682 880 746 934 de
792 880 962 948 stirpe
991 877 1192 949 Ioseph
1239 890 1528 949 generatus
1555 888 1668 946 est,
1709 897 1833 936 cum

249 971 478 1041 reliquis
518 972 770 1044 tribubus
800 987 919 1040 quze
963 973 1012 1026 ei
1060 973 1275 1026 sociam
1327 981 1471 1038 sunt,
1505 961 1836 1044 etjungatur

247 1061 419 1133 virgae
437 1061 610 1125 Iudas,
653 1070 712 1115 ut
747 1078 1088 1134 nequaquam
1139 1074 1357 1120 vocetur
1385 1067 1520 1121 Iuda
1569 1075 1623 1122 et
1647 1065 1833 1132 lsrael,

249 1152 347 1206 sed
377 1167 484 1205 uno
507 1153 722 1206 nomine
744 1154 1081 1223 appellentur
1099 1155 1235 1210 Iuda
1258 1171 1272 1207 :
1299 1164 1353 1209 et
1384 1158 1483 1210 sub
1515 1155 1684 1226 figura
1710 1172 1836 1226 pro-

248 1243 450 1313 phetze,
494 1245 584 1312 qui
612 1244 864 1313 praecedit
893 1246 944 1298 in
975 1253 1100 1316 typo
1137 1245 1348 1300 Domini
1390 1246 1696 1311 salvatoris,
1744 1262 1835 1301 ne—

250 1349 520 1404 quaquam
552 1336 759 1390 (luabus
783 1338 1048 1401 manibus,
1073 1337 1166 1390 sed
1195 1352 1297 1389 una
1323 1336 1519 1391 Christi
1553 1344 1838 1391 teneantur

251 1439 431 1479 manu.
463 1426 604 1480 Dicit
630 1426 770 1480 enim
810 1436 868 1479 se
898 1441 1173 1481 assumere
1196 1412 1331 1482 filios
1366 1427 1527 1482 lsrael
1556 1427 1620 1481 de
1661 1427 1837 1483 medio

252 1514 532 1568 nationum
564 1515 629 1568 ad
653 1530 788 1585 quas
811 1517 1006 1585 captivi
1037 1515 1184 1572 ducti
1224 1525 1366 1582 sunt,
1414 1527 1468 1571 et
1492 1519 1835 1573 reducturum

251 1619 348 1660 eos
375 1606 427 1660 in
456 1614 675 1673 terram,
715 1616 768 1662 et
794 1616 1006 1664 montes
1035 1608 1220 1674 lsrael,
1249 1609 1314 1665 de
1345 1610 1540 1680 quibus
1565 1625 1725 1680 supra
1756 1610 1837 1664 le-

251 1697 446 1766 gimus,
475 1694 530 1750 et
569 1695 935 1766 appellandam
963 1715 1124 1753 unam
1151 1707 1365 1769 gentem
1395 1701 1661 1771 uniusque
1692 1702 1836 1773 regis

251 1788 543 1856 regendam
582 1789 826 1858 imperio,
869 1798 929 1844 ut
960 1791 1100 1845 ultra
1131 1803 1235 1846 non
1281 1787 1590 1859 polluantur
1626 1794 1685 1847 in
1715 1795 1832 1848 ido-

1935 601 2162 655 ecclesia
2209 600 2296 655 ubi
2321 601 2492 654 laetus
2518 608 2597 653 est
2626 598 2768 654 Deus
2799 607 2999 663 noster,
3049 607 3101 653 et
3144 614 3240 653 nos
3282 597 3508 668 pumilos

1933 692 2076 765 ejus,
2103 694 2482 765 profectusque
2510 692 2748 746 omnium
2787 701 2891 756 est,
2926 697 2983 743 ut
3012 691 3181 744 sciant
3214 689 3357 758 quod
3392 689 3508 758 ipse

1935 787 2004 842 sit
2045 786 2304 841 Dominus
2328 825 2342 848 ,
2369 793 2423 838 et
2462 784 2572 852 ipse
2617 780 2916 837 sanetilicet
2960 778 3118 834 lsrael
3150 799 3160 832 :
3217 789 3322 834 non
3352 775 3509 848 juxta

1933 889 2179 940 carnem,
2227 867 2320 929 sed
2361 873 2513 942 juxta
2562 865 2834 942 spiritum,»
2886 871 3099 940 Quando
3151 869 3507 926 sanctiﬁcatio

1933 969 2048 1038 ejus
2090 967 2144 1020 in
2191 967 2364 1020 medio
2402 957 2729 1019 credentium
2778 953 3119 1018 fareta’est'in
3169 964 3506 1032 perpetuum.

1935 1057 2086 1124 Quod
2111 1066 2298 1112 autem
2329 1055 2585 1111 Dominus
2611 1053 2864 1123 objecerit
2897 1040 3091 1106 tribum
3139 1052 3416 1131 Ephraim,
3457 1060 3515 1107 et

1935 1149 2157 1221 elegerit
2189 1150 2384 1204 tribum
2411 1144 2572 1210 Iuda,
2614 1153 2670 1200 et
2702 1145 2760 1199 in‘
2784 1142 3013 1199 Psalmis
3039 1144 3281 1214 legimus.
3317 1143 3373 1197 in
3397 1143 3516 1212 quia

1935 1243 2037 1298 bus
2061 1242 2315 1312 scriptum
2342 1250 2426 1296 est
2451 1259 2462 1295 τ
2511 1261 2528 1291 ι
2561 1228 2630 1295 Εῑ
2659 1237 2851 1308 repulit
2874 1236 3274 1292 tabernaculum
3287 1235 3507 1306 Ioseph,

1936 1342 1990 1389 et
2017 1333 2211 1388 tribum
2251 1333 2483 1402 Ephrem
2512 1343 2618 1385 non
2663 1329 2845 1400 elegit,
2877 1335 2931 1384 et
2970 1327 3129 1398 elegit
3159 1325 3357 1381 tribum
3375 1325 3513 1380 Iuda

1938 1426 2107 1499 (Psal.
2149 1425 2374 1499 Lxxvu),
2411 1444 2428 1474 ι
2471 1424 2536 1477 de
2579 1437 2682 1490 qua
2713 1423 2972 1490 scriptum
3017 1429 3144 1475 est:
3193 1437 3210 1470 ι
3244 1413 3364 1502 Non
3385 1414 3518 1473 dell-

1937 1517 2043 1571 ciet
2072 1515 2320 1586 princeps
2344 1526 2408 1566 ex
2437 1511 2593 1573 Iuda,
2627 1525 2799 1578 neque
2821 1508 2926 1563 dux
2958 1511 3023 1565 de
3050 1509 3353 1564 senioribus
3373 1506 3512 1576 ejus,

1915 1607 2105 1661 donec
2128 1604 2304 1659 veniat
2345 1603 2438 1672 qui
2475 1601 2768 1655 mittendus
2813 1607 2914 1662 est,
2958 1601 3043 1654 cui
3069 1600 3361 1671 repositum
3409 1607 3513 1661 est.

1935 1705 1989 1750 et
2011 1697 2126 1766 ipse
2145 1693 2592 1764 erit-exspectatio
2619 1690 2859 1762 gentium
2912 1687 3062 1760 (Gen.
3112 1690 3279 1760 χιιι).
3317 1709 3335 1740 i
3377 1688 3518 1744 Vere

1935 1790 2077 1844 enim
2109 1790 2160 1842 in
2206 1789 2437 1842 adventu
2466 1787 2679 1841 Domini
2711 1786 2996 1841 salvatOris
3021 1784 3138 1841 dua:
3171 1786 3358 1855 virgas,
3383 1790 3518 1840 et'ut

251 1875 318 1930 lis
349 1883 403 1930 et
452 1878 941 1934 abominationibus
967 1882 1106 1936 suis:
1142 1881 1236 1936 sed
1263 1894 1384 1936 cum
1417 1882 1615 1937 fuerint
1656 1883 1721 1938 de
1745 1898 1837 1937 ca-
1864 1863 1914 1926 Β
1941 1881 1995 1933 in
2028 1878 2290 1933 Hebraico
2328 1878 2560 1948 positum
2595 1885 2701 1942 est,
2746 1878 2851 1932 duo
2880 1877 3024 1946 ligna
3056 1873 3109 1930 in
3142 1889 3304 1930 unum
3329 1874 3516 1944 juncta

248 1967 517 2037 ptivitatis
574 1963 792 2023 sedibus
842 1965 1095 2040 liberati,
1146 1972 1200 2026 in
1246 1971 1441 2041 quibus
1479 1981 1835 2043 peccaverunt

249 2059 499 2114 omnibus
521 2058 686 2124 vitiis,
715 2075 836 2116 esse
863 2063 1200 2118 mundandos
1237 2063 1291 2117 et
1346 2057 1550 2127 loturos
1582 2064 1834 2134 pupulum

250 2147 368 2213 Dei,
397 2149 470 2203 ita
494 2155 552 2203 ut
578 2148 835 2206 Dominus
854 2151 924 2205 sit
948 2151 1089 2207 Deus
1115 2159 1320 2206 eorum.
1355 2171 1374 2202 ‹
1404 2148 1469 2208 Et
1495 2164 1701 2216 serVus,
1753 2154 1836 2207 in»-

251 2239 387 2308 quit,
417 2255 569 2294 mens
597 2239 762 2295 David
793 2255 885 2295 rex
911 2256 1071 2312 super
1098 2258 1210 2296 eos.
1242 2259 1260 2295 ι
1293 2239 1371 2298 De
1391 2252 1496 2313 quo
1516 2251 1571 2298 et
1612 2244 1834 2311 angelus

251 2328 490 2400 loquitur
527 2331 580 2384 in
623 2331 908 2400 EVangeliu
955 2330 1105 2404 (Luc.
1141 2335 1201 2405 i),
1252 2336 1398 2403 quod
1427 2342 1744 2402 regnaturus
1765 2335 1835 2388 sit

251 2437 416 2494 super
451 2423 668 2476 domum
697 2422 884 2489 Iacob,
917 2429 970 2479 et
993 2424 1141 2495 regni
1161 2424 1278 2493 ejus
1299 2436 1402 2479 nun
1433 2426 1501 2480 sit
1527 2425 1666 2480 linis.
1695 2423 1834 2479 Tan-

254 2519 430 2582 taque
459 2513 562 2568 erit
604 2513 922 2580 elementiaa,
958 2523 1014 2568 ut
1043 2530 1150 2570 non
1191 2513 1362 2570 scium
1397 2529 1514 2581 rex,
1555 2515 1646 2570 sed
1675 2524 1836 2585 etpa-

253 2613 370 2660 stor
397 2603 711 2674 appelletur.
759 2605 908 2672 Quod
932 2607 1219 2674 superbum
1261 2620 1456 2662 nomen
1484 2606 1694 2675 imperii
1741 2622 1836 2676 pa-

254 2694 417 2749 storis
456 2693 771 2748 vocabulum
797 2694 1024 2766 mitiget.
1073 2694 1173 2762 Qui
1213 2704 1495 2765 postquam
1547 2697 1749 2751 ruerint
1780 2697 1834 2750 in

255 2793 470 2855 gentem
499 2798 681 2848 unam,
709 2793 766 2839 et
799 2785 855 2838 in
882 2795 1024 2839 terra
1052 2785 1248 2852 lsrael,
1289 2802 1352 2841 ae
1383 2787 1652 2844 montibus
1683 2788 1834 2842 habi-

258 2875 506 2939 taverint,
533 2874 855 2929 ambulaturi
872 2875 984 2942 sint
1016 2876 1067 2928 in
1097 2876 1346 2930 omnibus
1369 2876 1829 2946 judieiisDomini,

249 2975 306 3022 et
330 2975 593 3037 praecepta
621 2966 756 3020 illius
793 2967 1110 3022 custodituri
1137 2985 1148 3020 :
1196 2966 1486 3021 habitaturi
1519 2978 1696 3024 autem
1729 2983 1835 3022 non

251 3057 306 3112 in
336 3057 440 3110 alia
471 3064 632 3121 terra,
666 3057 759 3112 sed
798 3057 852 3111 in
879 3071 941 3110 ea
971 3072 1130 3128 quam
1155 3058 1302 3112 dedit
1329 3073 1488 3113 servo
1521 3075 1619 3114 suo
1645 3059 1828 3123 Iacob,

250 3146 305 3201 in
343 3157 448 3215 qua
488 3146 870 3200 habitaverunt
896 3154 1078 3216 patres
1100 3161 1307 3212 eorum,
1334 3148 1625 3213 Abraham,
1659 3151 1825 3214 lsaac,

1940 1978 2063 2026 sunt
2088 1980 2390 2040 sceptrum,
2428 1976 2482 2024 et
2508 1968 2561 2023 in
2604 1967 2928 2038 baptismate
2961 1966 3163 2022 Christi
3209 1966 3408 2020 dudum
3435 1978 3519 2017 se—

1937 2069 2120 2132 parata
2140 2061 2436 2125 sociantur,
2468 2067 2528 2113 ut
2566 2057 2696 2113 iisut
2718 2059 2775 2112 in
2797 2073 2957 2112 unum
2997 2070 3193 2111 novum
3240 2039 3518 2111 hominem

1937 2167 1990 2209 et
2021 2155 2072 2208 in
2100 2166 2261 2207 unam
2291 2163 2503 2223 gentem
2530 2169 2541 2205 :
2585 2166 2759 2220 neque
2783 2151 3086 2221 polluantur
3107 2149 3244 2205 ultra
3283 2149 3336 2203 in
3362 2147 3520 2202 idolis

1938 2246 1993 2300 et
2020 2244 2526 2307 abominationibus,
2552 2244 2646 2298 sed
2677 2243 2859 2296 mundi
2895 2242 3110 2298 lavacro
3156 2241 3264 2296 sint
3290 2241 3520 2311 populus

1938 2337 2053 2403 Dei,
2086 2345 2140 2390 et
2168 2336 2393 2406 imperet
2436 2335 2514 2389 eis
2544 2334 2814 2409 Christus,
2844 2343 2899 2387 et
2939 2318 3183 2388 habitent
3221 2346 3382 2404 super
3409 2341 3519 2387 ter-

1940 2443 2078 2493 ram,
2130 2432 2434 2496 terramque
2477 2427 2768 2480 viventium
2799 2441 2958 2495 quam
2994 2425 3394 2481 dederatservo
3419 2439 3520 2481 suo

1937 2523 2117 2587 Iacob,
2151 2524 2241 2593 qui
2263 2524 2518 2594 populum
2549 2521 2710 2578 lsrael
2740 2522 2791 2576 in
2820 2523 3008 2576 matris
3030 2510 3521 2592 utero'supplanta-

1937 2615 2035 2668 vit.
2084 2612 2179 2668 Sin
2210 2620 2391 2668 autem
2437 2607 2762 2673 voluerimus
2799 2611 2950 2680 juxta
2995 2612 3329 2682 prophetiam
3381 2609 3520 2665 Osee

1938 2719 2055 2772 quae
2082 2715 2219 2773 pene
2246 2703 2424 2757 omnis
2471 2700 2540 2755 ad
2581 2703 2764 2756 decem
2815 2702 2986 2754 tribus
3027 2699 3293 2770 dirigitur,
3349 2700 3399 2754 id
3435 2707 3521 2754 est

1938 2795 2004 2848 ad
2045 2792 2268 2862 Ioseph,
2303 2801 2358 2847 et
2385 2792 2664 2862 prraim,
2691 2801 2744 2846 et
2782 2790 3106 2856 Samariam,
3133 2799 3189 2844 et
3215 2790 3396 2852 lsrael,
3430 2791 3521 2844 in-

1938 2885 2176 2954 telligere
2207 2883 2580 2938 falsi'nominis
2631 2882 2914 2941 scientiam
2942 2923 2955 2947 ,
2987 2889 3041 2934 et
3089 2882 3292 2936 divisas
3330 2881 3519 2936 turbas

1937 2974 2333 3038 hinreticorum,
2372 2975 2472 3045 hoc
2497 2972 2757 3035 dicemus,
2791 2970 2930 3040 quod
2958 2970 3012 3024 in
3045 2967 3234 3023 ultimo
3281 2979 3520 3038 tempore

1943 3083 1961 3114 ‹
2004 3065 2216 3131 quando
2269 3062 2653 3116 subintraverit
2698 3061 2974 3131 plenitudo
3016 3062 3278 3131 gentium,
3318 3070 3372 3114 et
3403 3076 3520 3115 om-

1938 3158 2022 3212 nis
2042 3156 2204 3212 lsrael
2231 3157 2410 3210 salvus
2455 3155 2617 3210 fuerit
2642 3154 2810 3225 (Rom.
2856 3155 2954 3222 ιι).
2991 3174 3009 3204 ι
3056 3154 3204 3207 Tunc
3231 3155 3393 3208 etiam
3423 3156 3520 3210 ad-

248 3245 306 3292 et
331 3235 515 3302 Iacob,
546 3245 602 3291 et
635 3237 826 3306 reliqui
852 3239 1026 3292 sancti
1054 3256 1066 3290 :
1096 3245 1149 3292 et
1188 3253 1292 3294 non
1337 3239 1508 3294 solum
1555 3240 1654 3310 ipsi
1683 3243 1831 3318 habi-
1860 3233 1905 3298 C
1936 3249 2162 3304 versarii
2189 3248 2368 3318 populi
2399 3249 2488 3317 qui
2517 3255 2703 3301 contra
2734 3245 2952 3300 domum
3001 3244 3170 3309 luam,
3206 3255 3260 3299 ει
3307 3245 3518 3301 comes.

248 3327 418 3381 taturi
441 3327 568 3392 sint,
599 3327 694 3384 sed
720 3335 776 3383 et
795 3327 918 3383 tiliae
947 3343 1134 3384 eorum
1164 3343 1229 3384 ac
1251 3339 1494 3399 nepotes,
1519 3329 1674 3400 juxta
1706 3315 1834 3386 illud

250 3423 601 3494 Virgilianutn
630 3437 645 3476 :

404 3521 465 3572 Et
488 3522 850 3583 murmurum,
872 3530 925 3572 et
947 3523 1029 3584 qui
1065 3529 1327 3573 nascentur
1350 3524 1410 3572 ab
1429 3523 1560 3587 illis;

249 3605 599 3673 habitantque
625 3615 732 3659 non
758 3605 827 3661 ad
845 3605 1006 3660 breve
1029 3614 1258 3675 tempus,
1291 3609 1386 3662 sed
1413 3609 1467 3662 in
1491 3617 1829 3678 perpetuum.

247 3694 427 3751 Vultis
443 3701 622 3749 autem
652 3695 793 3748 scire
822 3693 912 3764 qui
943 3695 1012 3749 sit
1035 3694 1136 3750 iste
1159 3710 1251 3749 rex
1276 3703 1330 3749 et
1356 3699 1580 3765 pastor?
1607 3698 1724 3768 ipse
1749 3707 1834 3752 est

247 3787 316 3843 de
351 3799 458 3855 quo
480 3796 640 3856 supra
664 3785 776 3839 dixi
807 3799 822 3838 :
854 3803 873 3835 ι
905 3783 1106 3840 Servus
1135 3800 1287 3840 meus
1310 3786 1498 3841 David.
1531 3807 1550 3839 ι
1582 3817 1648 3827 -
1680 3803 1698 3837 ι
1730 3786 1830 3854 Qui

245 3892 372 3934 eum
389 3877 443 3930 in
454 3875 627 3930 lorma
641 3874 735 3928 Dei
749 3883 910 3940 esset,
927 3889 1037 3928 non
1050 3883 1132 3930 est
1148 3876 1389 3946 rapinam
1408 3877 1701 3932 arbitratus
1713 3893 1833 3932 esse

246 3982 309 4024 se
332 3965 592 4037 aqualem
611 3963 720 4019 Deo
738 3980 751 4017 :
768 3964 862 4019 sed
883 3964 1492 4019 seexinacivitl'ormam
1523 3967 1664 4021 servi
1695 3967 1833 4022 acci-

246 4060 421 4130 piens,
444 4067 498 4112 et
520 4056 692 4136 iactus
718 4062 804 4111 est
826 4055 1086 4110 obediens
1109 4053 1254 4109 Patri
1285 4069 1456 4125 usque
1486 4056 1552 4110 ad
1580 4066 1832 4123 mortem,

248 4157 478 4205 mortem
509 4155 689 4201 autem
727 4145 903 4200 erucis
943 4142 1254 4215 (ιἸιὶιὶρ.ιι).
1298 4163 1318 4196 ι
1342 4145 1583 4214 Cumque
1611 4147 1712 4201 sub
1740 4145 1832 4201 tali

247 4256 376 4312 rege
404 4238 624 4304 fuerint,
648 4238 944 4309 percutiam
966 4236 1073 4292 illis
1103 4236 1281 4293 {indue
1301 4237 1472 4306 pacis,
1495 4253 1829 4308 nequaquam

250 4334 376 4389 utin
391 4333 556 4388 veteri
571 4339 891 4387 testamento
900 4330 1255 4386 certaminum
1267 4339 1430 4399 atque
1440 4330 1720 4396 bellorum,
1736 4333 1829 4387 sed

248 4433 470 4497 pactum
489 4424 656 4494 pacis,
681 4438 800 4493 quae
818 4429 1106 4490 exsuperat
1127 4434 1343 4476 omnem
1364 4435 1601 4486 sensum,
1628 4421 1694 4476 de
1723 4437 1828 4492 qua

249 4517 499 4574 Salvator
524 4516 760 4586 loquitur
794 4515 862 4570 ad
904 4516 1214 4584 apostolos:
1271 4531 1292 4564 ι
1331 4514 1532 4568 Pacem
1556 4526 1732 4569 meam
1758 4514 1828 4570 do

247 4605 433 4673 vobis,
461 4620 648 4678 pacem
676 4605 924 4675 relinquo
950 4605 1099 4661 vobis
1134 4604 1312 4676 (Joan.
1345 4605 1496 4674 xxv):
1535 4624 1554 4656 ι
1589 4614 1642 4660 et
1689 4604 1824 4660 Pro-
1850 4591 1902 4653 Β

247 4700 412 4771 pheta
460 4697 634 4753 dicit:
673 4713 696 4748 (
727 4697 926 4752 Factus
943 4701 1027 4752 est
1071 4697 1127 4750 in
1157 4708 1286 4764 pace
1329 4693 1480 4750 locus
1499 4693 1618 4762 ejus
1647 4692 1818 4766 (Ρεαι.

248 4789 434 4862 tur).
469 4806 489 4841 ι
512 4790 659 4857 Quos
681 4805 805 4846 cum
834 4791 886 4843 in
915 4789 1152 4844 Ecclesia
1182 4785 1485 4842 fundaverit
1509 4782 1566 4840 et
1588 4786 1826 4841 stabilie-

248 4881 364 4947 ῆι,
406 4879 481 4934 ita
521 4890 581 4934 ut
604 4881 808 4948 possint
836 4879 1063 4934 dicere:
1121 4895 1140 4930 ‹
1178 4877 1378 4932 Statuit
1421 4892 1582 4947 supra
1611 4883 1819 4946 petram

247 4973 414 5047 pedes
447 4986 597 5029 meos
636 4970 807 5044 (Paul.
840 4975 1050 5043 xxxix),
1081 4988 1100 5023 ι
1149 4979 1278 5024 tunc
1304 4969 1816 5040 multiplicabuntur,

252 5064 337 5121 vel
372 5061 703 5119 credentium
740 5075 986 5129 numero,
1045 5061 1132 5116 vel
1185 5059 1624 5130 multiplicatione
1649 5060 1821 5115 virtu-

251 5165 386 5211 tum.
417 5174 435 5207 ‹
472 5154 539 5209 Et
567 5154 723 5217 dabo,
752 5153 942 5222 inquit,
970 5142 1452 5208 sanetiilcaiionem
1481 5165 1682 5217 meam,
1708 5151 1821 5206 sive

247 5245 616 5304 sanctuarium
635 5257 832 5309 meum,
857 5243 912 5297 in
939 5243 1116 5300 medio
1142 5257 1332 5300 eorum
1357 5242 1411 5297 in
1437 5253 1772 5313 perpetuum.
1794 5261 1813 5294 ι

246 5337 405 5405 Quod
463 5333 630 5390 Iudici
681 5335 748 5391 de
796 5334 997 5404 templo
1034 5336 1476 5408 interpretantur,
1532 5335 1677 5407 quod
1717 5335 1819 5390 sub

247 5425 545 5492 Zorobabel
566 5423 894 5481 exstruetum
915 5434 1016 5481 est.
1040 5425 1150 5482 Sed
1171 5427 1439 5498 quomodo
1458 5438 1602 5482 stare
1621 5426 1822 5498 poterit

246 5515 372 5580 hoc,
401 5515 550 5589 quod
574 5514 788 5580 dicitur,
822 5515 877 5570 in
915 5522 1269 5585 perpetuum:
1309 5532 1430 5572 cum
1453 5517 1708 5588 templum
1751 5516 1816 5571 il-

245 5605 342 5664 lud
363 5606 506 5676 quod
525 5624 556 5661 a
569 5605 865 5662 Zombubel
889 5615 1219 5663 exstructum
1231 5616 1316 5665 est
1341 5617 1396 5665 et
1414 5617 1602 5679 postea
1622 5626 1653 5665 a
1680 5608 1820 5663 mul-

246 5699 322 5754 tis
353 5698 730 5764 instauratum,
771 5697 1012 5756 Romano
1038 5699 1160 5769 igne
1193 5713 1507 5756 succensum
1544 5699 1647 5754 sit?
1684 5698 1814 5766 Qua:

247 5791 431 5860 omnia
458 5790 744 5850 referenda
780 5793 909 5848 sunt
930 5790 999 5848 ad
1026 5789 1323 5849 Ecdesiam
1362 5800 1418 5848 et
1455 5791 1523 5848 ad
1555 5799 1812 5861 tempora

1938 3342 2145 3399 sionem
2182 3337 2437 3394 Ecclesiae
2464 3342 2855 3408 pugnaverunt,
2891 3334 3106 3389 tradant
3149 3350 3207 3389 se
3253 3334 3516 3406 ecclesia-r

1937 3435 2084 3488 sticze
2115 3433 2259 3495 lidei,
2293 3429 2651 3495 etuniversis
2669 3428 2944 3497 erroribus
2965 3425 3265 3490 derelictis,
3297 3437 3351 3481 et
3371 3428 3516 3498 prin-

1933 3524 2144 3594 cipiliUS
2169 3522 2350 3576 mundi
2380 3522 2534 3575 istius
2561 3520 2650 3588 qui
2679 3519 3048 3583 destruantur,
3099 3527 3156 3575 et
3193 3519 3518 3588 patriarcliis

1935 3615 2070 3678 suis,
2100 3613 2212 3682 .qui
2243 3627 2336 3666 eos
2380 3611 2432 3664 in
2483 3608 2937 3678 blasphemiarum
2979 3607 3256 3662 baratrum
3281 3609 3513 3663 deduxe-

1932 3713 2090 3769 runt,
2121 3712 2448 3772 consurgant
2470 3710 2526 3755 et
2551 3700 2858 3768 relinquant
2892 3699 3029 3754 idola
3061 3715 3188 3765 sua,
3218 3708 3274 3755 et
3302 3701 3510 3755 abomi-

1935 3797 2180 3850 nationes
2210 3807 2355 3857 suas,
2392 3807 2526 3860 quas
2554 3791 2621 3845 de
2657 3806 2754 3845 suo
2791 3790 2954 3845 corde
2995 3789 3406 3845 conﬂuxerant:
3457 3797 3516 3845 et

1934 3892 2001 3943 de
2028 3887 2233 3942 eunetis
2259 3883 2475 3939 sedibus
2489 3883 2622 3946 suis,
2644 3882 2697 3935 in
2722 3881 2918 3950 quibus
2932 3887 3310 3950 peccaverant,
3335 3888 3511 3934 trans-

1933 3985 2059 4035 eant
2107 3979 2174 4033 ad
2217 3975 2636 4031 ecclesiasticam
2663 3974 2847 4036 tidem,
2897 3972 3276 4038 emundentur,
3307 3980 3364 4026 et
3400 3971 3513 4028 sint

1932 4067 2160 4138 populus
2189 4062 2432 4128 Christi,
2455 4070 2512 4133 et.
2539 4061 2652 4130 ipse
2679 4060 2750 4113 sit
2775 4061 2916 4114 Deus
2941 4074 3149 4114 eorum.

2010 4139 2034 4209 ι’
2057 4157 2200 4214 Grex
2225 4155 2466 4226 perditus
2494 4152 2668 4208 factus
2693 4160 2774 4206 est
2799 4152 3027 4222 populus
3050 4166 3222 4217 meus,
3262 4161 3507 4221 pastores

1939 4269 1956 4302 ι
2001 4265 2186 4306 eorum
2215 4247 2540 4301 seduxerunt
2565 4253 2675 4307 eos,
2707 4242 3052 4313 [eceruntque
3078 4243 3254 4313 vagari
3272 4243 3327 4297 in
3355 4258 3506 4299 mon-

1937 4358 1957 4390 ‹
2001 4340 2160 4393 tibus.
2193 4337 2268 4390 De
2298 4327 2478 4407 monte
2503 4335 2557 4388 in
2583 4333 2773 4389 collem
2801 4332 3133 4388 transierunt
3160 4351 3171 4386 :
3205 4333 3354 4388 obliti
3379 4344 3506 4390 sunt

1936 4448 1955 4480 ς
2001 4426 2192 4482 cubilia
2233 4428 2335 4480 sui.
2398 4423 2598 4478 Omnes
2648 4423 2739 4492 qui
2792 4423 3112 4478 invenerunt
3158 4423 3506 4478 comederunt

1937 4538 1954 4571 ι
1991 4535 2135 4575 eos.»
2157 4516 2445 4590 (Manlius).
2476 4514 2587 4570 Hac
2600 4515 2867 4570 sententia
2894 4515 3220 4570 denotamur
3245 4529 3398 4586 reges
3429 4517 3502 4570 ise

1926 4613 2238 4667 raelitarum
2263 4609 2354 4679 qui
2380 4620 2562 4662 errare
2607 4605 2850 4660 fecerunt
2877 4604 3128 4674 populum
3158 4620 3189 4659 a
3229 4605 3378 4659 cultu
3415 4605 3500 4660 di-

1925 4705 2071 4769 vino,
2117 4710 2170 4756 et
2215 4700 2484 4755 declinare
2509 4697 2575 4752 ad
2601 4697 2962 4752 idololatriam
2991 4716 3004 4750 :
3035 4708 3265 4767 quorum
3295 4698 3500 4766 primus

1924 4793 2244 4858 Hieroboam
2271 4789 2372 4842 fuit
2398 4788 2541 4843 ﬁlius
2564 4787 2793 4854 Nabath,
2847 4790 2938 4858 qui
2964 4774 3146 4842 decem
3174 4789 3346 4844 tribus
3370 4787 3498 4861 fecit

1923 4883 2145 4938 adorare
2173 4879 2370 4935 vitulos
2395 4895 2608 4942 aureos,
2638 4893 2862 4947 quorum
2889 4893 3052 4931 unum
3073 4879 3252 4948 posuit
3272 4878 3324 4932 in
3355 4879 3494 4943 Dan,

1922 4984 1977 5032 et
2013 4973 2242 5030 alterum
2268 4973 2322 5027 in
2346 4970 2550 5035 Betbel,
2579 4977 2635 5024 et
2651 4969 2859 5034 Achab,
2891 4970 2957 5024 de
2981 4983 3085 5038 qua
3113 4969 3390 5039 Scriptura
3420 4969 3498 5023 di-

1922 5066 1996 5122 cit
2024 5084 2036 5118 :
2071 5064 2212 5134 quod
2237 5064 2573 5119 venundatus
2601 5063 2692 5127 sit,
2724 5069 2784 5115 ut
2811 5061 3012 5117 faceret
3046 5061 3244 5116 malum
3276 5062 3332 5115 in
3360 5077 3494 5115 cutt-

1920 5165 2104 5227 spectu
2155 5154 2395 5217 Domini,
2449 5158 2548 5207 nec
2586 5167 2692 5206 non
2724 5161 2781 5206 et
2812 5155 3038 5207 cazt'eros
3074 5165 3230 5220 reges
3256 5148 3493 5219 ejusdem

1917 5246 2098 5318 populi
2126 5259 2263 5316 quos
2289 5243 2463 5314 arguit
2491 5241 2768 5311 Scriptura
2791 5241 3232 5311 praevaricatores
3255 5253 3374 5296 esse
3412 5238 3491 5294 le-

1919 5338 2000 5407 gis
2024 5337 2138 5392 Dei.
2177 5335 2396 5408 Mystice
2427 5342 2607 5390 autem
2652 5321 3173 5405 signiﬁcatscribas,
3220 5339 3279 5387 et
3301 5331 3489 5401 phari-

1920 5442 2079 5492 saeus,
2126 5427 2212 5482 vel
2237 5426 2399 5481 etiam
2421 5425 2721 5481 haereticos
2766 5423 2856 5493 qui
2899 5423 3038 5478 fastu
3067 5422 3330 5492 superbiae
3354 5436 3490 5488 suae,

1920 5517 2243 5573 induxerant
2268 5527 2444 5571 sectas
2470 5515 2782 5587 perditionis
2825 5515 2886 5581 in
2907 5513 3158 5584 populum
3186 5514 3303 5579 Dei,
3323 5513 3488 5568 variis

1920 5606 2436 5678 transgressionibus
2475 5591 2732 5661 facientes
2766 5605 3093 5660 obnoxium:
3132 5612 3191 5674 et
3232 5604 3486 5673 quoniam

1917 5699 2270 5754 deseruerunt
2299 5698 2638 5752 traditionem
2668 5695 2860 5749 divine
2887 5693 3040 5765 legis,
3071 5701 3126 5748 et
3147 5699 3489 5747 recesserunt

1917 5790 1986 5848 de
2010 5788 2171 5846 cubili
2203 5796 2401 5844 sancta:
2427 5786 2702 5851 Ecclesiae,
2737 5785 2829 5842 ubi
2854 5798 3089 5856 sponsus
3129 5797 3254 5839 eum
3283 5796 3484 5850 sponsa
