3952 6316
472 364 612 419 1H3

1124 366 1179 419 Β.
1228 365 1477 420 BABANI
1520 365 1739 423 MAURI
1778 368 2102 425 ARCHIEP.
2148 360 2459 429 MOGUNT.
2504 375 2788 432 OPERUM
2830 378 3009 436 PARS
3049 382 3141 438 lll.‘

3626 390 3756 447 ΗΜ

466 479 807 549 colloquitur.
858 479 997 535 Oves
1032 480 1126 535 Dei
1154 479 1449 544 Christum,
1479 482 1572 551 qui
1597 483 1793 536 ostium
1831 490 1936 547 est,
1969 499 2065 553 op-
2093 486 2143 546 Α
2169 492 2284 547 est,
2328 485 2529 541 salvari
2577 503 2683 543 non
2730 498 2926 560 potest.
2958 491 3059 559 Qui
3105 496 3270 551 etiam
3317 500 3636 558 recordatus
3674 507 3759 563 ubi

465 572 760 641 posuerunt
789 578 978 626 contra
1005 571 1143 637 illos,
1190 572 1281 642 qui
1316 570 1558 626 lacerant
1589 586 1683 627 eas
1710 573 1919 642 peccati
1947 574 2061 643 spi-

465 664 622 730 culis,
662 664 864 735 quique
894 666 997 721 hoc
1026 680 1125 735 pro
1156 664 1322 719 nihilo
1358 674 1621 735 perpetuo
1651 663 1855 720 ducunt
1881 672 1938 721 et
1964 666 2062 721 du-

464 757 661 812 xerint.
682 757 836 812 Unde
864 764 918 813 et
944 757 1221 827 sequitur:

537 865 557 899 ι
594 846 785 902 Hostes
806 862 995 903 eorum
1026 847 1281 901 dixerunt
1309 864 1322 899 :
1369 864 1387 898 ‹
1427 846 1542 902 Νοη
1565 848 1928 919 peccavimus,
1959 865 2059 920 pro

468 956 487 989 ι
530 952 596 994 eo
636 941 777 1010 quod
822 947 1182 1011 peccaverunt
1231 939 1458 995 Domino
1489 940 1671 1005 decori
1707 941 1949 1011 iustitiae,
2004 949 2061 997 et

468 1051 486 1085 ι
529 1033 917 1103 exspectationi
943 1040 1158 1102 patrum
1186 1048 1373 1089 eorum
1398 1014 1722 1087 aDomino.»
1740 1032 1973 1089 Possunt
2003 1040 2061 1089 et

462 1124 773 1180 sacerdotes
813 1123 940 1177 mali
978 1122 1133 1193 juxta
1171 1123 1525 1194 tropologiam
1558 1123 1612 1177 in
1645 1124 1777 1193 ipsis
1818 1124 2056 1195 pastori-

458 1216 560 1272 bus
597 1217 791 1287 accipi,
814 1218 907 1289 qui
938 1219 1086 1273 curis
1116 1216 1405 1272 mundanis
1438 1225 1494 1272 et
1517 1216 1785 1273 illecebris
1806 1220 2053 1290 volupta-

459 1318 572 1365 tum
610 1312 797 1377 dediti,
835 1328 1011 1368 causze
1039 1312 1175 1368 ﬁunt
1212 1311 1533 1383 perditionis
1563 1313 1738 1384 plebis
1772 1314 1873 1370 sibi
1901 1330 2053 1371 com-

457 1406 656 1460 missze.
708 1407 782 1461 De
835 1408 1031 1477 quibus
1080 1422 1179 1478 per
1222 1408 1543 1480 prophetam
1591 1410 1788 1466 dicitur
1832 1410 2054 1467 :Causa

457 1496 626 1550 ruinae
678 1496 858 1567 populi
906 1497 1219 1554 sacerdotes
1254 1500 1402 1554 mali.
1464 1500 1569 1567 Qui
1613 1501 1741 1556 licet
1764 1511 2052 1571 peccatum

454 1588 658 1655 gramle
686 1600 783 1655 per
809 1588 1194 1660 negligentiam
1214 1606 1367 1645 suam
1392 1592 1790 1657 commiserint,
1819 1607 1885 1647 eo
1907 1593 2053 1663 quod

455 1688 641 1733 contra
677 1690 1005 1750 prmceptum
1048 1682 1294 1751 justitiae,
1338 1693 1394 1739 et
1424 1700 1575 1756 spem
1626 1684 1823 1743 futura:
1861 1703 2047 1743 remu-

455 1770 771 1835 ncrationis,
804 1785 932 1826 oves
958 1771 1160 1827 Christi
1199 1773 1451 1844 luporum
1486 1776 1756 1832 morsibus
1810 1777 2050 1833 tradide-

2163 575 2669 647 fueritJerusalem,
2719 582 3026 653 ingemiscit
3076 594 3131 642 et
3176 588 3305 644 dicit
3349 610 3359 643 ε
3415 611 3433 644 ι
3482 594 3759 662 Quomodo

2162 669 2501 725 cantabimus
2532 673 2809 729 canticum
2847 677 3062 732 Domini
3101 679 3155 733 in
3193 688 3337 737 terra
3371 685 3549 742 aliena
3588 686 3756 759 (Psal.

2161 762 2412 834 cxxxvr);
2449 784 2468 815 ι
2510 774 2565 817 et
2592 766 2719 834 quia
2758 766 3091 837 impossibile
3117 781 3201 826 est
3234 774 3286 828 in
3322 774 3601 849 Babylone
3630 795 3760 835 oon-

2160 854 2409 908 stitutum
2441 855 2551 909 Deo
2573 858 2792 926 organis
2827 872 3047 925 canere,
3074 862 3250 917 otiosa
3300 867 3500 938 quippe
3542 870 3617 924 ibi
3640 879 3760 925 sunt

2160 958 2363 1015 organa
2392 945 2717 1016 hymnorum
2756 948 2883 1015 Dei,
2927 962 3214 1022 pmpterea
3243 956 3444 1011 dicitur
3492 974 3592 1029 per
3628 961 3758 1015 Pro-

2158 1038 2383 1107 phetam
2412 1056 2424 1092 :
2464 1057 2483 1090 ‹
2520 1039 2695 1110 Super
2728 1040 2947 1096 ﬂumina
2981 1044 3291 1115 Babylonis,
3333 1050 3407 1105 ibi
3448 1051 3687 1108 sedimus
3710 1062 3762 1109 et

2158 1126 2404 1184 ﬂevimus
2449 1146 2573 1186 cum
2626 1132 3041 1189 recordaremur
3086 1136 3247 1205 Sion;
3303 1141 3357 1196 in
3403 1143 3663 1200 salicibus
3708 1146 3759 1201 in

2158 1219 2339 1274 medio
2385 1219 2502 1290 ejus
2552 1222 2935 1291 suspendimus
2980 1240 3183 1296 organa
3234 1239 3421 1285 nostra
3470 1232 3683 1304 (Ibid.).
3736 1254 3754 1286 ι

2159 1306 2434 1378 Suspensa
2462 1318 2589 1365 sunt
2617 1326 2823 1382 organa
2878 1324 3067 1370 nostra
3108 1320 3346 1387 quandiu
3390 1322 3445 1375 in
3488 1321 3762 1393 Babylone

2157 1416 2365 1468 sumus,
2402 1403 2457 1457 in
2500 1402 2755 1459 salicibus
2795 1404 3079 1462 ﬂuminum
3131 1410 3442 1482 Babylonis.
3480 1412 3539 1467 Si
3580 1426 3758 1471 autem

2158 1494 2529 1551 invenerimus
2559 1496 2890 1564 Jerusalem,
2926 1499 3105 1555 locum
3131 1502 3356 1559 visionis
3384 1514 3441 1559 et
3468 1507 3639 1575 pacis,
3670 1523 3757 1561 or—

2156 1601 2294 1657 gana
2321 1602 2442 1656 qua:
2477 1596 2604 1641 ante
2644 1589 2819 1643 otiosa
2864 1591 3189 1661 pendebant,
3239 1603 3365 1650 tunc
3408 1610 3760 1654 assumuntur

2155 1676 2210 1731 in
2238 1677 2506 1743 manibus,
2536 1687 2664 1733 tunc
2686 1679 2889 1751 jugiter
2917 1682 3220 1751 psallimus,
3246 1696 3375 1742 time
3404 1689 3760 1743 continuatim

2154 1770 2564 1836 citharizamus,
2611 1779 2667 1827 et
2692 1788 2798 1827 non
2827 1781 2911 1827 est
2943 1784 3156 1844 tempus
3182 1770 3398 1846 quando
3430 1796 3539 1835 non
3583 1780 3763 1834 laude-

452 1865 562 1917 rint
592 1882 602 1917 :
637 1873 817 1920 tamen
842 1865 987 1920 nulla
1017 1867 1360 1936 poenitentia,
1391 1868 1476 1923 vel
1518 1876 1664 1923 metu
1714 1868 1906 1925 futurae
1929 1870 2049 1925 vin-
2078 1865 2127 1925 B
2155 1862 2345 1919 demus
2375 1864 2542 1919 Deum
2588 1879 2685 1935 per
2734 1880 2796 1919 ca
2825 1879 3029 1936 organa
3055 1882 3175 1937 quae
3207 1868 3473 1926 habemus
3505 1872 3559 1927 in
3595 1873 3763 1926 mani-

450 1956 608 2011 tlictze
646 1958 905 2012 commoti
947 1971 1004 2013 se
1052 1975 1079 2013 a
1113 1960 1348 2030 peccatis
1397 1961 1671 2033 corrigere
1698 1961 1918 2017 student
1948 1976 1963 2017 :
1996 1972 2051 2019 et

455 2049 713 2103 excaecati
764 2049 983 2120 pulvere
1046 2066 1301 2106 curarum
1371 2060 1728 2117 terrenarum,
1798 2054 1927 2109 caeci
1982 2054 2049 2109 ad

454 2142 633 2214 ignem
661 2144 861 2199 vadunt
889 2153 1230 2215 perpetuum.
1259 2145 1376 2214 Qua
1407 2155 1588 2201 autem
1622 2156 1804 2203 mente
1834 2148 2047 2203 anima-

454 2251 577 2289 rum
602 2236 801 2307 prtesul
839 2237 1047 2293 honore
1072 2238 1330 2307 pastorali
1358 2238 1503 2293 inter
1524 2248 1753 2295 caeteros
1780 2241 1972 2306 utitur,
1996 2251 2052 2295 et

454 2328 598 2382 inter
635 2337 851 2384 terrena
881 2330 1120 2401 negotia,
1151 2346 1271 2400 quae
1294 2330 1692 2401 reprehendere
1722 2333 1777 2387 in
1802 2332 1923 2387 aliis
1955 2333 2051 2387 de-

456 2418 589 2483 buit,
621 2420 736 2489 ipse
762 2429 1012 2474 versatur
1043 2439 1055 2473 :
1089 2422 1232 2489 quod
1255 2408 1521 2485 videlicet,
1566 2438 1631 2477 ex
1666 2422 1746 2477 ira
1771 2422 1935 2491 justze
1960 2437 2044 2477 re-

452 2513 761 2569 tributionis
790 2530 886 2584 per
910 2515 1229 2585 prophetam
1249 2514 1511 2571 Dominus
1538 2517 1795 2582 minatur,
1823 2519 2043 2573 dicens:

452 2602 519 2657 Et
540 2605 645 2658 erit
697 2606 838 2660 sicut
883 2605 1111 2676 populus
1140 2607 1221 2661 sic
1271 2607 1525 2663 sacerdos
1551 2605 1809 2678 (Malae/1.
1842 2609 1904 2679 ι).
1938 2608 2041 2664 Sa-

449 2696 641 2751 cerdos
672 2697 870 2767 quippe
912 2706 996 2753 est
1024 2707 1081 2752 ut
1104 2698 1355 2769 populus,
1398 2700 1615 2769 quando
1643 2716 1706 2756 ea
1733 2702 1842 2773 agit
1871 2702 1917 2757 is
1954 2702 2047 2772 qui

451 2787 681 2856 spiritali
719 2786 893 2844 oﬂicio
946 2787 1208 2861 fungitur,
1254 2805 1374 2861 qua:
1418 2791 1493 2846 illi
1524 2793 1784 2848 nimirum
1817 2793 2044 2859 faciunt,

447 2881 538 2949 qui
566 2881 741 2935 adhuc
764 2884 829 2935 de
859 2880 1053 2936 studiis
1083 2881 1394 2937 carnalibus
1418 2881 1753 2952 judicantur.

523 2996 539 3023 ι
581 2972 836 3027 Beccdite
874 2972 940 3027 de
984 2972 1163 3028 medio
1200 2972 1511 3047 Babylonis,
1538 2984 1595 3031 et
1632 2976 1697 3032 de
1722 2984 1870 3032 terra
1891 2976 2048 3033 Chal-

454 3082 471 3112 ι
514 3063 750 3117 dznurum
797 3062 1155 3133 egredimini,
1204 3072 1261 3120 et
1316 3073 1490 3121 estote
1543 3067 1699 3136 quasi
1740 3068 1879 3124 haedi
1921 3079 2047 3125 ante

452 3176 469 3206 ι
509 3170 723 3226 gregem
750 3174 763 3210 :
790 3156 1046 3225 quoniam
1078 3171 1205 3212 ecce
1234 3172 1335 3229 ego
1364 3161 1655 3226 suscitabo,
1692 3170 1749 3217 et
1778 3162 2043 3219 adducam

453 3266 470 3297 ε
516 3248 568 3301 in
600 3247 926 3319 Babylonem
958 3250 1430 3320 congregationem
1461 3253 1700 3322 gentium
1726 3270 2043 3325 magnarum

454 3359 473 3391 ι
512 3341 580 3396 de
602 3349 747 3395 terra
760 3341 1068 3411 Aquilonis,
1083 3351 1138 3397 et
1154 3345 1605 3413 przeparabuntur
1626 3344 1887 3401 adversus
1901 3361 2045 3414 eam,

450 3452 470 3485 ι
506 3442 561 3489 et
590 3434 715 3488 inde
749 3433 993 3504 capietur
1026 3452 1039 3488 :
1075 3434 1271 3506 sagitta
1305 3432 1424 3503 ejus
1456 3436 1612 3505 quasi
1646 3436 1748 3491 viri
1780 3438 1936 3494 fortis
1966 3439 2047 3493 in-

452 3544 470 3577 ‹
510 3524 835 3591 terfectoris,
871 3540 979 3581 non
1011 3533 1313 3581 revertetur
1337 3542 1525 3583 vacua.
1564 3548 1582 3580 ι
1621 3527 1925 3585 Secundum
1964 3531 2049 3587 hi-

446 3618 671 3673 storiam
696 3625 882 3673 monet
901 3619 1164 3689 propheta
1195 3618 1489 3685 lsraelitas,
1517 3621 1609 3690 qui
1649 3621 1703 3676 in
1735 3621 2047 3692 captivitate

445 3710 736 3766 Chaldaica
771 3710 897 3765 ituri
918 3719 1074 3766 erant
1108 3711 1161 3765 in
1190 3710 1543 3783 Babylonem,
1568 3722 1629 3768 ut
1662 3729 1768 3769 non
1800 3715 2047 3771 stabilem

446 3804 843 3874 possessionem
876 3803 1273 3859 arbitrarentur
1296 3803 1497 3859 ibidem
1520 3819 1579 3860 se
1602 3805 1905 3872 habituros,
1954 3806 2049 3863 sed

448 3909 601 3969 spem
633 3894 894 3950 haberent
927 3895 1250 3951 reversionis
1285 3909 1398 3949 suae
1430 3895 1484 3950 in
1521 3905 1721 3951 terram
1750 3899 2044 3968 propriam,

445 3996 499 4041 et
528 3989 744 4056 quando
779 3994 988 4057 tempus
1020 3985 1273 4042 relaxata:
1294 3988 1622 4057 captivitatis
1643 3990 1876 4055 veniret,
1905 3989 2052 4046 festi-

449 4088 641 4135 narent
668 4081 791 4134 inde
826 4079 1014 4134 abire:
1047 4079 1302 4149 quoniam
1336 4078 1574 4135 futurum
1610 4090 1751 4148 erat,
1784 4093 1845 4137 ut
1878 4098 1909 4138 a
1942 4083 2051 4140 Me-

447 4172 529 4227 dis
560 4181 613 4226 et
646 4170 825 4226 Persis
871 4177 1201 4235 vastaretur,
1235 4178 1290 4223 et
1320 4170 1787 4240 opulentissimum
1820 4187 2049 4243 regnum

445 4266 819 4321 Chaldzeorum
854 4264 908 4318 in
942 4262 1182 4334 praedam
1215 4262 1453 4317 hostium
1483 4271 1808 4319 verteretur.
1846 4264 2045 4339 (Θήρ.)

447 4356 669 4428 Mystice
711 4363 892 4409 autem
932 4354 1203 4423 quomodo
1247 4368 1445 4425 corpus
1483 4363 1727 4410 nostrum
1772 4356 1824 4411 in
1865 4357 2047 4427 aliquo

448 4462 609 4506 terra:
639 4450 758 4504 loco
800 4447 1074 4512 consistit,
1118 4446 1310 4502 eodem
1354 4447 1514 4502 modo
1554 4448 1717 4502 etiam
1752 4450 1932 4504 anima
1962 4465 2048 4505 se.

2152 1956 2272 2011 bus.
2300 1956 2489 2028 Igitur,
2520 1964 2579 2010 ut
2615 1956 2797 2012 dicere
2826 1973 3190 2027 creperamus,
3230 1976 3446 2032 seraper
3487 1965 3672 2017 anima
3711 1963 3763 2017 in

2153 2051 2335 2123 aliquo
2362 2054 2728 2122 nuncupativo
2759 2062 2918 2109 terrae
2948 2055 3068 2110 loco
3101 2066 3217 2121 est,
3249 2068 3303 2110 et
3333 2058 3476 2111 sicut
3512 2066 3758 2126 peccato-

2156 2144 2233 2199 ris
2268 2144 2321 2199 in
2365 2144 2660 2216 Babylone,
2688 2146 2769 2201 sic
2795 2162 2826 2201 e
2854 2149 3130 2205 contrario
3166 2150 3297 2220 justi
3339 2151 3391 2205 in
3429 2150 3615 2205 ludam
3656 2160 3757 2206 est.

2152 2234 2537 2289 Verumtamen
2560 2234 2714 2303 juxta
2744 2236 3061 2305 qualitatem
3089 2240 3214 2293 vita:
3236 2250 3293 2294 et
3324 2240 3471 2304 ﬁdei,
3501 2242 3668 2296 etiam
3702 2242 3753 2296 in

2150 2328 2267 2397 ipsa
2316 2326 2534 2393 Judzea,
2581 2327 2714 2384 locis
2765 2330 2908 2385 inter
2954 2346 3013 2386 se
3060 2333 3224 2388 variis
3271 2336 3578 2405 separatur.
3632 2336 3758 2394 Sive

2150 2420 2297 2474 enim
2336 2420 2389 2475 in
2421 2421 2534 2475 Dan
2562 2429 2665 2485 est,
2694 2437 2814 2491 quae
2841 2434 3101 2479 extremae
3131 2436 3316 2496 partes
3360 2427 3561 2484 ludam
3608 2440 3757 2498 sunt,

2150 2511 2268 2565 sive
2315 2512 2368 2565 in
2420 2514 2790 2583 superioribus
2837 2516 3110 2585 paululum
3157 2520 3581 2591 melioribusque
3627 2522 3756 2579 locis

2152 2619 2315 2673 quam
2352 2604 2487 2669 Dan,
2519 2606 2633 2661 sive
2671 2608 2724 2661 in
2761 2610 2956 2664 mediis
2992 2610 3187 2666 ﬁnibus
3211 2610 3432 2677 Judaaa,
3459 2615 3575 2669 sive
3606 2616 3753 2671 circa

2150 2693 2449 2750 Jerusalem
2469 2736 2484 2762 ,
2514 2706 2570 2751 et
2603 2705 2690 2753 est
2717 2699 2960 2754 omnium
2998 2701 3311 2756 beatissima
3342 2717 3463 2771 quae
3494 2704 3548 2758 in
3578 2705 3749 2760 media

2148 2782 2448 2839 Jerusalem
2479 2785 2615 2840 urbe
2648 2786 2918 2843 consistit.
2965 2788 3068 2857 Qui
3105 2804 3236 2845 vero
3265 2800 3521 2862 peccator
3556 2802 3673 2858 est,
3699 2802 3751 2849 et

2150 2876 2314 2931 nimis
2340 2875 2636 2932 sceleribus
2660 2892 2973 2949 oppressus,
3003 2880 3091 2935 hic
3121 2881 3173 2936 in
3190 2880 3467 2953 Babylone
3491 2892 3622 2938 est:
3650 2883 3752 2939 hoc

2150 2968 2367 3023 modico
2395 2969 2592 3035 minor,
2621 2976 2676 3025 et
2713 2985 2814 3025 nec
2849 2972 2975 3026 dum
3003 2988 3175 3043 usque
3211 2975 3279 3028 ad
3322 2989 3595 3030 summum
3631 2990 3750 3045 pec-

2151 3068 2395 3116 catorum
2426 3061 2639 3117 culmen
2669 3064 2990 3128 ascendens,
3038 3066 3093 3121 in
3132 3066 3369 3138 Egypto
3404 3078 3461 3124 et
3497 3069 3553 3124 in
3592 3068 3750 3140 parti-

2151 3152 2253 3208 bus
2310 3151 2531 3225 }Egypti
2590 3164 2980 3212 commoratur.
3038 3158 3103 3213 Et
3146 3159 3287 3216 sicut
3341 3161 3434 3230 qui
3477 3162 3531 3216 in
3572 3161 3751 3218 Judaaa

2152 3254 2277 3301 sunt
2302 3261 2409 3302 non
2443 3247 2670 3318 aequalia
2698 3250 2879 3305 cuncti
2910 3251 3187 3320 possident
3213 3252 3327 3309 loca
3346 3294 3362 3315 ,
3394 3255 3533 3309 alius
3560 3257 3753 3327 quippe

2152 3339 2207 3393 in
2234 3337 2533 3394 Jerusalem
2553 3347 2665 3403 est,
2701 3340 2839 3397 alius
2864 3340 2917 3395 in
2950 3341 3097 3407 Dan,
3130 3341 3269 3399 alius
3296 3343 3352 3398 in
3381 3342 3752 3415 Nephthalim,

2152 3432 2291 3489 alius
2315 3434 2369 3489 in
2401 3433 2597 3490 ﬁnibus
2618 3434 2769 3491 Gad:
2804 3438 2887 3493 sic
2914 3453 3039 3493 cum
3068 3439 3123 3493 in
3153 3439 3383 3513 Egypto
3410 3455 3601 3496 omnes
3625 3442 3749 3509 sint,

2152 3542 2258 3582 non
2283 3527 2519 3599 aequales
2547 3526 2767 3600 [Egypti
2788 3537 2974 3599 partes
2995 3531 3257 3597 incolunt,
3275 3532 3413 3587 alius
3439 3533 3493 3587 in
3520 3532 3748 3603 Taphni,

2152 3616 2291 3672 alius
2323 3618 2375 3670 in
2407 3616 2673 3685 Memphi,
2721 3618 2859 3674 alius
2916 3620 2969 3674 in
3010 3620 3220 3691 Syene,
3254 3621 3391 3676 alius
3438 3622 3492 3676 in
3532 3622 3749 3679 Bubasti

2154 3708 2368 3763 habitat
2399 3724 2411 3761 :
2445 3722 2567 3777 qua:
2604 3707 2723 3765 loca
2766 3711 3033 3779 propheta
3075 3711 3323 3767 Ezechiel
3359 3713 3520 3781 plena
3558 3724 3752 3784 myste-

2154 3798 2250 3853 riis
2287 3813 2420 3853 voce
2445 3806 2699 3864 testatur,
2756 3801 2976 3857 nomina
3014 3817 3228 3873 quoque
3264 3804 3501 3875 partium
3531 3802 3748 3877 Egypti

2151 3909 2447 3965 exponens.
2489 3895 2566 3950 De
2604 3894 2801 3965 quibus
2843 3896 2891 3951 si
2930 3897 3053 3966 quis
3081 3897 3251 3953 lector
3290 3896 3450 3953 fuerit
3494 3898 3750 3969 spiritalis

2152 3986 2453 4056 dijudicans
2474 3986 2680 4052 omnia,
2704 3995 2761 4042 et
2783 3986 2898 4058 ipse
2916 4003 2948 4042 a
2970 3986 3121 4042 nullo
3145 3986 3497 4056 dijudicatus,
3530 4004 3641 4043 non
3669 4003 3749 4044 so-

2152 4080 2262 4135 lum
2298 4077 2531 4146 majores
2564 4080 2814 4150 regiones
2833 4079 3227 4151 allegorizabit,
3248 4079 3412 4136 veluti
3432 4079 3671 4137 Judream
3695 4092 3750 4139 et

2152 4170 2479 4243 Egyptum,
2524 4180 2580 4225 et
2621 4170 2989 4241 Babylonem,
3037 4171 3133 4227 sed
3187 4170 3487 4242 particulas
3536 4180 3749 4244 quoque

2154 4271 2314 4316 terra:
2348 4280 2361 4315 :
2400 4268 2456 4316 et
2493 4261 2785 4331 quomodo-
2806 4261 2860 4314 in
2898 4259 3104 4324 Iudaea,
3146 4257 3469 4327 Jerusalem,
3505 4270 3561 4316 et
3596 4263 3748 4320 Beth-

2151 4354 2326 4409 lebem
2347 4361 2679 4423 cacterasque
2701 4353 2819 4422 ejus
2838 4352 3115 4408 civitates:
3142 4353 3216 4408 ita
3236 4353 3292 4408 in
3308 4351 3547 4425 Βαγριο
3566 4354 3748 4426 legens

2150 4444 2437 4515 Dispolim,
2477 4442 2779 4507 Bubaston,
2825 4441 3107 4513 Taphnan,
3151 4442 3447 4513 Memphin,
3493 4443 3741 4516 Syenen,

447 4541 682 4595 cundum
719 4547 919 4593 statum
959 4553 1119 4593 suum
1160 4538 1215 4591 in
1251 4537 1432 4607 aliquo
1469 4540 1845 4609 nuncupatim
1884 4548 2047 4596 terra;
2073 4603 2109 4609 _
2148 4552 2248 4605 pro
2294 4536 2566 4592 intellectu
2620 4550 2801 4591 rerum
2843 4534 3115 4607 ﬂgurabit.
3171 4535 3434 4593 Hortatur
3474 4553 3607 4609 ergo
3644 4555 3743 4595 vox

448 4634 564 4688 loco
595 4641 697 4685 est.
732 4630 883 4698 Quod
914 4629 1035 4684 dico
1062 4628 1141 4683 sic
1184 4627 1276 4683 flet
1304 4603 1677 4683 manifestius:
1712 4644 1909 4699 corpus
1941 4646 2040 4686 no-
2073 4603 2123 4664 D
2149 4603 2345 4696 divina,
2372 4639 2434 4685 ut
2462 4631 2553 4699 qui
2587 4630 2641 4685 in
2676 4629 2993 4686 confusione
3029 4630 3185 4686 istius
3206 4631 3389 4687 saeculi
3412 4634 3612 4703 captivi
3636 4633 3744 4689 fue-

447 4735 619 4781 strum
665 4732 759 4778 aut
794 4723 847 4777 in
889 4721 1119 4793 Egypto
1153 4731 1269 4786 cst,
1310 4729 1403 4775 aut
1440 4723 1492 4776 in
1524 4721 1815 4792 Babylone,
1860 4731 1954 4776 aut
1986 4722 2042 4777 in

448 4819 755 4879 Palaestina,
788 4826 881 4871 aut
903 4817 955 4871 in
986 4815 1164 4886 Syria,
1186 4822 1279 4869 aut
1301 4822 1449 4869 certe
1476 4814 1799 4883 ubicunque.
1834 4814 2039 4869 Simili-

451 4921 534 4965 ter
588 4919 642 4963 et
671 4910 850 4962 anima
877 4909 931 4962 in
970 4905 1148 4974 aliquo
1183 4905 1425 4976 ejusdem
1475 4920 1597 4959 cum
1633 4914 1775 4959 terra
1805 4906 2040 4960 nominis

449 5002 567 5055 loco
613 5008 715 5062 est,
750 4997 851 5051 alia
880 4998 932 5051 in
969 4994 1261 5067 Babylone,
1306 4994 1411 5049 alia
1449 4994 1503 5048 in
1540 4992 1796 5065 IEgypto,
1834 4994 1936 5048 alia
1983 4994 2036 5049 in

448 5091 880 5146 Ammanitarum
910 5086 1154 5155 regione:
1175 5094 1229 5139 et
1244 5086 1322 5141 sic
1335 5094 1547 5141 sacrata
1563 5085 1857 5140 secundum
1878 5084 2036 5140 intel-

450 5184 725 5255 ligentiam
753 5181 1157 5249 Scripturarum
1201 5193 1300 5249 pro
1342 5179 1601 5249 qualitate
1635 5180 1758 5233 vitae
1795 5179 2036 5234 locorum

450 5279 760 5332 diversitate
789 5272 1153 5342 distinguitur.
1187 5271 1244 5325 In
1275 5271 1542 5343 Babylone
1564 5278 1647 5325 est
1671 5272 1885 5340 quando
1910 5286 2041 5326 con-

451 5372 721 5432 funditur,
775 5366 992 5436 quando
1048 5364 1324 5426 turbatur,
1378 5364 1591 5432 quando
1639 5376 1770 5433 pace
1824 5363 2037 5417 deserta

448 5461 585 5516 bella
626 5458 854 5512 sustinet
892 5456 1239 5527 passionum,
1271 5453 1483 5522 quando
1526 5454 1784 5509 tumultus
1817 5453 2035 5525 malitjze

448 5553 592 5605 circa
619 5564 737 5604 eam
758 5547 938 5601 fremit
964 5563 981 5601 :
1009 5557 1156 5611 tunc,
1188 5546 1514 5611 utdiximus,
1536 5547 1589 5601 in
1620 5544 1894 5616 Babylone
1925 5554 2032 5611 est,

446 5650 503 5697 et
540 5641 603 5695 ad
632 5641 791 5694 istam
818 5638 1053 5691 animam
1081 5638 1410 5707 prOphetalis
1441 5652 1617 5693 sermo
1647 5638 1912 5707 dirigitur,
1951 5636 2032 5690 di-

454 5748 585 5788 cens
610 5748 623 5786 :
654 5731 846 5801 Fugite
875 5731 941 5785 de
959 5730 1135 5783 medio
1161 5729 1543 5800 Babylonis,ct
1568 5729 1833 5785 resalvatc
1868 5744 2032 5782 unus-

452 5830 681 5900 quisque
705 5828 942 5881 auimam
966 5842 1139 5881 suam.
1167 5827 1343 5881 Donec
1363 5827 1504 5881 enim
1533 5828 1653 5893 quis
1685 5826 1735 5879 in
1769 5825 2036 5893 Babylone

2147 4730 2272 4777 runt
2315 4721 2587 4792 peccatis,
2638 4736 2735 4791 per
2786 4721 3197 4779 conversionem
3241 4730 3298 4776 et
3347 4724 3740 4780 correctionem

2144 4816 2268 4870 vitae
2297 4816 2365 4870 de
2406 4829 2573 4885 regno
2613 4813 2843 4877 diaboli,
2890 4821 2944 4866 et
2980 4813 3046 4867 de
3082 4821 3352 4883 potestate
3392 4816 3739 4871 tenebrarum

2144 4906 2431 4971 recedant,
2482 4905 2813 4975 redeantque
2857 4920 2955 4977 per
3001 4906 3376 4976 paenitentiam
3424 4907 3492 4962 ad
3538 4916 3737 4966 terram

2144 4997 2597 5053 Ecclesize:nam
2646 4996 2783 5051 haadi
2832 4997 3160 5066 praenitentes
3210 4997 3559 5066 signiﬁcant:
3598 4999 3735 5054 unde

2141 5098 2195 5143 et
2244 5088 2298 5141 in
2342 5088 2461 5159 lege
2509 5104 2606 5159 pro
2646 5088 2883 5157 peccatis
2929 5087 3317 5143 oil'erebantur.
3366 5089 3568 5143 Audita
3608 5103 3734 5159 ergo

2142 5180 2514 5235 devastatione
2552 5178 2858 5250 Babylonis,
2897 5186 2953 5232 et
2988 5177 3355 5234 destructione
3378 5178 3542 5251 'regni
3572 5178 3731 5235 Chal-

2142 5273 2378 5327 daeorum
2398 5313 2412 5335 ,
2452 5271 2708 5327 Israelita:
2746 5272 3094 5343 egrediuntur
3123 5286 3139 5326 :
3171 5288 3296 5327 cum
3322 5271 3478 5327 electi
3510 5272 3729 5343 quique,

2142 5373 2452 5420 sanctorum
2480 5366 2757 5419 doctorum
2797 5365 3018 5421 vocibus
3054 5366 3325 5434 instructi,
3354 5376 3480 5421 ante
3517 5381 3731 5436 gregem

2142 5454 2552 5523 prtedicatorum
2589 5462 2841 5525 aguntur,
2882 5466 2942 5509 ut
2974 5458 3175 5512 vadant
3211 5459 3263 5512 in
3304 5467 3505 5513 terram
3544 5473 3727 5530 repro-

2145 5550 2418 5605 missionis
2442 5550 2669 5603 futurae:
2701 5558 2901 5604 terram
2928 5550 3177 5605 videlicet
3223 5550 3547 5617 viventium,
3568 5568 3725 5622 quam

2144 5644 2302 5698 mites
2326 5651 2378 5697 et
2404 5642 2665 5697 mansueti
2694 5642 3043 5709 possidebunt
3070 5642 3122 5696 in
3149 5652 3408 5697 aeternum
3436 5662 3449 5696 :
3476 5644 3725 5711 quoniam

2145 5749 2267 5787 cum
2290 5731 2825 5789 audierintJoannem
2842 5730 3154 5801 Apostolum
3170 5732 3271 5785 sibi
3286 5732 3556 5787 dicentem
3572 5731 3728 5786 :«No-

2146 5825 2239 5877 lite
2287 5825 2509 5891 diligere
2551 5824 2807 5879 mundum
2832 5836 3005 5891 neque
3028 5836 3092 5877 ea
3116 5838 3235 5889 quae
3268 5821 3322 5875 in
3348 5822 3554 5877 mundo
3578 5828 3723 5877 Sunt.
