3952 6324
195 404 339 458 IIIS:

1056 389 1417 448 EXPOSITIO
1453 387 1677 445 SUPER
1717 381 2078 441 JEREMIAM.
2120 416 2189 427 —-
2228 385 2352 441 LIB.
2397 386 2531 441 XVI.

3332 394 3469 447 “tu

192 516 423 570 Mundus
444 509 867 574 autem‘transit,
889 517 944 564 et
965 505 1403 576 concupiscentia
1424 500 1540 571 ejus
1561 499 1787 574 (I;Joan.
1816 499 1869 561 Α
1892 499 2093 569 perhiae
2131 516 2243 555 suae
2283 501 2586 567 stultitiam,
2635 504 2834 558 intenta
2880 502 2979 558 fuit
3016 507 3082 559 ad
3119 509 3471 565 devastandas

193 607 277 678 ti),
310 624 328 655 ι
370 602 709 673 egredientes
736 600 803 654 de
827 597 1140 653 confusione
1161 594 1418 648 vitiorum
1446 598 1659 647 certant
1684 590 1789 644 siu-

193 698 325 770 guli,
356 696 410 751 in
436 693 571 749 calle
594 693 849 746 virtutum
870 703 1061 761 gressu
1082 688 1344 741 bonorum
1365 697 1613 753 operum,
1637 680 1789 735 ocius

192 785 480 859 pervenire
512 784 579 838 ad
609 781 999 837 habitationem
1029 775 1266 832 caslestis
1293 773 1498 845 patrim.

276 895 293 927 ι
332 876 406 937 Et.
444 874 550 928 erit
590 872 841 928 Chaldaea
886 869 940 922 in
981 868 1252 937 praedam,
1294 876 1483 918 omnes
1515 867 1790 914 vastantes

202 989 223 1021 «
260 984 381 1025 eam
414 961 877 1036 replebuntur,ait
898 958 1157 1015 Dominus
1186 976 1199 1011 :
1232 956 1487 1027 quoniam
1509 951 1791 1009 exsultatis

200 1079 223 1115 ‹
259 1070 314 1117 et
333 1074 525 1130 magna
545 1054 849 1125 loquimini,
868 1051 1181 1121 diripientes
1195 1045 1564 1103 btereditatem
1583 1055 1788 1097 meam:

203 1174 223 1206 ι
261 1154 519 1225 quoniam
565 1147 718 1205 effusi
754 1146 907 1211 estis,
946 1144 1087 1199 sicut
1136 1140 1287 1195 vituli
1332 1151 1493 1207 super
1530 1135 1789 1199 herbam,

202 1268 222 1299 ι
258 1256 313 1303 et
340 1243 610 1316 mugiistis
636 1237 885 1298 uttauri.
920 1256 946 1315 ι
972 1229 1573 1307 (ΜΑιιιιυε.)Ροει(ιιιδηι
1605 1238 1791 1281 casum

196 1313 519 1396 memoravit
561 1331 896 1404 Babyloniae,
934 1313 988 1383 et
1028 1317 1484 1395 depraedationedt
1531 1318 1793 1374 Chaldaea:

197 1429 433 1486 retexuit
453 1447 466 1481 :
487 1425 713 1497 exponit
729 1436 947 1479 causam
975 1418 1119 1473 unde
1132 1418 1249 1472 hac
1265 1413 1615 1484 patiebantur
1628 1450 1644 1476 ,
1660 1423 1794 1479 quo-

195 1524 347 1577 niam
373 1520 783 1577 exsultaverunt
809 1515 865 1568 in
892 1510 1117 1567 interitu
1142 1506 1543 1569 Judmorum,et
1561 1501 1795 1572 superba

196 1614 364 1669 locuti
415 1618 559 1667 sunt.
608 1607 937 1677 Diripientes
961 1600 1334 1659 heareditatem
1368 1596 1602 1680 Domini,
1633 1592 1794 1648 lasci-

196 1708 408 1763 vientes
454 1706 506 1760 in
538 1702 885 1759 devoratione
915 1698 1050 1769 ejus,
1082 1695 1223 1750 sicut
1255 1690 1459 1746 vitulus
1484 1703 1646 1758 super
1670 1687 1795 1742 her-

197 1798 355 1863 bam,
388 1805 443 1851 et
488 1793 721 1866 superbo
750 1791 984 1847 clamore
1009 1787 1156 1843 velut
1188 1784 1404 1839 taurino
1433 1780 1640 1852 mugitu
1668 1792 1795 1847 cap?

1890 608 2077 649 omnes
2102 607 2201 663 per
2240 593 2521 648 circuitum
2552 605 2758 663 gentes,
2805 596 2878 650 ita
2905 608 2960 651 et
3005 597 3105 667 ipsi
3134 599 3391 653 ultionem
3418 600 3471 656 ei

1889 685 2134 752 reddant,
2158 693 2213 741 et
2234 686 2375 741 sicut
2402 686 2528 741 fecit
2550 687 2687 753 aliis,
2713 690 2784 743 ita
2810 698 2864 743 et
2884 689 3085 745 faciant
3110 693 3177 746 ei.
3208 693 3473 763 Dejiciant

1889 789 2073 833 muros
2097 777 2236 847 ejus,
2264 786 2319 832 et
2351 775 2696 833 fundamenta
2726 780 3034 847 destruant,
3065 782 3377 853 disperdant
3403 784 3471 841 ab

1890 868 1980 924 illo
2019 877 2254 925 satorem
2304 877 2359 925 et
2405 883 2720 933 messorem,
2765 887 2865 926 nec
2909 873 3172 929 cultorem
3219 875 3322 931 Ioci
3358 877 3475 947 ejus

1891 960 2284 1030 derelinquant.
2336 959 2522 1016 Refert
2566 959 2869 1015 Herodotus
2915 971 2969 1017 et
3011 965 3167 1020 multi
3214 966 3339 1031 alii,
3383 966 3476 1036 qui

1893 1066 2091 1122 graecas
2132 1052 2386 1108 historias
2426 1056 2898 1123 conscripserunt,
2936 1054 3263 1126 Babylonem
3309 1058 3478 1115 fuisse

1891 1146 2342 1215 potentissimam,
2374 1157 2431 1200 et
2455 1147 2851 1216 campestribus
2875 1162 2974 1217 per
3000 1152 3261 1217 quadrum
3294 1152 3477 1218 sitam,

1896 1236 1964 1292 ab
2002 1238 2192 1308 angulo
2231 1252 2403 1309 usque
2445 1238 2510 1293 ad
2558 1238 2811 1309 angulum
2852 1238 2991 1293 muri
3034 1240 3269 1295 sedecim
3314 1241 3478 1295 millia

1897 1327 2131 1382 tenuisse
2157 1343 2412 1397 passuum
2429 1370 2444 1393 ,
2478 1329 2530 1383 id
2550 1337 2632 1383 est
2649 1370 2663 1395 ,
2690 1328 2855 1384 semel
2887 1344 2983 1399 per
3009 1330 3294 1385 circuitum
3328 1346 3483 1385 sexa-

1893 1418 2042 1488 ginta
2071 1426 2302 1487 quatuor
2340 1418 2526 1471 millia.
2552 1420 2667 1472 Arx
2692 1430 2891 1485 autem,
2930 1421 2983 1475 id
3025 1429 3137 1487 est,
3166 1422 3478 1491 capitolium

1893 1511 2044 1567 urbis
2064 1510 2207 1565 illius
2224 1510 2494 1580 turrisque
2506 1520 2627 1580 post
2645 1511 2899 1567 diluvium
2921 1514 2973 1567 in
2989 1513 3328 1569 altitudinem
3345 1530 3474 1584 qua-

1896 1612 2021 1659 tuor
2050 1602 2217 1657 millia
2238 1603 2438 1658 dicitur
2468 1611 2650 1662 tenere
2674 1618 2953 1672 passuum,
2985 1605 3244 1674 paulatim
3277 1606 3343 1659 de
3372 1614 3481 1660 tato

1896 1699 1949 1753 in
1980 1698 2257 1770 angustias
2278 1705 2573 1762 coarctata,
2592 1706 2653 1751 ut
2673 1698 2878 1766 pondus
2906 1698 3191 1752 imminens
3218 1696 3431 1753 facilius
3454 1709 3484 1752 a

1896 1790 2179 1846 latioribus
2209 1798 2557 1846 sustentetur.
2601 1789 2868 1849 Describit
2900 1791 2973 1845 ita
3021 1791 3217 1861 templa
3250 1804 3487 1845 marmo-

198 1891 271 1945 tis
321 1896 482 1959 atque
534 1884 760 1942 devictis
819 1880 1076 1938 Israelitis
1124 1877 1476 1939 insultantes,
1538 1872 1634 1927 sed
1688 1884 1797 1923 non
1825 1868 1873 1927 B
1900 1896 2016 1947 rea,
2056 1894 2248 1935 aureas
2288 1888 2518 1946 statuas,
2558 1880 2764 1949 plateas
2804 1881 3069 1950 lapidibus
3112 1884 3357 1952 auroque
3388 1879 3489 1935 ῐιιι-

198 1981 457 2036 diuturna
517 1978 639 2032 inde
700 1974 1017 2029 fruebantur
1069 1968 1277 2032 laetitia,
1315 1966 1425 2020 imo
1482 1960 1799 2020 confusione

197 2070 423 2140 dejecta:
452 2076 578 2125 sunt
604 2073 883 2137 perpetua.
917 2061 1069 2118 Unde
1098 2070 1153 2115 et
1181 2057 1445 2128 sequitur.

1902 1979 2109 2044 gentes,
2140 1980 2196 2027 et
2222 1971 2388 2027 multa
2417 1971 2521 2027 alia
2552 1987 2671 2042 quae
2697 1988 2834 2042 pene
2860 1974 3109 2029 videntur
3135 1975 3487 2030 incredibilia.

1899 2066 2017 2121 Hoc
2051 2073 2225 2121 totum
2265 2065 2626 2131 narravimus,
2665 2074 2727 2120 ut
2768 2062 3194 2133 ostenderemus,
3240 2066 3384 2138 quod
3424 2067 3493 2122 ad

281 2182 301 2214 ι
340 2160 575 2218 Confusa
616 2168 698 2215 est
736 2164 912 2212 mater
954 2166 1133 2209 vestra
1178 2149 1371 2214 nimis,
1417 2155 1473 2202 ei
1514 2145 1798 2215 ειάεείιιιαιει
1892 2157 2040 2223 jram
2071 2157 2165 2211 Dei
2193 2157 2371 2211 omnis
2397 2156 2637 2227 potentia
2667 2156 2869 2226 polluta
2910 2158 3011 2224 sit,
3039 2167 3093 2213 et
3117 2157 3310 2212 favillae
3334 2166 3390 2213 et
3416 2158 3495 2213 ci-

206 2276 225 2307 ι
262 2253 469 2326 pulveri
513 2264 632 2321 quae
678 2246 865 2321 genuit
908 2260 1024 2299 vos.
1071 2242 1210 2297 Ecce
1258 2236 1552 2294 novissima
1597 2233 1704 2297 erit
1744 2233 1801 2287 in

206 2365 226 2398 ι
264 2321 520 2417 gentibus
560 2341 795 2405 deserta,
843 2336 987 2391 invia
1030 2342 1095 2411 et
1130 2344 1291 2385 arens
1338 2329 1405 2383 ab
1438 2326 1520 2380 ira
1563 2321 1801 2380 Domini.

212 2458 233 2491 ι
270 2410 394 2492 I\"0n
414 2433 769 2496 habitabitur,
793 2430 887 2484 sed
914 2410 1191 2496 redigetur
1216 2428 1329 2475 tota
1354 2419 1409 2472 in
1436 2416 1798 2472 solitudinem.

209 2551 230 2585 ι
269 2530 462 2587 Omnis
489 2526 581 2597 qui
609 2524 807 2580 transit
832 2534 927 2590 per
950 2516 1299 2589 Babylonem,
1328 2509 1564 2581 stupebit
1592 2516 1648 2563 et
1674 2506 1807 2597 sibi-

209 2641 230 2675 ι
270 2622 407 2676 lahit
435 2595 599 2688 super
636 2612 903 2669 universis
935 2608 1106 2679 plagis
1135 2603 1270 2674 ejus.
1306 2622 1323 2654 ι
1355 2599 1491 2655 Huic
1519 2596 1712 2653 similia
1740 2595 1807 2652 de

203 2712 480 2784 Babylone
515 2710 684 2765 Isaias
726 2707 781 2761 in
811 2705 951 2759 libro
985 2716 1083 2758 suo
1120 2698 1381 2769 loquitur,
1418 2693 1603 2749 dicens
1635 2708 1649 2745 :
1688 2710 1707 2743 ι
1741 2690 1808 2745 Et

201 2808 312 2864 erit
341 2803 583 2875 Babylon
611 2801 702 2856 illa
731 2798 985 2871 gloriosa,
1015 2795 1070 2851 in
1095 2791 1287 2865 regnis
1311 2788 1511 2860 inclyta
1537 2786 1593 2841 in
1622 2798 1807 2855 super-

206 2897 301 2952 bia
330 2893 729 2956 Chaldaeorum,
764 2890 904 2944 sicut
943 2878 1211 2941 subvertit
1240 2881 1384 2935 Deus
1430 2877 1723 2935 Sodomam
1748 2883 1805 2930 et

206 2986 595 3044 Gomorrham.
648 2980 766 3036 Non
813 2975 1146 3034 habitabitur
1197 2987 1369 3042 usque
1415 2971 1473 3025 in
1520 2967 1805 3038 sempiter-

208 3094 365 3145 num,
394 3086 451 3132 et
483 3089 592 3129 non
634 3071 948 3127 fundabitur
991 3080 1162 3138 usque
1202 3065 1270 3120 ad
1308 3060 1713 3134 generationem
1752 3064 1808 3113 et

1902 2246 2022 2302 neri
2048 2255 2412 2317 comparetur.
2444 2246 2502 2300 Si
2528 2246 2717 2302 liceret
2742 2247 2967 2302 introire
2990 2257 3210 2318 propter
3233 2248 3496 2302 barbaras

1903 2338 2173 2403 nationes,
2203 2346 2259 2393 et
2289 2338 2473 2394 videre
2497 2346 2662 2393 tantae
2685 2338 2836 2394 urbis
2859 2348 3101 2395 extrema
3136 2341 3386 2407 vestigia,
3417 2341 3497 2395 vi-

1906 2432 2158 2488 deremus
2180 2430 2581 2501 possessionem
2606 2445 2792 2485 eorum
2819 2431 2990 2496 exitii,
3017 2441 3072 2487 et
3094 2429 3280 2504 [Forte
3301 2432 3499 2501 exiisse

1905 2520 1985 2593 in]
2011 2520 2242 2592 paludes.
2277 2535 2561 2591 aquarum,
2586 2529 2642 2576 et
2669 2536 2795 2576 vere
2835 2521 3156 2591 completum
3185 2536 3306 2577 esse
3351 2522 3497 2591 quod

1905 2611 2081 2667 Esaiae
2113 2610 2337 2666 vocibus
2363 2611 2579 2667 canitur
2609 2624 2625 2664 :
2662 2630 2680 2661 ί
2719 2609 2963 2681 Scopabo
3001 2627 3124 2667 eam
3150 2611 3206 2665 in
3231 2626 3393 2681 scopa
3420 2620 3500 2666 te-

1910 2717 2066 2768 rens,
2104 2722 2124 2755 ι
2168 2702 2408 2772 exceptis
2445 2701 2587 2757 enim
2615 2702 2787 2756 muris
2808 2702 3112 2768 coctilibus,
3149 2701 3240 2772 qui
3279 2710 3500 2772 propter

1905 2794 2112 2849 bestias
2131 2792 2547 2859 concludendas,
2558 2800 2694 2862 post
2715 2806 2885 2847 annos
2912 2791 3171 2862 plurimos
3197 2790 3502 2847 instauran-

1907 2896 2017 2954 tur,
2039 2900 2200 2941 omne
2230 2887 2287 2941 in
2314 2885 2493 2942 medio
2518 2886 2753 2957 spatium
2782 2886 3012 2943 solitudo
3037 2895 3141 2943 est.

1984 2998 2003 3032 ι
2039 2978 2422 3049 Unusquisque
2460 2979 2528 3034 ad
2566 2979 2820 3048 populum
2857 2995 3014 3035 suum
3047 2987 3411 3046 convertetur,
3442 2988 3502 3035 et

1916 3089 1934 3123 ι
1970 3069 2165 3142 singuli
2215 3069 2283 3124 ad
2332 3077 2533 3125 terram
2581 3084 2735 3124 suam
2778 3068 3001 3140 fugient.
3049 3090 3069 3123 ι
3124 3068 3395 3139 (Ηίθνοη.)
3447 3069 3507 3126 Id

205 3169 613 3245 generationem
644 3164 780 3238 (Isa.
810 3162 952 3234 xm).
990 3180 1009 3213 ι
1041 3159 1225 3229 Usque
1251 3158 1307 3213 in
1333 3161 1655 3226 praesentem
1678 3165 1808 3221 ergo

1915 3163 2090 3234 ipsum
2113 3160 2484 3217 testimonium
2504 3168 2559 3216 et
2578 3158 2745 3215 Isaias
2764 3161 2817 3214 in
2840 3160 2980 3215 libro
3000 3176 3098 3215 suo
3120 3162 3300 3231 ponit,
3328 3169 3508 3217 osten-

208 3216 381 3327 aiem,
410 3270 469 3314 ut
505 3216 669 3328 supra
705 3216 959 3319 diximus,
990 3249 1276 3323 prophetia
1300 3245 1595 3317 Babylonis
1621 3216 1808 3313 exple-
1838 3216 1884 3281 Ο
2089 3254 2233 3328 quod
2278 3261 2560 3326 postquam
2588 3259 2743 3326 capta
2792 3250 2950 3306 fuerit
2998 3216 3231 3329 Babilon
3253 3216 3366 3323 {et
3410 3267 3510 3328 per

210 3367 327 3424 tur,
358 3353 579 3411 wrifusa
605 3357 691 3409 est
718 3358 776 3406 et
801 3349 1080 3420 adteqnata
1108 3342 1335 3418 pulveri,
1372 3339 1701 3410 redactaque
1727 3341 1811 3393 est

210 3449 270 3505 in
303 3444 669 3503 solitudinem.
698 3441 768 3496 Et
792 3441 934 3497 sicut
967 3436 1232 3494 subvertit
1260 3434 1403 3491 Deus
1430 3430 1720 3487 Sodomam
1755 3437 1813 3485 et

210 3536 613 3600 Gomorrham,
657 3533 738 3590 sic
776 3532 879 3586 ista
922 3529 1180 3585 subversa
1222 3539 1330 3581 non
1376 3521 1713 3577 habitabitur
1755 3519 1811 3573 in

209 3640 499 3686 teternum.
544 3623 653 3679 Pro
690 3621 778 3677 illa
800 3621 945 3676 enim
986 3617 1292 3675 Seleuciam
1319 3622 1376 3671 et
1403 3612 1811 3682 Ctesiphontem

210 3721 379 3777 urbes
405 3716 693 3773 Persarum
722 3711 954 3782 inclytas
979 3709 1258 3773 fecerunt,
1298 3704 1615 3773 cunctisque
1642 3700 1812 3773 genti-

212 3812 318 3867 bus
350 3808 405 3862 in
445 3814 721 3875 stuporem
750 3816 907 3857 versa
945 3810 1052 3865 est,
1093 3813 1159 3853 eo
1198 3796 1342 3869 quod
1386 3801 1535 3850 tanta
1572 3792 1813 3864 potentia

214 3902 369 3974 regni
390 3939 407 3966 ,
451 3899 517 3953 ad
549 3907 660 3952 tam
690 3908 940 3963 magnam
974 3891 1187 3946 venerit
1214 3887 1634 3958 despectionem.
1672 3883 1813 3938 Dicit

212 3973 351 4065 ergo
376 3989 672 4048 secundum
699 3980 1078 4056 tropolOgiam,
1100 3980 1244 4052 quod
1274 3980 1329 4034 in
1361 3977 1469 4033 ﬁne
1496 3975 1681 4031 mundi
1712 3973 1812 4058 vel

214 4054 414 4145 mortis
438 4054 861 4150 uniuscujusque
887 4054 1064 4131 omnis
1090 4073 1260 4144 gloria
1297 4078 1351 4126 et
1377 4068 1629 4141 superbia
1654 4054 1815 4122 Chal-

216 4179 485 4241 daeorum,
530 4182 586 4228 et
630 4170 876 4228 confusio
918 4167 1105 4223 mundi
1144 4164 1378 4225 recedat,
1432 4171 1487 4217 et
1532 4162 1605 4215 ita
1633 4159 1816 4214 omnia

217 4271 627 4331 subvertantur,
668 4265 810 4319 sicut
838 4258 1105 4315 subvertit
1138 4256 1283 4310 Deus
1309 4253 1600 4310 Sodomam
1625 4258 1681 4304 et
1705 4249 1815 4304 Go-

217 4362 525 4423 morrbam,
572 4370 673 4411 nec
713 4354 856 4408 ultra
907 4350 1245 4419 voluptatum
1285 4342 1469 4400 saeculi
1507 4339 1595 4396 vel
1632 4337 1818 4395 mundi

219 4453 386 4511 istius
411 4448 627 4503 futurus
654 4446 727 4501 sit
752 4452 944 4508 status,
975 4441 1069 4496 sed
1102 4444 1310 4509 pereat.

300 4564 321 4599 ι
359 4538 745 4613 Praeparamipi
786 4544 974 4593 contra
1011 4531 1343 4603 Babylonem
1374 4542 1476 4598 per
1512 4525 1815 4588 circuitum,

231 4656 253 4690 ι
287 4649 481 4692 omnes
525 4632 617 4703 qui
665 4628 885 4685 tenditis
931 4639 1115 4681 arcum
1156 4641 1170 4676 :
1212 4620 1476 4677 debellato
1517 4633 1671 4683 eam,
1713 4631 1818 4671 non

232 4748 255 4781 ι
288 4726 530 4799 parcatis
564 4722 778 4795 jacuIis,
824 4719 951 4789 quia
993 4714 1223 4772 Domino
1267 4710 1531 4784 peccavit.
1578 4708 1821 4764 Clamate

231 4839 252 4872 ι
280 4819 579 4890 adversum
613 4829 755 4878 eam,
783 4810 984 4878 ubique
1020 4807 1168 4862 dedit
1211 4818 1430 4859 manum
1452 4841 1468 4866 ,
1511 4800 1822 4855 ceciderunt

234 4930 254 4961 ι
293 4908 642 4962 fundamenta
695 4901 831 4971 ejus.
866 4898 1135 4954 Destructi
1176 4902 1303 4950 sunt
1342 4893 1483 4948 muri
1518 4891 1654 4959 ejus,
1683 4905 1820 4960 quo-

233 5019 254 5053 ι
293 5000 444 5055 niam
482 4996 614 5051 ultio
652 4992 864 5049 Domini
900 4998 1025 5046 est:
1057 4987 1315 5043 ultionem
1358 4984 1583 5054 accipite
1622 4983 1689 5037 de
1732 4996 1819 5047 ea,

236 5110 257 5143 ι
296 5090 440 5145 sicut
466 5086 612 5148 fecit,
639 5084 801 5139 facite
822 5082 890 5135 ei.
917 5078 1215 5149 Disperdite
1242 5082 1499 5131 statorem
1531 5071 1816 5145 [satorem]

237 5202 257 5235 ι
295 5182 362 5237 de
386 5176 676 5247 Babylone,
716 5182 772 5230 et
810 5168 1304 5228 tenentem’falcem
1332 5158 1387 5221 in
1412 5174 1655 5235 tempore
1682 5178 1822 5219 mes-

239 5290 259 5324 ι
297 5270 396 5335 sis,
422 5285 454 5321 a
481 5268 619 5323 facie
650 5264 813 5338 gladii
868 5262 1146 5317 columbae.
1187 5279 1205 5311 ι
1240 5256 1504 5324 Praecepit
1548 5254 1823 5325 propheti-

233 5376 335 5418 cus
364 5374 544 5415 sermo
570 5356 738 5411 Medis
765 5363 821 5408 et
843 5352 1026 5408 Persis
1048 5360 1105 5406 et
1126 5349 1332 5406 cunctis
1358 5346 1670 5401 nationibus
1703 5359 1823 5415 qua:

237 5460 432 5511 contra
464 5450 793 5521 Babylonem
824 5448 879 5502 in
909 5445 1125 5501 illorum
1152 5448 1416 5500 venerunt
1439 5439 1695 5493 auxilium
1717 5479 1731 5505 ,
1763 5445 1824 5492 ut

237 5551 547 5618 praaparent
574 5551 761 5597 contra
787 5554 906 5594 eam
936 5552 1087 5591 arma
1122 5536 1329 5600 bellica,
1362 5534 1667 5589 instaurent
1690 5545 1828 5600 prae-

241 5638 376 5695 lium
396 5676 412 5701 ,
448 5634 741 5689 clamorem
772 5630 1029 5685 adversus
1056 5642 1175 5682 eam
1217 5627 1393 5682 levent
1424 5642 1436 5678 :
1472 5631 1530 5677 ut
1570 5624 1707 5677 sicut
1737 5622 1829 5677 illa

242 5725 737 5786 Nabuchodonosor
764 5736 967 5793 regem,
999 5734 1157 5789 quem
1198 5718 1286 5772 hic
1313 5714 1614 5772 columbam
1652 5722 1824 5779 vocat,

242 5838 352 5880 non
383 5828 605 5893 propter
648 5815 1047 5886 simplicitatem
1094 5812 1313 5879 mentis,
1357 5806 1451 5865 sed
1483 5815 1705 5877 pr0pter
1734 5816 1824 5861 Su-

1913 3358 2099 3421 portas
2118 3348 2233 3418 ejus
2260 3346 2478 3402 intrarit
2504 3346 2716 3403 hostilis
2741 3348 3034 3413 exercitus,
3060 3360 3253 3405 cuncta
3280 3349 3505 3415 auxilia,

1912 3449 1969 3496 et
1997 3440 2334 3495 diversarum
2370 3438 2611 3507 gentium
2648 3445 2861 3503 turmae,
2892 3438 3089 3508 quibus
3126 3438 3277 3510 prius
3316 3439 3508 3494 civitas

1915 3531 2296 3587 defensabatur
2323 3530 2392 3585 ad
2417 3544 2547 3585 suas
2571 3529 2879 3600 provincias
2904 3537 3324 3586 reverterentur.

1990 3643 2008 3676 ι
2054 3622 2201 3678 Grex
2247 3622 2525 3691 dispersus
2570 3619 2764 3686 Israel,
2813 3620 2997 3676 leones
3041 3618 3316 3688 ejecerunt
3359 3634 3504 3676 eum.

1921 3735 1940 3767 ι
1979 3714 2191 3769 Primus
2226 3713 2460 3769 comedit
2492 3727 2616 3768 eum
2662 3726 2756 3766 rex
2797 3709 2986 3765 Assur.
3032 3710 3141 3767 Iste
3181 3712 3509 3769 novissimus

1924 3824 1942 3859 ι
1980 3805 2253 3862 exossavit
2296 3819 2419 3859 eum
2457 3802 2950 3857 Nabuchodonosor
2986 3815 3083 3855 rex
3127 3800 3435 3873 Babylonis.
3482 3821 3501 3854 ι

1919 3897 2209 3969 (Μλυιιυε.)
2246 3896 2420 3965 Reges
2447 3907 2577 3964 ergo
2600 3892 2967 3963 Assyriorum,
3000 3890 3105 3947 hoc
3136 3899 3241 3956 est,
3281 3891 3509 3961 Teglad-

1915 3986 2187 4057 phalasar,
2221 3984 2313 4053 qui
2349 3998 2601 4053 magnam
2643 3990 2851 4051 partem
2892 3979 3075 4051 populi
3114 3978 3423 4035 Iudaeorum
3454 3980 3510 4035 in

1916 4079 2167 4151 Assyrios
2197 4076 2494 4141 transtulit,
2522 4083 2577 4131 et
2604 4073 2972 4130 Sennacberib
3000 4074 3091 4143 qui
3127 4074 3311 4128 decem
3341 4072 3512 4128 tribus

1918 4174 2094 4245 gentis
2115 4172 2334 4236 Judazze,
2365 4185 2484 4240 quae
2507 4155 2842 4225 vocabantur
2869 4166 3055 4231 Israel,
3078 4166 3248 4220 victas
3275 4172 3515 4219 transtu-

1920 4267 1985 4322 lit
2009 4267 2063 4321 in
2088 4271 2299 4320 montes
2329 4261 2624 4325 Medorum,
2656 4261 2757 4330 ipsi
2785 4260 2968 4314 leones
2997 4258 3083 4312 hic
3107 4265 3508 4327 nuncupantur,

1920 4355 2014 4427 qui
2041 4352 2395 4409 comederunt
2415 4349 2601 4405 Israel.
2652 4348 2763 4405 Nec
2786 4364 2895 4404 non
2916 4357 2972 4403 et
2995 4346 3513 4413 habuchodonosor,

1922 4446 2015 4517 qui
2044 4444 2338 4500 novissime
2372 4448 2544 4497 totam
2572 4439 2812 4496 Judaam
2836 4439 3090 4504 vastavit,
3116 4437 3278 4492 urbes
3305 4437 3517 4492 destru-

1923 4537 2039 4600 xit.
2071 4542 2126 4590 et
2153 4532 2409 4604 templum
2450 4531 2547 4586 Dei
2586 4530 2641 4585 in
2678 4528 2977 4586 Jerusalem
3016 4526 3294 4583 succendit
3310 4566 3340 4601 ,_
3360 4524 3515 4594 juxta

1926 4626 2056 4681 illud
2086 4623 2230 4694 quod
2259 4623 2311 4677 in
2336 4621 2474 4676 libro
2502 4618 2708 4689 Regum
2735 4618 2999 4687 scriptum
3026 4624 3109 4672 est
3136 4635 3149 4669 :
3177 4612 3517 4685 Projecitque

1927 4715 2187 4770 Dominus
2219 4726 2378 4766 omne
2401 4721 2586 4763 semen
2616 4706 2800 4770 Israel,
2826 4715 2881 4762 et
2907 4704 3096 4760 aIIIixit
3118 4720 3231 4769 eos,
3263 4712 3318 4757 et
3348 4702 3518 4757 tradi-

1929 4810 2008 4865 dit
2040 4822 2133 4862 eos
2162 4806 2406 4859 in'manu
2432 4800 2813 4871 diripentium,
2842 4797 3011 4852 donec
3036 4795 3323 4866 projiceret
3363 4808 3457 4849 eos
3482 4808 3515 4848 a

1929 4898 2065 4954 facie
2093 4909 2189 4950 sua
2218 4912 2233 4948 :
2280 4909 2349 4949 ex
2376 4906 2441 4947 eo
2461 4892 2575 4963 jam
2604 4898 2845 4959 tempore
2868 4901 2975 4957 quo
3004 4886 3207 4941 scissus
3236 4893 3320 4940 est
3346 4883 3515 4939 Israel

1929 5009 1961 5047 a
2005 4991 2165 5045 domo
2210 4985 2403 5050 David,
2457 4992 2511 5039 et
2558 4982 2954 5037 Constituerunt
2990 4978 3093 5033 sibi
3137 4992 3315 5047 regem
3363 4975 3517 5032 Jero-

1925 5084 2089 5145 boam
2128 5077 2295 5133 lilium
2336 5074 2545 5129 Nabatb
2586 5071 2705 5144 (III
2732 5070 2857 5140 Reg.
2888 5070 3005 5139 xu).
3050 5067 3330 5137 Separavit
3367 5064 3515 5121 enim

1932 5173 2215 5229 Jeroboam
2244 5166 2405 5223 Israel
2434 5180 2465 5219 a
2503 5163 2748 5225 Domino,
2777 5170 2831 5215 et
2854 5173 3079 5229 peccare
3104 5172 3199 5213 eos
3236 5155 3364 5212 fecit
3392 5170 3517 5226 pec-

1934 5273 2114 5321 catum
2143 5272 2415 5330 magnum,
2446 5263 2502 5309 et
2536 5252 2948 5308 ambulaverunt
2985 5248 3079 5303 filii
3107 5247 3269 5302 Israel
3313 5247 3367 5301 in
3396 5246 3517 5300 uni-

1933 5357 2108 5412 versis
2146 5349 2384 5425 peccatis
2414 5346 2702 5402 Jeroboam
2741 5358 2862 5415 quae
2906 5340 3148 5397 fecerat:
3195 5352 3296 5391 nec
3330 5352 3513 5393 reces-

1935 5456 2123 5507 serunt
2148 5448 2215 5501 ab
2262 5444 2360 5507 eis,
2402 5453 2681 5510 usquequo
2715 5436 2972 5490 Dominus
3000 5431 3236 5487 auferret
3278 5429 3437 5485 Israel
3484 5444 3515 5484 a

1933 5541 2071 5596 facie
2100 5552 2220 5602 sua,
2244 5536 2383 5589 sicut
2405 5533 2618 5597 locutus
2644 5528 2839 5590 fuerat,
2871 5525 2926 5579 in
2948 5539 3108 5579 manu
3138 5521 3376 5577 omnium
3403 5532 3517 5573 ser-

1931 5650 2121 5691 verum
2144 5644 2363 5687 suorum
2384 5626 2805 5697 prophetarum:
2827 5618 3225 5684 translatusque
3248 5622 3331 5668 est
3352 5608 3520 5667 Israel
3595 5639 3599 5643 ν

1932 5730 1997 5785 de
2025 5736 2173 5781 terra
2203 5736 2299 5777 sua
2329 5722 2385 5774 in
2410 5696 2661 5786 Assyrios
2693 5726 2861 5783 usque
2892 5712 2943 5764 in
2974 5710 3113 5763 diem
3144 5708 3302 5761 hanc.

2007 5840 2025 5871 ι
2066 5819 2351 5885 Propterea
2380 5812 2495 5866 hzec
2520 5806 2653 5861 dicit
2676 5804 2937 5860 Dominus
2972 5802 3112 5856 Deus
3131 5795 3297 5877 Israel
3326 5812 3341 5852 :
3370 5791 3515 5853 Ecce
