3952 6322
510 350 651 409 114⁸1

1147 355 1208 410 B.
1250 339 1504 410 meant
1542 342 1759 411 MAURI
1794 354 2081 421 ARCHIEP

2185 352 2457 413 IOGUNT.
2499 348 2783 415 OPERUM
2821 354 3001 417 PARS
3038 363 3123 419 IlI.

3642 362 3764 419 ius

519 488 540 523 ο
572 483 673 542 ego
697 471 927 527 visitabo
954 485 1134 543 regem
1162 472 1465 541 Babylonis,
1488 480 1542 525 et
1564 479 1763 526 terram
1790 469 1926 539 ejus,
1950 473 2088 526 sicut
2118 475 2168 535 Α
2192 469 2333 526 facta
2363 472 2711 537 desolatione,
2743 475 2894 544 juxta
2928 477 3110 531 omnia
3146 490 3266 547 qua:
3298 477 3560 549 prmeepit
3596 475 3759 533 Domi-

520 576 540 614 t
577 564 787 618 visitavi
812 578 993 635 regem
1015 565 1204 628 Assur,
1243 571 1299 617 et
1328 565 1577 618 reducam
1602 563 1763 618 Israel
1788 565 1856 618 ad
1881 565 2090 619 habita-

521 656 541 705 t
576 652 757 708 culum
777 670 956 719 suum,
978 664 1034 710 et
1054 663 1302 725 pascetur
1324 653 1627 709 Carmelum
1652 662 1705 709 et
1732 655 1927 719 Basau,
1953 665 2007 709 et
2037 657 2088 708 in

522 762 541 795 ι
576 754 758 799 monte
790 745 1047 816 Ephraim
1074 751 1127 800 et
1154 744 1356 800 Galaad
1386 747 1715 801 saturabitur
1747 748 1925 802 anima
1950 749 2086 818 ejus.

519 851 539 886 ι
572 834 629 888 In
671 833 860 888 diebus
899 834 1007 889 illis
1044 843 1100 888 et
1137 837 1190 888 in
1238 843 1476 905 tempore
1517 836 1625 901 illo,
1665 838 1740 890 ait
1785 837 2040 892 Dominus
2072 878 2085 903 ,

518 940 537 975 ι
574 930 843 993 quaarctur
866 921 1123 994 iniquitas
1150 925 1334 990 Israel,
1361 936 1414 980 et
1448 942 1554 997 non
1580 927 1700 991 erit,
1729 935 1783 981 et
1809 937 2089 997 peccaturo

516 1034 536 1068 ε
569 1018 726 1083 Juda,
757 1028 941 1073 etnon
968 1021 1286 1087 invenietur,
1316 1036 1568 1090 quoniam
1597 1023 1858 1091 propitius
1887 1039 1981 1079 ero
2012 1025 2092 1079 eis

515 1126 533 1158 ι
573 1123 709 1178 quos
748 1109 1039 1178 reliquero.
1083 1129 1101 1162 ι
1145 1111 1392 1165 Visitavit
1435 1126 1562 1181 ergo
1606 1112 1862 1168 Dominus
1909 1128 2088 1185 regem

508 1198 814 1270 Babylonis,
844 1200 946 1255 hoc
965 1207 1077 1264 est,
1104 1200 1403 1265 Balthasar,
1430 1203 1519 1272 qui
1549 1203 1871 1259 novissimus
1896 1220 2087 1275 regna-

508 1290 586 1344 vit
614 1292 669 1346 in
698 1292 994 1363 Babylone,
1026 1302 1081 1347 et
1109 1302 1308 1349 terram
1338 1294 1472 1365 ejus,
1509 1296 1724 1365 quando
1766 1310 1863 1366 per
1891 1295 2088 1368 Cyrum

509 1388 563 1434 et
602 1380 853 1446 Darium,
901 1382 1082 1437 Medos
1120 1394 1175 1439 et
1217 1383 1407 1439 Persas
1452 1401 1675 1456 regnum
1716 1385 2089 1441 Chaldaeorum

507 1472 792 1533 destruxit.
827 1471 918 1527 Sic
944 1474 1181 1529 visitavit
1206 1476 1375 1529 Assur
1402 1475 1791 1540 Sennacherib,
1829 1485 1882 1531 et
1919 1490 2087 1546 popu—

507 1561 617 1616 lqu
664 1564 778 1633 ejus
822 1566 914 1634 qui
961 1566 1352 1635 blasphemavit
1400 1568 1564 1621 Deum
1611 1566 1774 1620 Israel
1822 1566 1877 1621 in
1927 1581 2087 1621 manu

509 1652 821 1707 nuntiorum
862 1669 1083 1709 suorum
1116 1674 1127 1707 :
1161 1657 1301 1709 unde
1329 1668 1575 1723 egressus
1614 1655 1835 1725 angelus
1876 1656 2088 1710 Domini

506 1744 772 1808 percussit
818 1744 871 1797 in
918 1745 1111 1798 castris
1162 1744 1505 1815 Assyriorum
1552 1754 1768 1799 centum
1815 1747 2087 1817 octoginta

506 1832 743 1901 quinque
778 1834 945 1888 millia
972 1833 1056 1905 (ΙΙ
1087 1834 1215 1888 Par.
1245 1836 1440 1905 χχιιι),
1476 1846 1529 1890 et
1566 1852 1815 1891 reversus
1840 1849 1923 1893 est
1951 1838 2087 1893 Sen-
2114 1825 2162 1885 Β

487 1923 765 1977 'nacherib
803 1940 899 1980 rex
926 1924 1268 1995 Assyriorum
1294 1934 1350 1980 et
1382 1926 1645 1980 habitavit
1686 1927 1739 1980 in
1765 1926 1973 1982 Ninive.
2022 1929 2090 1985 Et

506 2012 705 2068 factum
745 2026 829 2070 est
881 2030 1001 2069 cum
1031 2017 1278 2070 adoraret
1326 2017 1377 2069 in
1411 2017 1607 2087 templo
1649 2017 1887 2072 Nesrach
1930 2020 2089 2073 deum

505 2118 659 2159 suum
677 2145 692 2169 ,
718 2106 1074 2160 Adramalech
1097 2114 1152 2159 et
1178 2105 1404 2161 Sarasar
1433 2106 1527 2160 lilii
1557 2108 1673 2177 ejus
1706 2116 2089 2177 percusserunt

503 2212 625 2251 enm
668 2197 719 2251 in
756 2197 931 2267 gladio
956 2196 1310 2268 fugeruntque
1344 2198 1395 2251 in
1431 2205 1627 2251 terram
1672 2199 1909 2265 Ararad,
1950 2200 2089 2253 sicut

505 2288 641 2342 liber
678 2287 829 2342 Isaia:
862 2297 1101 2341 testatur.
1144 2288 1506 2357 Ilelaxataque
1542 2297 1624 2342 est
1662 2288 1947 2356 captivitas
1980 2288 2081 2344 Ile-

504 2379 769 2432 braeorum
805 2394 901 2448 per
938 2378 1135 2449 Cyrum
1166 2380 1257 2447 qui
1288 2379 1674 2447 quinquaginta
1712 2379 1879 2432 ferme
1920 2380 2085 2433 millia

505 2471 779 2524 hominum
812 2471 1021 2541 regredi
1054 2469 1176 2523 fecit
1208 2470 1260 2524 in
1294 2468 1564 2532 Judieam,
1591 2478 1645 2523 et
1673 2482 1859 2539 postea
1890 2470 2087 2540 templo

503 2560 802 2627 aedificato,
855 2568 911 2615 et
956 2560 1173 2614 civitate
1226 2568 1527 2614 restaurata
1581 2559 1833 2613 Israelita:
1887 2569 2085 2614 terram

503 2667 655 2705 suam
684 2651 862 2705 colere
908 2659 1205 2719 coeperunt.
1245 2649 1464 2720 Mystice
1492 2661 1670 2704 autem
1714 2650 1974 2705 Dominus
2002 2652 2083 2705 vi-

503 2746 632 2797 sitat
677 2757 855 2812 regem
898 2740 1205 2811 Babylonis,
1253 2745 1357 2794 hoc
1399 2750 1503 2805 est,
1552 2741 1902 2807 confusionis,
1946 2741 2087 2795 sicut

504 2834 741 2887 visitavit
790 2847 970 2902 regem
1012 2831 1204 2897 Assur,
1251 2831 1343 2896 qui
1394 2831 1777 2901 interpretatur
1814 2833 2080 2900 gradiens,

507 2925 587 2977 vel
626 2923 892 2993 dirigens,
930 2937 1055 2977 cum
1097 2920 1368 2976 diabolum
1408 2937 1589 2991 regem
1623 2921 1987 2986 confusionis,
2028 2931 2083 2975 et

503 3026 771 3071 rectorem
801 3017 1146 3069 tenebrarum
1185 3016 1377 3069 barum
1413 3016 1773 3079 destruxerit,
1818 3016 1957 3069 sicut
1987 3015 2080 3069 de-

502 3109 700 3162 struxit
731 3107 1132 3172 antichristum,
1178 3116 1232 3161 et
1261 3122 1450 3162 omnes
1492 3118 1864 3176 persecutores
1893 3108 2080 3163 Eccle-

501 3201 614 3266 siaz,
637 3200 729 3272 qui
753 3200 1068 3254 direxerunt
1089 3213 1239 3252 arma
1253 3200 1503 3269 nequitiae
1523 3215 1633 3254 sua:
1655 3208 1844 3253 contra
1867 3209 2082 3255 sanctos

502 3292 623 3357 Dei,
651 3300 705 3345 et
729 3289 1031 3345 effuderunt
1065 3290 1380 3361 sanguinem
1408 3292 1768 3355 innocentem,
1809 3290 1890 3342 vel
1920 3292 2082 3343 etiam

502 3381 780 3435 han-sticus
804 3381 896 3450 qui
920 3379 1157 3452 dirigunt
1173 3380 1347 3448 jacula
1376 3396 1555 3451 prava:
1586 3381 1845 3436 doctrinae.
1874 3381 1927 3435 in
1960 3383 2081 3436 ani-

504 3486 618 3524 mas
666 3470 1019 3538 simplicium,
1068 3478 1128 3523 ut
1177 3471 1503 3526 interficiant
1543 3486 1655 3525 eas.
1704 3472 1761 3547 In
1798 3471 1902 3525 fine
1936 3472 2081 3526 enim

504 3560 707 3625 mundi,
741 3559 985 3615 diabolus
1011 3561 1102 3630 qui
1140 3562 1432 3616 seducebat
1463 3570 1650 3632 gentes
1681 3562 1971 3616 mittendus
1998 3573 2081 3616 est

501 3659 555 3711 in
594 3667 842 3727 stagnum
880 3657 1019 3728 ignis
1048 3665 1105 3712 et
1143 3657 1437 3727 sulphuris,
1480 3657 1571 3712 ubi
1601 3665 1685 3712 est
1727 3658 1898 3711 bestia
1938 3658 2078 3710 anti-

503 3749 737 3803 christus
764 3762 888 3802 cum
923 3748 1102 3817 impiis
1124 3748 1381 3802 membris
1405 3748 1516 3802 suis
1542 3756 1596 3802 et
1620 3748 2075 3817 persecutoribus,

499 3848 555 3894 et
600 3839 1079 3908 pseudopropbetae
1122 3839 1239 3894 sine
1272 3838 1435 3893 dubio
1474 3838 1737 3903 hmretici,
1779 3846 1832 3892 et
1866 3839 2076 3892 crucia-

503 3933 700 3985 buntur
727 3930 813 3986 die
841 3942 895 3986 et
921 3940 1077 3987 nocte
1104 3931 1158 3986 in
1186 3931 1377 3988 simula
1408 3931 1758 3998 Steculorum,
1794 3939 1849 3986 et
1886 3946 2077 4002 regna-

503 4024 636 4077 buut
662 4023 833 4077 sancti
865 4038 988 4078 cum
1028 4038 1152 4092 rege
1180 4038 1276 4078 suo
1314 4023 1366 4076 in
1394 4030 1677 4088 aeternum,
1710 4034 1765 4079 et
1796 4025 2080 4079 satiabitur

502 4115 680 4167 anima
708 4130 894 4169 eorum
921 4115 1169 4170 omnibus
1204 4113 1376 4179 bonis,
1415 4124 1649 4184 tuncque
1673 4117 1938 4171 veraciter
1976 4118 2078 4171 im-

503 4204 732 4273 plebitur
761 4204 888 4260 illud
912 4207 1054 4273 quod
1077 4206 1274 4260 dicitur
1300 4223 1313 4259 :
1340 4207 1397 4260 In
1424 4213 1663 4275 tempore
1694 4207 1784 4262 illo
1809 4217 2080 4277 quaeretur

504 4297 759 4365 iniquitas
797 4297 979 4361 Israel,
1017 4306 1070 4353 et
1112 4313 1216 4354 non
1258 4300 1382 4363 erit,
1411 4308 1467 4355 et
1505 4308 1784 4371 peccatum
1828 4300 1984 4365 Juda,
2025 4311 2082 4357 et

504 4406 608 4444 non
638 4390 959 4456 invenietur,
1003 4394 1127 4460 quia
1159 4400 1286 4447 tunc
1312 4393 1550 4462 alligabit
1592 4393 1849 4449 Dominus
1885 4394 2079 4450 vulnus

502 4483 678 4550 populi
708 4483 810 4547 sui,
848 4492 903 4538 et
932 4484 1142 4538 sanabit
1175 4484 1526 4539 contritiones
1554 4482 1669 4553 ejus
1702 4485 2079 4554 abstergetque

504 4590 718 4629 onmem
756 4574 1047 4645 laerymam
1074 4576 1144 4629 ab
1185 4575 1355 4630 oculis
1400 4584 1707 4630 sanctorum
1744 4590 1995 4641 auorum,
2025 4585 2079 4631 et

502 4680 648 4719 mors
673 4680 778 4718 non
803 4666 906 4720 erit
933 4665 1089 4728 ultra,
1117 4682 1290 4735 neque
1312 4666 1507 4731 luctus,
1538 4682 1710 4735 neque
1735 4667 1961 4733 clamor,
1986 4685 2079 4723 ne-

500 4773 604 4827 que
632 4758 783 4813 dolor
806 4759 910 4813 erit
935 4758 1094 4822 ultra,
1124 4775 1242 4828 qua:
1272 4760 1445 4827 prima
1469 4760 1715 4815 abierunt
1742 4774 1757 4813 :
1791 4761 1882 4815 sed
1911 4776 2077 4816 novus

502 4848 747 4917 populus,
794 4862 986 4902 novam
1036 4849 1304 4904 civitatem
1350 4849 1633 4915 introiens,
1682 4850 1755 4904 ibi
1795 4849 2077 4919 multiplici

502 4938 855 4992 exsultatione
878 4937 1185 5008 gaudebunt
1212 4940 1266 4993 in
1292 4951 1623 5009 perpetuum.

576 5050 592 5079 ι
633 5029 806 5097 Super
847 5038 1047 5083 terram
1086 5031 1472 5086 dominantium
1513 5032 1772 5097 ascende,
1818 5041 1872 5088 et
1915 5050 2077 5104 super

504 5140 522 5170 ‹
565 5121 897 5176 habitatores
932 5120 1052 5190 ejus
1080 5124 1262 5189 visita,
1304 5125 1539 5193 dissipa,
1582 5133 1638 5181 et
1675 5126 1917 5200 interfice
1955 5145 2075 5198 quae

506 5233 522 5264 ι
563 5221 683 5283 post
719 5227 815 5268 eos
856 5219 1009 5275 sunt,
1049 5216 1122 5270 ait
1165 5213 1460 5270 Dominus:
1493 5225 1546 5272 et
1590 5218 1674 5272 fac
1703 5218 1856 5288 juxta
1894 5223 2073 5275 omnia

507 5323 523 5354 ‹
563 5320 681 5371 qure
720 5305 949 5375 praecepi
974 5305 1089 5359 tibi.
1121 5325 1139 5356 ›
1170 5305 1360 5361 Sermo
1390 5308 1599 5363 divinus
1625 5309 1690 5363 ad
1718 5323 1939 5376 regnum
1968 5308 2074 5363 Me-

501 5395 691 5448 dorum
734 5404 895 5463 atque
935 5395 1218 5451 Persarum
1256 5397 1527 5467 dirigitur,
1567 5408 1625 5453 ut
1669 5413 1828 5468 super
1872 5409 2071 5454 terram

500 5485 889 5539 dominantium
905 5524 921 5550 ,
946 5486 1047 5540 hoc
1071 5495 1154 5541 est
1180 5502 1341 5556 super
1364 5487 1685 5557 Babylonem
1706 5497 1759 5542 et
1785 5504 1944 5557 super
1969 5490 2069 5544 ba-

502 5576 758 5631 bitatones
804 5575 920 5644 ejus
953 5575 1232 5633 Chaldaeos
1270 5578 1563 5634 ascendens
1592 5580 1793 5643 visitet,
1826 5577 2065 5647 dissipet,

500 5674 551 5717 c-t
588 5666 894 5733 interficiat,
922 5682 1042 5738 qua:
1065 5677 1186 5737 post
1210 5683 1302 5723 eos
1331 5677 1471 5731 sunt,
1502 5677 1561 5723 ut
1582 5669 1871 5737 posteritas
1899 5668 2069 5737 Baby-

503 5754 642 5816 lonis
682 5757 923 5821 funditus
963 5759 1227 5825 intereat,
1273 5775 1373 5817 nec
1406 5761 1523 5839 jam
1561 5761 1704 5817 ultra
1748 5760 2063 5817 habitetur:

2192 579 2313 617 nus.
2368 563 2589 633 Mystice
2642 573 2820 620 autem
2868 567 3177 629 doctoribus
3225 578 3280 625 et
3325 569 3766 644 pradica‘toribus

2192 653 2388 708 Christi
2416 655 2744 724 praecipitur,
2776 665 2836 711 ut
2864 666 3087 730 regnum
3113 660 3312 715 diaboli
3339 662 3395 716 in
3424 663 3629 718 mundo
3660 673 3767 718 sto-

2191 746 2347 799 deaut
2376 755 2642 812 evertere,
2686 757 2739 801 et
2780 749 3042 820 dissipent
3076 764 3235 819 opera
3272 752 3389 821 ejus
3427 756 3687 827 maligna,
3716 766 3768 811 et

2190 834 2473 889 destruant
2505 836 2727 891 consilia
2763 838 2880 907 ejus
2912 842 3166 908 pessima,
3195 850 3256 896 ut
3290 843 3623 897 interﬁciant
3653 861 3764 901 om-

2189 940 2285 978 nes
2320 934 2631 993 peccatores
2664 935 2839 992 terrae,
2876 936 2930 982 et
2958 930 3267 999 disperdant
3301 932 3369 986 de
3407 931 3629 988 civitate
3667 936 3765 989 Do-

2190 1018 2317 1071 mini
2349 1033 2537 1073 omnes
2560 1020 2651 1088 qui
2680 1032 2971 1090 operantur
3001 1024 3333 1093 iniquitatem

2266 1129 2283 1161 ι
2323 1109 2439 1165 Vox
2468 1110 2590 1165 belli
2621 1113 2673 1166 in
2704 1123 2867 1178 terra,
2899 1118 3228 1170 eteontritio
3256 1132 3471 1188 magna,
3502 1121 3769 1189 quomodo

2196 1217 2215 1249 ε
2250 1200 2559 1255 confractus
2578 1210 2681 1266 est,
2700 1210 2753 1255 et
2769 1204 3034 1259 contritus
3052 1205 3274 1260 malleus
3296 1209 3563 1261 universae
3586 1209 3769 1262 terra?

2196 1308 2215 1341 ι
2250 1290 2527 1357 Quomodo
2553 1307 2706 1347 versa
2732 1304 2813 1348 est
2852 1296 2904 1349 in
2937 1296 3207 1350 desertum
3244 1298 3479 1367 Babylon
3522 1300 3576 1352 in
3606 1301 3771 1369 genti-

2197 1400 2215 1435 ‹
2249 1386 2385 1439 bus?
2414 1386 2701 1454 lllaqueavi
2733 1396 2805 1453 te,
2838 1396 2892 1443 et
2930 1399 3083 1459 capta
3122 1406 3181 1445 es
3214 1391 3449 1461 Babylon
3489 1401 3545 1445 et
3572 1394 3771 1446 nescie-

2197 1490 2216 1522 ι
2252 1474 2369 1537 bas,
2398 1474 2612 1527 inventa
2640 1490 2699 1528 es
2734 1484 2788 1529 et
2821 1480 3173 1546 apprehensa,
3203 1480 3455 1547 quoniam
3487 1481 3768 1534 Dominum

2196 1581 2214 1613 ι
2250 1565 2570 1630 provocasti.
2609 1584 2627 1616 ι
2666 1564 2914 1620 Malleum
2943 1569 3205 1623 universa:
3238 1578 3395 1624 terrae
3426 1572 3773 1625 historialiter

2191 1650 2524 1705 demonstrat
2551 1668 2647 1721 per
2676 1663 2887 1724 tropum
2923 1658 3260 1726 synecdoche
3299 1660 3635 1730 Babylonem
3661 1678 3769 1715 cum

2192 1745 2407 1815 regibus
2433 1747 2564 1809 suis,
2592 1749 2683 1817 qui
2712 1750 2971 1818 plurimas
3000 1759 3157 1806 terra:
3192 1761 3370 1819 partes
3397 1753 3773 1821 conquassavit

2190 1848 2351 1910 atque
2377 1843 2673 1913 devastavit
2701 1859 2714 1897 :
2743 1854 2798 1899 et
2822 1847 3017 1901 merito
3047 1848 3101 1901 in
3130 1846 3245 1915 ejus
3274 1848 3495 1901 interitu
3527 1862 3632 1900 vox
3661 1846 3771 1901 belli

2192 1942 2248 1985 et
2281 1934 2533 1987 contritio
2562 1949 2751 2003 magna
2782 1937 3053 2001 resouuit,
3095 1939 3220 2008 quia
3257 1938 3507 2007 plurimis
3533 1938 3771 2006 gentibus

2190 2027 2306 2095 ejus
2357 2028 2657 2081 devastatio
2704 2030 2956 2095 gaudium
2999 2030 3141 2083 fecit.
3186 2028 3386 2100 (0rig.)
3420 2028 3768 2094 Quaerendum

2190 2116 2353 2185 igitur
2374 2126 2456 2171 est
2484 2118 2603 2184 quis
2630 2118 2700 2171 sit
2721 2119 3035 2186 spiritaliter
3058 2118 3276 2172 malleus
3307 2118 3578 2171 universa:
3599 2117 3765 2180 terra,

2190 2218 2374 2277 quaeve
2394 2208 2792 2276 ejus'contritio
2813 2213 3151 2283 prophetata,
3178 2212 3304 2280 quia
3324 2219 3449 2265 ante
3469 2212 3769 2266 confractus

2188 2308 2272 2354 est
2330 2315 2489 2369 quam
2538 2302 2824 2355 contritus.
2869 2301 2999 2368 Quis
3051 2310 3131 2356 est
3186 2302 3283 2355 iste
3330 2302 3560 2356 malleus
3599 2303 3769 2357 volens

2189 2399 2447 2459 quantum
2475 2389 2526 2443 in
2554 2406 2612 2445 se
2634 2401 2716 2445 est
2744 2391 2999 2460 impedire
3024 2392 3226 2461 lapides
3246 2393 3621 2447 :editicationis
3648 2403 3770 2448 tem-

2190 2480 2281 2550 pli,
2332 2489 2391 2533 ut
2438 2482 2656 2535 contriti
2704 2498 2808 2535 non
2852 2482 3175 2538 conveniant
3220 2482 3585 2539 fundamentis
3627 2485 3769 2554 ejus?

2189 2572 2322 2627 Vide
2349 2588 2489 2626 nunc
2511 2573 2779 2627 diabolum
2806 2573 2849 2628 si
2877 2590 2987 2628 non
3011 2575 3123 2644 ipse
3151 2585 3232 2629 est
3260 2576 3484 2630 malleus
3513 2576 3770 2629 universae

2189 2671 2363 2718 terrae.
2410 2664 2521 2732 Ego
2562 2672 2741 2717 autem
2787 2667 3145 2733 pronuntiabo
3194 2667 3471 2721 conlidens
3507 2682 3629 2720 esse
3672 2666 3765 2719 ali-

2187 2769 2376 2823 quem,
2409 2755 2499 2823 qui
2531 2769 2637 2809 non
2667 2770 2990 2825 magnopere
3012 2767 3163 2815 curet
3190 2758 3257 2811 de
3281 2758 3475 2811 malleo
3507 2760 3768 2811 universa:

2186 2852 2363 2899 terrae.
2382 2845 2715 2914 thuoniam
2739 2844 3039 2915 exemplum
3064 2856 3396 2916 assumptum
3419 2858 3503 2901 est
3522 2848 3585 2901 de
3603 2847 3767 2901 sensi-

2185 2939 2278 2993 bili
2308 2940 2522 3003 malleo,
2554 2955 2737 3009 qumro
2766 2942 3048 2993 materiam
3078 2939 3271 2993 malleo
3308 2938 3612 3003 fortiorem,
3650 2953 3767 3007 quae

2185 3032 2317 3085 nihil
2360 3032 2427 3086 ab
2469 3047 2533 3087 eo
2570 3046 2824 3103 percussa
2866 3031 3119 3102 patiatur.
3152 3032 3325 3097 Quam
3368 3031 3585 3100 quidem
3623 3046 3767 3099 qua:-

2128 3178 2151 3202 Ἰ
2186 3136 2312 3177 rens
2354 3123 2565 3192 reperio
2610 3122 2667 3175 in
2715 3136 2780 3177 eo
2824 3122 2965 3192 quod
2989 3122 3250 3189 scriptum
3290 3128 3413 3175 est:
3453 3139 3470 3171 «
3505 3120 3643 3175 Ecce
3686 3120 3768 3173 vir

2185 3224 2334 3271 stans
2373 3232 2535 3286 super
2573 3231 2756 3271 muros
2798 3217 3200 3281 adamantinos,
3248 3225 3302 3271 et
3348 3217 3401 3270 in
3455 3233 3615 3271 manu
3654 3216 3767 3284 ejus

2184 3309 2424 3361 adamas.
2456 3326 2473 3359 ι
2501 3307 2687 3363 Refert
2706 3317 2885 3363 autem
2926 3310 2990 3363 de
3028 3310 3313 3363 adamante
3350 3309 3594 3372 historia,
3638 3309 3763 3377 quia

2182 3394 2377 3451 Iortior
2401 3398 2471 3451 sit
2495 3398 2639 3451 omni
2670 3398 2894 3453 caedenti
2923 3413 2980 3453 se
3010 3398 3221 3463 malleo,
3258 3399 3581 3454 ineontritus
3607 3407 3662 3453 et
3688 3400 3767 3452 in-

2183 3488 2516 3543 convicibilis
2529 3504 2900 3558 perseverans.
2917 3490 3065 3546 Licet
3085 3507 3249 3561 super
3269 3499 3374 3545 stet
3402 3490 3626 3545 malleus
3654 3490 3765 3545 dia-

2181 3579 2357 3644 bolus,
2382 3592 2436 3635 et
2460 3582 2769 3651 suppositus
2793 3582 2864 3637 sit
2885 3583 3068 3647 draco,
3095 3584 3189 3655 qui
3214 3592 3299 3638 est
3326 3584 3482 3653 quasi
3510 3583 3660 3637 incus
3684 3583 3762 3637 in-

2182 3669 2497 3735 domabilis,
2535 3671 2669 3725 nihil
2705 3681 2883 3728 tamen
2921 3673 2974 3727 in
3008 3689 3171 3727 manu
3205 3673 3440 3737 Domini,
3475 3672 3610 3727 etin
3637 3687 3764 3728 eon-

2181 3773 2367 3831 spectu
2393 3764 2509 3833 ejus
2532 3766 2833 3821 consistens
2858 3766 3078 3821 adamas
3102 3766 3422 3836 perpetitur.
3445 3764 3560 3819 Duo
3585 3761 3763 3836 itaque

2180 3857 2452 3910 contraria
2487 3865 2611 3911 sunt
2648 3858 2920 3933 adamanti
2946 3856 3095 3926 justo
3131 3858 3261 3930 [Αι.,
3284 3857 3432 3929 isti],
3461 3857 3686 3913 malleus
3712 3867 3764 3913 et

2180 3942 2332 3999 incus
2355 3946 2797 4015 improducibilis.
2813 3946 2931 4003 Jam
2946 3949 3213 4019 quoddam
3229 3958 3333 4014 est,
3349 3958 3401 4005 et
3426 3951 3567 4019 apud
3594 3950 3764 4005 natio-

2180 4049 2278 4088 nes
2294 4037 2478 4089 tritum
2494 4035 2636 4104 vulgi
2662 4024 2910 4093 sermone
2932 4040 3292 4107 proverbium,
3310 4041 3446 4095 utde
3460 4042 3545 4095 bis
3558 4043 3651 4111 qui
3669 4057 3762 4095 an-

2178 4124 2469 4180 xietatibus
2492 4136 2546 4181 et
2568 4128 2722 4182 malis
2748 4138 3084 4199 premuntur,
3107 4130 3318 4185 dicant:
3339 4131 3490 4195 Inter;
3510 4133 3759 4189 malleum

2180 4220 2303 4266 sunt
2340 4221 2394 4268 et
2428 4214 2698 4270 incudem.
2734 4216 2813 4271 'I‘u
2851 4227 3029 4272 autem
3058 4218 3161 4273 hoc
3194 4219 3365 4275 refers
3394 4222 3463 4276 ad
3490 4222 3758 4276 diabolum

2178 4308 2234 4355 et
2263 4300 2571 4365 draconem,
2600 4304 2692 4373 qui
2718 4294 3017 4361 istiusmodi
3041 4320 3253 4377 semper
3277 4308 3331 4361 in
3351 4306 3650 4378 Scripturis
3668 4325 3761 4380 pro

2179 4393 2442 4446 varietate
2469 4408 2752 4449 causarum
2778 4396 3084 4451 nominibus
3113 4398 3497 4467 insigniuntur,
3521 4408 3578 4454 et
3606 4401 3759 4466 dicis,

2180 4484 2304 4553 quia
2348 4495 2567 4540 sanctus
2598 4486 2689 4557 qui
2729 4488 2883 4556 quasi
2926 4503 3113 4543 murus
3157 4490 3551 4556 adamantinos,
3596 4492 3679 4546 vel
3709 4494 3758 4547 in

2181 4590 2342 4629 manu
2380 4575 2588 4631 Domini
2620 4578 2841 4635 adamas
2868 4590 2974 4645 est,
2997 4595 3104 4635 non
3132 4578 3283 4635 curet
3315 4596 3491 4651 neque
3536 4584 3604 4638 de
3634 4584 3760 4637 mal-

2177 4662 2281 4727 leo,
2313 4680 2485 4734 neque
2514 4667 2580 4722 de
2616 4667 2841 4733 incude;
2871 4670 2967 4725 sed
3000 4679 3201 4739 quanto
3226 4672 3343 4741 plus
3375 4688 3548 4728 caesus
3580 4675 3755 4737 fuerit,

2179 4762 2328 4809 tanto
2385 4755 2503 4824 plus
2561 4757 2807 4811 virtutem
2865 4760 2980 4828 ejus
3034 4761 3403 4829 spendescere.
3462 4764 3593 4818 Post
3648 4766 3757 4821 haec

2178 4859 2381 4913 quaero,
2413 4847 2503 4915 qui
2533 4848 2605 4902 sit
2630 4848 2732 4904 iste
2761 4850 2851 4919 qui
2884 4852 3146 4907 universa:
3175 4862 3331 4908 terra
3358 4854 3611 4911 malleum
3634 4874 3758 4914 eon-

2182 4932 2399 5004 fregerit
2428 4943 2481 4990 et
2508 4938 2859 4993 contriv‘erit?
2888 4948 2941 4993 et
2962 4942 3132 4994 dicam
3158 4957 3261 4997 non
3281 4944 3523 5012 potuisse
3542 4946 3755 5018 Moysen

2178 5022 2513 5093 confringere
2531 5035 2689 5095 atque
2717 5037 2995 5083 conterere
3020 5030 3269 5086 malleum
3291 5035 3555 5091 universa:
3582 5049 3753 5103 terrm,

2178 5127 2352 5181 neque
2392 5125 2517 5170 ante
2558 5130 2678 5170 eum
2719 5120 3015 5184 Abraham,
3056 5136 3230 5190 neque
3267 5130 3392 5191 post
3424 5138 3545 5178 eum
3572 5123 3753 5179 Jesum

2177 5204 2343 5270 Nave,
2395 5221 2565 5277 neque
2609 5208 2771 5263 alium
2823 5225 3142 5281 quemquam
3186 5214 3593 5283 prophetarum.
3630 5215 3753 5282 Quis

2176 5313 2308 5369 ergo
2356 5302 2527 5370 potuit
2580 5302 2739 5357 talem
2809 5310 3126 5373 tantumque
3182 5306 3435 5359 malleum
3491 5307 3751 5361 universa:

2179 5399 2337 5445 terrae
2361 5391 2700 5461 confringere
2728 5403 2785 5447 et
2811 5396 3129 5449 conterere?
3154 5394 3287 5461 Quis
3318 5404 3403 5449 est
3431 5395 3563 5450 iste!
3598 5395 3749 5450 Iesus

2175 5480 2420 5537 Christus
2456 5484 2718 5554 confregit
2746 5494 2906 5554 atque
2928 5488 3179 5541 contrivit
3205 5487 3459 5541 malleum
3490 5488 3750 5542 universa:

2176 5583 2349 5629 terrae.
2383 5575 2450 5628 Et
2484 5576 2588 5630 hoc
2625 5593 2765 5630 nunc
2793 5577 3066 5632 admirans
3094 5578 3148 5631 in
3177 5576 3381 5646 Spiritu
3408 5586 3593 5632 saneto
3626 5594 3747 5648 pro—

2173 5665 2381 5734 phetes,
2410 5666 2520 5719 ait:
2560 5686 2576 5717 ε
2608 5666 2884 5733 Quomodo
2909 5667 3219 5724 confractus
3248 5676 3363 5731 est,
3399 5677 3458 5720 et
3488 5663 3747 5721 contritus

2174 5757 2396 5814 malleus
2419 5758 2684 5815 universae
2712 5760 2904 5816 terrae?
2931 5780 2951 5813 ι
2985 5759 3171 5814 Primo
3192 5756 3505 5815 confractus
3532 5766 3635 5824 est,
3661 5754 3749 5816 de-
