3952 6316
196 364 343 420 1149

1088 363 1449 423 EXPOSITIO
1486 364 1710 421 SUPER
1746 364 2114 421 JEREMIAM.
2157 394 2223 405 -—
2261 366 2389 421 LlB.
2432 366 2571 422 XVI.

3331 368 3472 426 “50

191 481 318 534 inde
354 478 639 534 contritus.
670 478 736 535 Et
776 480 1033 551 quoniam
1076 481 1257 551 reperi
1302 480 1625 536 salvatorem
1665 495 1787 535 esse
1816 484 1866 546 Α
1892 484 2066 553 gratia
2097 502 2108 536 :
2140 482 2355 537 Pharao
2382 492 2437 537 et
2467 481 2707 555 Egyptii
2737 497 2868 537 vasa
2897 481 3012 537 irae.
3044 482 3255 539 Rursus
3293 499 3350 539 se
3382 485 3474 555 qui

191 577 285 644 qui
315 572 586 644 confregit
621 575 873 629 malleum
908 578 1176 632 universa:
1207 583 1367 630 terra:
1395 584 1450 630 et
1477 577 1793 631 contriverit

193 683 338 729 cum,
374 668 585 721 veniam
609 668 676 722 ad
713 669 1057 739 Evangelium
1086 678 1145 723 ut
1175 669 1388 723 videam
1417 669 1645 740 primam
1678 679 1793 724 ten-

194 760 456 814 tationem
490 762 704 829 quando
727 762 862 816 dixit
887 766 935 815 ei
964 762 1246 817 diabolus:
1284 781 1302 812 ί
1339 762 1446 817 Ista
1477 764 1656 818 omnia
1692 762 1788 817 tibi

193 846 338 903 dabo
369 851 411 905 si
450 852 737 921 procidens
762 852 1073 908 adoraveris
1100 868 1206 919 me,
1244 874 1260 904 ι
1297 862 1401 909 etc.
1443 855 1656 926 (Matth.
1691 855 1786 925 iv);

193 951 249 996 et
282 944 457 996 dicam
477 984 490 1006 ,
520 944 644 1011 quia
672 943 763 996 illo
792 953 1029 1014 tempore
1058 948 1449 1001 non'contrivit
1476 947 1633 1003 Jesus
1662 947 1791 1001 mal-

193 1032 337 1087 leum
382 1034 646 1087 universa:
694 1042 871 1100 terrm,
922 1038 1015 1090 sed
1070 1032 1279 1091 tantum
1329 1039 1595 1108 confregit
1642 1054 1786 1093 eum.

192 1119 328 1175 Cum
367 1137 497 1175 vero
533 1124 753 1177 secessit
783 1124 850 1178 ab
880 1139 944 1179 eo
973 1141 1141 1195 usque
1180 1128 1246 1181 ad
1277 1135 1509 1195 tempus,
1556 1137 1610 1181 et
1655 1137 1791 1183 tem-

190 1226 324 1280 pore
370 1220 557 1282 postea
593 1215 737 1269 venit
777 1215 1032 1279 instante,
1064 1229 1191 1270 tunc
1223 1218 1489 1272 contritus
1534 1227 1646 1285 est,
1682 1236 1787 1274 non

190 1294 369 1357 solum
390 1303 698 1359 confractus
713 1314 771 1359 ut
791 1307 1049 1373 primum,
1077 1306 1299 1361 malleus
1321 1308 1585 1363 universae
1608 1318 1797 1376 terrai,~

189 1402 243 1447 ct
293 1396 417 1463 quia
468 1397 735 1450 contritus
780 1406 895 1461 est,
936 1397 1023 1465 qui
1080 1396 1253 1451 fuerat
1306 1402 1430 1454 ante
1456 1400 1785 1467 confractus,

191 1486 419 1540 malleus
454 1487 717 1541 universae
750 1499 935 1551 terrae,
970 1488 1170 1543 idcirco
1220 1498 1401 1559 ct-pcr
1433 1504 1788 1561 unumquem-

188 1591 297 1644 que
324 1587 567 1631 nostrum
596 1578 955 1649 confringitur
985 1580 1219 1649 quidem,
1244 1584 1458 1649 quando
1489 1581 1785 1636 introduci-

188 1682 315 1723 mur
352 1670 403 1724 in
435 1671 729 1726 Ecclesium
759 1682 815 1727 et
858 1673 1168 1743 proﬁcimus
1208 1673 1260 1727 in
1308 1672 1430 1727 ﬁde.
1479 1674 1788 1728 Conteritur

189 1769 377 1815 autem
412 1772 463 1815 et
495 1764 880 1818 comminuitur
902 1766 1115 1833 quando
1142 1764 1209 1819 ad
1241 1764 1538 1835 perfectum
1572 1767 1784 1820 veneri-

1894 582 2099 646 primus
2138 577 2570 631 misericordiam
2611 585 2936 633 consecutus
2965 582 3065 637 est,
3094 585 3149 630 et
3170 592 3267 632 eos
3297 577 3390 647 qui
3418 578 3475 634 iu

1894 675 2153 736 tempore,
2167 667 2359 736 inquit,
2370 668 2435 721 de
2449 666 2713 723 Judaeiset
2724 668 2974 739 gentibus
2988 666 3476 732 crediderint,vasa

1892 760 2280 815 misericordiae
2313 762 2661 831 nuncupavit.
2680 761 2818 815 Sunt
2846 776 2977 833 ergo
3002 762 3056 816 in
3100 762 3357 816 thesauro
3380 744 3478 815 Dei

1893 866 2018 906 vasa
2051 852 2165 907 ine.
2201 851 2473 921 Scriptum
2516 862 2600 907 est
2634 854 2776 907 enim
2820 871 2833 905 :
2873 873 2891 903 ‹
2944 853 3169 922 Aperuit
3216 852 3477 907 Dominus

1894 944 2203 997 thesaurum
2232 960 2411 1007 suum,
2436 952 2491 998 et
2510 944 2873 1012 protulitvasa
2904 944 2998 997 ira:
3019 960 3149 999 suae.
3184 964 3197 992 ›
3232 943 3365 1010 Quis
3393 950 3477 997 est

1894 1036 1996 1089 iste
2024 1040 2309 1092 thesaurus
2331 1038 2563 1101 Domini,
2592 1040 2642 1091 in
2674 1054 2780 1106 quo
2811 1051 2937 1091 vasa
2967 1038 3060 1090 ira:
3093 1036 3478 1091 inveniuntur?

1893 1128 2099 1198 Aliquis
2126 1130 2351 1185 forsitan
2382 1111 2611 1199 qurerat,
2643 1139 2824 1183 utrum
2871 1129 2924 1182 in
2972 1130 3225 1182 thesauro
3266 1127 3475 1181 Domini

1894 1221 2265 1275 tantummodo
2297 1236 2421 1274 vasa
2452 1220 2546 1274 irm
2579 1220 2704 1284 sint,
2736 1222 2789 1273 et
2821 1220 3111 1273 thesaurus
3134 1216 3252 1281 Dei,
3279 1216 3368 1285 qui
3398 1224 3481 1269 est

1894 1312 2177 1368 thesaurus
2222 1312 2491 1375 omnium,
2534 1326 2641 1365 non
2677 1313 2873 1365 haheat
2896 1325 3025 1363 vasa
3052 1307 3474 1369 misericordia);

1892 1418 1961 1455 an
1999 1403 2141 1455 aliud
2164 1402 2291 1470 quid
2320 1403 2540 1471 intelligi
2570 1408 2814 1469 oporteat
2843 1402 2907 1455 de
2938 1402 3195 1462 thesauro
3216 1398 3309 1451 Dei
3338 1396 3478 1450 unde

1890 1492 2186 1546 efferantur
2226 1506 2350 1545 vasa
2404 1491 2495 1545 ira:
2524 1490 2679 1558 ejus?
2718 1491 3057 1544 Thesaurum
3098 1488 3307 1541 Domini
3353 1500 3478 1555 ergo

1890 1582 2165 1637 conﬁdens
2202 1584 2375 1638 dicam
2422 1597 2543 1638 esse
2588 1582 2884 1638 Ecclesiam
2927 1580 3067 1649 ejus,
3111 1587 3163 1632 et
3208 1579 3314 1631 isto
3359 1578 3479 1630 the-

1892 1691 2073 1742 sauro,
2104 1678 2157 1731 id
2190 1686 2273 1731 est
2299 1679 2352 1731 in
2383 1676 2647 1739 Ecclesia,
2688 1688 2828 1744 saepe
2858 1675 3103 1728 homines
3136 1670 3353 1723 latitare
3390 1668 3479 1735 qui

1892 1767 2003 1820 sint
2024 1779 2152 1820 vasa
2202 1767 2316 1820 irm.
2355 1766 2543 1820 Veniet
2590 1766 2751 1835 igitur
2778 1774 2989 1831 tempus
3018 1761 3231 1830 quando
3269 1758 3480 1827 aperiat

187 1867 331 1906 inus.
355 1870 372 1903 ι
396 1851 697 1919 Quomodo,
722 1854 913 1924 inquit,
948 1863 1100 1908 versa
1127 1865 1207 1909 est
1235 1857 1288 1908 in
1312 1856 1581 1909 desertum
1611 1856 1785 1927 Baby-
1818 1874 1866 1931 Β
1896 1851 2156 1907 Dominus
2182 1853 2497 1907 thesaurum
2534 1853 2803 1906 Ecclesiae.
2836 1850 2990 1903 Nunc
3021 1850 3164 1902 enim
3192 1848 3374 1901 clausa
3399 1854 3482 1900 est

184 1942 277 1998 lon
323 1946 374 1999 in
419 1946 689 2015 gentibus,
724 1946 1006 2016 illaqueavi
1052 1955 1129 2005 te.
1166 1954 1220 2001 et
1251 1956 1406 2017 capta
1438 1961 1497 2001 es
1527 1946 1799 2018 Babylon,

187 2034 474 2089 nesciebas
522 2043 577 2089 et
628 2035 845 2090 inventa
900 2052 959 2091 es
1009 2045 1064 2091 et
1112 2038 1483 2107 apprehensa,
1532 2037 1786 2106 quoniam

186 2124 358 2179 Deum
375 2127 698 2194 provocasti.
732 2146 750 2178 ι
781 2124 859 2181 Ex
886 2128 1251 2182 anterioribus
1286 2138 1463 2182 autem
1496 2135 1672 2198 potest
1703 2129 1785 2181 in-

147 2226 157 2241 ‘
187 2218 361 2289 telligi
392 2220 679 2289 captivitas
708 2220 1019 2291 Babylonis,
1049 2220 1266 2290 quando
1292 2229 1446 2289 capta
1480 2219 1782 2283 suﬁ‘oJitur,

186 2312 546 2375 subvertitur,
569 2313 861 2377 desolatur,
892 2322 951 2367 ut
974 2312 1107 2368 nihil
1133 2315 1187 2367 in
1217 2314 1372 2369 nobis
1404 2314 1636 2367 resideat
1658 2328 1786 2367 con-

186 2400 440 2456 fusionis.
472 2420 489 2451 ‹
512 2400 579 2455 Et
606 2404 855 2473 capieris,
880 2398 1141 2473 Babylon,
1165 2414 1218 2458 et
1243 2420 1346 2458 non
1372 2404 1683 2474 cognoscis;
1709 2403 1784 2457 in~

184 2504 354 2548 venta
398 2508 457 2549 es
483 2502 539 2549 et
577 2497 999 2566 comprehensa,
1051 2496 1178 2566 quia
1205 2496 1431 2550 Domino
1458 2496 1723 2552 restitisti.
1763 2515 1781 2548 ι

186 2586 405 2657 Ergone
457 2587 569 2642 sola
598 2586 831 2659 llabylon
866 2589 1063 2643 restitit
1087 2588 1337 2653 Domino,
1390 2597 1445 2642 et
1474 2605 1580 2643 non
1609 2589 1787 2659 potius

186 2693 382 2733 omnes
406 2676 614 2748 gentes,
642 2679 766 2733 dum
814 2688 1060 2733 creatore
1100 2680 1314 2735 deserto
1352 2680 1491 2733 idola
1518 2688 1786 2734 venerata:

185 2777 350 2834 sunt,
390 2766 616 2823 Domino
662 2768 1010 2822 restiterunt?
1050 2784 1117 2822 an
1152 2768 1452 2839 ﬁguraliter
1487 2770 1623 2823 dicit
1662 2785 1779 2823 03n-

186 2870 316 2914 nem
329 2860 564 2913 animam
578 2860 904 2914 contrariam
920 2858 1233 2924 Jerusalem,
1245 2862 1295 2915 id
1312 2870 1394 2915 est
1407 2856 1598 2917 visioni
1616 2863 1783 2931 pacis,

186 2952 517 3023 Babylonem
545 2953 867 3008 esse?Unde
893 2962 947 3007 et
971 2954 1141 3009 sancti
1173 2956 1225 3008 in
1240 2952 1563 3019 Jerusalem,
1591 2970 1783 3025 pecca-

188 3053 343 3099 tores
380 3044 431 3097 in
464 3042 735 3114 Babylone
780 3053 956 3098 erant.
996 3044 1062 3099 Et
1104 3046 1149 3100 si
1181 3046 1479 3116 peccabant
1510 3042 1784 3117 Jerosoly-

187 3122 362 3199 initae,
388 3130 743 3188 mittebanwr
769 3135 821 3188 in
847 3135 1194 3205 Babylonem,
1218 3144 1273 3190 et
1296 3136 1375 3190 sic
1399 3137 1787 3191 converteban-

1893 1941 2155 2006 Ecclesia,
2185 1951 2240 1996 et
2279 1956 2406 1996 vasa
2433 1942 2527 1996 irae
2573 1956 2693 1995 cum
2732 1939 2876 1993 vasis
2915 1938 3299 1992 misericordiae
3334 1936 3481 1989 inha-

1888 2032 2181 2096 bltant;.et
2218 2030 2389 2101 palea:
2412 2046 2537 2086 cum
2564 2030 2835 2084 frumento
2868 2036 3013 2090 sntit,
3051 2038 3106 2083 et
3145 2028 3322 2097 pisces
3354 2027 3479 2095 pei-

1894 2127 2050 2182 dendi
2084 2141 2147 2179 ac
2172 2124 2485 2194 projiciendi
2528 2136 2651 2177 cum
2679 2122 2830 2176 bonis
2859 2120 3119 2190 piscibus,
3147 2118 3239 2187 qui
3268 2118 3341 2172 in’
3361 2125 3477 2171 rete

1888 2218 2209 2281 inciderant,
2238 2216 2601 2283 continentur.
2632 2214 2801 2282 Quam
2829 2228 2955 2268 cum
2984 2212 3262 2281 aperuerit
3281 2207 3471 2279 judicii

1890 2323 2152 2380 tempore,
2195 2319 2251 2364 et
2293 2307 2577 2379 protulerit
2604 2306 2811 2361 exinde
2844 2319 2972 2358 vasa
3018 2305 3111 2358 ira:
3155 2319 3286 2365 sum,
3335 2301 3478 2356 dicet

1890 2404 2117 2461 forsitan
2147 2404 2193 2457 is
2222 2402 2313 2473 qui
2340 2409 2423 2456 est
2446 2414 2541 2455 vas
2567 2398 2957 2454 misericordia:l
2982 2397 3048 2451 de
3078 2394 3479 2466 egredientibus

1888 2497 2161 2553 vasisirze
2199 2512 2211 2551 :
2250 2510 2270 2547 ε
2304 2492 2568 2549 Exierunt
2600 2505 2668 2547 ex
2696 2488 2869 2553 nobis,
2918 2500 3025 2545 non
3058 2489 3206 2543 enim
3231 2495 3475 2542 erantex

1888 2591 2045 2646 nobis
2072 2608 2085 2643 :
2119 2590 2163 2643 si
2193 2588 2336 2643 enim
2364 2586 2592 2641 fuissent
2616 2600 2683 2637 ex
2727 2582 2899 2647 nobis,
2934 2580 3264 2635 mansissent
3294 2580 3480 2649 utique

1888 2685 2191 2747 iiohiseum;
2223 2696 2317 2736 seu
2341 2680 2460 2735 ideo
2498 2676 2704 2749 egressi
2734 2683 2859 2731 sunt
2884 2686 2913 2727 a
2939 2673 3113 2736 nobis,
3145 2681 3206 2726 ut
3226 2669 3477 2726 ostende-

1890 2782 2037 2831 retur
2067 2774 2330 2843 quianon
2356 2776 2513 2825 erant
2541 2782 2729 2823 omnes
2760 2776 2829 2821 cx
2868 2764 3025 2819 nobis
3059 2762 3109 2832 (1
3141 2762 3302 2815 Joan.
3326 2762 3410 2829 ll).
3432 2778 3470 2835 α»

1888 2867 1955 2921 Et
1976 2867 2029 2921 in
2064 2864 2210 2919 aliud
2232 2862 2485 2933 quiddam
2523 2859 2673 2928 cupit
2699 2868 2879 2913 sermo
2910 2864 3288 2925 prorumpere.
3321 2850 3473 2917 Quod

1892 2962 2073 3011 autem
2112 2955 2371 3009 audemus
2420 2951 2619 3013 dicere,
2645 2946 2950 3004 istiusmodi
2982 2951 3067 2999 est
3095 2961 3109 2998 :
3137 2945 3193 2998 in
3223 2945 3477 2998 thesauro

1891 3049 1987 3104 Dei
2018 3056 2143 3102 Vasa
2174 3048 2267 3101 ira:
2313 3050 2456 3099 sunt.
2498 3043 2661 3097 Extra
2694 3041 3008 3094 thesaurum
3034 3049 3164 3091 vasa
3192 3034 3477 3105 peccantia

1894 3150 1998 3193 non
2032 3146 2157 3191 sunt
2184 3150 2311 3191 vasa
2338 3135 2453 3199 irae,
2484 3133 2577 3187 sed
2605 3131 2751 3185 vasis
2779 3130 2873 3183 ira:
2901 3128 3111 3182 minora
3138 3134 3282 3195 sunt.
3316 3123 3470 3179 Servi

190 3233 284 3278 tur
307 3225 374 3278 ad
400 3225 774 3292 pmnitentiam
804 3226 855 3278 in
887 3226 1157 3296 Babylone
1184 3227 1561 3281 consistentes.
1598 3227 1784 3283 Sancti
1814 3232 1858 3293 C
1890 3228 2033 3282 enim
2076 3232 2201 3279 sunt
2224 3224 2540 3294 ignorantes
2566 3218 2897 3273 voluntatem
2919 3216 3121 3271 domini
3164 3216 3268 3277 sui,
3292 3221 3345 3268 ct
3368 3229 3475 3267 non

189 3330 327 3370 vero
350 3313 795 3383 regrediebantur
825 3312 1144 3369 Jerusalem.
1178 3315 1401 3385 Capitur
1435 3330 1565 3389 ergo
1608 3316 1783 3387 Baby-

190 3406 282 3460 lon
320 3407 372 3457 et
403 3419 510 3463 non
547 3404 843 3474 cognoscit.
883 3403 1120 3475 Babylon
1150 3407 1349 3475 quippe
1385 3406 1489 3477 legi
1538 3405 1631 3461 Del
1678 3424 1783 3463 non

188 3490 475 3563 subjicitur
520 3508 695 3563 neque
736 3495 879 3550 enim
924 3492 1100 3565 potest
1140 3496 1357 3550 inventa
1402 3498 1507 3551 non
1546 3497 1783 3568 Babylon

190 3586 585 3656 comprehensa
612 3598 763 3651 esse,
825 3586 917 3640 sed
948 3588 1016 3641 ob
1044 3587 1096 3641 id
1126 3588 1515 3657 comprehensa
1548 3598 1631 3644 est
1658 3605 1781 3644 cum

191 3678 411 3733 inventa
446 3679 550 3741 est,
582 3676 708 3744 quia
736 3672 965 3730 Domino
1002 3675 1217 3730 restitit.

222 3786 227 3789 ι
268 3783 289 3819 ι
335 3765 561 3837 Aperuit
609 3762 870 3821 Dominus
900 3767 1221 3824 thesaurum
1245 3780 1435 3833 suum,
1466 3774 1521 3822 et
1556 3767 1783 3837 protulit

198 3864 221 3911 ι’
264 3872 395 3912 vasa
428 3855 522 3911 ira:
541 3870 673 3921 sum,
697 3843 953 3924 quoniam
976 3870 1109 3923 opus
1137 3863 1221 3910 est
1240 3855 1469 3910 Domino
1495 3856 1604 3911 Deo
1627 3869 1783 3911 exer-

195 3968 217 4001 ι
262 3948 469 4003 cituum
520 3947 575 4000 in
622 3954 765 4001 terra
820 3944 1217 4001 Chaldaeorum.
1269 3966 1286 3997 ›
1321 3947 1441 4001 Alia
1471 3947 1637 4003 editio
1687 3948 1784 4001 ha-

188 4040 284 4096 bet
322 4057 334 4091 :
373 4057 391 4089 (
429 4036 647 4107 Aperite
672 4036 965 4108 apothecas
984 4035 1122 4104 ejus,
1146 4028 1461 4091 scr‘utamini
1487 4053 1607 4092 eam
1628 4038 1783 4109 quasi

195 4152 215 4185 ι
265 4129 599 4201 speluncam,
647 4136 703 4183 et
743 4128 1035 4199 disperdite
1063 4142 1216 4192 eam,
1261 4142 1366 4181 non
1396 4126 1503 4181 sint
1548 4129 1628 4182 eis
1661 4121 1785 4182 reli-

197 4244 215 4277 ι
263 4224 406 4293 quia:
424 4263 437 4285 ,
471 4221 745 4275 exsiccate
770 4234 957 4275 omnes
982 4219 1189 4274 fructus
1216 4220 1351 4290 ejus,
1377 4228 1431 4274 et
1457 4220 1783 4275 descendant

197 4335 216 4368 ι
261 4318 316 4371 in
338 4314 684 4370 occisionem.
712 4312 802 4367 Vae
826 4312 904 4369 eis
931 4315 1185 4383 quoniam
1213 4314 1393 4369 veniet
1421 4313 1541 4369 dies
1569 4330 1777 4382 eorum,

197 4427 217 4460 ι
267 4416 480 4478 tempus
515 4406 764 4461 vindicta:
800 4414 1005 4464 eorum.
1051 4426 1070 4457 ι
1108 4404 1305 4461 Volens
1345 4390 1641 4478 intelligere
1678 4408 1781 4461 hoc

193 4500 343 4571 quod
395 4500 596 4553 dictum
646 4505 770 4555 est:
808 4516 826 4548 ί
883 4497 1109 4567 Aperuit
1154 4494 1781 4554 Dominus-thesaurum

1889 3314 2148 3370 facientes
2193 3310 2522 3367 voluntatem
2576 3310 2725 3380 ejus;
2794 3307 2885 3377 qui
2941 3313 3121 3361 autem
3181 3304 3474 3375 ingreditur

1888 3410 2205 3471 Ecclesiam,
2257 3414 2348 3460 aut
2388 3419 2487 3459 vas
2526 3388 2621 3458 iraa
2661 3409 2761 3468 est,
2796 3412 2889 3456 aut
2929 3413 3027 3455 vas
3068 3398 3471 3454 misericordiae.

1887 3500 1988 3568 Qui
2033 3498 2162 3552 toris
2186 3496 2481 3552 Ecclesiam
2509 3502 2614 3559 est,
2660 3506 2767 3547 non
2806 3492 3195 3547 misericordiae
3233 3500 3332 3545 Vas
3366 3497 3467 3555 est,

1887 3604 2060 3661 neque
2093 3590 2201 3643 irte.
2246 3586 2404 3641 Aliud
2433 3585 2699 3660 quoddam
2732 3590 2926 3637 nornen
2957 3583 3075 3652 ejus
3099 3580 3338 3650 Inquiro,
3377 3580 3467 3649 qui

1886 3689 2041 3736 extra
2074 3679 2366 3735 Ecclesiam
2394 3685 2761 3732 commoratur
2788 3686 2883 3727 ιι...
2912 3694 2931 3724 ‹
2956 3674 3124 3743 Opus,
3146 3673 3341 3743 inquit,
3369 3672 3469 3726 Do.

1887 3774 2034 3828 mino
2047 3772 2372 3825 virtutumin
2394 3778 2534 3825 terra
2547 3766 2920 3823 Chaldzeorunt
2946 3774 3059 3821 est:
3090 3787 3109 3818 ι
3130 3764 3284 3835 juxta
3301 3765 3469 3819 diver-

1887 3881 1975 3921 sos
1992 3864 2308 3921 intellectus,
2329 3872 2575 3916 terrenus
2588 3860 2737 3914 locus
2750 3843 3121 3927 multipliciter
3136 3858 3467 3921 nominatur,

1886 3966 1940 4013 et
1961 3954 2229 4027 quomodo
2252 3953 2513 4009 diﬂ'erenti
2544 3952 2685 4007 inter
2708 3966 2767 4006 se
2787 3950 3005 4004 notione
3038 3944 3287 4003 Salvator
3315 3946 3471 4017 plura

1886 4048 2048 4102 habet
2076 4044 2363 4109 vocabula,
2403 4052 2526 4098 cum
2569 4058 2708 4097 unus
2734 4041 2792 4095 in
2828 4038 3127 4109 subjaCenti
3164 4040 3252 4104 sit,
3286 4038 3469 4095 varius

1887 4147 2066 4193 autem
2097 4138 2150 4191 in
2177 4134 2494 4190 virtutibus:
2532 4135 2609 4189 sic
2636 4138 2691 4188 et
2718 4137 2940 4202 propter
2966 4130 3220 4185 malitiam
3253 4130 3469 4199 generis

1884 4230 2104 4291 humani
2132 4244 2343 4288 terrena
2368 4226 2578 4302 negotia
2601 4239 2723 4285 cum
2747 4237 2909 4282 untnn
2932 4228 3041 4281 sint
3061 4228 3113 4281 in
3142 4220 3475 4294 subjaCenti,

1884 4325 2188 4399 intellectus
2236 4322 2547 4377 diversitate
2595 4328 2722 4374 sunt
2774 4317 3023 4388 plurima.
3084 4315 3236 4383 Quod
3289 4322 3468 4370 autem

1884 4402 2002 4471 dico
2023 4415 2099 4469 sic
2125 4412 2216 4469 ﬁet
2250 4411 2608 4475 manifestius,
2626 4425 2747 4465 cum
2769 4408 3071 4479 exemplum
3108 4408 3253 4477 quod
3282 4421 3310 4461 a
3346 4406 3468 4461 Sal-

1883 4514 2068 4561 vatore
2093 4504 2379 4573 assumpsi,
2408 4503 2728 4563 edisseren's,
2757 4501 2823 4553 ad
2848 4508 2913 4553 ea
2944 4504 3063 4568 quae
3086 4498 3208 4552 sunt
3232 4496 3471 4564 subjecta

197 4610 222 4644 ι
268 4596 427 4647 suum
468 4596 523 4645 ει
565 4587 791 4659 ρτοιυιίι
818 4605 947 4645 V353
986 4590 1079 4644 ira?
1110 4605 1239 4655 δυῶν
1268 4610 1306 4663 ,³
1355 4606 1538 4660 (illam
1581 4591 1646 4647 de
1681 4584 1863 4655 333.1)
1890 4596 2228 4668 explanando
2267 4593 2669 4649 transcendcro.
2716 4581 2891 4645 Unum
2933 4585 3221 4659 SuhjaCens
3252 4596 3334 4643 est
3367 4587 3473 4642 Do'-

193 4681 479 4751 Scriptura
512 4696 638 4735 vasa
667 4680 765 4736 ira:
791 4681 1033 4748 Domini,
1069 4682 1361 4739 etinvenio
1388 4683 1453 4736 ad
1490 4682 1782 4753 pleniorem

193 4771 653 4839 comparationem
719 4772 1019 4826 istiusmodi
1089 4770 1383 4840 Scriptura:
1450 4770 1782 4841 Scripturam

194 4848 586 4933 apostolicam,
615 4856 797 4931 ibique
837 4861 1053 4917 invenio
1091 4860 1405 4930 Apostolum
1442 4862 1573 4918 mihi
1616 4862 1783 4931 subji-

194 4952 431 5008 cientem
457 4967 577 5020 quae
604 4949 716 5008 sint
742 4966 871 5006 vasa
894 4951 989 5006 irae
1014 4952 1140 5015 Dei;
1168 4950 1244 5004 ait
1271 4951 1417 5004 enim
1438 4970 1450 5004 :
1473 4969 1490 5001 ι
1521 4950 1576 5005 Si
1605 4958 1784 5007 autem

192 5043 390 5100 volens
414 5042 554 5098 Deus
574 5038 859 5098 ostendere
875 5043 1009 5097 iram
1028 5057 1201 5107 suam,
1218 5048 1273 5095 et
1292 5047 1473 5096 notam
1500 5038 1679 5097 facere
1692 5057 1786 5112 po-

196 5134 426 5190 tentiam
442 5148 613 5198 suam,
630 5132 849 5203 pertulit
865 5133 919 5187 in
943 5125 1109 5187 multa
1127 5131 1386 5201 patientia
1400 5146 1527 5185 vasa
1541 5114 1639 5186 “ira:
1652 5147 1786 5202 prm-

195 5231 393 5294 parata
419 5223 487 5277 ad
518 5221 873 5293 perditionem
893 5261 908 5286 ,
934 5230 994 5275 ut
1025 5220 1335 5277 ostenderet
1364 5220 1580 5274 divitias
1603 5220 1784 5288 gloria:

198 5330 314 5371 suae
340 5330 501 5384 super
515 5329 643 5370 vasa
670 5314 1074 5378 misericordiae,
1098 5328 1217 5383 quae
1244 5312 1636 5381 praeparavitin
1664 5311 1779 5382 glo-

200 5408 361 5471 riam,
394 5422 531 5479 quos
556 5418 610 5463 et
638 5407 868 5471 vocavit,
902 5422 1005 5461 non
1040 5402 1211 5461 solum
1236 5421 1299 5460 ex
1340 5403 1556 5467 Judaeis,
1595 5418 1780 5458 verum

195 5499 368 5557 etiam
387 5514 455 5556 ex
488 5494 738 5569 gentibus
765 5498 935 5571 (Rom.
964 5515 1041 5561 lx,
1080 5497 1139 5552 Il
1170 5497 1303 5551 Tim.
1330 5496 1410 5567 il).
1448 5495 1785 5550 Generaliter

196 5586 492 5660 Apostolus
514 5604 703 5643 omnes
720 5589 965 5643 homines
986 5587 1175 5647 dividit
1194 5586 1407 5651 bifarie,
1426 5586 1610 5641 dicens
1627 5600 1789 5655 quos-

203 5682 328 5739 dam
353 5696 475 5737 esse
499 5695 627 5735 vasa
650 5679 1052 5743 misericordias,
1072 5681 1332 5749 quosdam
1355 5693 1483 5734 vasa
1504 5676 1787 5734 irae.Verbi

282 5810 308 5840 ι
350 5796 555 5854 Sensus
578 5795 779 5867 pendet
801 5795 1155 5869 interruptus.

1893 4690 2038 4743 mino
2069 4703 2186 4742 meo
2208 4674 2333 4741 Jesu
2383 4672 2667 4739 Salvatori.
2705 4680 2818 4734 Hoc
2858 4692 2969 4733 uno
3002 4675 3333 4746 subjucentc,
3368 4677 3476 4731 alio

1893 4777 2165 4836 intellectu
2220 4777 2462 4832 medicus
2512 4783 2614 4839 est,
2659 4771 2812 4843 juxta
2852 4768 2997 4841 quod
3040 4770 3297 4840 scriptum
3346 4779 3474 4823 est:

1898 4890 1916 4921 ‹
1950 4870 2064 4924 Non
2094 4882 2315 4923 necesse
2338 4866 2540 4921 habent
2568 4863 2684 4918 sani
2718 4862 2946 4925 medico,
2977 4854 3071 4914 s'ed
3106 4858 3245 4913 male
3276 4858 3476 4912 haben-

1897 4954 1975 5019 tes
1999 4962 2147 5032 (Luc.
2175 4960 2251 5030 v).
2306 4980 2323 5011 ι
2373 4959 2491 5011 Alio
2526 4955 2797 5011 intellectu
2833 4960 3019 5024 pastor
3047 4958 3148 5013 est,
3182 4948 3475 5006 Secundum

1893 5046 2034 5123 Quod
2087 5048 2541 5105 irrationabilibus
2595 5055 2832 5116 przeest;
2882 5044 2990 5098 alio
3031 5040 3302 5097 intellectu
3356 5054 3472 5105 rex,

1890 5144 2186 5200 secundum
2234 5140 2374 5211 quod
2420 5141 2473 5195 in
2519 5133 2926 5193 rationabilibus
2956 5132 3309 5201 principatur.
3354 5129 3473 5185 Alio

1890 5234 2167 5289 intellectu
2197 5228 2320 5286 vilis
2350 5246 2473 5285 vera
2496 5271 2511 5295 ,
2541 5229 2833 5286 secundum
2862 5220 3005 5296 quod
3036 5223 3227 5279 inserti
3256 5223 3310 5277 in
3351 5238 3471 5277 eum

1890 5325 2136 5379 homines
2154 5322 2453 5376 uberrimos
2473 5320 2700 5375 afferunt
2725 5316 2753 5369 f
2751 5324 2950 5377 ructus,
2968 5323 3021 5370 et
3050 5315 3247 5369 exculti
3268 5328 3296 5365 a
3313 5310 3473 5366 Patre

1892 5415 2145 5486 agricola,
2173 5412 2549 5483 pinguedinem
2598 5408 2722 5462 vitis
2765 5422 2907 5461 vera:
2950 5420 3016 5459 ex
3067 5394 3223 5458 unius
3274 5398 3473 5457 radicis

1892 5502 2162 5558 consortio
2200 5508 2481 5554 assumunt
2512 5498 2692 5570 (loan.
2725 5494 2823 5565 xi).
2866 5492 3027 5551 quta
3067 5494 3231 5547 alium
3268 5492 3482 5546 intellc—.

1893 5604 2038 5651 ctum
2072 5594 2332 5665 sapientia
2360 5600 2461 5657 est,
2487 5588 2641 5661 juxta
2670 5588 2835 5641 alium
2864 5587 3087 5651 veritas,
3120 5586 3273 5655 juxta
3309 5580 3469 5635 alium

1890 5684 2101 5760 justitia
2170 5666 2567 5738 verumtamen
2614 5678 2901 5749 subjacens
2950 5670 3137 5730 unum.
3192 5672 3469 5745 Quomodo
