3952 6336
514 364 647 422 1151

1162 365 1217 418 Β.
1259 363 1510 418 RABANI
1549 361 1767 418 MAURI
1805 362 2120 418 ARCHIEP.
2163 360 2468 419 MOGUNT.
2513 361 2794 418 OPERUM
2833 361 3009 416 PARS
3047 363 3131 416 lll.

3649 360 3779 416 H52

508 476 645 549 ergo
673 478 726 530 in
749 475 1051 541 Salvatore,
1069 489 1177 528 uno
1200 473 1766 543 subjacente,plnrimi
1795 475 2100 530 intellectus
2125 474 2177 534 Α
2201 481 2331 529 tunc
2359 475 2414 528 in
2457 474 2877 528 devastationem
2902 473 3209 543 Babylonia:
3243 485 3515 530 venerunt
3546 476 3780 554 undique

516 577 645 626 sunt
672 569 1008 623 diversorum
1047 565 1164 635 ejus
1191 566 1500 631 nominum;
1539 566 1620 619 sic
1648 575 1704 620 et
1742 573 1956 621 terrena
2003 583 2099 623 ne-

515 663 657 736 gotia
683 661 837 732 juxta
873 659 1158 727 subiacens
1191 658 1406 728 quidem
1442 674 1607 713 unum
1648 668 1790 724 sunt,
1824 658 1977 726 juxta
2014 657 2099 713 in—

516 755 788 812 tellectum
834 761 1013 808 autem
1051 752 1304 820 plurima.
1329 754 1664 823 Frequenter
1690 754 2098 825 allegorizantes

515 847 842 918 Babylonem
860 845 1092 900 diximus
1112 846 1326 915 negotia
1352 861 1474 901 esse
1491 854 1730 911 terrena,
1748 863 1866 916 quae
1886 863 2099 917 semper

515 938 741 995 confusa
785 945 910 993 sunt
947 936 1116 991 vitiis.
1163 935 1455 1008 Egyptum
1501 938 1748 993 similiter
1785 937 2093 1008 atlligentia.

517 1031 890 1087 Chaldaeorum
920 1044 1052 1084 vero
1082 1015 1304 1094 terram,
1331 1031 1398 1084 ob
1424 1029 1475 1082 id
1505 1029 1626 1098 quia
1655 1030 1872 1100 plurimi
1898 1046 1958 1084 ea
1979 1046 2099 1101 quae

519 1133 779 1198 geruntur
806 1123 859 1178 in
890 1123 1051 1177 terris
1069 1121 1282 1188 ,‘stellis
1311 1128 1654 1186 consecrent,
1683 1131 1738 1176 et
1764 1123 1879 1177 sive
1907 1136 2095 1192 pecca-

515 1225 694 1270 torum
719 1222 1028 1270 nostrorum
1046 1253 1061 1278 ,
1089 1212 1204 1267 sive
1225 1212 1487 1266 virtutum
1525 1228 1734 1278 eorum,
1754 1228 1979 1283 quaeque
2009 1230 2094 1270 ae-

513 1307 704 1362 cidunt
747 1306 901 1361 nobis
951 1319 1016 1359 ex
1062 1318 1251 1358 earum
1278 1304 1499 1359 nutibus
1536 1313 1783 1358 asserant
1817 1304 1958 1371 fieri,
2001 1321 2095 1361 eos

514 1405 634 1451 esse
671 1394 936 1457 diximus,
967 1393 1059 1463 qui
1086 1392 1284 1448 talibus
1319 1408 1377 1448 se
1405 1395 1849 1462 persuasionibus
1879 1395 2097 1451 dedica-

512 1493 725 1542 verunt.
761 1498 787 1527 ιι
819 1485 1008 1541 Omnis
1030 1484 1193 1554 igitur
1215 1484 1308 1555 qui
1340 1484 1426 1539 his
1460 1485 1653 1549 credit,
1684 1485 1738 1538 in
1771 1494 1914 1543 terra
1941 1485 2096 1541 Chal-

515 1577 885 1633 daeorum'est.
921 1575 977 1632 Si
1009 1576 1130 1646 quis
1156 1583 1397 1630 vestrum
1421 1574 1925 1630 matbematicorum
1964 1576 2094 1632 deli-

511 1674 753 1724 ramenta
786 1676 1044 1732 sectatur,
1080 1669 1134 1722 in
1161 1675 1303 1722 terra
1330 1666 1706 1723 Chaldaeorum
1741 1676 1842 1723 est.
1886 1667 1944 1722 Si
1973 1671 2096 1739 quis

511 1757 810 1812 nativitatis
825 1757 966 1812 diem
997 1763 1269 1826 supputat,
1302 1764 1357 1811 et
1369 1757 1537 1810 variis
1565 1757 1818 1812 horarum
1851 1774 2094 1815 momen-

2201 564 2290 632 qui
2320 563 2699 619 conculcarent
2725 576 2875 628 eam,
2919 571 2974 617 et
3000 562 3203 632 lapides
3228 561 3343 630 ejus
3374 565 3705 635 redegerunt
3728 565 3781 623 in

2202 667 2429 707 acervos
2459 660 2513 707 et
2545 653 2931 707 interfecerunt
2960 652 3191 718 eam,ita
3220 661 3283 707 ut
3311 669 3419 708 non
3450 653 3608 709 fieret
3630 654 3782 724 quid-

2201 760 2360 814 quam
2407 743 2697 812 reliquum,
2745 752 2800 798 et
2846 744 3242 813 dissipaverunt
3281 745 3568 801 universos
3617 745 3782 802 fortes

2199 835 2335 904 ejus,
2383 834 2775 889 descendentes
2810 835 2864 888 in
2895 835 3225 890 occisionem
3260 854 3272 888 :
3306 837 3377 890 ita
3421 844 3473 892 et
3526 837 3783 906 spiritalis

2197 925 2501 996 Babylonia:
2531 941 2676 980 nunc
2708 934 2832 980 sunt
2873 927 3084 995 plurimi
3122 928 3496 983 devastatores
3531 940 3587 984 et
3624 930 3780 984 dissi-

2197 1022 2442 1083 patores,
2493 1023 2549 1068 et
2580 1014 2799 1068 fortium
2830 1014 2968 1082 ejus.
2986 1016 3395 1081 interfectores,
3436 1035 3560 1073 cum
3591 1021 3784 1090 praedi-

2198 1114 2408 1160 catores
2438 1106 2609 1159 sancti
2645 1105 2698 1159 in
2723 1105 2806 1159 his
2830 1120 2949 1174 quae
2968 1105 3035 1160 de
3073 1108 3320 1175 gentibus
3364 1109 3597 1163 credunt
3626 1110 3782 1169 Chrio

2197 1205 2301 1261 sto,
2335 1197 2618 1250 destruunt
2651 1211 2875 1267 regnum
2906 1197 3121 1259 diaboli,
3165 1207 3219 1252 et
3257 1198 3593 1253 interﬁciunt
3624 1201 3782 1254 vitio-

2197 1302 2316 1339 rum
2332 1293 2598 1349 catervas,
2618 1302 2686 1342 ne
2701 1288 2770 1341 sit
2787 1288 3078 1357 quidquam
3098 1289 3361 1357 reliquum
3383 1310 3394 1342 :
3425 1292 3550 1360 quia
3580 1291 3780 1345 nullum

2197 1377 2447 1431 doctores
2473 1377 2646 1430 sancti
2684 1376 2903 1439 laudant
2922 1378 3132 1442 vitium,
3156 1367 3255 1434 nec
3291 1380 3546 1433 desinunt
3571 1381 3783 1449 aliquod

2194 1466 2444 1535 persequi
2461 1474 2737 1536 peccatum
2759 1481 2773 1521 :
2795 1468 2890 1522 sed
2906 1469 3198 1523 secundum
3211 1470 3468 1531 virtutem
3484 1470 3588 1523 sibi
3603 1471 3669 1523 da
3679 1480 3781 1523 tam

2196 1571 2226 1610 a
2261 1556 2368 1610 Deo
2396 1555 2648 1621 evellere,
2671 1565 2726 1611 et
2755 1559 3067 1613 subvertere
3097 1559 3313 1612 student
3336 1561 3642 1615 universam
3669 1559 3779 1615 fac-

2197 1645 2395 1699 tionem
2422 1646 2592 1701 hostis
2614 1648 2840 1714 antiqui.
2867 1646 2944 1702 Ne
2958 1649 3232 1716 pusillum,
3250 1648 3678 1719 inquit,quidem
3711 1668 3784 1705 re»

2195 1734 2450 1804 linquatis
2467 1737 2518 1790 in
2542 1752 2626 1801 ea,
2645 1745 2698 1791 et
2713 1739 2983 1792 exsiccate
2998 1752 3186 1792 omnes
3203 1738 3407 1794 fructus
3424 1741 3563 1809 ejus.
3587 1740 3779 1810 (θήρ.)

513 1856 798 1918 torumque
838 1825 1340 1903 ratiocinationibus
1373 1848 1600 1902 credens
1635 1848 1737 1903 hoc
1772 1848 1964 1918 dogma
2000 1865 2089 1904 su-

2198 1825 2419 1891 Quisita
2442 1826 2630 1881 beatus
2663 1836 2768 1893 est,
2799 1836 2859 1881 ut
2876 1828 3043 1896 possit
3067 1829 3343 1884 exsiccare
3365 1845 3556 1885 omnes
3580 1831 3781 1886 fructus

509 1939 670 2008 scipit
723 1938 848 2009 quia
875 1924 1046 1994 stella:
1083 1938 1263 2019 taliter
1305 1946 1361 1993 et
1402 1939 1579 1995 taliter
1610 1939 1850 2010 figuratae
1882 1939 2091 2008 faciunt

509 2030 756 2084 homines
806 2029 1144 2094 luxuriosos,
1194 2030 1498 2095 adulteros,
1557 2038 1766 2096 castos,
1830 2039 1923 2085 aut
1943 2039 2091 2087 certe

509 2118 867 2190 quedcnnque
905 2133 1113 2185 eorum,
1158 2120 1258 2175 iste
1296 2121 1352 2174 in
1393 2128 1535 2176 terra
1573 2120 1946 2197 Chaldaeorum
1983 2130 2084 2178 est.

506 2201 624 2265 Jam
651 2210 871 2282 quidam
896 2211 1169 2268 aestimant
1193 2211 1530 2269 Christianos
1566 2203 1632 2270 ex.
1660 2225 1931 2270 astrorum
1960 2231 2088 2270 cur-

508 2301 658 2357 sibus
696 2301 834 2358 fleri.
881 2303 1153 2374 Quotquot
1195 2312 1374 2360 autem
1423 2307 1524 2361 ista
1574 2307 1779 2376 sapitis,
1829 2317 2093 2377 quotquot

507 2393 666 2448 dictis
696 2394 818 2449 istis
844 2395 1087 2461 creditis,
1110 2395 1168 2450 in
1193 2404 1337 2449 terra
1355 2394 1730 2451 Cbaldaeoriim
1757 2398 1910 2453 estis.
1935 2397 2092 2453 Com-

508 2483 722 2539 minans
759 2499 890 2556 ergo
936 2481 1078 2540 Deus
1123 2485 1208 2541 his
1271 2488 1362 2557 qui
1417 2487 1473 2541 in
1516 2495 1661 2542 terra
1716 2486 2089 2544 Chaldaeorum

507 2581 652 2638 sunt,
699 2573 786 2628 his
826 2574 1141 2645 spiritaliter
1179 2578 1562 2644 comminatur,
1605 2578 1697 2648 qui
1732 2593 1791 2634 se
1828 2579 1973 2648 ipsos
2003 2596 2094 2652 ge-

508 2664 769 2736 nealogiis
797 2675 853 2720 et
891 2665 1004 2721 fato
1033 2677 1516 2734 consecraverunt,
1553 2680 1860 2728 asserentes
1899 2682 2092 2728 cuncta

506 2767 625 2822 quas
651 2753 791 2808 inter
828 2753 1085 2810 mortales
1109 2754 1263 2819 fiunt,
1310 2765 1402 2811 aut
1436 2773 1502 2812 ex
1531 2767 1799 2815 astrorum
1835 2763 2091 2827 motibus,

507 2853 602 2898 aut
622 2859 690 2898 ex
717 2843 834 2919 fati,
859 2845 1185 2900 necessitate
1219 2840 1474 2917 pendere.
1503 2846 1630 2915 Sed.
1649 2849 1792 2904 Deus
1820 2851 2093 2907 Abraham

507 2949 828 3005 promovens
857 2935 924 2990 ad
961 2935 1188 2992 meliora
1216 2937 1354 2993 dixit
1379 2938 1428 2993 ei
1457 2956 1471 2994 ε
1504 2932 1680 3012 ιἘεο
1711 2942 1803 3014 qui
1831 2951 1883 2998 te
1919 2944 2091 2998 educo

507 3025 573 3080 de
597 3034 742 3080 terra
785 3025 1161 3082 Chaldaeorum
1189 3025 1344 3092 (Gen.
1383 3029 1512 3103 xv);
1550 3049 1569 3082 ι
1604 3040 1795 3098 potens
1824 3042 1908 3088 est
1945 3035 2090 3089 enim

508 3119 647 3173 Deus
666 3118 765 3187 qui
794 3119 956 3174 etiam
980 3119 1135 3174 nobis
1159 3120 1376 3184 tribuat,
1410 3129 1471 3176 ut
1496 3123 1838 3193 egrediamur
1859 3125 1926 3180 de
1947 3134 2089 3180 terra

2200 1917 2744 1992 terraethaldaeorum
2760 1927 2813 1972 et
2836 1919 3162 1973 descendant
3197 1921 3249 1972 in
3277 1921 3605 1976 occisionem

2268 2028 2288 2060 ‹
2334 2010 2424 2063 Vae
2463 2008 2563 2073 eis,
2597 2009 2722 2078 quia
2763 2009 2914 2064 venit
2947 2009 3062 2064 dies
3101 2025 3308 2077 eorum,
3354 2020 3407 2065 et
3451 2022 3536 2066 est
3576 2022 3781 2083 tempus

2198 2122 2216 2155 σ
2255 2104 2504 2177 vindictae
2533 2117 2739 2164 eorum.
2777 2120 2797 2155 ι
2836 2101 2966 2157 Post
2991 2104 3107 2158 haec
3130 2119 3342 2158 rursum
3376 2104 3600 2160 alterius
3637 2107 3782 2174 capi-

2194 2195 2288 2249 tuli
2305 2194 2656 2249 continentia.

2269 2303 2288 2333 ‹
2334 2284 2450 2337 Vox
2484 2281 2804 2352 fugientium
2824 2288 2879 2336 et
2898 2296 3086 2338 eorum
3115 2284 3208 2352 qui
3228 2294 3519 2340 evaserunt
3551 2288 3617 2342 de
3639 2297 3780 2342 terra

2197 2391 2217 2425 ι
2262 2373 2572 2444 Babylonis,
2608 2383 2668 2426 ut
2694 2375 3019 2429 annuntient
3045 2376 3099 2429 in
3126 2375 3254 2430 Sion
3281 2378 3543 2432 ultionem
3569 2381 3778 2434 Domini

2199 2481 2218 2514 ί
2263 2463 2357 2517 Dei
2395 2462 2582 2526 nostri,
2636 2463 2894 2518 ultionem
2944 2466 3127 2534 templi
3175 2466 3314 2535 ejus.
3359 2468 3695 2524 Annuntiate
3729 2473 3776 2524 in

2201 2573 2219 2606 ι
2261 2555 2588 2627 Babylonem
2616 2555 3153 2626 plurimis,omuibus
3180 2557 3271 2628 qui
3299 2559 3524 2614 tendunt
3556 2576 3774 2616 arcum:

2199 2664 2217 2697 ‹
2262 2644 2551 2700 Consistite
2589 2645 2875 2701 adversum
2914 2660 3031 2700 eam
3081 2662 3177 2715 per
3231 2663 3446 2718 gyrum,
3501 2659 3557 2704 et
3609 2652 3776 2706 nullus

2201 2755 2221 2789 ‹
2265 2739 2479 2792 evadat.
2532 2738 2761 2793 Reddite
2813 2739 2864 2793 ei
2905 2741 3200 2795 secundum
3230 2755 3367 2811 opus
3410 2756 3591 2805 suum,
3627 2742 3775 2812 juxta

2200 2847 2218 2880 ‹
2264 2829 2446 2884 omnia
2472 2844 2591 2898 quas
2618 2827 2744 2882 fecit
2770 2828 2932 2884 facite
2955 2830 3028 2884 illi
3063 2848 3076 2885 :
3114 2832 3243 2900 quia
3279 2827 3469 2887 contra
3494 2833 3776 2890 Dominum

2201 2938 2221 2972 ι
2267 2930 2448 2976 erecta
2478 2924 2601 2988 est,
2654 2923 2942 2978 adversum
2991 2935 3235 2980 sanctum
3275 2919 3462 2982 Israel.
3513 2948 3531 2980 ι
3584 2929 3658 2984 De
3695 2931 3777 2985 bis

2197 3027 2342 3066 nunc
2371 3012 2659 3081 prophetat
2681 3052 2695 3076 ,
2729 3007 2822 3082 qui
2852 3028 3033 3069 mores
3065 3018 3271 3085 patrios
3300 3017 3682 3088 relinquentes,
3723 3029 3775 3076 et

2197 3111 2404 3174 gentes,
2433 3110 2489 3157 et
2507 3103 2656 3174 leges
2675 3102 2947 3174 gentium,
2969 3114 3024 3159 et
3049 3091 3476 3165 incredulitatem
3510 3119 3772 3176 veterum,

507 3186 903 3269 ριιειάεέοηηη,
944 3207 1010 3262 Et
1046 3208 1251 3264 “unum
1290 3211 1452 3266 alium
1483 3186 1688 3282 aﬁsque
1724 3227 1789 3268 eo
1825 3229 1945 3269 esse
1971 3230 2088 3270 ere.
2115 3186 2161 3250 C
2193 3196 2414 3249 veniunt
2454 3197 2522 3250 ad
2577 3186 2883 3250 sermonem
2928 3197 3044 3253 Dei.
3074 3199 3200 3255 Tale
3229 3203 3376 3256 enim
3403 3203 3659 3273 quiddam
3702 3208 3771 3260 si-

505 3301 711 3363 damus,
741 3302 836 3371 qui
861 3301 1176 3372 dispensans
1203 3303 1470 3367 universa,
1502 3311 1558 3358 et
1576 3318 1769 3375 regens
1788 3305 1961 3364 vitam»
1984 3322 2087 3362 no--

509 3400 681 3448 stram
708 3406 808 3462 pro
851 3392 1201 3461 qualitatibus
1227 3393 1544 3450 meritorum
1580 3395 1968 3461 accedentium,
2008 3396 2090 3450 di-

515 3497 670 3536 versa
700 3482 1028 3537 moderetur.
1057 3481 1242 3552 Neque
1266 3483 1410 3538 enim
1433 3485 1640 3547 micans
1670 3484 1885 3554 aliquod
1915 3485 2084 3550 sidus,

509 3571 594 3646 vel
625 3571 954 3637 Phaetontis,
1009 3581 1070 3628 ut
1118 3571 1302 3639 aiunt,
1344 3583 1437 3630 aut
1470 3576 1706 3646 corrupti
1763 3575 2087 3647 Ganymedis

506 3663 681 3728 stella,
735 3672 1046 3718 nostrorum
1096 3678 1289 3720 causas
1317 3665 1560 3721 continet
1609 3666 1970 3735 negotiorum.
2017 3666 2087 3720 Et

505 3753 660 3826 juxta
694 3769 861 3808 unum
892 3753 1116 3823 quidem
1143 3763 1516 3826 argumentum
1548 3756 1602 3810 in
1637 3763 1781 3810 terra
1812 3755 2090 3810 Chaldteo-

515 3858 635 3897 rum
661 3850 761 3909 est,
805 3841 897 3912 qui
940 3844 1263 3913 supradictis
1301 3844 1604 3900 rationibus
1639 3845 1888 3900 credidit.
1927 3844 2088 3900 Juxta

511 3934 657 3988 aliud
702 3948 832 3989 vero
862 3934 1107 3988 ascendit
1147 3935 1268 4004 quis
1311 3949 1475 4004 super
1517 3942 1658 3989 tecta
1702 3943 1757 3990 et
1796 3943 2090 3990 veneratur

507 4023 756 4080 militiam
789 4020 933 4078 caeli.
969 4021 1118 4092 Opus
1145 4039 1280 4094 ergo
1312 4023 1539 4079 Domino
1559 4021 1822 4080 virtutum
1851 4026 1904 4080 in
1941 4034 2088 4081 terra

507 4111 898 4178 Chaldaeorum,
929 4101 1054 4182 quia
1069 4123 1331 4170 venerunt
1364 4114 1604 4184 tempora
1639 4114 1774 4182 ejus.
1816 4133 1836 4166 ι
1864 4115 2088 4185 Aperite

507 4205 798 4272 apothecas
815 4205 931 4273 ejus
955 4223 967 4258 :
1002 4225 1019 4252 ι
1046 4204 1392 4260 manifestum
1423 4205 1512 4276 qui
1538 4207 1646 4261 sint
1672 4206 1725 4260 in
1755 4214 1900 4261 terra
1928 4205 2088 4262 Cbal—

506 4297 762 4350 daeorum.
790 4295 926 4349 Sunt
938 4305 1118 4351 autem
1139 4299 1413 4367 apothecae
1430 4297 1808 4354 Chaldaeorum
1829 4299 2087 4354 doctrinae

507 4385 868 4441 nativitatum.
905 4405 922 4437 ‹
960 4384 1287 4441 Scrutamini
1323 4403 1443 4443 eam
1489 4389 1642 4457 quasi
1683 4388 1992 4458 speluncam
2030 4397 2089 4444 et

508 4479 798 4547 disperdite
822 4493 964 4533 eam.
988 4499 1005 4530 ι
1025 4478 1126 4546 Qui
1150 4480 1356 4549 respuit
1375 4481 1779 4550 supputationes
1798 4481 2077 4546 natalium,

509 4570 598 4638 qui
627 4571 871 4624 veritatis
890 4584 1140 4625 sermone
1162 4551 1333 4624 utitur
1353 4571 1634 4626 adversum
1651 4587 1763 4637 eas,
1794 4573 1882 4642 qui
1905 4580 2085 4627 osten-

516 4660 594 4712 dit
622 4659 752 4712 nihil
775 4675 962 4714 eorum
988 4661 1105 4729 quae
1132 4675 1163 4714 a
1192 4661 1590 4717 mathematicis
1619 4663 1872 4717 dicuntur
1900 4677 2085 4726 verum

510 4764 649 4813 csse,
675 4750 765 4818 qui
795 4749 950 4804 docet
972 4749 1338 4804 inscrutabilia
1355 4751 1554 4821 judicia
1577 4753 1691 4817 Dei,
1714 4761 1814 4806 nec
1837 4768 1899 4807 ea
1929 4767 2086 4822 posse

511 4841 578 4893 ab
608 4840 916 4893 hominibus
944 4839 1347 4908 comprehendi,
1378 4843 1468 4910 qui
1506 4843 1703 4897 asserit
1745 4844 1871 4912 quia
1901 4843 2079 4897 sidera

513 4943 617 4982 non
649 4936 774 4981 sunt
795 4943 970 4982 causae
996 4943 1182 4982 eorum
1209 4945 1326 4998 quae
1353 4929 1487 4984 fiunt
1522 4930 1683 5000 super
1713 4941 1932 4997 terram,
1968 4947 2083 4986 ma-

509 5019 589 5087 gis
621 5016 844 5088 [minus]
871 5027 1050 5072 autem
1080 5035 1266 5073 eorum
1296 5036 1414 5090 qua:
1451 5023 1605 5077 nobis
1639 5021 1958 5078 Christianis
1993 5039 2083 5079 ac-

510 5110 720 5173 cidunt,
753 5109 854 5163 iste
890 5111 1200 5178 exsequitur
1227 5120 1552 5180 praeceptum
1581 5111 1810 5167 Domini.

587 5217 604 5247 ς
651 5195 842 5253 Venite
871 5199 938 5254 ad
967 5215 1088 5254 eam
1124 5202 1191 5254 ab
1218 5204 1474 5256 extremis
1514 5203 1729 5268 finibus,
1777 5204 1986 5273 aperite
2027 5214 2086 5259 ut

519 5305 537 5338 ‹
578 5297 793 5352 exeant,
817 5291 907 5358 qui
938 5291 1255 5345 eonculcent
1278 5306 1417 5344 eam.
1443 5291 1632 5347 Tollite
1653 5293 1719 5346 de
1747 5294 1830 5346 via
1861 5293 2080 5361 lapides,

517 5396 536 5427 ‹
580 5386 633 5430 et
660 5377 881 5448 redigite
913 5379 966 5432 in
1002 5394 1251 5445 acervos,
1295 5389 1347 5436 et
1386 5381 1841 5446 interficiteeam,
1881 5397 1979 5435 nec
2015 5383 2085 5436 sit

521 5484 539 5516 ι
585 5467 874 5535 quidquam
927 5469 1211 5537 reliquum.
1277 5469 1540 5538 Dissipate
1581 5472 1888 5525 universos
1920 5469 2086 5524 fortes

521 5573 539 5608 ι
580 5558 713 5628 ejus,
748 5557 1074 5612 descendant
1114 5559 1165 5612 in
1196 5561 1540 5615 occisionem.
1580 5561 1670 5614 Va:
1697 5562 1796 5624 eis,
1840 5561 1963 5630 quia
1993 5577 2084 5615 ve-

515 5658 543 5701 α
582 5645 665 5700 nit
690 5645 800 5699 dies
826 5661 1031 5711 eorum,
1069 5655 1274 5716 tempus
1302 5649 1621 5704 visitationis
1647 5665 1855 5704 eorum.
1895 5669 1911 5699 ι
1938 5648 2087 5704 Sicut

584 5770 614 5802 ι
648 5757 1026 5814 Genethliacos
1057 5767 1222 5813 taxat.

2192 3287 2478 3359 gnificatur
2521 3290 2574 3342 in
2617 3303 2681 3342 eo
2715 3291 2858 3359 quod
2887 3290 3018 3345 dicit
3050 3311 3062 3347 :
3108 3313 3126 3345 ς
3178 3292 3295 3349 Vox
3326 3293 3645 3366 fugientium
3683 3300 3770 3367 qui

2193 3388 2484 3434 evaserunt
2519 3380 2587 3436 de
2625 3390 2770 3435 terra
2807 3381 3127 3453 Babylonis,
3177 3404 3197 3436 ι
3232 3386 3347 3441 sive
3386 3374 3768 3443 resalvatorum

2192 3470 2257 3524 de
2294 3479 2445 3548 terra
2487 3469 2794 3541 Babylonis.
2847 3470 3065 3528 Utinam
3107 3482 3161 3530 et
3207 3486 3408 3543 vestra,
3456 3493 3490 3533 ο
3523 3480 3772 3534 catechu-

2192 3561 2355 3626 meni,
2384 3576 2490 3615 vox
2519 3560 2839 3632 fugientium
2865 3573 3009 3619 esset
3038 3566 3102 3619 de
3123 3565 3396 3637 Babylone
3422 3587 3434 3620 :
3463 3569 3770 3638 fugientium

2191 3652 2316 3705 vitia
2339 3693 2352 3715 ,
2386 3651 2704 3720 fugientium
2740 3663 2983 3722 peccata.
3014 3654 3130 3710 Vox
3173 3658 3316 3711 enim
3361 3657 3682 3728 fugientium
3696 3668 3771 3714 ret

2192 3741 2579 3796 resalvatorum
2606 3758 2712 3798 non
2737 3742 2931 3800 sufficit
2960 3744 3145 3814 fugere
3182 3747 3248 3801 de
3278 3755 3423 3801 terra
3447 3748 3766 3820 Babylonis:

2193 3835 2284 3890 scd
2316 3845 2369 3889 et
2402 3835 2657 3889 resalvari
2698 3852 2763 3890 ex
2797 3845 2944 3892 terra
2976 3835 3265 3908 Babylonis
3289 3879 3305 3903 ,
3342 3840 3406 3893 ad
3443 3841 3770 3895 annuntian-

2190 3925 2317 3979 dum
2353 3925 2408 3978 in
2446 3923 2576 3980 Sion
2610 3926 2905 3982 vindictam
2934 3927 3158 3981 Domino
3189 3929 3299 3982 Deo
3329 3939 3550 3994 nostro,
3585 3938 3644 3983 ut
3684 3929 3767 3983 fu-

2190 4020 2398 4090 gientes
2432 4019 2499 4073 de
2546 4027 2690 4074 terra
2723 4017 3008 4087 Babylonis
3047 4019 3275 4072 veniatis
3319 4019 3386 4073 ad
3415 4018 3546 4073 Sion
3583 4035 3772 4089 specu-

2189 4106 2442 4170 latorum,
2486 4104 2782 4162 Ecclesiam
2814 4106 2910 4162 Dei
2957 4107 3024 4162 ad
3059 4109 3488 4163 annuntiandum
3525 4109 3581 4162 in
3615 4110 3762 4172 Sion,

2189 4197 2242 4252 id
2277 4206 2360 4252 est
2387 4197 2704 4260 Ecclesiam,
2745 4198 3038 4253 vindictam
3077 4215 3108 4253 a
3146 4200 3372 4253 Domino
3413 4201 3524 4254 Deo
3565 4211 3766 4264 nostro,

2187 4287 2478 4342 vindictam
2509 4287 2688 4357 populi
2717 4288 2850 4357 ejus.
2889 4289 3211 4343 Deuuntiate
3235 4289 3290 4343 in
3323 4290 3595 4360 Babylone
3627 4292 3760 4345 mul-

2189 4377 2286 4442 tis,
2319 4378 2466 4432 omni
2511 4375 2809 4431 intendenti
2850 4392 3032 4432 arcum
3069 4393 3082 4430 :
3115 4378 3488 4449 significanter
3533 4382 3762 4449 positum

2187 4473 2270 4523 est
2295 4466 2492 4521 multis.
2521 4465 2668 4520 Multi
2697 4466 2842 4522 enim
2874 4466 3000 4522 sun‘t
3025 4468 3117 4537 qui
3146 4468 3201 4522 in
3239 4467 3512 4540 Babylone
3540 4479 3684 4537 sunt,
3714 4473 3765 4525 in

2189 4547 2520 4611 Hierusalem
2543 4571 2674 4611 vero
2696 4558 2871 4627 pauci.
2899 4556 3015 4612 Non
3037 4558 3182 4612 enim
3218 4559 3423 4613 idcirco
3461 4560 3541 4613 ait
3573 4578 3586 4612 :
3621 4579 3639 4610 ‹
3679 4561 3762 4615 Di-

2189 4649 2739 4705 lexit.vos’Dominus
2774 4649 2918 4705 Deus
2950 4658 3158 4714 vester,
3189 4641 3316 4719 quia
3345 4651 3507 4730 .multi
3552 4653 3717 4707 eratis
3748 4671 3760 4705 :

2187 4756 2282 4795 vos
2321 4741 2517 4810 quippe
2565 4740 2697 4794 estis
2726 4741 2882 4809 pauci
2922 4739 2989 4794 ab
3035 4741 3283 4795 omnibus
3321 4741 3591 4812 gentibus.
3631 4762 3656 4794 -›
3701 4742 3764 4797 Et

2187 4833 2321 4887 bene
2359 4832 2442 4887 bis
2462 4833 2553 4901 qui
2582 4847 2648 4886 ex
2674 4840 2825 4902 parte
2855 4840 3010 4886 erant
3033 4831 3234 4886 dictum
3267 4839 3371 4896 est,
3408 4851 3426 4882 ι
3449 4834 3610 4902 pauci
3635 4833 3761 4887 estis

2189 4925 2256 4978 ab
2277 4924 2526 4979 omnibus
2543 4925 2810 4995 gentibus.
2837 4942 2854 4973 ι
2872 4922 3112 4992 lntellige
3138 4937 3303 4991 porro
3328 4931 3383 4977 et
3401 4925 3535 4978 hoc:
3559 4944 3578 4974 ‹
3602 4923 3763 4978 Pauci

2193 5016 2284 5084 qui
2309 5016 2606 5080 salvantur,
2632 5034 2648 5065 ›
2676 5014 2769 5069 sed
2793 5024 2848 5068 et
2867 5013 3026 5067 illud:
3060 5032 3077 5064 ‹
3108 5012 3426 5068 Contendite
3447 5014 3651 5068 intrare
3672 5031 3764 5082 per

2193 5113 2472 5176 angustam
2512 5114 2757 5174 portam;
2798 5105 2853 5158 in
2896 5104 3001 5157 lata
3047 5112 3226 5158 autem
3261 5113 3316 5157 et
3359 5105 3572 5172 patenti
3615 5104 3762 5158 multi

2192 5198 2459 5253 incedunt.
2475 5218 2491 5249 ι
2575 5216 2594 5248 ‹
2614 5197 2940 5252 Annuntiate
2955 5198 3008 5250 in
3024 5196 3294 5266 Babylone
3307 5195 3514 5257 multis,
3528 5196 3672 5249 omni
3687 5198 3762 5250 in-

2194 5287 2429 5341 tendenti
2463 5303 2681 5351 arcum;
2715 5301 2821 5340 non
2851 5286 2922 5340 sit
2956 5301 3022 5339 ex
3051 5300 3114 5339 ea
3145 5285 3238 5354 qui
3260 5283 3521 5338 salvetur.
3555 5283 3763 5353 Disper-

2191 5377 2322 5442 dite,
2347 5377 2629 5431 interficite
2651 5377 2830 5430 omnia
2860 5374 3167 5445 Babylonis.
3193 5394 3209 5424 ι
3238 5372 3419 5441 Nuper
3439 5372 3672 5426 diximus
3697 5373 3759 5427 de

2194 5469 2427 5538 parvulis
2465 5467 2790 5537 Babyloniis,
2827 5467 2891 5520 de
2917 5466 3049 5521 viris
3082 5464 3426 5534 Babyloniis,
3462 5463 3527 5517 de
3556 5465 3756 5517 semine

2193 5559 2505 5628 Babylonio.
2523 5558 2636 5611 Non
2654 5559 2720 5611 sit
2737 5566 2790 5610 et
2805 5557 2894 5626 qui
2914 5556 3212 5609 resalvetur
3227 5556 3292 5609 de
3316 5556 3519 5609 semine
3543 5555 3756 5624 Babylo-

2195 5652 2304 5705 nis:
2331 5643 2608 5704 retribuite
2639 5649 2686 5714 ei
2708 5647 2863 5716 juxta
2891 5662 3052 5716 opera
3081 5645 3231 5714 ejus;
3259 5645 3549 5700 secundum
3579 5646 3751 5699 omnia
