3952 6306
183 377 320 433 1153

1038 363 1400 428 EXPOSITIO
1439 370 1669 429 SUPER
1709 370 2088 427 JEREMIAM.
2121 400 2191 411 -—
2227 371 2355 427 LIB.
2400 374 2537 433 XVI.

3332 371 3467 429 1154

182 507 304 563 qua:
324 488 454 546 fecit
483 487 643 542 facite
666 486 737 551 ei,
760 488 887 556 quia
912 484 1142 541 Domino
1169 486 1391 551 restitit,
1417 496 1471 540 et
1493 488 1781 542 adversum
1808 494 1857 553 Α
1886 485 2074 541 mundi
2114 495 2422 555 versantur,
2454 497 2512 543 et
2540 487 2825 560 sapientiae
2867 487 3114 544 saeculari
3156 485 3467 554 innitentes,

181 591 432 640 sanctum
466 580 632 635 Deum
656 579 838 634 Israel.
867 578 1115 647 Quandiu
1140 578 1310 635 habes
1338 578 1394 633 in
1418 587 1471 634 te
1495 580 1777 652 cogitatio-

180 689 282 731 nes
311 686 542 742 nequam
583 671 897 727 resistentes
924 670 1114 739 pietati
1159 678 1213 725 et
1241 668 1366 725 ﬁdei
1396 686 1571 737 verae,
1616 670 1779 725 habes

182 768 240 823 in
295 776 348 821 te
388 766 747 837 Babylonios;
798 765 894 820 sed
941 764 1028 821 fac
1080 765 1398 832 vindictam,
1440 774 1497 821 et
1535 766 1780 823 interﬁce

182 875 372 915 omnes
398 867 713 931 peccatores
746 864 926 923 terrae,
954 872 1072 926 qua:
1103 857 1157 913 in
1193 864 1245 912 te
1269 866 1373 920 est,
1390 849 1454 911 id
1474 867 1559 912 est
1591 872 1779 913 omnes

180 953 541 1024 Babylonios,
574 960 634 1006 ut
660 952 837 1022 possis
886 952 1177 1007 mundatus
1212 950 1553 1007 Hierusalem
1595 958 1777 1004 trans-

181 1044 336 1113 gredi
368 1044 642 1099 civitatem
672 1043 768 1098 Dei
802 1042 858 1097 in
886 1042 1103 1125 Christo
1135 1042 1285 1099 Jesu.

262 1152 280 1185 ι
328 1134 533 1190 idcirco
559 1135 753 1190 cadent
774 1134 1001 1203 juvenes
1032 1136 1085 1191 in
1120 1136 1317 1206 plateis
1338 1135 1473 1205 ejus,
1510 1145 1565 1192 et
1589 1149 1779 1193 omnes

189 1241 210 1275 ‹
256 1225 359 1280 viri
405 1225 695 1281 bellatores
749 1228 869 1296 ejus
923 1228 1292 1283 conticescent
1325 1228 1381 1282 in
1420 1228 1509 1283 die
1546 1227 1656 1292 illa,
1702 1227 1783 1282 ait

188 1332 208 1365 ι
255 1314 537 1370 Dominus.
579 1334 597 1367 ι
631 1313 866 1371 Juvenes
895 1331 994 1386 pro
1030 1315 1261 1372 fortibus
1292 1320 1491 1388 posuit,
1524 1327 1579 1373 et
1607 1317 1787 1373 bellae

183 1414 335 1463 tores
389 1423 489 1479 pro
531 1408 788 1474 robustis.
817 1406 1053 1464 Iuvenes
1095 1424 1226 1479 ergo
1252 1408 1565 1479 Babylonis,
1600 1410 1691 1478 qui
1724 1410 1789 1464 in

180 1497 381 1569 plateis
413 1496 534 1567 ejus
558 1513 680 1567 quae
714 1498 784 1554 ad
812 1507 1043 1554 mortem
1073 1500 1277 1555 ducunt
1299 1492 1642 1572 gradiuntur,
1677 1516 1779 1556 nec

183 1600 475 1662 angustam
506 1590 649 1644 viam
683 1590 989 1659 arripiunt,
1016 1606 1137 1661 qua:
1166 1576 1314 1646 ducit
1345 1592 1413 1647 ad
1432 1592 1625 1657 witam,
1654 1606 1781 1660 pro-

181 1682 275 1737 cul
302 1682 463 1738 dubio
491 1681 546 1737 in
574 1682 661 1737 die
688 1682 1009 1737 visitationis
1037 1682 1249 1736 Domini
1281 1682 1493 1737 'cadent.
1520 1682 1783 1737 Similiter

180 1780 241 1829 et
276 1786 465 1827 omnes
496 1772 599 1826 viri
627 1771 936 1837 bellatores,
969 1773 1062 1840 qui
1104 1788 1227 1827 cum
1276 1786 1401 1843 rege
1441 1787 1539 1827 suo
1568 1772 1781 1828 diabolo

1884 572 2085 632 erroris
2123 577 2413 633 simulacra
2442 582 2541 650 pro
2566 581 2799 635 veritate
2821 580 3026 646 colunt,
3053 596 3175 636 cum
3201 580 3473 635 thesauris

1881 670 2252 727 doctrinarum
2284 678 2339 724 et
2364 686 2590 741 cperum
2619 687 2841 727 suorum
2871 670 3059 727 futuro
3085 671 3289 739 judicio
3315 670 3440 726 dam

1880 763 2065 817 navit:
2094 771 2415 832 arescetque
2428 763 2674 818 doctrina
2698 763 3078 819 hmreticorum
3111 770 3274 834 atque
3304 763 3476 818 sicca-

1878 855 2049 921 bitur,
2078 855 2207 925 quia
2241 870 2511 926 synagoga
2534 869 2722 911 eorum
2755 863 2900 909 terra
2930 855 3259 927 sculptilium
3289 862 3391 922 est,
3421 860 3477 909 et

1880 944 1936 1000 in
1968 945 2263 1016 portentis,
2294 946 2408 1001 hoc‘
2442 954 2528 1001 est
2556 945 2830 1016 ﬁgmentis
2871 944 3040 1008 falsis,
3072 945 3350 1015 gloriatur.
3399 946 3477 1000 De

1879 1052 1988 1107 quo
2008 1036 2183 1108 gladio
2206 1038 2322 1107 ipse
2346 1036 2604 1092 Dominus
2643 1038 2697 1090 in
2722 1037 2936 1092 cantico
2966 1036 3368 1111 Deuterouomii
3390 1034 3475 1091 di-

1882 1127 1957 1181 cit
1988 1144 2001 1180 :
2038 1146 2056 1178 ‹
2100 1126 2158 1182 Si
2193 1141 2393 1182 acuero
2422 1134 2483 1181 ut
2509 1126 2689 1198 fulgur
2735 1126 2971 1197 gladium
2997 1142 3212 1192 meum,
3246 1136 3303 1181 et
3342 1126 3479 1181 arri-

1880 1212 2063 1289 puerit
2084 1216 2563 1288 judiciunrmanus
2589 1234 2731 1284 mea,
2783 1218 3004 1273 reddam
3026 1218 3286 1273 ultionem
3314 1218 3481 1274 hosti-

1883 1307 1985 1361 bus
2012 1307 2149 1361 meis
2172 1314 2228 1362 et
2250 1306 2337 1361 his
2356 1307 2448 1375 qui
2468 1308 2701 1363 oderunt
2721 1320 2807 1361 me
2842 1306 3160 1362 retribuam.
3194 1307 3479 1363 lnebriabo

1884 1400 2111 1470 sagittas
2156 1414 2304 1453 meas
2337 1404 2619 1471 sanguine,
2661 1407 2717 1453 et
2751 1399 2961 1470 gladius
3006 1414 3158 1454 meus
3203 1399 3482 1454 devorabit

1883 1508 2097 1557 carnes,
2131 1492 2196 1547 de
2226 1507 2421 1548 cruore
2447 1493 2754 1548 occisorum
2777 1501 2831 1547 et
2856 1494 2921 1548 de
2955 1492 3270 1563 captivitate
3292 1492 3481 1547 nudati

1884 1588 2231 1642 inimicorum
2262 1587 2459 1657 capitis
2491 1586 2668 1658 (Deut.
2700 1589 2896 1678 χχχιι).
2932 1606 2949 1637 ι

1960 1696 1979 1728 ‹
2023 1676 2320 1746 Propterea
2344 1677 2666 1732 habitabunt
2689 1676 2952 1733 dracdnes
2978 1693 3104 1733 cum
3127 1676 3292 1733 fatuis
3313 1680 3483 1735 sicca-

1891 1787 1910 1819 ‹
1950 1768 2069 1833 riis,
2091 1776 2148 1823 et
2169 1768 2492 1823 habitabunt
2522 1769 2577 1823 in
2602 1784 2665 1825 ea
2695 1769 3109 1836 struthiones,et
3136 1784 3243 1824 non
3272 1769 3483 1825 inhabi-

181 1871 377 1917 contra
406 1862 700 1918 Ecclesiam
737 1862 936 1921 Christi
968 1871 1349 1933 pugnaverunt
1379 1863 1773 1929 conticescent;
1806 1852 1856 1913 B
1891 1878 1911 1912 ‹
1958 1852 2313 1914 tabiturultra
2335 1861 2589 1929 usquead
2612 1860 3153 1942 sempiternum.Nec
3168 1871 3481 1917 exstruetur

182 1968 287 2009 nec
320 1963 441 2024 post
486 1955 625 2009 diem
664 1954 851 2024 judicii
898 1953 1007 2009 ulla
1039 1954 1119 2008 eis
1166 1954 1324 2009 datur
1368 1962 1611 2023 potestas
1645 1968 1783 2023 prae-

182 2032 352 2099 liandi
384 2054 549 2113 atque
595 2045 824 2100 nocendi
874 2044 1137 2099 militibus
1180 2043 1407 2110 Christi,
1449 2045 1545 2100 sed
1574 2052 1779 2100 mterno

184 2133 404 2191 silentio
430 2134 783 2191 suﬂ‘ocautur.
1314 2210 1320 2215 _

266 2246 283 2277 ι
328 2227 466 2282 Ecce
494 2243 592 2299 ego
618 2228 687 2281 ad
732 2234 805 2293 te,
856 2228 1110 2299 superbe,
1162 2227 1292 2282 dicit
1332 2226 1592 2283 Dominus
1639 2228 1784 2283 Deus

190 2336 210 2371 ς
260 2320 616 2385 exercituum,
668 2320 791 2390 quia
827 2320 977 2373 venit
1006 2320 1121 2375 dies
1163 2327 1287 2373 tuus
1309 2360 1323 2385 ,
1361 2322 1574 2388 tempus
1602 2318 1785 2372 visita-

185 2411 353 2466 tionis
384 2421 518 2477 ture;
553 2417 608 2466 et
628 2412 791 2467 cadet
815 2412 1079 2481 superbus
1118 2420 1175 2465 et
1200 2402 1437 2477 cerruet,
1462 2420 1518 2465 et
1542 2426 1649 2465 non
1678 2410 1784 2465 erit

192 2522 210 2553 ι
255 2502 346 2571 qui
386 2501 611 2556 suscitet
636 2518 796 2567 eum;
826 2510 883 2556 et
909 2501 1233 2557 succendam
1261 2502 1439 2572 ignem
1468 2502 1521 2555 in
1559 2500 1784 2555 urbibus

191 2612 212 2645 ι
254 2594 1015 2662 ejus,etdevorahitomniain
1032 2594 1263 2649 circuitu
1277 2594 1413 2663 ejus.
1450 2612 1468 2644 ι
1490 2590 1791 2664 (Mannum)

184 2683 454 2755 Loquitur
498 2686 764 2755 propheta
800 2685 869 2740 ad
910 2700 1090 2755 regem
1128 2684 1420 2755 Babylonis
1460 2684 1704 2745 indicans
1733 2684 1785 2739 ei

184 2777 429 2834 futuram
462 2777 698 2844 cladem,
730 2786 785 2832 et
813 2778 961 2849 genti
994 2794 1107 2833 sua:
1145 2777 1309 2833 simul
1344 2778 1629 2833 imminere
1656 2796 1669 2832 :
1698 2778 1783 2851 in-

187 2858 355 2941 super
400 2880 455 2925 ct
503 2871 813 2926 incendium
851 2872 1264 2926 devastaturum
1302 2886 1423 2926 esse
1447 2872 1612 2927 urbes
1646 2872 1782 2942 ejus,

188 2974 245 3021 et
288 2965 482 3035 oppida
508 2979 631 3033 quae
675 2964 891 3019 fuerunt
942 2964 998 3018 in
1042 2964 1296 3018 circuitu.
1350 2963 1574 3035 Mystice
1602 2972 1785 3018 autem

187 3056 518 3127 praenuntiat
544 3056 659 3126 regi
684 3055 1071 3126 superbissimo
1114 3048 1461 3122 antichristo,
1493 3056 1587 3125 qui
1616 3054 1788 3111 extol-

187 3145 322 3201 litur
351 3162 511 3217 super
524 3155 682 3201 omne
704 3148 847 3217 quod
868 3146 1069 3202 dicitur
1089 3147 1250 3213 Deus,
1275 3158 1370 3203 aut
1393 3148 1537 3218 quod
1558 3148 1781 3215 colitur;

1890 1972 1911 2005 ι
1948 1967 2119 2022 usque
2136 1952 2205 2006 ad
2225 1954 2629 2023 generationem
2653 1960 2709 2005 et
2725 1953 3161 2022 generationem:
3186 1954 3328 2008 sicut
3352 1953 3483 2008 sub.

1878 2050 1908 2096 ‘t
1953 2043 2116 2098 vertit
2131 2042 2271 2098 Deus
2285 2042 2574 2098 Sodomam
2592 2051 2646 2097 et
2660 2043 3042 2109 Gomorrham,
3057 2054 3111 2099 et
3124 2044 3331 2099 vicinas
3342 2041 3478 2113 ejus,

1891 2154 1909 2187 ι
1955 2133 2459 2190 aitDominus.Non
2484 2134 2837 2190 habitabitibi
2866 2151 2969 2201 νη,
2992 2151 3092 2191 nec
3130 2135 3329 2191 incolet
3357 2150 3482 2190 eam

1890 2248 1907 2279 ‹
1946 2211 2089 2283 ﬁlius
2115 2225 2384 2283 hominis.
2410 2248 2427 2281 ι
2470 2226 2745 2297 (Ηὶενοη.)
2779 2226 2949 2282 Medis
2996 2228 3257 2297 adversus
3292 2225 3482 2282 confu-

1885 2318 2052 2373 sionis
2079 2319 2244 2389 urbes
2267 2317 2566 2382 suscitatis,
2596 2316 2689 2386 qui
2717 2330 2820 2370 nec
2842 2330 3036 2371 aurum
3066 2315 3120 2369 in
3142 2314 3299 2370 bonis
3326 2328 3485 2386 repn-

1882 2418 2021 2474 tant,
2048 2425 2151 2464 nec
2190 2418 2498 2482 argentum,
2530 2409 2623 2480 qui
2664 2408 2879 2480 sagittis
2910 2407 3245 2463 interﬁciunt
3280 2422 3479 2479 parvu-

1883 2500 1987 2567 los,
2012 2510 2069 2555 et
2093 2501 2422 2573 lactantibus
2443 2500 2612 2555 uteris
2643 2516 2750 2557 non
2781 2501 3209 2567 miserebuntur,
3235 2487 3291 2554 et
3319 2510 3488 2571 super

1886 2590 2025 2647 ﬁlios
2067 2607 2175 2647 non
2219 2602 2405 2661 parcet
2447 2591 2637 2647 oculus
2659 2607 2870 2647 eorum.
2912 2590 3065 2655 Urbs
3089 2592 3365 2661 quondam
3403 2590 3487 2646 in-

1886 2684 2029 2754 clyta
2056 2699 2175 2754 qua:
2214 2692 2333 2738 erat
2365 2685 2419 2737 in
2455 2683 2705 2753 superbia
2746 2681 3146 2748 Chaldaeorum,
3185 2684 3279 2753 qui
3313 2684 3483 2739 inter-

1885 2783 2173 2846 pretantur
2196 2775 2353 2845 quasi
2385 2774 2675 2839 daemonia,
2709 2774 2787 2828 sic
2818 2775 3151 2829 subvertitur
3170 2816 3184 2839 ,
3215 2773 3486 2845 quomodo

1888 2866 2149 2919 subversa
2174 2873 2259 2920 est
2288 2864 2522 2920 Sodoma
2552 2874 2606 2919 et
2642 2864 2964 2931 Gomorrha,
3005 2873 3063 2919 ut
3092 2864 3300 2920 nullum
3328 2866 3383 2921 in
3420 2882 3487 2921 ea

1886 2964 2107 3011 maneat
2135 2956 2377 3025 pristinae
2410 2956 2711 3012 mansionis
2730 2957 3052 3029 vestigium;
3078 2958 3173 3014 sed
3198 2967 3484 3028 postquam

1890 3047 2055 3103 fuerit
2096 3048 2297 3104 cmlum
2324 3064 2523 3105 novum
2548 3091 2563 3116 ,
2592 3054 2647 3104 et
2688 3059 2835 3105 terra
2860 3066 3022 3134 nova,
3068 3062 3125 3108 et
3162 3055 3489 3125 praeterierit

1891 3146 2063 3217 figura
2089 3146 2250 3216 hujus
2274 3148 2462 3201 mundi
2496 3146 2547 3217 (Ι
2588 3145 2711 3201 Cor.
2735 3149 2837 3217 vn)
2857 3188 2872 3213 ,
2908 3164 3015 3203 non
3045 3134 3486 3204 habitetur'urbs

187 3247 247 3293 et
273 3239 534 3293 membris
563 3236 710 3307 ejus,
744 3240 847 3293 hoc
872 3248 955 3294 est
986 3240 1240 3295 omnibus
1283 3241 1504 3309 iniquis,
1548 3240 1787 3299 futuram
1813 3211 1862 3275 δ
1893 3224 2226 3293 confusionis
2267 3240 2323 3292 in
2364 3245 2707 3308 perpetuum.
2742 3237 3058 3328 (abusus)
3094 3237 3231 3305 Quia
3260 3254 3388 3310 ergo
3418 3238 3488 3295 de

190 3330 622 3396 damnationem,
652 3338 708 3384 et
730 3345 921 3385 omnes
948 3330 1279 3386 munitiones
1304 3331 1423 3400 ejus
1444 3347 1579 3402 quas
1604 3332 1793 3387 habuit

188 3421 245 3475 in
300 3420 565 3490 sapientia
606 3421 852 3477 smculari
907 3428 1272 3488 constructas,
1330 3432 1381 3478 et
1437 3423 1794 3480 conciliabula

189 3514 453 3584 maligna,
490 3514 547 3567 in
588 3515 787 3583 quibus
830 3515 1079 3571 homines
1122 3516 1373 3584 decipere
1409 3518 1678 3587 gaudebat
1704 3516 1791 3572 fu-

189 3614 315 3658 turo
348 3604 599 3659 incendio
630 3607 1026 3673 concremanda
1062 3626 1072 3660 :
1112 3608 1185 3661 ita
1209 3618 1268 3661 ut
1294 3608 1562 3663 universae
1588 3609 1796 3664 machi-

188 3697 443 3751 nationes
496 3698 646 3767 ejus,
684 3705 739 3751 et
782 3712 933 3751 arma
979 3712 1102 3751 cum
1134 3698 1332 3766 quibus
1358 3700 1546 3753 orbem
1595 3706 1794 3753 sanctae

187 3787 286 3843 Dei
334 3788 590 3842 Ecclesiae.
655 3787 1031 3858 impugnabat,
1078 3788 1133 3842 in
1194 3788 1418 3843 interitu
1469 3789 1796 3843 devorentur

186 3887 420 3943 aeterno,
445 3894 510 3933 eo
537 3880 679 3947 quod
710 3894 813 3932 non
841 3880 1121 3933 timuerint
1140 3878 1468 3933 calumniam
1491 3878 1713 3952 inferre,
1741 3886 1796 3932 et

186 3958 564 4041 captivitatem
587 3970 783 4039 populo
813 3970 1409 4040 Deipraeparare.Unde
1422 3980 1475 4025 et
1506 3970 1750 4041 sequitur
1777 3987 1791 4024 :

268 4080 286 4112 ‹
333 4060 459 4115 Haec
486 4061 618 4115 dicit
639 4060 901 4115 Dominus
930 4061 1271 4115 exercituum
1298 4079 1309 4114 :
1336 4061 1676 4116 Calumniam
1707 4078 1795 4117 su-

193 4175 213 4208 c
260 4154 469 4228 stinent
498 4151 594 4205 ﬁlii
624 4151 810 4219 lsrael,
852 4160 907 4206 et
954 4150 1049 4229 ﬁlii
1087 4151 1227 4206 .luda
1256 4152 1449 4217 simul;
1485 4167 1673 4207 omnes
1700 4152 1793 4222 qui

194 4261 216 4297 ι
265 4250 527 4314 ceperunt
554 4257 649 4297 eos
677 4229 882 4305 tenent,
912 4241 1102 4295 uolunt
1125 4242 1402 4296 dimittere
1428 4256 1537 4297 eos.
1565 4241 1793 4297 Redem-

193 4353 215 4387 ι
259 4343 383 4405 ptor
398 4348 586 4389 eorum
611 4332 784 4395 fortis,
802 4330 1062 4385 Dominus
1077 4332 1417 4386 exercituum
1435 4347 1629 4387 nomen
1642 4333 1757 4402 ejus
1775 4350 1787 4385 :

195 4442 217 4476 ι
254 4423 463 4492 judicio
477 4421 963 4477 defendetcausam
988 4436 1198 4487 eorum,
1215 4430 1274 4476 ut
1294 4431 1568 4477 exterreat
1590 4431 1791 4477 terram

196 4532 220 4566 ι
268 4523 326 4569 et
365 4521 703 4573 commoveat
751 4514 1083 4567 habitatores
1129 4511 1439 4583 Babylonis.
1473 4512 1695 4569 Gladius
1724 4515 1790 4569 ad

198 4626 224 4663 ι
263 4608 567 4671 Chaldaeos,
595 4606 671 4659 ait
697 4606 981 4671 Dominus,
1014 4615 1069 4661 et
1094 4607 1161 4661 ad
1192 4577 1529 4662 habitatores
1563 4607 1791 4678 Babylo-
1815 4577 1869 4638 D

193 4714 222 4754 ι
262 4697 372 4761 nis,
402 4707 459 4751 et
488 4696 556 4750 ad
583 4694 877 4764 principes,
908 4704 961 4750 et
986 4695 1053 4749 ad
1084 4698 1359 4766 sapientes
1385 4698 1503 4767 ejus
1539 4716 1550 4751 :
1582 4698 1791 4769 gladius

194 4807 224 4846 ι
264 4790 333 4845 ad
360 4789 569 4845 divinos
598 4787 715 4856 ejus
745 4788 836 4855 qui
875 4788 1027 4841 stulti
1046 4790 1246 4853 'erunt,
1280 4789 1488 4859 gladius
1521 4790 1589 4844 ad
1623 4789 1791 4863 fortes

196 4898 222 4937 ι
268 4880 415 4937 illius
444 4880 535 4948 qui
568 4878 853 4943 timebunt,
906 4878 1114 4948 gladius
1152 4881 1219 4934 ad
1260 4896 1427 4949 equos
1469 4880 1605 4949 ejus,
1639 4892 1695 4936 et
1722 4882 1790 4937 ad

199 4988 221 5026 ‹
270 4986 465 5026 currus
492 4968 609 5038 ejus
630 5008 644 5033 ,
676 4976 733 5022 et
756 4968 823 5021 ad
850 4982 1009 5021 omne
1032 4968 1223 5040 vulgus
1249 4971 1393 5039 quod
1423 4980 1506 5026 est
1530 4972 1585 5025 in
1612 4972 1789 5030 medio

201 5084 222 5117 ι
269 5063 411 5133 ejus,
450 5069 503 5117 et
535 5071 696 5116 erunt
724 5062 876 5130 quasi
908 5062 1193 5128 mulieres;
1229 5063 1436 5133 gladius
1474 5065 1542 5119 ad
1572 5066 1789 5121 thesau-

201 5178 220 5209 ι
270 5173 361 5212 ros
387 5154 522 5223 ejus,
552 5154 644 5224 qui
665 5154 1018 5223 diripientur;
1049 5157 1267 5212 siccitas
1287 5174 1449 5229 super
1474 5175 1643 5229 aquas
1673 5159 1789 5229 ejus

204 5268 223 5301 ι
272 5250 396 5312 erit,
438 5256 493 5301 et
522 5255 801 5312 arescent,
840 5248 967 5317 quia
998 5258 1142 5302 terra
1170 5249 1497 5319 sculptilium
1522 5260 1624 5317 est,
1652 5259 1707 5306 et
1736 5252 1790 5307 in

204 5360 223 5390 ι
272 5339 540 5409 portentis
559 5338 835 5407 gloriatur.
872 5359 889 5391 ι
919 5339 1139 5395 Gladius
1166 5340 1307 5395 enim
1332 5340 1544 5396 Domini
1567 5344 1789 5399 devorat

198 5445 393 5486 omnes
425 5438 739 5497 peccatores
764 5436 955 5494 terrae,
984 5439 1035 5485 et
1065 5446 1171 5485 non
1202 5431 1373 5487 solum
1404 5430 1706 5500 Chaldaeos,
1736 5441 1792 5489 et

200 5521 539 5578 habitatores
568 5519 894 5589 Babylonia,
933 5521 1034 5575 hoc
1060 5536 1161 5587 est,
1195 5523 1466 5592 principes
1488 5524 1605 5594 ejus
1626 5533 1683 5579 et
1707 5540 1791 5579 sa-

199 5608 417 5682 pientes
432 5608 568 5677 ejus,
602 5619 763 5678 atque
789 5610 1000 5665 divinos
1028 5627 1150 5665 cum
1168 5615 1315 5667 omni
1337 5614 1518 5685 vulgo,
1546 5615 1788 5669 imbelles

198 5700 360 5775 quasi
393 5699 669 5763 mulieres,
694 5716 789 5769 per
824 5700 1025 5769 Medos,
1068 5711 1231 5772 atque
1262 5703 1458 5759 Persas
1493 5704 1787 5759 historiali»

202 5796 289 5854 lcr
325 5798 631 5866 destruxit;
684 5802 779 5857 scd
816 5803 981 5873 etiam
1026 5819 1212 5860 omnes
1245 5804 1336 5876 qui
1366 5803 1423 5862 in
1470 5804 1788 5864 confusione

1892 3330 2153 3384 monstris
2183 3323 2273 3383 his
2306 3344 2427 3399 quae
2454 3328 2541 3383 hic
2578 3323 3096 3396 commemorantur,
3137 3330 3190 3384 in
3219 3330 3487 3401 principio

1894 3423 2053 3493 hujus
2080 3424 2387 3494 Babyloniae
2421 3423 2753 3493 captivitatis
2780 3422 2935 3497 juxta
2966 3423 3256 3493 prophetas
3288 3423 3483 3480 Isaiam

1892 3525 1948 3572 et
2002 3515 2293 3572 Jeremiam
2352 3515 2707 3588 historialite;
2750 3515 2880 3584 jam-
2924 3517 3189 3581 diximus;
3245 3517 3487 3573 dicamus

1893 3594 2056 3665 medo
2097 3610 2395 3665 secundum
2442 3608 2830 3679 tropologiam,
2863 3609 3007 3680 quod
3036 3608 3104 3684 in_
3124 3608 3229 3663 fine
3272 3609 3480 3675 mundi,

1894 3701 1979 3755 vel
2022 3702 2217 3756 m'ortis
2248 3701 2670 3770 uniuscujusque
2722 3700 2898 3754 omnis
2940 3699 3109 3771 gloria
3140 3708 3193 3754 et
3236 3700 3487 3770 superbia

1895 3790 2296 3858 Chaldaeorum,
2332 3800 2387 3845 et
2430 3790 2675 3846 confusio
2699 3791 2884 3845 mundi
2929 3791 3147 3847 recedet
3172 3806 3202 3845 a
3234 3791 3409 3859 nobis,
3433 3800 3491 3847 et

1897 3882 1971 3935 ita
2010 3881 2193 3936 omnia
2230 3881 2631 3946 subvertantur,
2668 3881 2817 3935 sicut
2846 3881 3112 3936 subvertit
3148 3881 3290 3935 Deus
3319 3880 3490 3937 Sodo-

1896 3987 2039 4041 mam
2062 3980 2115 4027 et
2138 3972 2498 4027 Gomorrham
2526 3991 2538 4025 :
2572 3988 2673 4027 nec
2707 3972 2848 4027 ultra
2873 3972 3057 4028 mundi
3090 3972 3247 4027 istius
3274 3972 3490 4028 futurus

1896 4064 1968 4119 sit
1993 4073 2187 4129 status,
2213 4066 2307 4120 sed
2334 4074 2555 4135 pereat;
2606 4080 2707 4119 nec
2734 4072 2903 4133 ponat
2938 4065 3010 4119 ibi
3038 4064 3215 4119 Arabs
3252 4066 3487 4120 tentoria

1896 4170 2013 4209 sua.
2039 4154 2117 4211 De
2150 4171 2257 4225 quo
2286 4156 2340 4209 in
2371 4156 2711 4226 sexagesimo
2734 4154 2942 4224 psalmo
2965 4154 3162 4225 legitur
3195 4173 3207 4208 :
3245 4155 3383 4212 «Iter
3404 4154 3486 4209 fa-

1895 4248 2002 4302 cite
2016 4248 2065 4302 ei
2092 4248 2184 4317 qui
2215 4247 2457 4303 ascendit
2488 4262 2649 4316 super
2668 4262 2922 4301 occasum
2958 4264 2969 4299 :
3000 4245 3260 4301 Dominus
3290 4263 3486 4309 nomen

1895 4346 1980 4393 est
2001 4336 2138 4406 ejus.
2184 4358 2201 4388 ι
2247 4336 2358 4391 Nec
2389 4346 2635 4406 pastores
2678 4336 2751 4390 ibi
2788 4335 3152 4404 requiescant,
3187 4336 3361 4407 angeli
3396 4337 3488 4407 qui

1896 4431 2134 4485 humano
2164 4438 2407 4498 praesunt
2451 4429 2657 4498 generi,
2700 4437 2753 4483 et
2782 4428 3023 4497 quotidie
3066 4427 3255 4481 vident
3292 4426 3488 4483 faciem

1897 4520 2111 4574 Patris:
2144 4520 2237 4575 sed
2266 4520 2611 4589 requiescant
2646 4519 2719 4573 ibi
2752 4520 2957 4584 bestia},
3016 4527 3070 4573 et
3116 4519 3402 4586 dracones,
3433 4529 3492 4577 et

1896 4612 2252 4678 struthiones,
2302 4619 2357 4665 et
2410 4610 2588 4681 pilosi,
2636 4618 2691 4665 et
2730 4610 2911 4675 ululae,
2958 4618 3013 4665 et
3062 4611 3280 4677 sirenae,
3341 4604 3479 4682 quas

1895 4720 2083 4759 omnes
2121 4706 2331 4760 bestias.
2359 4705 2585 4777 ﬁguram
2629 4698 2980 4776 intelligimus
3021 4706 3359 4777 angelorum,
3404 4706 3488 4761 vel

1896 4797 2227 4863 daemonum;
2251 4806 2307 4851 et
2326 4812 2515 4851 eorum
2531 4796 2725 4866 quibus
2744 4797 3009 4851 tradimur
3021 4797 3087 4852 ad
3109 4798 3442 4866 puniendum
3468 4840 3485 4866 ,

1894 4899 1949 4944 et
1987 4891 2041 4944 in
2072 4890 2320 4946 domibus
2351 4892 2618 4968 quondam
2656 4890 2984 4959 voluptatis,
3024 4889 3113 4944 ubi
3144 4900 3264 4945 erat
3300 4890 3487 4946 laetitia

1894 4988 1948 5034 et
1976 4981 2251 5051 gaudium,
2291 4983 2359 5036 sit
2393 4982 2640 5050 planctus
2670 4980 2971 5047 ulularunt,
3007 4982 3091 5036 vel
3122 4980 3486 5037 lamentabilis

1893 5084 1999 5125 vox
2028 5071 2332 5126 sirenarum
2367 5086 2486 5140 quae
2505 5070 2781 5127 auditores
2810 5086 2937 5126 suos
2964 5070 3112 5126 ducit
3137 5072 3205 5125 ad
3226 5080 3478 5126 mortem.

1895 5164 2131 5235 Tempus
2177 5167 2462 5221 imminere
2484 5164 2674 5233 judicii
2703 5175 2759 5221 et
2808 5165 2951 5221 diem
3002 5164 3485 5237 consummationis

1894 5257 2201 5329 Babyloniae
2252 5274 2357 5313 non
2408 5258 2665 5330 elongare
2694 5301 2707 5325 ,
2763 5275 3105 5329 nequaquam
3144 5258 3433 5311 mirabitur
3463 5298 3484 5324 ,

1894 5348 1987 5418 qui
2015 5349 2257 5418 quotidie
2276 5363 2373 5419 per
2402 5358 2623 5403 sanctos
2654 5350 2819 5415 viros,
2850 5350 2904 5403 in
2936 5350 3020 5405 his
3043 5348 3135 5419 qui
3166 5348 3396 5403 credunt
3426 5350 3482 5403 in

1898 5440 2128 5495 Domino
2165 5442 2403 5497 subverti
2432 5442 2667 5497 viderint
2700 5441 3026 5512 Babylonem
3055 5483 3069 5507 ,
3116 5430 3493 5497 aeternitatem.

1898 5540 2270 5601 comparatam
2300 5533 2447 5587 omni
2484 5532 2803 5605 longitudini
2834 5548 2952 5588 esse
2990 5534 3241 5589 vicinam.
3282 5532 3358 5587 De
3385 5548 3477 5604 ge-

1896 5625 2117 5681 neribus
2152 5628 2446 5682 bestiarum
2499 5628 2607 5681 imo
2644 5636 3009 5684 monstrorum
3058 5629 3295 5685 breviter
3338 5628 3480 5684 dixi-

1896 5735 2018 5774 mus
2054 5737 2066 5773 :
2105 5720 2231 5789 quia
2271 5721 2325 5776 in
2372 5721 2645 5790 prioribus
2687 5720 2841 5789 juxta
2886 5721 3169 5776 historiam
3208 5738 3275 5776 ex
3327 5728 3483 5789 parte

1895 5812 2181 5881 perstricta
2224 5820 2369 5868 sunt.
2426 5812 2535 5869 Hoc
2583 5830 2795 5884 quoque
2840 5812 3291 5870 considerandum
3339 5808 3481 5883 quod
