3952 6334
467 356 608 414 H55

1101 358 1163 412 Β.
1207 358 1463 415 RABANI
1501 357 1724 416 MAURI
1761 358 2082 416 ARCIIIEP.
2123 354 2437 419 MOGUNT.
2476 358 2764 417 OPERUM
2802 359 2981 417 PARS
3011 360 3105 417 'Ill.

3620 367 3754 427 1150

462 482 747 547 postquam
772 475 1176 533 ecclesiasticus
1205 492 1407 543 sermo,
1442 486 1497 532 et
1528 479 1775 534 doctrina
1799 478 2051 533 Salvato-
2086 470 2129 540 Α
2152 475 2357 547 judicio
2390 476 2607 532 factum
2653 493 2793 543 esse,
2830 476 2988 547 cujus
3029 479 3292 535 voluntati
3339 482 3524 539 nullus
3571 499 3753 557 regum

462 565 538 619 t‘is
583 564 773 620 urbem
815 566 1151 622 confusionis
1190 568 1469 633 everterit,
1504 569 1576 623 ita
1614 576 1680 643 ut
1725 568 1971 624 Sodomis
1996 577 2051 625 et

460 652 778 711 Gomorrhre
800 668 1164 727 comparetur,
1204 673 1311 713 non
1343 659 1620 715 habitetur
1651 676 1681 714 a
1726 661 1929 715 sanctis
1969 660 2051 715 vi-

460 749 683 811 ris,'nec
706 757 951 818 pastores
979 750 1322 819 requiescant
1354 751 1449 816 ibi,
1481 752 1572 821 qui
1608 752 1808 807 Christi
1832 766 2047 822 gregem

457 853 681 907 pascere
713 850 1133 908 consueverunt,
1162 843 1257 898 sed
1284 845 1564 900 contrario
1602 846 1947 914 requiescant
1974 831 2048 901 ibi

456 927 678 995 bestiis,
708 938 764 986 et
791 932 1076 998 dracones,
1127 940 1181 988 et
1216 934 1375 1003 pilosi
1412 935 1726 992 saltent‘ibj.
1776 935 2049 1006 Quidquid

456 1020 602 1075 enim
640 1022 881 1077 haeretici
921 1024 1213 1091 loquuntur
1258 1025 1311 1080 in
1352 1026 1642 1096 synagogis
1669 1025 1909 1093 Satanae,
1940 1042 2047 1083 non

456 1118 541 1166 est
568 1111 811 1167 doctrina
842 1112 1082 1179 Domini,
1111 1116 1207 1173 sed
1232 1116 1467 1171 ululatus
1489 1118 1795 1174 daemonum
1824 1126 1879 1174 et
1909 1119 2046 1189 pilo-

453 1216 659 1267 sorum,
679 1219 816 1273 quos
843 1200 1158 1263 imitabatur
1178 1208 1320 1275 Esau
1355 1227 1367 1261 :
1396 1217 1453 1263 et
1485 1210 1680 1265 sirena:
1705 1210 2047 1281 requiescent

454 1293 509 1348 in
540 1294 780 1351 delubris
800 1297 1090 1367 voluptatis
1114 1315 1236 1367 quin
1257 1298 1402 1355 dulci
1423 1308 1479 1355 et
1503 1299 1789 1365 mortifero
1804 1303 2047 1357 carmine

452 1383 663 1441 animas
703 1389 1026 1456 pertrahunt
1065 1388 1510 1464 ingprofnndum,
1539 1400 1598 1446 ut
1620 1393 1876 1449 saeviente
1907 1409 2042 1449 nau-

450 1480 625 1549 tragio
646 1494 675 1533 a
702 1479 842 1550 lupis
871 1489 930 1535 et
956 1483 1185 1537 canibus
1213 1483 1546 1540 devorentur

526 1613 545 1645 ‹
590 1595 730 1649 Ecce
768 1596 1005 1665 populus
1022 1597 1169 1651 venit
1199 1596 1267 1652 ab
1288 1597 1539 1667 aquilone
1567 1612 1621 1652 et
1648 1613 1781 1669 gens
1820 1615 2039 1670 magna,

453 1701 473 1736 ι
518 1691 572 1739 et
587 1700 744 1755 reges
768 1686 917 1740 multi
940 1696 1273 1758 consurgunt
1296 1702 1325 1739 a
1344 1686 1542 1741 ﬁnibus
1566 1696 1745 1753 terrae,
1772 1703 1960 1743 arcum
1985 1697 2041 1745 et

454 1791 474 1826 ι
520 1784 732 1830 scutum
773 1778 1197 1846 apprehendent.
1240 1776 1502 1832 Crudeles
1524 1786 1683 1843 sunt,
1720 1778 2039 1834 etimmise—

2158 583 2330 639 ncque
2361 570 2637 623 hominum
2668 571 2920 625 resistere
2944 569 3161 639 poterit,
3196 587 3321 642 mo;
3353 574 3631 630 subdidit:

2232 678 2251 710 ι
2282 659 2416 726 Quis
2466 661 2619 716 enim.
2660 661 2853 717 similis
2887 662 3014 727 mei,
3054 674 3110 717 et
3134 664 3258 733 quis
3304 666 3595 721 sustinebit
3632 668 3756 723 me?

2160 768 2178 801 ‹
2211 750 2275 805 Et
2312 752 2436 821 ‘quis
2466 759 2551 806 est
2592 751 2695 807 iste
2731 760 2921 821 pastor
2962 754 3053 822 qui
3097 754 3319 808 resistat
3360 754 3531 808 vultui
3590 760 3753 812 meo?

2160 861 2177 895 ι
2205 841 2499 913 Propterea
2531 843 2713 897 audite
2751 843 3037 898 consilium
3088 842 3324 910 Domini,
3379 844 3524 913 quod
3574 857 3754 904 mente

2158 954 2176 986 ι
2206 935 2455 1005 concepit
2484 936 2770 990 adversum
2803 935 3153 1007 Babylonem,
3179 945 3233 1013 et
3259 935 3621 1007 cogitationes
3641 938 3753 1005 eius

2156 1044 2177 1077 ‹
2205 1041 2343 1096 quas
2398 1026 2652 1098 cogitavit
2702 1041 2865 1096 super
2915 1036 3119 1082 terram
3177 1028 3601 1085 Chaldaeorum:
3650 1031 3753 1087 nisi

2154 1135 2173 1169 ‹
2200 1117 2538 1173 detraxerint
2580 1133 2673 1173 eos
2717 1116 2928 1186 parvuli
2976 1131 3221 1188 gregum,
3269 1118 3375 1174 nisi
3428 1118 3749 1189 dissipatum

2153 1229 2172 1262 ι
2197 1209 2362 1266 fuerit
2391 1196 2513 1267 cum
2538 1211 2669 1280 ipsis
2695 1210 3062 1267 habitaculum
3083 1226 3293 1265 eorum.
3342 1213 3390 1267 Α
3420 1227 3555 1267 voce
3584 1212 3751 1282 capti-

2154 1322 2175 1357 r
2201 1305 2389 1361 vitatis
2434 1303 2728 1375 Babylonis
2770 1312 3041 1361 commota
3097 1312 3180 1359 est
3235 1313 3416 1369 terra,
3444 1314 3503 1359 et
3546 1304 3750 1359 clamor

2151 1418 2171 1452 ι
2202 1398 2343 1453 inter
2361 1406 2561 1469 gentes
2587 1398 2803 1453 auditus
2828 1408 2931 1452 est.
2957 1418 2975 1449 ι
3004 1396 3119 1453 Hoc
3134 1392 3491 1461 etiam'lsaias
3518 1396 3751 1453 manife-

2146 1489 2384 1547 stissime
2411 1487 2651 1543 declarat
2683 1487 2868 1543 dicens
2894 1504 2909 1543 :
2937 1505 2954 1539 σ
2988 1486 3116 1541 Haec
3146 1486 3278 1550 dicit
3310 1486 3580 1542 Dominus
3607 1487 3749 1544 chri-

2143 1589 2229 1635 sto
2259 1595 2381 1638 meo
2406 1579 2565 1651 Cyro,
2592 1559 2749 1649 cujus
2783 1578 3110 1649 apprehendi
3139 1577 3441 1644 dexteram,
3476 1588 3539 1641 ut
3575 1580 3744 1649 subji-

2144 1672 2287 1731 ciam
2314 1680 2440 1731 ante
2465 1662 2659 1728 faciem
2685 1669 2801 1739 ejus
2828 1679 3036 1741 gentes,
3071 1659 3140 1726 et
3186 1672 3345 1739 dorsa
3396 1686 3587 1741 regum
3629 1684 3746 1726 ver-

2143 1772 2276 1842 tam,
2302 1773 2358 1822 et
2381 1764 2621 1835 aperiam
2643 1778 2826 1819 coram
2848 1777 2913 1817 eo
2930 1762 3148 1832 januas,
3178 1771 3233 1817 et
3260 1771 3431 1831 portae
3465 1780 3575 1829 non
3608 1762 3749 1819 clau-

452 1881 472 1917 i
513 1866 786 1933 ricordes;
816 1882 921 1922 vox
948 1882 1135 1922 eorum
1164 1867 1321 1937 quasi
1346 1882 1498 1921 mare
1535 1868 1771 1933 sonabit,
1794 1875 1850 1922 et
1877 1883 2039 1938 super
2066 1852 2354 1911 Idem“.
2407 1857 2522 1927 Εῧο
2564 1865 2691 1912 anle
2726 1864 2779 1910 te
2817 1855 2927 1919 ibo.
2963 1848 3020 1908 θί
3052 1854 3317 1925 gloriosos
3350 1864 3518 1912 term
3565 1857 3744 1913 humi-

448 1974 471 2009 r
512 1973 681 2028 equos
724 1960 1038 2025 ascendent,
1088 1963 1229 2015 sicut
1274 1961 1360 2013 vir
1407 1969 1629 2029 paratus
1680 1960 1747 2015 ad
1792 1961 2035 2030 prtelium

448 2070 467 2103 α
511 2061 703 2106 contra
737 2063 807 2114 te,
836 2051 1228 2123 filia‘Bahylon.
1256 2052 1479 2107 Audivit
1515 2069 1611 2108 rex
1638 2052 1933 2122 Babylonis
1961 2052 2037 2107 fa-

446 2160 467 2195 r
514 2159 659 2199 mam
704 2158 916 2211 eorum,
951 2152 1005 2199 et
1042 2144 1319 2200 dissolutae
1354 2153 1481 2199 sunt
1517 2161 1709 2200 manus
1744 2144 1890 2214 ejus;
1938 2162 2036 2202 an—

446 2251 465 2286 c
510 2234 686 2306 gustia
739 2236 1097 2305 apprehendit
1138 2252 1284 2304 eum,
1330 2236 1487 2291 dolor
1536 2239 1691 2306 quasi
1732 2237 2037 2307 parturien-

448 2340 466 2376 t
514 2334 643 2380 tem.
686 2346 705 2378 ι
740 2324 1026 2381 Manifesta
1072 2334 1157 2381 est
1183 2327 1434 2391 historia,
1478 2329 1620 2397 quod
1668 2313 1800 2399 gens
1838 2344 2033 2399 magna

440 2415 713 2481 Medorum
766 2431 862 2471 seu
906 2416 1218 2484 Persarum,
1252 2427 1307 2472 et
1349 2427 1505 2490 reges
1536 2419 1690 2475 multi
1722 2414 1843 2475 cum
1889 2420 2032 2491 Cyro

435 2504 727 2563 Persarum
767 2522 917 2579 rege,
938 2516 994 2562 et
1030 2508 1194 2563 Dario
1231 2508 1532 2575 Medorum,
1561 2520 1933 2567 convenerunt
1961 2512 2031 2566 ad

438 2596 829 2653 devastandam
868 2598 1253 2670 Babyloniam,
1296 2600 1389 2655 ubi
1428 2599 1717 2656 Balthasar
1762 2617 1860 2656 rex
1902 2612 2032 2658 tunc

434 2691 714 2759 regnabat.
747 2689 797 2744 ls
843 2688 970 2743 dum
1018 2690 1327 2745 convivium
1355 2691 1654 2746 maximum
1702 2691 2031 2752 satellitibus

432 2780 546 2835 suis
570 2786 625 2834 et
662 2778 997 2848 principibus
1024 2788 1389 2850 praepararet,
1436 2781 1637 2849 placuit
1664 2782 1716 2837 ei
1753 2790 1813 2837 ut
1842 2782 2028 2858 templi

432 2859 528 2927 Dei
571 2888 741 2938 vasa,
795 2889 917 2943 quae
969 2874 1035 2929 de
1090 2871 1485 2946 Hierosolymis
1530 2874 2028 2932 Nabuchodonosor

432 2972 825 3034 asportavcrat,
870 2964 925 3018 in
967 2980 1094 3020 suos
1117 2972 1333 3021 usus-et
1355 2965 1781 3021 concubinarum
1807 2983 2026 3022 suarum

432 3053 501 3107 ad
539 3054 835 3122 potandum
863 3064 1125 3121 verteret,
1154 3056 1337 3111 ethoc
1357 3057 1521 3111 modo
1546 3056 1950 3126 blasphemaret
1971 3061 2027 3114 in

433 3142 545 3199 Deo
576 3144 741 3213 (Dan.
769 3145 846 3215 v).
884 3144 1037 3200 Tunc
1072 3146 1259 3216 itaque
1286 3147 1423 3200 vidit
1444 3146 1511 3201 de
1537 3162 1695 3200 mum
1723 3148 1983 3207 veniente:

432 3250 673 3300 manum,
710 3243 765 3289 et
795 3236 846 3289 in
876 3236 1086 3304 pariete
1109 3236 1374 3305 quasdam
1410 3235 1647 3305 syllabas
1664 3237 2020 3293 scribentem.

432 3326 549 3395 Qua
579 3326 790 3399 visione
814 3327 1083 3391 turbatus,
1117 3328 1440 3383 convocavit
1466 3341 1653 3399 magos
1679 3335 1842 3397 atque
1865 3328 2026 3383 Chal-

432 3418 599 3483 dzeos,
634 3426 686 3473 et
711 3432 871 3473 omne
898 3434 1072 3489 genus
1093 3418 1350 3491 similium
1372 3458 1386 3481 ,
1418 3420 1565 3488 quod
1594 3418 1735 3473 inter
1765 3419 2027 3475 barbaros

434 3511 646 3566 somnia
676 3517 733 3564 et
758 3509 1065 3580 huiusmodi
1106 3510 1258 3579 signa
1281 3500 1573 3564 decernere
1598 3507 1940 3579 praevalebat,
1969 3516 2029 3567 ut

429 3602 482 3657 ei
527 3617 647 3672 quas
677 3602 877 3670 scripta
897 3600 1115 3656 fuerant
1145 3600 1577 3656 manifestarent.
1612 3601 1853 3670 Cumque
1884 3601 2026 3671 magi

430 3696 566 3752 nihil
610 3697 824 3765 penitus
868 3695 1133 3761 invenire,
1182 3710 1356 3765 neque
1401 3692 1705 3765 intelligere
1750 3708 1810 3748 se
1868 3708 2028 3762 posse

433 3790 677 3844 dicerent
706 3807 718 3842 :
747 3788 933 3843 Daniel
962 3790 1011 3843 ei
1050 3790 1440 3857 interpretatus
1460 3794 1547 3841 est
1580 3785 1942 3854 Scripturam,
1968 3793 2026 3840 et

433 3880 685 3954 praedixit
714 3884 763 3937 ei
805 3883 1011 3937 cladem
1063 3898 1182 3936 mox
1230 3881 1313 3935 illi
1350 3885 1828 3949 supeernturam.
1878 3878 2030 3934 Unde

433 3987 669 4028 maerore
707 3981 762 4027 et
803 3973 1023 4027 tristitia
1062 3972 1349 4043 fatigatus,
1384 3972 1636 4027 hostibus
1673 3970 1786 4025 suis
1819 3984 2025 4037 nequa-

436 4081 594 4135 quam
650 4066 902 4120 resistere
953 4073 1260 4133 paraverat,
1312 4064 1564 4132 quoniam
1620 4062 1810 4116 eadem
1871 4069 2030 4121 nocte

434 4160 769 4215 interfectus.
804 4167 887 4212 est
923 4156 1207 4213 Balthasat'
1252 4171 1347 4210 rex
1384 4154 1691 4217 Chaldzeus,
1732 4160 1789 4207 et
1834 4152 2037 4205 Darius

433 4248 624 4303 Medus
674 4247 937 4302 successit
983 4247 1035 4299 in
1070 4252 1315 4316 regnum,
1366 4246 1432 4299 de
1469 4258 1577 4313 quo
1603 4258 1745 4297 nunc
1775 4242 1973 4296 dicitur
2011 4260 2024 4295 :

441 4357 458 4390 ‹
491 4338 711 4393 Audivit
750 4354 845 4393 rex
889 4336 1178 4407 Babylonis
1204 4334 1403 4389 famam
1440 4348 1651 4397 eorum,
1678 4341 1733 4389 et
1757 4332 2030 4387 dissolutae

440 4438 566 4483 sunt
600 4445 791 4483 manus
827 4430 983 4498 ejus;
1021 4427 1269 4496 angustia
1295 4428 1651 4497 apprehendit
1694 4442 1843 4492 eum,
1879 4426 2031 4481 dolor

434 4521 585 4589 quasi
618 4519 1005 4589 parturientem
1019 4555 1031 4571 .
1054 4538 1073 4569 ι

514 4640 529 4668 ι
560 4621 699 4674 Ecce
727 4620 879 4687 quasi
908 4620 991 4672 leo
1021 4618 1277 4672 ascendet
1298 4618 1363 4672 de
1388 4616 1639 4687 superbia
1663 4617 1933 4682 Iordanis,
1958 4619 2025 4673 ad

442 4732 458 4760 ι
491 4710 945 4780 pulchritudinem
990 4710 1287 4773 robustam,
1325 4710 1451 4777 quia
1490 4711 1667 4763 subito
1704 4725 2025 4764 concurrere

442 4820 460 4853 ‹
492 4817 613 4854 eum
646 4799 839 4853 faciam
874 4799 939 4852 ad
975 4797 1137 4851 illam.
1196 4798 1264 4851 Et
1304 4799 1427 4867 quis
1466 4799 1577 4851 erit
1622 4799 1826 4853 electus
1864 4814 2025 4868 quem

442 4908 463 4942 r
495 4906 789 4959 proponam
822 4890 869 4942 ei
904 4890 926 4941 ?
956 4909 973 4940 ι
1020 4889 1130 4964 Hoc
1182 4888 1395 4942 videtur
1439 4889 1528 4941 hic
1569 4888 1718 4941 locus
1739 4889 2026 4964 insinuare

444 4981 589 5053 quod
626 4980 1116 5033 Nabuchodonosor
1152 4994 1243 5032 rex
1275 4983 1396 5032 eum
1423 4978 1707 5042 Chaldaeis,
1734 4963 2025 5047 postquam

441 5086 665 5141 regnum
693 5070 999 5123 .ludaeorum
1027 5069 1260 5124 crudelis
1288 5078 1346 5123 ut
1378 5070 1461 5122 leo
1498 5053 1794 5133 subvertit,
1827 5078 2025 5123 terram

439 5162 692 5226 vastavit,
742 5162 1037 5228 urbemque
1076 5159 1410 5215 Hierusalem
1445 5168 1498 5213 et
1529 5159 1782 5227 templum
1817 5162 2027 5213 destru-

440 5254 537 5316 xit,
568 5262 727 5322 atque
754 5254 1048 5318 succendit,
1077 5254 1143 5307 ad
1178 5254 1359 5307 sedem
1401 5260 1551 5306 suam
1592 5253 1643 5305 in
1676 5252 2022 5321 Babylonem,

439 5344 592 5413 quasi
617 5344 807 5407 victor,
834 5354 890 5399 et
920 5358 1143 5399 securus
1163 5348 1228 5399 de
1251 5345 1493 5399 hostibus
1522 5345 1633 5399 suis
1661 5359 1909 5407 reversus
1937 5345 2027 5408 sit,

439 5434 779 5504 posterisque
820 5436 932 5489 suis
975 5450 1197 5507 regnum
1249 5436 1513 5490 incolume
1565 5436 1861 5505 reliquerit.
1922 5434 2029 5489 Sed

441 5525 668 5580 Domino
718 5526 1012 5595 dissipante
1057 5528 1258 5583 ultione
1288 5528 1341 5583 in
1372 5544 1434 5583 ea
1467 5538 1793 5597 perpetrata,
1822 5529 1874 5581 in
1902 5528 2026 5597 Cyri

441 5620 583 5690 regis
608 5620 775 5676 totum
804 5636 1028 5691 regnum
1053 5622 1331 5676 redactum
1358 5630 1441 5677 est
1470 5623 1763 5675 dominium
1789 5640 1801 5675 :
1828 5622 1894 5676 de
1921 5634 2029 5689 quo

445 5712 741 5767 nnnc'dieit
767 5730 779 5765 :
809 5713 874 5765 Et
903 5714 1023 5782 quis
1047 5713 1153 5766 erit
1173 5713 1395 5777 electus,
1430 5730 1589 5783 quem
1620 5712 2028 5782 proponam-ei?

443 5805 510 5863 Et
535 5816 593 5865 ut
613 5806 716 5861 huc
743 5806 1137 5861 demonstraret
1161 5822 1263 5859 non
1292 5821 1385 5860 sua
1410 5806 1669 5874 potentia,
1695 5805 1787 5859 sed
1814 5803 2029 5859 Domini

2136 1945 2299 2002 liabo.
2360 1946 2554 2003 Portas
2608 1960 2781 2003 aereas
2828 1952 3105 2014 conuaram
3134 1987 3149 2012 ,
3196 1959 3252 2015 et
3302 1956 3485 2003 vectes
3534 1946 3741 2007 ferreos

2136 2038 2471 2108 confringam
2499 2053 2513 2093 :
2538 2046 2599 2093 .et
2638 2039 2782 2094 dabo
2833 2038 2926 2093 tibi
2972 2038 3256 2093 thesauros
3292 2039 3646 2097 absconditos
3689 2051 3740 2097 et

2136 2144 2336 2184 arcana
2376 2139 2707 2184 secretorum
2744 2144 2757 2181 :
2790 2135 2851 2182 ut
2886 2129 3028 2183 scias
3066 2129 3192 2198 quia
3220 2144 3321 2200 ego
3347 2130 3613 2187 Dominus
3647 2131 3735 2200 qui

2134 2236 2485 2289 voconqmen
2513 2229 2683 2283 tuum,
2713 2219 2855 2273 Deus
2876 2218 3039 2272 Israel
3064 2228 3288 2287 propter
3316 2232 3537 2273 servum
3561 2232 3735 2272 meum

2133 2309 2319 2374 Iacob,
2354 2317 2409 2366 et
2436 2309 2601 2372 lsrael
2631 2308 2862 2363 electum
2891 2322 3071 2363 meum
3097 2321 3111 2360 :
3143 2316 3197 2361 et
3227 2309 3415 2371 vocavi
3434 2318 3496 2363 te
3520 2308 3737 2364 nomine

2134 2408 2247 2462 tuo.
2292 2398 2597 2457 Assimilavi
2628 2406 2697 2462 te,
2724 2388 2778 2453 ct
2802 2414 2909 2453 non
2937 2397 3236 2467 cognovisti
3266 2413 3372 2455 me.
3412 2396 3525 2467 Ego
3556 2396 3733 2453 Domi-

2134 2508 2238 2551 nus
2272 2499 2327 2548 et
2365 2505 2473 2546 non
2520 2500 2604 2544 est
2650 2488 2918 2558 amplius:
2950 2498 3104 2543 extra
3157 2503 3242 2543 me
3291 2502 3395 2542 non
3433 2497 3519 2542 est
3573 2489 3729 2544 Deus.

2130 2582 2355 2659 Accinxi
2405 2591 2478 2648 te,
2525 2591 2581 2637 et
2619 2596 2727 2635 non
2767 2579 3065 2651 cognovisti
3094 2593 3199 2634 nte.
3246 2577 3313 2633 Ut
3340 2579 3519 2645 sciant
3556 2579 3609 2633 hi
3641 2583 3734 2651 qui

2133 2677 2201 2738 ab
2225 2684 2349 2743 ortu
2373 2674 2525 2738 solis,
2558 2682 2614 2733 et
2639 2672 2733 2743 qui
2760 2674 2828 2728 ab
2864 2672 3165 2737 occidente,
3217 2672 3475 2742 quoniam
3526 2673 3728 2743 absque

2130 2783 2220 2826 me
2241 2783 2348 2829 non
2376 2776 2460 2830 est
2484 2767 2647 2826 Deus.
2676 2766 2789 2835 Ego
2811 2780 2931 2820 sum
2958 2764 3217 2821 Dominus
3248 2774 3304 2819 et
3333 2780 3440 2819 non
3464 2773 3553 2824 est
3571 2750 3730 2831 alter,

2130 2857 2371 2932 formans
2396 2858 2593 2923 lucem,
2635 2866 2691 2921 et
2727 2872 2919 2912 creans
2960 2856 3235 2923 tenebras,
3284 2854 3491 2919 faciens
3518 2871 3729 2928 paean,

2131 2959 2187 3006 et
2221 2965 2415 3005 creans
2458 2948 2659 3009 malum
2687 2974 2699 3003 ι
2724 2963 2825 3020 ego
2864 2948 3122 3013 Dominus
3162 2948 3368 3004 faciens
3405 2949 3587 3008 omnia
3615 2951 3733 3006 haec

2131 3043 2267 3115 (Ira.
2302 3042 2447 3116 xcv).
2479 3056 2501 3106 ρ
2533 3041 2735 3109 Sciens
2754 3043 2806 3096 in
2836 3042 2939 3097 hoc
2966 3040 3224 3111 capitulo,
3250 3056 3358 3099 non
3382 3042 3559 3111 solum
3590 3041 3732 3097 Lati-

2128 3150 2347 3201 norum,
2389 3134 2486 3189 sed
2514 3142 2569 3189 et
2606 3132 2922 3191 Grecorum
2956 3133 3219 3203 plurimos
3258 3123 3605 3189 vehementer
3644 3149 3729 3189 er.

2130 3247 2274 3299 rare,
2301 3230 2685 3291 xstimantium
2713 3228 2973 3299 scriptum
2995 3243 3116 3283 esse
3142 3242 3155 3281 :
3191 3248 3213 3278 ι
3236 3226 3329 3282 Sic
3373 3228 3507 3289 dicit
3553 3227 3729 3283 Domi~

2128 3339 2234 3382 nus
2277 3321 2527 3388 Christo,
2575 3336 2696 3379 meo
2736 3319 2986 3385 Domino,
3016 3338 3035 3372 ι
3093 3329 3151 3374 ut
3202 3306 3533 3387 intelligatur
3573 3316 3729 3386 juxta

2130 3416 2283 3484 illud,
2312 3416 2454 3487 quod
2485 3416 2610 3472 alibi
2642 3414 2906 3485 tegimus:
2939 3433 2956 3465 ‹
2984 3412 3127 3475 Ριυιι
3149 3412 3409 3473 Dominus
3437 3426 3471 3469 a
3504 3412 3727 3473 Domino

2132 3507 2284 3582 (Gen.
2338 3510 2476 3579 nx).
2518 3526 2538 3565 ν
2598 3507 2665 3562 Et
2707 3525 2720 3560 :
2765 3505 2961 3567 «Dixit
3002 3504 3263 3561 Dominus
3319 3503 3550 3563 Domino
3606 3517 3727 3561 meo

2131 3596 2304 3671 (Prol.
2353 3596 2485 3667 cur).
2519 3617 2538 3649 ι
2593 3594 2779 3665 Neque
2822 3595 2967 3650 enim
3024 3598 3205 3667 κυρίῷ,
3241 3593 3386 3663 quod
3442 3592 3723 3647 Dominum

2130 3697 2309 3753 sonat,
2333 3688 2425 3742 sed
2452 3685 2592 3757 Cyro
2615 3686 2831 3751 dicitur,
2861 3685 2951 3754 qui
2981 3683 3243 3739 Hebraicc
3269 3682 3574 3753 appellatur
3596 3692 3724 3747 Ira

2130 3779 2244 3848 regi
2275 3777 2580 3841 Persarum,
2626 3776 2717 3846 qui
2759 3776 3087 3845 Babylonem
3136 3772 3522 3841 Cbaldaeosque
3569 3788 3724 3842 supe~

2130 3870 2287 3927 ravit.
2343 3870 2409 3924 Et
2429 3868 2635 3937 junctis
2661 3868 2849 3930 Medis,
2881 3869 3112 3938 agitator
3138 3867 3289 3935 bigaz,
3319 3866 3375 3921 id
3395 3876 3499 3931 est,
3533 3867 3721 3921 cameli

2130 3974 2185 4021 et
2214 3964 2373 4026 asini,
2398 3977 2560 4032 supra
2590 3962 2802 4031 legitur.
2856 3959 2961 4015 lSte
3000 3957 3305 4027 appellatus
3339 3966 3423 4021 est
3467 3957 3720 4022 Christus,

2130 4056 2187 4109 id
2216 4048 2319 4119 est,
2367 4062 2563 4108 unctus
2590 4051 2823 4113 Domini,
2856 4049 2999 4118 quod
3040 4057 3161 4103 erat
3194 4048 3401 4117 insigne
3435 4050 3577 4118 apud
3624 4048 3722 4103 He-

2129 4149 2306 4203 braeos
2334 4145 2494 4215 regia:
2522 4142 2810 4213 potestatis
2842 4160 2853 4195 :
2886 4150 2946 4195 ut
2979 4138 3252 4209 quomodo
3290 4141 3431 4209 apud
3476 4140 3576 4195 nos
3612 4140 3723 4195 dia-

2132 4239 2304 4301 dema,
2356 4246 2412 4291 et
2464 4250 2704 4306 purpura
2749 4234 2877 4289 solis
2926 4233 3349 4303 imperatoribus
3398 4235 3588 4299 datur,
3648 4235 3723 4290 sic

2133 4328 2559 4398 apudllebraaos
2595 4325 2873 4394 regnaturi
2920 4322 3385 4392 perfundebantur
3429 4334 3719 4394 unguento.

2134 4421 2287 4475 Unde
2310 4427 2363 4473 et
2389 4417 2515 4471 Saul
2543 4417 2781 4471 christus
2805 4405 3017 4470 Domini
3042 4412 3239 4467 dicitur
3268 4412 3317 4480 (1
3350 4412 3489 4483 Re’g;
3516 4416 3615 4485 vi).
3658 4414 3723 4467 Et

2134 4513 2188 4566 in
2213 4511 2441 4566 Psalmis
2476 4510 2741 4578 legimus-z
2782 4527 2800 4558 ί
2837 4506 3013 4560 Nolite
3039 4513 3258 4575 tangere
3285 4505 3523 4561 christos
3554 4522 3718 4569 meos,

2053 4576 2107 4634 D
2133 4615 2189 4660 et
2230 4606 2281 4659 in
2322 4576 2598 4673 prophetis
2639 4596 2774 4656 meis
2816 4600 2980 4654 nolite
3018 4600 3301 4670 malignari
3330 4597 3505 4669 (Psal.
3540 4602 3669 4669 etv).
3700 4616 3719 4650 ι

2134 4698 2304 4766 Hujus
2346 4698 2628 4751 dexteram
2698 4694 3050 4763 apprehendit
3111 4702 3165 4746 et
3219 4694 3395 4747 tenuit
3447 4702 3506 4746 ut
3550 4693 3721 4747 nullus

2131 4789 2434 4844 fortitudini
2499 4788 2615 4856 ejus
2668 4785 2885 4840 valeret
2946 4785 3216 4840 resistere.
3287 4783 3543 4853 Legimus
3618 4783 3721 4837 Xe-

2132 4880 2418 4950 n0phoutis
2466 4887 2588 4933 octo
2635 4878 2895 4932 librorum
2952 4875 3077 4945 Cyri
3134 4874 3352 4942 majoris
3405 4875 3717 4938 historiam,

2129 4978 2184 5024 et
2222 4970 2559 5039 prophetiam
2599 4967 2750 5021 Isaiae
2795 4966 3067 5021 cernimus
3091 4965 3380 5033 expletam.
3427 4965 3557 5032 Quae
3579 4966 3719 5023 enim

2130 5064 2321 5118 civitas
2350 5062 2423 5115 illi
2453 5076 2561 5115 non
2612 5059 2831 5129 patuit?
2880 5057 3002 5127 quis
3040 5072 3144 5111 non
3180 5071 3367 5125 regum
3409 5062 3558 5126 terga
3599 5053 3717 5109 sub—

2123 5157 2294 5227 jecit?
2346 5156 2437 5224 qui
2500 5152 2641 5207 muri
2692 5151 2843 5221 prius
2898 5148 3374 5218 inexpugnabiles,
3426 5162 3533 5205 non
3579 5146 3719 5200 illius

2130 5248 2407 5304 obsidione
2460 5243 2702 5303 subversi
2756 5240 2933 5296 sunt?
2983 5239 3136 5316 Unde
3182 5240 3248 5295 ad
3295 5241 3471 5308 ipsum
3524 5236 3716 5309 Cyrum

2130 5342 2271 5395 Deus
2314 5337 2695 5407 apostropham
2733 5332 2864 5388 facit
2895 5347 2911 5386 :
2954 5350 2973 5382 ‹
2998 5330 3128 5386 Dedi
3169 5329 3265 5383 tibi
3296 5330 3581 5384 thesauros
3605 5327 3717 5381 abs-

2131 5430 2415 5493 conditos,
2474 5435 2528 5481 et
2578 5440 2708 5495 opes
2757 5431 3073 5479 cunctarum
3126 5421 3339 5475 urbium
3377 5458 3391 5484 ,
3444 5439 3462 5471 »
3519 5428 3577 5472 ut
3627 5416 3717 5487 qui

2131 5524 2284 5594 prius
2322 5520 2537 5576 colebas
2563 5516 2726 5581 idola,
2752 5514 3029 5581 beneﬂciis
3056 5528 3222 5567 unum
3254 5511 3489 5567 sentires
3511 5510 3713 5565 Deum:

2132 5612 2432 5685 prtesertim
2488 5625 2609 5667 cum
2665 5609 2808 5662 scias
2854 5606 3023 5660 multo
3052 5612 3364 5673 .antequam
3415 5600 3714 5663 nascereris

2135 5715 2286 5760 tuum
2326 5718 2519 5759 nomen
2554 5714 2677 5755 esse
2708 5698 3043 5768 praedictum.
3099 5694 3251 5761 Quod
3286 5694 3508 5763 quidem
3542 5700 3595 5747 et
3628 5688 3714 5743 Jo—

2136 5800 2332 5867 sephus
2362 5798 2417 5851 in
2460 5794 2743 5850 undecimo
2788 5788 3021 5846 Iudaicae
3065 5786 3407 5855 antiquitatis
3451 5781 3706 5845 volumine
