3952 6380
211 424 355 487 illi?

1108 436 1465 501 EXPOSITIO
1500 444 1724 501 SUPER
1759 440 2120 502 JEREMIAM.
2159 476 2230 487 —-
2268 445 2399 502 LIB.
2439 442 2599 504 XVII.

3332 444 3471 509 1158

210 542 404 608 refert,
427 547 620 616 legisse
640 547 837 619 Cyrum
862 553 930 607 ah
952 552 1089 608 Isaia
1115 553 1182 609 de
1210 572 1267 610 se
1298 560 1500 612 certum
1533 561 1791 614 vaticina-
1818 564 1869 622 Λ
1893 557 2196 628 Babyloniae
2220 599 2233 621 ,
2285 566 2340 612 et
2378 558 2542 615 lorica
2596 560 2847 616 resistere
2903 574 3006 617 non
3053 570 3303 634 poterant
3337 584 3351 619 :
3379 570 3472 625 sed

213 640 329 687 tum
352 638 569 691 nomine
597 656 609 691 :
635 648 690 694 et
717 640 917 698 idcirco
936 643 1147 699 Iudaeos
1182 648 1329 713 quasi
1360 647 1650 704 familiares
1674 650 1792 719 plu-

215 724 417 779 rimum
448 726 721 785 dilexisse.
767 732 892 789 Haec
913 744 1114 800 autem,
1145 735 1341 806 inquit,
1368 739 1525 794 tribui
1558 740 1649 794 tibi
1677 755 1798 809 pro-

213 824 336 885 pter
362 814 528 874 Iacob
566 835 782 877 servum
816 841 1015 891 meum,
1053 836 1108 880 et
1134 826 1300 883 Israel
1332 829 1557 886 electum
1595 846 1793 899 meum,

212 914 271 962 et
294 910 481 963 vocavi
503 921 555 967 te
576 914 793 968 nomine
813 922 925 982 tuo,
947 915 1087 972 sicut
1104 917 1291 973 vocavi
1314 918 1601 985 Abraham,
1623 922 1795 991 Isaac,

212 1007 267 1054 et
296 998 483 1064 Iacob,
512 1011 569 1058 et
595 1003 763 1059 multo
790 1013 915 1061 ante
936 1007 1161 1076 praedixi
1190 1016 1249 1063 ut
1274 1007 1443 1075 Isaac,
1474 1018 1528 1065 et
1554 1010 1752 1068 Josiam
1779 1030 1793 1068 :

214 1108 287 1148 ne
330 1096 597 1165 putareris
640 1096 731 1153 ille
769 1112 888 1154 esse
918 1097 1186 1166 Christus,
1222 1100 1307 1155 cui
1347 1101 1672 1175 assimilatas
1714 1121 1793 1171 es,

215 1192 272 1239 et
303 1185 355 1242 in
383 1186 535 1256 cujus
557 1195 684 1257 typo
713 1196 767 1243 et
794 1189 1025 1260 imagine
1052 1190 1373 1260 prmcessisti
1410 1210 1421 1245 :
1459 1186 1479 1241 ἀ
1504 1192 1584 1246 Tu
1616 1202 1796 1248 autem

215 1289 324 1328 non
360 1276 651 1346 cognovisti
688 1292 793 1341 me,
825 1297 843 1330 ι
883 1278 937 1332 id
979 1287 1060 1333 est
1100 1280 1387 1334 simulacra
1418 1280 1652 1346 coluisti,
1693 1298 1799 1337 non

218 1365 408 1420 Deum.
445 1384 464 1416 ι
491 1366 715 1422 Accinxi
742 1376 796 1423 te
832 1388 849 1419 ι
878 1368 1210 1434 fortitudine,
1244 1370 1533 1424 multarum
1561 1374 1799 1441 gentium

218 1456 321 1511 feci
379 1473 498 1513 esse
555 1459 872 1514 victorem:
927 1476 948 1510 ι
983 1466 1037 1514 et
1093 1474 1198 1515 non
1255 1462 1550 1529 cognovisti
1581 1481 1599 1512 ι
1652 1464 1801 1517 auxi-

216 1546 467 1602 liatorem
524 1557 692 1602 tuum.
742 1548 798 1603 In
845 1564 951 1618 quo
988 1548 1107 1604 loco
1147 1550 1277 1604 satis
1318 1551 1504 1604 mirari
1551 1564 1756 1621 nequeo
1782 1592 1796 1616 ,

218 1652 341 1706 qua:
373 1638 595 1693 stultitia
619 1640 689 1694 sit
710 1639 1019 1709 legentium,
1049 1651 1106 1694 ut
1137 1642 1251 1696 hac
1272 1642 1337 1695 ad
1365 1641 1635 1697 Christum
1663 1646 1799 1699 refe-

220 1738 345 1781 rant
363 1744 375 1781 :
394 1743 490 1798 per
511 1744 670 1799 quem
696 1730 922 1784 mundus
946 1733 1319 1787 reconciliatus
1340 1742 1423 1788 est
1444 1734 1568 1789 Deo.
1626 1752 1645 1786 ‹
1668 1737 1797 1807 Ego,

220 1817 301 1870 ait
322 1816 599 1883 Dominus,
626 1826 681 1873 et
710 1835 815 1873 non
856 1828 941 1874 est
979 1822 1207 1891 amplius
1237 1832 1385 1878 extra
1416 1838 1522 1890 me,
1552 1844 1569 1874 ι
1609 1835 1803 1895 prmter

221 1922 526 1963 sermonem
547 1910 742 1979 quippe
766 1920 927 1981 atque
946 1906 1203 1968 rationem
1225 1915 1582 1984 virtutemque
1606 1931 1690 1973 me
1711 1932 1799 1980 -m,

224 2004 281 2049 et
298 1998 616 2067 sapientiam
630 2015 751 2068 quas
775 2000 827 2055 in
853 2016 937 2055 me
963 2012 1065 2065 εει,
1095 2002 1267 2056 nullus
1289 2013 1369 2057 est
1391 2004 1525 2058 alter
1551 2004 1710 2058 Deus.
1742 2005 1806 2059 Et

223 2088 341 2141 haec
374 2086 478 2142 feci
525 2097 583 2141 ut
628 2078 697 2142 ab
744 2088 962 2145 Oriente
1005 2100 1061 2145 et
1105 2090 1395 2147 Occidente
1438 2092 1615 2146 omnis
1660 2091 1805 2147 orbis

222 2187 504 2247 agnoscat,
528 2173 729 2235 nullum
750 2196 868 2236 esse
894 2183 1058 2237 alium
1080 2184 1386 2253 absque'me
1412 2184 1597 2239 Deum.
1646 2205 1663 2237 ‹
1694 2186 1804 2256 Ego

225 2267 487 2325 Dominus
512 2279 565 2325 et
595 2286 698 2326 non
736 2280 820 2327 est
856 2273 1029 2329 alter:
1064 2294 1081 2325 ι
1117 2273 1280 2329 Pater
1312 2276 1454 2329 enim
1488 2276 1539 2329 in
1566 2274 1721 2339 Filio,
1750 2284 1805 2329 et

224 2360 395 2417 Filius
419 2363 473 2416 in
503 2363 678 2426 Patre,
716 2367 805 2434 qui
833 2366 1069 2436 loquitur
1098 2369 1150 2421 in
1191 2368 1475 2439 Evangeiio
1504 2387 1517 2421 :
1555 2386 1572 2418 ί
1604 2368 1713 2439 Ego
1750 2364 1806 2422 et

226 2452 389 2508 Pater
442 2472 605 2510 unum
635 2474 837 2512 sumus.
881 2480 899 2512 ι
942 2461 996 2514 in
1034 2461 1219 2515 Esdrae
1258 2461 1525 2515 volumine
1571 2461 1803 2529 positum

224 2538 313 2598 est
355 2545 634 2615 scripsisse
671 2546 866 2617 Cyrum
912 2550 978 2603 ad
1016 2564 1205 2604 omnes
1242 2558 1429 2619 gentes
1455 2549 1658 2603 nullum
1687 2563 1807 2604 esse

227 2634 412 2701 deum,
448 2636 551 2691 nisi
587 2636 755 2691 solum
794 2640 959 2694 Deum
985 2639 1167 2695 Israel.
1228 2639 1352 2695 Sive
1383 2640 1457 2699 ita
1504 2639 1805 2710 intelligen—

227 2724 358 2780 dum
400 2728 539 2796 quod
587 2731 919 2798 captivorum
964 2732 1183 2797 laxatio,
1230 2741 1283 2786 et
1331 2734 1425 2787 Dei
1468 2733 1521 2787 in
1552 2733 1807 2803 populum

224 2832 389 2877 Suum
417 2818 723 2887 clementia,
749 2825 955 2879 cunctis
978 2826 1224 2897 gentibus
1257 2824 1424 2883 Deum
1478 2824 1666 2880 fecerit
1704 2840 1805 2880 no-

226 2908 441 2983 tierent.
487 2909 587 2977 Qui
632 2912 795 2982 igitur
835 2914 926 2968 tibi
962 2916 1087 2972 ‘dedi
1120 2914 1509 2979 fortitudinem,
1559 2924 1614 2971 et
1661 2917 1806 2971 solus

227 2998 377 3058 Deus
418 3016 557 3063 sum.
590 3002 705 3072 Ipse
745 3020 833 3067 res
862 3007 1002 3061 intra
1032 3022 1090 3062 se
1121 3008 1420 3063 contrarias
1447 3008 1607 3073 facio,
1632 3004 1804 3063 lucem

226 3099 286 3148 et
302 3092 571 3157 tenebras,
600 3095 652 3153 id
674 3105 758 3151 est
777 3098 915 3153 diem
947 3111 1001 3154 et
1033 3110 1265 3166 noctem,
1292 3116 1477 3171 pacem
1504 3109 1559 3155 et
1584 3100 1804 3167 malum,

226 3182 337 3238 hoc
359 3192 469 3265 est,
490 3185 658 3240 otium
686 3198 739 3247 et
771 3190 1103 3261 bellum,per
1117 3207 1235 3261 qua:
1250 3192 1518 3263 signiﬁcat
1534 3194 1728 3248 iratum
1751 3208 1809 3248 se

229 3270 407 3330 fuisse
422 3275 617 3344 populo
646 3292 762 3342 suo,
792 3282 1005 3349 quando
1026 3284 1273 3337 tenebras
1294 3284 1620 3354 captivitatis
1648 3284 1810 3337 mala-

228 3380 341 3435 que
366 3366 621 3421 sustinuit
639 3371 945 3426 servitutis:
980 3383 1035 3428 et
1059 3389 1273 3431 rursum
1299 3374 1577 3429 misertum
1598 3374 1811 3444 quando

232 3455 450 3511 remissi
493 3456 546 3513 in
584 3463 832 3531 patriam,
859 3477 1045 3533 pacem
1083 3472 1137 3517 et
1174 3464 1425 3534 gaudium
1469 3474 1806 3534 receperunt.

844 3572 1068 3630 CAPUT
1127 3573 1209 3629 LI.

232 3681 346 3754 De_
377 3693 525 3737 vento
570 3685 833 3754 pestilenta
884 3697 932 3742 et
995 3688 1155 3743 calice
1205 3705 1407 3745 aureo:
1443 3691 1506 3744 de
1547 3690 1811 3745 collisione

308 3752 592 3827 Babylonis
621 3766 670 3808 et
699 3773 812 3827 rege
841 3758 953 3827 ejus
982 3771 1027 3812 et
1056 3756 1315 3815 Chaldwis
1343 3760 1437 3816 :in
1471 3761 1656 3817 librum
1688 3763 1815 3816 sario-

308 3822 381 3877 bit
412 3822 587 3878 Omnia
616 3822 995 3882 mala't'etitura
1022 3829 1324 3900 Babylonis.

314 3933 330 3965 ι
362 3913 487 3969 Ilaec
526 3915 654 3975 dicit
698 3917 951 3971 Dominus
984 3936 997 3972 :
1030 3920 1167 3975 Ecce
1203 3936 1302 3992 ego
1346 3924 1614 3978 suscitabo
1654 3939 1813 3991 super

237 4024 259 4058 ι
292 4004 616 4076 Babylonem
658 4015 711 4060 et
742 4024 901 4078 super
920 4010 1247 4067 habitatores
1266 4013 1398 4080 ejus,
1425 4016 1513 4084 qui
1536 4031 1629 4068 cor
1657 4032 1816 4071 suum

237 4114 257 4146 s
290 4095 607 4149 levaverunt
634 4107 819 4151 contra
848 4113 952 4163 me,
998 4100 1151 4169 quasi
1188 4112 1401 4157 ventum
1432 4104 1763 4173 pestilentem
1798 4123 1809 4156 :

237 4202 258 4236 ι
289 4192 346 4239 et
371 4184 579 4259 mittam
603 4186 657 4239 in
682 4186 1000 4254 Babylonem
1025 4190 1384 4253 ventilatores,
1411 4199 1464 4246 et
1485 4192 1816 4249 venti'abuut

236 4296 258 4328 ‹
291 4292 435 4339 eam,
462 4277 889 4332 etdemolientur
906 4288 1101 4333 terram
1120 4279 1237 4350 ejus
1261 4298 1273 4333 :
1292 4283 1540 4349 quoniam
1555 4289 1817 4336 venerunt

1901 649 2081 702 hostes
2110 663 2295 703 eorum
2318 648 2549 705 victores
2572 652 2768 720 ubique
2786 652 3095 717 existentes,
3121 668 3218 708 nec
3237 656 3472 723 senibus,

1902 751 2000 791 nec
2017 737 2335 804 juvenibus,
2366 738 2459 793 sed
2484 754 2652 808 neque
2683 740 2773 794 ulli
2803 741 2948 795 aetati
2976 750 3067 796 aut
3101 744 3248 797 sexui
3279 754 3472 813 peper-

1902 836 2130 899 cerunt:
2171 828 2279 882 imo
2329 843 2540 883 omnem
2588 816 2830 884 militiam
2876 833 2992 903 ejus
3044 834 3473 891 interfecerunt:

1902 922 2149 989 quoniam
2182 921 2234 974 in
2266 922 2551 975 vindictam
2583 920 2779 977 furoris
2819 924 3027 979 Domini
3068 926 3133 981 ad
3179 926 3283 981 hoc
3327 929 3475 983 missi

1902 1006 2134 1073 fuerant,
2150 1009 2471 1063 utmeritam
2498 1023 2711 1078 poenam
2734 1026 2763 1063 a
2788 1011 2893 1065 reis
2913 1003 3223 1085 exigerent:
3246 1029 3311 1069 eo
3334 1016 3474 1086 quod

1901 1096 2149 1166 populum
2176 1096 2270 1152 Dei
2290 1113 2395 1151 non
2419 1098 2757 1167 corripiendo
2778 1098 3191 1169 castigaverant,
3221 1102 3313 1155 sed
3340 1118 3475 1170 prae—

1903 1185 2076 1241 dando
2105 1188 2531 1253 devastaverant,
2556 1197 2714 1258 atque
2738 1190 3089 1245 internecioni
3116 1192 3469 1258 tradiderant;

1903 1279 2045 1348 quod
2070 1278 2235 1336 Isaias
2262 1282 2491 1336 ostendit
2523 1281 2707 1336 dicens
2732 1299 2744 1335 :
2778 1299 2797 1332 ‹
2826 1280 2918 1336 Va:
2947 1281 3117 1337 Assur
3156 1282 3303 1353 virga
3333 1282 3476 1338 furo-

1902 1371 1979 1426 ris
2002 1372 2127 1437 mei,
2150 1380 2203 1426 et
2232 1370 2453 1426 baculus
2480 1373 2592 1440 ipse
2619 1381 2700 1427 est
2730 1374 2784 1427 in
2814 1389 2972 1427 manu
2995 1388 3203 1442 eorum,
3234 1374 3478 1445 indigna-

1905 1461 1979 1515 tio
2001 1476 2139 1516 mea.
2189 1461 2269 1515 Ad
2304 1469 2515 1531 gentem
2546 1459 2784 1515 fallacem
2808 1463 3014 1517 mittam
3042 1478 3180 1525 eum,
3213 1472 3268 1518 et
3294 1472 3477 1517 contra

1904 1550 2155 1621 populum
2184 1548 2382 1603 furoris
2420 1550 2522 1604 mei
2549 1551 2812 1605 mandabo
2842 1551 2917 1605 illi
2956 1561 3013 1606 ut
3058 1552 3263 1608 auferat
3308 1554 3478 1621 spolia

1901 1653 1955 1697 et
1975 1644 2193 1713 diripiat
2215 1644 2470 1713 praedam,
2501 1653 2555 1699 et
2586 1653 2750 1714 ponat
2779 1644 2923 1698 illam
2945 1646 2998 1700 in
3024 1648 3477 1703 conculcationem

1906 1733 2056 1802 quasi
2089 1733 2256 1787 lutum
2305 1732 2627 1801 platearum.
2678 1734 2793 1802 Ipse
2826 1742 3000 1789 autem
3054 1752 3157 1797 non
3214 1737 3291 1791 sic
3335 1736 3478 1791 arbi-

1906 1831 2078 1877 tratus
2124 1828 2224 1885 est,
2275 1830 2329 1874 et
2372 1837 2465 1876 cor
2506 1821 2621 1889 ejus
2669 1837 2772 1876 non
2822 1823 2894 1876 ita
2936 1824 3219 1878 aestimabit
3252 1842 3264 1877 :
3295 1826 3387 1879 sed
3414 1824 3477 1878 ad

1906 1912 2289 1965 co'uterendum
2320 1912 2421 1964 erit
2446 1926 2540 1966 cor
2562 1912 2694 1980 ejus,
2726 1920 2784 1967 et
2809 1915 2873 1967 ad
2909 1914 3325 1971 internecionem
3353 1932 3481 1988 gen-

1909 2003 2039 2055 tium
2088 2000 2437 2070 plurimarum
2462 2041 2478 2066 ,
2509 2020 2528 2054 ι
2562 2009 2616 2057 et
2652 2002 2855 2071 reliqua
2887 2002 3020 2073 (Isa.
3060 2004 3135 2076 ι).
3190 2005 3256 2059 Et
3308 2006 3428 2060 alibi
3463 2020 3477 2059 :

1911 2111 1929 2143 ί
1957 2090 2206 2161 Nunquid
2238 2090 2550 2161 gloriabitur
2589 2092 2794 2147 securis
2821 2102 3006 2148 contra
3043 2109 3162 2148 eum
3211 2096 3301 2164 qui
3334 2108 3481 2151 secat

1906 2182 1958 2237 in
2005 2196 2069 2236 ea
2098 2200 2109 2233 :
2140 2192 2234 2235 aut
2277 2176 2534 2237 exaltabit
2581 2197 2729 2237 serra
2775 2192 2959 2237 contra
2983 2198 3103 2237 eum
3134 2200 3163 2238 a
3184 2200 3289 2254 quo
3322 2170 3483 2241 trahi-

1908 2274 2035 2328 tur?
2085 2272 2364 2341 Quomodo
2414 2274 2459 2329 si
2506 2273 2742 2329 elevetur
2789 2276 2936 2346 virga
2982 2285 3168 2330 contra
3217 2277 3499 2333 levantem

1907 2378 2001 2427 se,
2060 2371 2114 2417 et
2170 2363 2437 2417 exaltetur
2490 2364 2709 2418 baculus
2764 2366 2854 2433 qui
2907 2366 3088 2437 utique
3143 2367 3340 2438 lignum
3399 2376 3484 2423 est

1909 2449 2161 2522 (1ὁὶι1.).›
2223 2450 2490 2524 [Hieron.]
2536 2451 2735 2507 Contra
2789 2446 3186 2522 Sennaeherib,
3236 2459 3366 2526 sive,
3423 2468 3484 2513 ut

1908 2546 2058 2599 multi
2094 2554 2299 2615 putant,
2332 2546 2821 2602 Nabuchodonosor
2863 2548 3176 2619 gloriantem
3220 2560 3379 2622 atque
3406 2553 3484 2607 di-

1908 2645 2116 2691 centem
2150 2655 2216 2691 :.i
2249 2638 2303 2691 In
2333 2624 2642 2693 fortitudine
2668 2655 2856 2695 manus
2882 2657 3013 2696 mea:
3047 2642 3170 2708 feci,
3215 2652 3277 2699 et
3310 2644 3361 2699 in
3408 2656 3487 2700 sa-

1906 2730 2107 2799 pientia
2151 2729 2407 2794 intellexi,
2440 2749 2458 2781 ι
2492 2738 2545 2785 et
2572 2730 2802 2800 reliqua,
2861 2742 3078 2790 sanctus
3110 2726 3371 2809 propheta
3396 2754 3482 2793 re-

1908 2820 2123 2890 spondit
2157 2839 2169 2874 :
2202 2819 2247 2875 0
2290 2821 2602 2877 stultissime
2642 2823 2968 2889 mortalium,
3009 2824 3102 2881 Dei
3147 2826 3282 2881 iram
3331 2836 3481 2884 tuam

1906 2920 2065 2981 putas
2101 2927 2222 2967 esse
2257 2912 2571 2981 sapientiam
2603 2930 2616 2967 :
2647 2921 2699 2967 et
2724 2913 2866 2969 illius
2887 2916 3181 2985 jussionem
3226 2918 3292 2971 ad
3336 2924 3485 2973 tuam’

1910 3002 2083 3057 refers
2119 3002 2531 3058 fortitudinem?
2576 3001 2851 3070 Quomodo
2897 3007 2942 3060 si
2986 3007 3189 3061 securis
3229 3008 3487 3078 glorietur

1910 3099 2095 3146 contra
2145 3107 2267 3147 eum
2304 3132 2319 3155 ,
2362 3091 2455 3161 qui
2493 3093 2719 3146 securim
2774 3101 2961 3161 tenet,
3001 3103 3055 3149 et
3100 3080 3252 3151 serra
3299 3107 3486 3152 contra

1912 3183 2055 3239 illum
2093 3200 2123 3238 a
2150 3200 2258 3254 quo
2280 3185 2530 3247 trahitur,
2560 3193 2614 3238 et
2637 3185 2817 3239 dicant
2840 3195 3032 3241 cuncta
3058 3203 3218 3257 opera
3250 3204 3367 3259 qua:
3388 3203 3486 3259 per

1911 3276 2141 3331 securim
2189 3284 2243 3329 et
2291 3291 2497 3331 serram
2531 3276 2705 3340 fiunt,
2747 3291 2841 3330 sua
2890 3288 3003 3331 arte
3051 3278 3285 3347 perfecta
3313 3298 3324 3333 :
3354 3288 3407 3333 et
3441 3281 3487 3345 si

1912 3368 2085 3422 elevet
2119 3367 2383 3437 quispiam
2422 3366 2625 3436 virgam
2661 3373 2716 3421 et
2752 3365 2949 3421 exaltet
2982 3366 3227 3422 baculum
3267 3370 3335 3423 ad
3368 3384 3489 3439 per-

1912 3459 2220 3514 cutiendum
2251 3474 2409 3529 quem
2440 3459 2687 3524 voluerit,
2724 3466 2777 3513 et
2811 3460 2925 3529 ipsa
2963 3460 3107 3530 virga
3157 3476 3220 3516 ac
3265 3462 3489 3519 baculus

1912 3547 2224 3618 glorientur,
2268 3558 2323 3602 et
2362 3548 2542 3601 dicant
2577 3562 2605 3599 a
2642 3558 2702 3601 se
2730 3562 3042 3615 percussum
3074 3564 3213 3617 esse,
3244 3552 3331 3620 qui
3358 3568 3484 3622 per-

1913 3653 2100 3693 cussus
2131 3646 2251 3693 est:
2283 3638 2362 3691 sic
2390 3646 2445 3693 et
2487 3646 2541 3691 tu
2570 3652 2690 3693 cum
2728 3653 2989 3711 organum
3040 3641 3130 3696 Dei
3181 3640 3347 3696 fueris
3388 3659 3485 3697 vo-

1914 3728 2154 3791 luntatis,
2180 3728 2401 3799 erigeris
2432 3729 2483 3783 in
2514 3731 2840 3799 superbiam,
2862 3739 2913 3784 et
2936 3740 3124 3785 cuncta
3149 3747 3266 3800 quae
3294 3748 3488 3803 gerun-

1916 3828 2002 3875 tur
2030 3860 2043 3886 ,
2086 3827 2189 3876 tua:
2229 3819 2478 3893 gloriaris
2515 3820 2681 3875 fuisse
2720 3821 2949 3875 virtutis.
3009 3820 3273 3890 Quidquid
3308 3833 3486 3878 autem

1914 3914 2136 3981 Assyrio
2165 3912 2379 3975 dicitur,
2410 3920 2465 3965 et
2492 3910 2555 3963 ad
2581 3910 2951 3965 haereticorum
2976 3912 3302 3979 superbiam,
3338 3922 3389 3967 et
3422 3914 3488 3968 ad

1917 4003 2185 4057 diabolum
2234 4002 2425 4057 referri
2470 4011 2663 4071 potest,
2722 4002 2811 4070 qui
2862 4003 3085 4065 securis,
3138 4012 3191 4057 et
3243 4018 3390 4057 serra
3436 4014 3492 4058 et

1917 4097 2065 4163 virga
2110 4096 2163 4148 in
2204 4094 2496 4163 Scriptdris
2543 4092 2877 4163 appellatur:
2912 4108 2976 4147 eo
3023 4094 3165 4161 quod
3205 4110 3300 4164 per
3344 4095 3491 4149 illum

1916 4185 2514 4240 infructuosmarbores
2549 4184 2912 4247 succidantur,
2938 4192 2992 4237 et
3016 4184 3299 4247 dividatur,
3330 4194 3491 4253 atque

1920 4287 2160 4330 serretur
2180 4274 2572 4328 iucredulorum
2598 4272 2814 4336 duritia,
2843 4282 2898 4326 et
2920 4274 3287 4341 percutiantur
3318 4275 3487 4343 virga,

238 4387 257 4420 ι
290 4382 455 4436 super
472 4383 590 4422 eam
608 4369 843 4437 undique
870 4370 1020 4425 indie
1044 4369 1343 4425 atilietionis
1357 4372 1473 4441 ejus
1498 4392 1511 4426 :
1539 4388 1641 4427 non
1660 4374 1813 4428 habi-
1843 4401 1894 4460 Β
1920 4368 2011 4435 qui
2062 4382 2166 4420 non
2205 4364 2488 4460 recipiunt
2551 4361 2910 4460 disciplinam.
2978 4362 3223 4417 [heretici
3279 4378 3490 4460 quoque

240 4478 259 4509 ι
292 4460 447 4524 tabit,
480 4460 569 4527 qui
608 4460 777 4514 tendit
805 4476 987 4514 arcum
1014 4478 1189 4526 suum,
1221 4470 1273 4517 et
1304 4478 1407 4516 non
1449 4464 1701 4517 ascendet
1746 4464 1816 4517 io-

238 4570 259 4604 c
293 4553 515 4607 ricatus.
560 4552 732 4606 Nolite
770 4568 992 4621 parcere
1024 4553 1310 4623 juvenibus
1348 4555 1501 4624 ejus:
1530 4554 1815 4609 interficite

239 4664 260 4696 ‹
289 4644 773 4703 οιηιιθιιιίιιιὶιὶιίειιιι
805 4645 919 4711 ejus
950 4664 960 4698 :
1000 4654 1053 4698 et
1079 4648 1270 4700 cadent
1296 4646 1558 4701 interfecti
1589 4647 1642 4701 in
1672 4657 1813 4701 terra

240 4753 259 4785 ι
292 4733 687 4798 Chaldaeorum,
716 4744 771 4788 et
794 4735 1055 4788 vulnerati
1084 4735 1135 4788 in
1168 4736 1477 4803 regionibus
1507 4736 1622 4805 ejus
1647 4751 1659 4788 :
1690 4751 1819 4804 quo-

241 4845 261 4877 ι
292 4826 439 4878 niam
465 4842 569 4881 non
601 4824 701 4879 fuit
729 4827 972 4881 viduatus
1003 4827 1187 4891 Israel,
1217 4836 1273 4883 et
1309 4826 1442 4881 Juda
1488 4844 1515 4881 a
1566 4827 1673 4881 Deo
1719 4842 1815 4881 suo

242 4935 260 4965 ‹
296 4914 523 4967 Domino
574 4917 903 4969 exercituum
938 4934 950 4967 :
984 4925 1123 4969 terra
1171 4928 1349 4971 autem
1387 4934 1571 4972 eorum
1616 4918 1816 4987 repleta

244 5022 264 5053 ‹
296 5012 381 5057 est
406 5003 597 5057 delicto
619 5020 647 5057 a
676 5015 859 5058 sancto
884 5005 1065 5059 Israel.
1090 5026 1107 5058 ι
1139 5006 1427 5077 (Mannum)
1458 5008 1818 5064 Ventilatores

240 5094 359 5156 isti,
404 5094 495 5161 qui
546 5094 938 5153 ventilaverunt
990 5096 1312 5167 Babylonem
1388 5106 1441 5152 et
1489 5098 1814 5168 Chaldaicam,

242 5198 392 5252 saepe
421 5182 548 5238 dicti
577 5184 714 5238 Medi
736 5194 1043 5255 suntatque
1067 5186 1260 5251 Persze,
1293 5196 1479 5243 contra
1502 5205 1637 5258 quos
1661 5206 1821 5244 arcus

1923 4473 2148 4527 quorum
2189 4470 2250 4513 os
2286 4457 2338 4509 in
2378 4454 2514 4508 coelo
2548 4454 2763 4523 ponitur
2796 4462 2850 4507 et
2877 4452 3053 4523 lingua
3102 4455 3388 4523 pertransit
3437 4456 3492 4512 in

1920 4542 2087 4611 terra,
2112 4562 2329 4601 sensum
2383 4560 2542 4614 quem
2594 4546 2661 4598 ab
2708 4560 2771 4599 eo
2817 4545 2869 4598 in
2925 4544 3118 4598 bonam
3162 4558 3366 4613 partem
3405 4561 3493 4599 ac-

1920 4641 2160 4711 ceperint
2212 4640 2503 4693 abutuntur
2560 4638 2613 4690 in
2668 4636 2994 4691 contrarium
3052 4649 3211 4705 atque
3268 4650 3490 4705 perver-

1919 4747 2057 4794 sum,
2090 4736 2147 4783 ut
2177 4730 2462 4796 loquantur
2483 4736 2669 4781 contra
2696 4742 2818 4779 eum
2854 4741 2884 4780 a
2908 4740 3014 4794 quo
3042 4725 3239 4780 conditi
3268 4734 3412 4791 sunt,
3438 4734 3495 4781 et

1920 4820 2112 4891 linguae
2145 4820 2502 4874 ministerium
2533 4834 2639 4887 quo
2668 4818 2957 4872 laudandus
2988 4826 3069 4870 est
3096 4818 3349 4877 Dominus
3373 4834 3494 4872 vero

1922 4921 2036 4967 tant
2062 4914 2112 4965 in
2148 4912 2555 4981 blasphemiam.
2598 4910 2664 4964 Et
2693 4911 2945 4979 quoniam
2987 4920 3127 4963 terra
3155 4925 3363 4976 eorum,
3390 4912 3492 4965 hoc

1919 5012 2024 5067 est,
2066 5005 2174 5056 vita
2220 5004 2549 5071 temporalis,
2590 5018 2695 5071 qua
2739 5003 2923 5055 vivunt
2960 5002 3012 5056 in
3047 5003 3149 5056 hoc
3181 5003 3377 5057 mundo
3411 5018 3492 5057 re-

1918 5095 2059 5164 pleta
2106 5104 2188 5149 est
2230 5095 2429 5148 erroris
2467 5093 2676 5155 delicto,
2724 5092 2777 5146 in
2827 5092 3009 5147 futuro
3046 5092 3255 5147 Domini
3291 5092 3492 5161 judicio

1922 5186 2271 5255 subjiciuntur
2295 5196 2495 5241 aeterno
2528 5194 2814 5240 tormento.

264 5315 3490 5342 mw

1160 5422 1457 5502 LIBER
1511 5420 1957 5500 DECIMUS
2022 5413 2570 5498 SEPTIMUS.

1692 5560 2065 5583 η-ι--ιμ--ι

324 5651 547 5713 Vellem,
577 5649 622 5705 si
648 5664 875 5721 possem,
906 5649 1213 5704 vaticinium
1237 5648 1483 5705 Ieremia:
1508 5657 1692 5703 contra
1718 5648 1821 5701 Ba-

254 5743 505 5815 bylonem
538 5756 647 5795 uno
676 5741 813 5795 libro
841 5740 1308 5809 comprehendere,
1338 5740 1429 5794 sed
1459 5740 1583 5808 quia
1610 5739 1824 5809 prolixi-

256 5845 342 5890 tas
389 5833 653 5889 sermonis
695 5848 799 5887 non
847 5832 1001 5895 sinit,
1052 5831 1104 5884 in
1152 5831 1285 5885 duos
1332 5830 1494 5884 libros
1544 5829 1826 5898 dispertire

1929 5646 2059 5701 illud
2102 5646 2312 5701 decrevi
2348 5662 2358 5699 :
2385 5646 2460 5699 ita
2490 5656 2702 5712 quoque
2738 5647 2797 5694 ut
2824 5648 2943 5709 post
2970 5639 3155 5710 plagas
3172 5646 3497 5694 memoratas

1927 5738 2233 5806 Babylonis,
2266 5750 2399 5803 quas
2420 5735 2564 5801 prior
2595 5732 2727 5785 liber
2753 5746 2813 5785 ex
2844 5740 2993 5799 parte
3016 5739 3220 5795 narrat,
3251 5731 3497 5782 exhorta-

1932 5828 2127 5881 tionem
2171 5826 2443 5894 prophetae
2478 5822 2542 5876 ad
2591 5820 2799 5875 Iudaeos
2852 5820 3141 5873 secundum
3197 5817 3493 5881 historiam,
