3952 6334
480 331 626 391 “69

1130 332 1193 388 Β.
1232 330 1485 387 RABANI
1523 320 1743 389 suum
1778 331 2098 391 ARClllEP.
2137 332 2448 392 uocum.
2488 304 2771 391 ornauit
2807 333 2991 399 PARS
3028 336 3115 391 lli.

3628 333 3763 390 “60

486 446 571 503 vel
586 448 751 504 etiam
770 447 837 502 ad
854 447 1040 503 fideles
1061 447 1355 503 secundum
1378 445 1635 515 mysticos
1666 462 1875 510 sensus,
1901 456 1961 502 ut
1988 447 2073 501 fn-
2097 452 2150 512 Α
2175 455 2383 500 tantum
2414 445 2549 500 dixit
2573 445 2777 500 salvate
2798 485 2814 510 ,
2843 446 2935 501 sed
2958 443 3252 502 secundum
3281 429 3764 503 aliam'editionem

486 540 637 612 giant
684 541 750 595 de
806 540 984 613 medio
1026 538 1336 608 Babylonis,
1379 546 1434 591 et
1474 539 1541 592 de
1579 538 1893 594 confusione
1919 538 2075 611 istius

487 631 676 685 mundi
721 629 994 687 salvantes
1030 629 1239 683 animas
1272 643 1399 684 suas
1422 667 1437 695 ,
1487 630 1762 700 sequentis
1810 628 1935 691 libri
1979 629 2076 684 ini-

490 720 627 776 tium
644 719 863 777 faciam.

566 829 585 862 ι
616 810 806 883 Fugite
827 811 895 868 de
913 811 1090 871 medio
1108 811 1419 884 Babylonis,
1442 816 1498 869 et
1519 813 1692 869 salvet
1709 813 2076 883 unusquisque

495 919 512 950 ι
544 899 780 954 animam
817 916 991 955 suam.
1024 922 1041 953 ι
1100 902 1399 957 Audiamus
1440 918 1570 975 ergo
1610 904 1739 974 quid
1775 902 1860 957 his
1893 904 1984 973 qui
2022 904 2077 957 in

487 986 761 1060 Babylone
787 999 931 1055 sunt,
956 988 1051 1044 Dei
1077 1005 1257 1046 sermo
1284 991 1578 1061 praecipiat.
1628 991 1840 1063 Fugite,
1882 992 2077 1063 inquit,

490 1080 556 1136 de
582 1082 758 1137 medio
785 1081 1092 1155 Babylonis,
1122 1098 1229 1139 non
1255 1082 1517 1154 gradatim
1537 1124 1552 1149 ,
1581 1098 1688 1138 non
1722 1083 2077 1155 pedetentim,

489 1174 587 1229 sed
628 1189 751 1229 cum
788 1176 1096 1249 velocitate,
1126 1192 1248 1232 cum
1287 1184 1448 1232 cursu
1473 1178 1659 1245 fugite,
1692 1178 1795 1233 h‘oc
1827 1187 1911 1233 est
1935 1178 2079 1233 enim

489 1256 697 1337 fugere.
738 1255 1036 1345 Fugite’de
1062 1269 1239 1345 medio
1278 1269 1566 1342 Babylonis
1604 1270 1912 1340 quicunque
1940 1284 2082 1339 con-

488 1354 668 1413 fusam
690 1358 900 1413 habetis
920 1359 1156 1413 animam
1182 1374 1211 1413 a
1235 1360 1511 1415 variorum
1532 1360 1785 1429 passione
1804 1360 2080 1425 vitiorum,

490 1447 564 1505 ad
600 1464 699 1505 vos
730 1463 923 1527 sermo,
947 1450 1229 1522 dirigitur,
1274 1458 1331 1505 et
1373 1450 1505 1504 mihi
1554 1465 1768 1521 quoque
1800 1450 1869 1521 id
1907 1450 2083 1519 ipsum

484 1534 726 1611 jubetur.
764 1538 1042 1609 Siquidem
1071 1540 1245 1596 adhuc
1264 1540 1321 1594 in
1342 1538 1657 1594 confusione
1685 1554 1807 1595 sum
1836 1540 2031 1593 mentis
2056 1556 2080 1615 7:

490 1635 548 1682 et
581 1627 701 1683 ideo
723 1629 778 1683 in
811 1628 1086 1701 Babylone
1113 1646 1253 1685 sum.
1298 1629 1437 1695 Quid
1464 1644 1594 1701 ergo
1620 1630 1877 1700 praecepit
1898 1630 2086 1685 Deus?

492 1717 623 1775 Non.
666 1720 797 1776 dicit
832 1710 847 1775 ξ
887 1710 1031 1778 exite
1071 1724 1138 1777 de
1181 1723 1357 1778 medio
1400 1721 1688 1793 Babylonis
1712 1764 1727 1787 ,
1774 1723 1887 1795 hoc
1938 1722 2085 1777 enim

2176 537 2444 620 resalvate
2460 578 2475 603 ,
2510 538 2773 607 appositio
2799 538 3019 609 syllaba:
3040 538 3316 609 “significat
3343 548 3763 603 sacramentum,

2177 630 2302 700 quia
2344 630 2617 702 Quondam
2655 638 2935 701 gustantes
2973 629 3233 693 salutem,
3273 638 3331 684 et
3363 630 3431 685 de
3460 646 3524 686 ea
3553 640 3770 700 propter

2175 720 2397 793 peccata
2443 730 2630 792 postea
2672 730 2992 778 carmentes
3031 722 3280 777 venimus
3314 721 3371 776 in
3418 721 3764 793 Babylonem.

2178 809 2341 879 Cujus
2372 812 2449 866 rei
2476 825 2638 866 causa
2667 819 2881 881 oportet
2919 825 3360 880 unumquemque
3398 811 3615 865 salvare
3655 810 3766 864 ani-

2180 912 2545 979 mam-suam,
2600 911 2669 958 ut-
2697 904 2928 974 incipiat
2967 919 3290 975 recuperare
3334 903 3481 974 quod
3517 902 3764 974 perdidit,

2180 993 2475 1047 secundum
2499 992 2721 1049 Petrum
2750 994 3049 1063 apostolum
3076 996 3151 1049 ita
3181 996 3451 1051 dicentem
3477 1011 3493 1049 :
3524 1014 3544 1047 ι
3570 984 3770 1065 Repor-

2181 1082 2416 1138 tabitnus
2447 1083 2610 1138 ﬁnem
2632 1083 2765 1151 fidei
2794 1084 3021 1140 salutem
3050 1086 3355 1141 animarum
3382 1085 3433 1159 (I
3468 1086 3616 1142 Patr.
3655 1086 3716 1159 ι).
3741 1104 3759 1137 ι

2182 1171 2260 1228 De
2278 1180 2398 1253 qua:
2414 1173 2583 1228 salute
2606 1173 2981 1245 exquisierunt
3003 1183 3058 1231 et
3075 1176 3303 1239 scrutati
3323 1186 3451 1232 sunt
3473 1177 3764 1248 propheta,

2182 1267 2275 1334 qui
2308 1275 2526 1335 propter
2572 1262 2810 1322 nostram
2853 1267 3085 1337 gratiam
3129 1268 3613 1339 prophetaverunt.
3670 1268 3767 1323 Ve-

2186 1363 2490 1415 rumtamen
2520 1356 2575 1410 in
2596 1356 2751 1411 nobis
2776 1364 2858 1412 est
2886 1356 3071 1427 fugere
3099 1358 3165 1413 de
3186 1358 3487 1431 Babylone,
3517 1367 3574 1414 et
3599 1360 3653 1412 in
3680 1374 3768 1414 no-

2186 1454 2299 1501 stra
2352 1454 2437 1502 est
2478 1446 2711 1516 positum
2752 1454 3043 1519 potestate,
3099 1449 3145 1505 si
3186 1450 3418 1505 velimus
3452 1451 3769 1505 resuscitarc

2187 1535 2331 1605 quod
2356 1537 2582 1591 corruit.

2264 1645 2284 1678 ι
2308 1624 2484 1681 Nolite
2522 1635 2710 1683 tacere
2758 1643 2923 1699 super
2964 1628 3308 1700 iniquitatem
3353 1629 3495 1700 ejus,
3524 1630 3769 1699 quoniam

2196 1736 2215 1769 ι
2244 1727 2457 1789 tempus
2504 1718 2720 1776 ultionis
2766 1729 2855 1774 est
2898 1720 3145 1788 Domino,
3193 1704 3623 1779 vicissitudinem
3669 1722 3773 1792 ipse

492 1794 689 1879 potest.
714 1811 831 1867 fieri
884 1822 939 1868 et
990 1812 1257 1885 gradatim
1291 1854 1305 1881 ,
1366 1814 1461 1870 sed
1522 1832 1541 1865 ι
1570 1813 1737 1884 fugite
1776 1794 1854 1870 de
1907 1814 2085 1875 medio
2114 1811 2162 1871 B
2196 1828 2213 1883 ᾳ
2244 1810 2506 1865 retribuet
2547 1810 2616 1864 ei.
2648 1829 2685 1877 ι¹
2728 1810 2884 1877 Quod
2912 1809 2966 1864 in
3004 1810 3108 1864 alia
3148 1812 3386 1866 editione
3424 1812 3499 1866 ita
3542 1800 3770 1881 legitur:

492 1901 801 1974 Babylonis.
828 1924 879 1959 »η
903 1905 1148 1981 Ergoet
1194 1906 1250 1960 in
1294 1921 1361 1961 eo
1384 1892 1527 1977 quod
1554 1907 1769 1973 dicitur,
1808 1908 1929 1979 «de
1968 1920 2084 1962 mc-

495 1991 637 2057 diois
681 1996 945 2051 rationem
980 2012 1163 2067 quaero
1193 1999 1481 2053 sermonis.
1511 1998 1696 2053 Potest
1720 1997 1916 2069 quippe
1961 2012 2083 2052 eve-

494 2085 635 2152 nire,
662 2094 721 2141 ut
744 2087 939 2158 aliquis
967 2089 1022 2142 in
1045 2090 1314 2161 Babylone
1343 2090 1435 2155 sit,
1464 2090 1558 2145 sed
1586 2105 1709 2145 cum
1738 2090 1793 2144 in
1822 2089 2084 2145 extremis

494 2177 612 2249 ejus
642 2177 841 2253 finibus
865 2180 1208 2249 immoretur,
1230 2182 1625 2252 quodammodo
1660 2192 1814 2237 extra
1852 2181 2081 2253 Babylo-

494 2283 622 2326 nem
668 2286 789 2327 esse
836 2272 1101 2329 videatur.
1152 2273 1310 2329 Aliud
1344 2281 1655 2330 autemest
1693 2274 2085 2342 inmedietate

495 2360 787 2433 Babylonis
813 2350 1131 2430 consistere,
1174 2372 1231 2427 ut
1261 2380 1345 2420 .ex
1387 2348 1533 2421 omni
1572 2373 1727 2436 parte
1766 2365 1971 2435 aequale
2018 2365 2089 2420 sit

496 2452 766 2523 spatium,
812 2462 869 2508 et
899 2454 973 2509 ita
1020 2454 1076 2509 in
1116 2454 1373 2511 umbilico
1415 2455 1762 2527 ejus,-~quasi
1812 2456 1867 2510 in
1912 2456 2088 2510 medio

498 2542 677 2597 cordis
706 2542 956 2617 animalis
984 2542 1207 2601 habitet.
1276 2543 1448 2599 Sicuti
1488 2546 1632 2599 enim
1682 2545 1930 2601 animalis
1976 2561 2089 2600 me-

500 2631 674 2688 dietas
712 2647 807 2688 cor
837 2641 949 2699 est,
979 2641 1034 2689 et
1062 2634 1117 2689 in
1144 2635 1433 2706 Evang'elio
1494 2638 1787 2695 secundum
1838 2637 2041 2692 Lucam
2072 2656 2084 2690 :

506 2741 525 2774 ι
549 2722 657 2779 Cor
680 2732 839 2778 terra:
868 2710 1018 2795 (Lu'c.
1052 2724 1206 2798 xvn),
1237 2746 1255 2779 ›
1286 2712 1549 2783 medietas
1577 2738 1735 2793 terrae
1757 2728 2095 2793 norninatur.

503 2810 595 2869 Sic
618 2814 751 2868 mihi
784 2814 1016 2881 videtur,
1042 2822 1097 2870 et
1126 2816 1180 2870 in
1209 2816 1495 2873 Ezechiele
1520 2819 1722 2873 dictum
1748 2834 1762 2871 :
1796 2837 1813 2869 ι
1839 2818 1899 2872 1η
1926 2820 2091 2875 corde

502 2902 671 2958 maris
709 2904 884 2973 posita
933 2904 1107 2974 Tyrus
1138 2905 1357 2976 (Ezech.
1392 2906 1567 2977 xxvi),
1596 2926 1616 2960 ι
1646 2916 1700 2963 et
1733 2924 2091 2978 nuncpecca-

504 3003 651 3051 tores
693 2996 760 3053 de
792 2996 971 3053 medio
1011 2996 1318 3068 Babylonis,
1364 3000 1469 3055 hoc
1513 3007 1613 3066 est,
1659 3001 1724 3063 de
1763 3000 1924 3057 corde
1975 3000 2092 3069 ejus

506 3090 691 3162 fugere
717 3092 931 3147 debere.
978 3092 1333 3165 Fugiteergo
1372 3098 1439 3150 de
1480 3097 1659 3153 medio
1698 3097 2001 3169 Babylonis,
2034 3105 2093 3152 ut

2191 1924 2209 1957 ι
2237 1903 2314 1959 Ne
2337 1904 2697 1975 projiciamini
2724 1904 3081 1975 iniquitatem.
3112 1923 3132 1957 ι
3178 1903 3470 1978 (munus)
3504 1902 3609 1970 Qui
3636 1906 3772 1960 enim

2185 1996 2413 2051 tacendo
2473 1996 2740 2051 consentit
2786 2011 3038 2067 perversa
3090 1981 3417 2063 voluntate,
3464 2006 3561 2051 aut
3619 2013 3771 2067 prava

2186 2073 2696 2156 actioiieiniquitati
2720 2086 3032 2167 Babylonis,
3062 2095 3119 2142 et
3146 2101 3252 2142 non
3280 2089 3454 2159 magis
3486 2088 3772 2157 reprehen-

2186 2176 2327 2232 derit
2352 2193 2489 2241 eam,
2516 2179 2786 2247 particeps
2809 2190 2891 2233 est
2922 2178 3104 2231 delicti
3127 2176 3244 2245 ejus
3267 2187 3323 2231 et
3353 2194 3583 2233 consors
3608 2178 3773 2232 vindi-

2187 2275 2307 2324 ctae.
2339 2267 2473 2324 Cum
2516 2276 2697 2323 autem
2727 2268 3037 2339 quisfuerit
3060 2269 3116 2323 in
3140 2268 3352 2337 iustitia
3377 2268 3686 2340 Babylonis,
3725 2279 3775 2323 et

2188 2375 2296 2433 non
2340 2360 2513 2430 egerit
2566 2360 2965 2429 paenitentiam,
3009 2340 3135 2415 tunc
3185 2376 3526 2430 mnseqnens
3579 2373 3680 2425 est,
3720 2374 3778 2420 ut

2193 2452 2527 2521 projiciatur.
2550 2451 2788 2508 Observa
2818 2467 2944 2508 vero
2975 2451 3314 2523 Scripturam
3341 2455 3637 2523 quomodo,
3660 2454 3779 2513 licet

2190 2564 2259 2619 ex
2282 2549 2505 2605 Hebraea
2529 2549 2710 2620 lingua
2732 2549 2787 2603 in
2808 2546 3065 2623 Graecum.
3078 2549 3150 2602 sit
3171 2548 3455 2614 translata,
3483 2560 3775 2604 sermonem

2192 2646 2864 2714 nihilominus,'quantum
2933 2643 3170 2719 recipere
3223 2652 3402 2713 potest
3459 2642 3779 2697 diflereutias

2190 2739 2505 2803 verborum,
2536 2735 2909 2806 significanter
2938 2734 3282 2802 expresserit.
3312 2732 3457 2786 Dicit
3497 2732 3693 2802 quippe
3727 2731 3774 2785 in

2194 2831 2299 2885 alio
2352 2830 2469 2886 loco
2502 2847 2516 2883 :
2552 2850 2570 2882 ι
2597 2827 3035 2899 Elegi‘abjectus
3088 2841 3206 2881 esse
3258 2826 3311 2880 in
3363 2827 3525 2881 domo
3577 2813 3776 2879 Domini

2195 2921 2370 2995 (Psal.
2412 2920 2666 2993 Lxxxut),
2695 2940 2713 2972 ι
2753 2928 2807 2975 et
2846 2934 2951 2983 non
2979 2919 3383 2988 ait'projectus.
3432 2916 3490 2970 In
3537 2916 3773 2985 praesenti

2200 3022 2381 3067 autem
2424 3028 2531 3066 non
2576 3010 2779 3080 posuit,
2804 3024 2871 3063 ne
2899 3007 3225 3076 abjiciamini
3255 3007 3310 3062 in
3338 3006 3613 3076 injustitia
3651 3006 3775 3075 ejus,

2198 3102 2291 3157 sed
2333 3121 2350 3153 (
2384 3116 2449 3155 ne
2475 3098 2836 3171 projiciamini
2870 3098 2925 3152 in
2954 3096 3217 3169 injustitia
3256 3098 3391 3166 ejus.
3428 3116 3448 3148 ι
3502 3096 3664 3151 Aliud
3708 3104 3780 3150 est

506 3180 564 3235 in
593 3176 880 3238 medietate
919 3183 1207 3254 Babylonis
1247 3186 1577 3253 deserentes,
1624 3188 1680 3243 in
1728 3188 1923 3244 finibus
1976 3188 2092 3258 ejus
2122 3178 2169 3242 C
2201 3194 2346 3247 enim
2386 3191 2615 3262 projici,
2644 3184 2814 3269 ialiud
2862 3185 3046 3257 abjici.
3105 3187 3257 3255 Quod
3299 3183 3447 3240 enim
3498 3186 3556 3240 in
3609 3187 3779 3255 despe-

510 3270 782 3342 incipiatis
816 3289 956 3341 esse,
999 3290 1104 3330 non
1147 3277 1202 3331 in
1242 3278 1441 3333 medio.
1480 3277 1655 3345 Quod'
1681 3280 1725 3334 si
1771 3280 1857 3335 cui
1884 3277 2099 3336 videtur

509 3365 821 3433 obscurum,
846 3368 925 3421 sic
950 3368 1043 3422 fiet
1070 3367 1427 3424 manifestius.
1470 3368 1573 3436 Qui
1606 3370 1762 3427 valde
1790 3380 1875 3427 est
1902 3372 2099 3427 dimer-

514 3472 607 3511 sus
630 3456 687 3510 in
714 3458 881 3523 vitiis,
910 3460 997 3513 hic
1022 3459 1231 3513 medius
1256 3459 1542 3532 Babylonis
1569 3448 1841 3518 habitator
1864 3471 1946 3519 est
1962 3456 2097 3534 {qui

512 3563 643 3605 vero
666 3548 924 3620 paulatim
948 3550 1256 3619 relinquens
1288 3552 1506 3617 malum,
1540 3560 1788 3607 naturam
1832 3569 1985 3608 suam
2031 3553 2100 3608 ad

514 3637 736 3694 meliora
765 3648 1105 3706 convertens,
1143 3655 1259 3704 non
1280 3649 1390 3696 tam
1419 3643 1644 3712 cmperit
1674 3622 1901 3699 virtutés
1924 3645 2099 3715 possi-

514 3730 642 3787 dere
663 3747 824 3801 quam
846 3746 1069 3804 cupere:
1088 3733 1187 3787 iste
1204 3732 1330 3788 licet
1352 3749 1416 3787 ex
1444 3734 1621 3789 medio
1646 3734 1846 3806 fugerit
1872 3734 2101 3805 Babylo-

514 3824 627 3889 nis,
655 3836 833 3879 tamen
855 3825 1083 3880 necdum
1110 3826 1175 3880 de
1198 3826 1465 3897 Babylone
1499 3826 1767 3882 discessit.
1786 3828 2101 3884 Secundum

514 3916 819 3973 istiusmodi
845 3920 1208 3988 expositiones
1236 3920 1392 3975 docet
1418 3934 1602 3983 sacras
1630 3920 1838 3977 litteras
1860 3923 2091 3987 credere,

515 4022 585 4061 ne
615 4024 780 4062 unum
809 4010 1025 4079 quidem
1067 4012 1273 4079 apicem
1318 3996 1537 4065 habere.
1562 4026 1792 4066 vacuum
1838 4014 2097 4081 sapientia

518 4099 632 4153 Dei.
691 4100 793 4167 Qui
834 4101 979 4154 enim
1012 4101 1218 4170 homini
1252 4102 1513 4171 praecipit,
1542 4103 1728 4158 dicens
1757 4120 1771 4157 :
1807 4122 1826 4155 ι
1861 4104 1977 4159 Non
2004 4120 2102 4174 ap-

516 4190 729 4259 parebis
792 4197 919 4244 ante
985 4199 1334 4259 conspectum
1394 4206 1575 4246 meum
1632 4206 1836 4247 vacuus
1889 4188 2098 4262 (Exod.

515 4282 697 4352 xxiii),
730 4302 747 4333 ι
793 4282 962 4337 multo
1012 4282 1132 4353 plus
1178 4283 1280 4337 hoc
1323 4283 1437 4353 ipse
1480 4284 1608 4355 agit,
1665 4299 1732 4340 ne
1776 4284 1976 4354 aliquid
2010 4302 2103 4339 va-

516 4390 675 4430 cuum
732 4375 1001 4443 loquatur.
1081 4376 1163 4430 Ex
1221 4376 1551 4445 plenitudine
1611 4376 1726 4444 ejus
1780 4377 2104 4446 accipientes

516 4467 792 4539 propheta:
823 4507 838 4531 ,
893 4482 954 4521 ea
1003 4482 1126 4537 quae
1182 4476 1337 4522 erant
1395 4466 1459 4521 de
1514 4466 1841 4537 plenitudine
1891 4476 2102 4536 sumpta

2204 3286 2381 3339 ctione
2414 3292 2517 3350 est,
2566 3281 2992 3350 et'neglectum,
3043 3279 3147 3333 hoc
3194 3292 3299 3333 non
3346 3275 3655 3347 projicitur,
3696 3275 3777 3331 sed

2204 3375 2490 3445 abjicitur:
2522 3370 2665 3442 quod
2691 3386 2821 3426 vero
2846 3367 2980 3425 foris
3003 3368 3217 3439 penitus
3241 3384 3271 3420 a
3296 3366 3468 3422 salute
3491 3376 3550 3422 et
3576 3382 3608 3419 a
3628 3366 3779 3433 beati-

2202 3466 2390 3521 tudine
2422 3464 2655 3519 alienum
2691 3463 2795 3517 hoc
2822 3454 3123 3534 projicitur.
3181 3460 3334 3527 Quod
3375 3460 3598 3529 quidem
3646 3469 3697 3515 et
3728 3459 3779 3513 in

2204 3560 2311 3613 alio
2340 3558 2459 3613 loco
2487 3556 2725 3613 declarat
2750 3555 3030 3625 Scriptura
3069 3553 3271 3619 divina,
3311 3551 3499 3608 dicens
3524 3570 3537 3605 :
3577 3571 3595 3603 ι
3621 3552 3780 3607 Duces

2202 3649 2388 3720 populi
2410 3649 2515 3703 mei
2538 3647 2889 3717 projicientur
2918 3660 2986 3699 ex
3013 3645 3171 3698 domo
3204 3642 3520 3698 deliciarum
3549 3656 3777 3706 suarum,

2202 3749 2424 3810 propter
2441 3740 2707 3809 pessimas
2734 3736 3039 3792 voluntates
3065 3750 3191 3791 suas
3219 3752 3231 3788 :
3264 3735 3397 3790 cleri
3423 3736 3572 3789 enim
3599 3749 3779 3789 eorum

2205 3846 2309 3884 non
2330 3829 2625 3899 proderunt
2648 3828 2727 3881 eis
2757 3826 2943 3897 (Misit.
2980 3824 3064 3898 ιι).
3098 3843 3117 3875 ι
3168 3823 3251 3878 Ne
3280 3824 3661 3894 projiciamini,
3707 3824 3781 3875 in-

2192 3922 2341 3990 quit,
2374 3920 2713 3989 iniquitatem
2752 3916 3058 3988 Babylonis,
3104 3914 3231 3985 quia
3284 3925 3496 3982 tempus
3542 3913 3779 3966 vindicta

2202 4012 2321 4082 ejus
2344 4019 2427 4065 est
2452 4010 2700 4068 Domino.
2722 3994 2875 4062 Miro
2902 4020 3063 4081 sensu
3094 4003 3354 4075 supplicia
3382 4003 3512 4057 dicit
3536 4002 3779 4073 irrogari,

2202 4112 2423 4175 propter
2463 4102 2579 4174 ejus
2620 4100 2712 4170 qui
2743 4115 2803 4155 ea
2840 4100 3041 4169 patitur
3066 4097 3362 4153 ultionem:
3392 4097 3609 4167 quando
3646 4097 3778 4150 enim

2204 4195 2323 4265 quis
2368 4209 2474 4249 non
2526 4190 2866 4256 vindicatur,
2913 4186 3234 4257 relinquitur
3280 4187 3597 4257 impunitus.
3626 4186 3781 4241 Exse-

2206 4294 2435 4355 quenter
2478 4282 2679 4336 dixisse
2721 4293 2807 4333 me
2846 4278 3088 4343 memini,
3131 4277 3185 4331 id
3229 4277 3374 4346 quod
3415 4276 3470 4330 in
3506 4276 3778 4331 duodecim

2204 4376 2481 4447 prophetis
2526 4374 2784 4443 scriptum
2824 4378 2907 4424 est
2937 4386 2949 4421 :
2987 4387 3005 4418 ι
3032 4369 3100 4422 Et
3138 4384 3241 4422 non
3273 4368 3505 4422 visitabo
3539 4382 3700 4437 super
3724 4366 3778 4420 ii-

2208 4468 2306 4521 li'as
2350 4474 2559 4519 vestras
2602 4460 2815 4533 quando
2854 4460 3203 4524 fornicantur,
3235 4467 3289 4514 et
3319 4473 3483 4527 super
3513 4474 3681 4511 nurus
3704 4472 3779 4510 ve-

520 4526 832 4611 recinerunt
864 4574 876 4609 :
908 4565 964 4609 et
1002 4526 1206 4612 idcirco
1251 4571 1465 4628 semper
1494 4526 1647 4612 sacra
1684 4557 1954 4611 volumina
1989 4526 2101 4626 spi-
2127 4526 2180 4585 Β
2205 4564 2347 4610 stras
2388 4554 2601 4623 quando
2648 4550 2973 4606 adulterant.
3000 4569 3027 4615 η»
3079 4548 3195 4603 Non
3236 4563 3405 4619 ergo,
3454 4556 3516 4601 ut
3570 4548 3777 4616 quidam

508 4647 683 4711 ritum
714 4643 1063 4715 plenitudinis
1100 4635 1326 4717 spirant,
1363 4647 1601 4717 nihilque
1639 4656 1722 4703 est
1755 4648 1869 4702 sive
1898 4647 1949 4700 in
1978 4662 2103 4717 pro—

520 4739 737 4809 phetia,
786 4739 900 4793 sive
950 4739 1004 4792 in
1040 4738 1191 4808 lege,
1246 4740 1357 4795 sive
1412 4740 1463 4793 in
1508 4739 1831 4811 Evangelio,
1885 4740 2007 4794 sive
2048 4740 2101 4794 in

520 4827 793 4897 Apostolo,
834 4830 974 4897 quod
1015 4845 1121 4885 non
1161 4844 1191 4883 a
1227 4830 1560 4899 plenitudine
1586 4831 1778 4885 divina:
1806 4824 2103 4899 majestatis

522 4921 831 4975 descendat.
878 4920 1234 4987 Quamobrem
1281 4923 1488 4992 spirant
1529 4923 1688 4977 hodie
1723 4938 1841 4993 quae
1878 4922 1933 4977 in
1980 4936 2104 4977 san-

523 5015 624 5069 ctis
668 5013 964 5083 Scripturis
1002 5023 1129 5069 sunt
1168 5014 1516 5085 plenitudinis
1560 5016 1746 5069 verba.
1788 5012 1969 5083 Spirat
1998 5029 2102 5077 ,au—

526 5116 635 5160 tem
684 5105 766 5158 bis
807 5106 895 5173 qui
938 5106 1138 5159 habent
1180 5098 1367 5160 oculos
1417 5106 1486 5159 ad
1537 5104 1764 5159 videnda
1816 5103 2059 5160 coelestia
2086 5142 2103 5169 ,

523 5203 578 5249 et
623 5209 781 5249 aures
832 5195 900 5248 ad
950 5197 1211 5251 audienda
1253 5197 1457 5262 divina,
1504 5204 1559 5250 et
1604 5209 1762 5249 nares
1799 5194 1865 5248 ad
1892 5209 1958 5249 ea
1985 5208 2105 5263 qua“:

526 5295 651 5342 sunt
688 5286 1036 5356 plenitudinis
1081 5287 1378 5343 sentienda.
1426 5287 1551 5342 llaec
1596 5286 1708 5341 dixi
1752 5287 1877 5355 quia
1904 5300 2010 5340 non
2036 5285 2106 5339 sit

528 5377 843 5447 simpliciter
882 5378 1113 5446 positum
1150 5396 1161 5430 :
1194 5377 1384 5448 Fugite
1425 5378 1489 5431 de
1526 5376 1815 5446 Babylone,
1852 5373 1944 5428 sed
1982 5387 2103 5427 cum

528 5472 889 5527 additamento
920 5470 1243 5534 necessario,
1275 5468 1443 5541 fugite
1476 5468 1541 5522 de
1580 5468 1755 5522 medio
1795 5464 2104 5534 Babylonis,

527 5572 582 5617 et
628 5561 891 5616 resalvate
937 5561 1303 5637 unusquisque
1348 5560 1583 5613 animam
1639 5574 1809 5612 suam.
1863 5554 2103 5608 Primum

527 5659 739 5719 oportet
770 5650 952 5719 fugere
995 5650 1063 5704 de
1101 5648 1277 5703 medio
1306 5647 1615 5718 Babylonis,
1646 5646 1839 5701 deinde
1866 5644 2103 5715 singulos

527 5742 734 5799 animus
782 5758 907 5799 suas
953 5744 1223 5799 resulvare
1268 5758 1392 5797 cum
1440 5742 1689 5812 fugerint.
1748 5740 1929 5812 Neque
1974 5754 2102 5795 vero

2204 4647 2494 4709 :estimant,
2526 4644 2665 4697 Deus
2687 4651 2998 4711 peccatores
3038 4640 3191 4710 punit
3234 4639 3427 4703 iratus,
3476 4638 3571 4693 sed
3619 4638 3667 4692 si
3707 4638 3775 4691 sic

2204 4735 2417 4805 expedit
2460 4734 2627 4803 loqui,
2651 4748 2843 4804 magna
2887 4733 2967 4786 ira
3011 4741 3112 4795 est,
3136 4746 3169 4784 a
3210 4730 3322 4786 Deo
3371 4738 3640 4785 tormenta
3681 4742 3776 4782 non

2202 4826 2427 4897 perpeti.
2456 4824 2558 4891 Qui
2581 4824 2721 4878 enim
2743 4822 2983 4893 punitur,
3006 4821 3218 4876 etiamsi
3238 4822 3306 4875 ab
3331 4835 3398 4875 ea
3418 4835 3540 4889 qua:
3563 4828 3776 4873 vocatur

2204 4919 2298 4973 Dei
2316 4918 2713 4985 iracorripitur,
2730 4916 2795 4968 ad
2828 4916 2928 4969 hoc
2945 4912 3609 4984 punitur,utemendetur.
3649 4912 3777 4966 «Do-

2204 5011 2367 5073 mine,
2396 5010 2471 5063 ait
2491 5009 2674 5073 David,
2700 5022 2767 5062 ne
2792 5008 2845 5062 in
2868 5008 2944 5059 ira
2968 5014 3057 5059 tua
3080 5019 3275 5074 arguas
3294 5018 3402 5069 me,
3428 5018 3604 5071 neque
3625 5004 3687 5078 in_
3704 5001 3776 5057 fn-

2203 5114 2326 5153 rore
2356 5108 2445 5153 tuo
2472 5097 2733 5167 corripias
2759 5112 2844 5149 me
2878 5094 3045 5167 (Psal.
3075 5092 3171 5165 vi).
3201 5112 3220 5145 ι
3271 5092 3378 5149 Sed
3420 5092 3585 5147 etiam
3619 5093 3667 5147 si
3700 5105 3776 5147 ar-

2205 5191 2344 5261 guis,
2377 5204 2542 5258 argue
2573 5203 2671 5241 nos
2700 5188 2756 5241 in
2788 5185 3016 5257 judicio,
3050 5191 3107 5238 et
3142 5198 3251 5238 non
3291 5183 3345 5235 in
3384 5180 3588 5237 furore.
3640 5179 3774 5234 Dixit

2204 5278 2463 5335 Jeremias
2492 5297 2502 5331 :
2537 5278 2779 5339 Invenies
2816 5286 2995 5330 autem
3038 5275 3199 5328 etiam
3230 5284 3285 5329 et
3311 5273 3770 5342 repromissionetu

2207 5372 2321 5439 Dei,
2353 5372 2407 5425 in
2429 5371 2691 5440 quosdam
2716 5367 3115 5435 corruptionem
3142 5366 3284 5431 dari,
3326 5381 3451 5421 cum
3486 5366 3541 5439 in
3571 5378 3637 5418 eo
3662 5376 3774 5433 pec-

2208 5463 2454 5517 cantibus
2470 5460 2671 5515 Christi
2697 5458 2993 5527 ﬁliispoana
3015 5456 3366 5526 promittitur,
3381 5470 3452 5509 ne
3475 5454 3773 5509 misericor-

2207 5554 2291 5608 dia
2322 5552 2629 5624 denegetur.
2683 5549 2949 5620 Scriptum
2976 5558 3060 5604 est
3091 5568 3103 5601 :
3144 5568 3161 5598 ‹
3194 5548 3251 5601 Si
3280 5548 3667 5617 dereliquetint
3689 5544 3771 5600 lilii

2206 5644 2321 5713 ejus
2353 5646 2524 5715 legem
2553 5659 2751 5705 meam,
2781 5652 2834 5696 et
2862 5644 2914 5696 in
2939 5641 3152 5710 iudiciis
3178 5641 3314 5695 meis
3341 5655 3449 5694 non
3478 5639 3771 5694 ambulate

2205 5737 2357 5793 rint:
2403 5735 2448 5791 si
2473 5733 2712 5805 justitias
2770 5748 2915 5788 meas
2971 5730 3412 5802 profanaverint,
3458 5729 3684 5785 visitabo
3725 5728 3770 5779 in
