3952 6320
202 338 346 397 H6!

1066 337 1433 395 EXPOSITIO
1474 335 1707 393 SUPER
1742 328 2112 390 JEREMIAM.
2155 360 2223 375 ρ·-
2256 330 2385 387 LIB.
2430 329 2592 386 XVII.

3358 327 3497 384 1162

201 450 359 528 virga
388 454 630 510 facinora
653 466 862 518 eorum,
900 460 955 510 et
992 452 1046 507 in
1090 451 1315 522 ﬂagellis
1364 452 1679 523 iniquitates
1720 463 1807 505 eo.
1831 452 1884 512 Α
1910 446 2252 517 temperavit,
2282 454 2343 501 ut
2371 446 2492 517 quis
2517 446 2708 502 videns
2760 445 3009 500 decorem
3048 444 3197 510 auri,
3239 444 3363 499 dum
3404 459 3497 498 ra—

204 562 329 600 rum
371 543 851 600 :.misericordiam
891 552 1072 599 autem
1121 559 1299 600 meam
1338 559 1448 600 non
1501 543 1807 614 dispergam

201 636 273 693 ab
300 636 381 692 eis
406 633 581 707 (Paul.
610 633 898 705 Lxxxvni).
922 652 942 686 ι
992 634 1099 689 Ista
1137 633 1491 692 considerans
1526 632 1648 689 vide
1675 646 1810 702 quo.

200 730 369 785 modo
396 726 625 785 necdum
654 742 815 799 paena
859 725 1054 799 dignus
1075 726 1165 794 sit,
1189 727 1283 798 qui
1302 740 1474 797 usque
1492 724 1548 781 in
1569 738 1809 795 praesens

202 834 422 896 tempus
475 822 767 880 committit
819 820 1027 878 scelera
1060 861 1077 889 ,
1124 835 1227 877 nec
1266 820 1508 891 punitur.
1553 815 1809 873 Visitatio

200 918 408 989 quippe
454 916 551 972 Dei
599 930 699 985 per
734 914 944 970 visitati
991 920 1260 969 tormenta
1294 919 1647 969 monstratur.
1700 909 1807 977 Qui

201 996 390 1066 autem
416 1023 654 1081 peccans
674 1005 987 1077 corripitur,
1017 1005 1201 1062 nescio
1230 1004 1361 1076 quid
1381 1004 1432 1059 ei
1455 1010 1715 1060 excurrat
1739 1017 1807 1058 ex

200 1117 390 1175 paena.
414 1102 541 1159 Haec
560 1109 784 1172 propter
799 1100 901 1156 hoc
928 1099 1072 1170 quod
1091 1098 1294 1154 dictum
1317 1105 1403 1152 est
1429 1113 1443 1151 :
1475 1116 1493 1149 ‹
1517 1096 1645 1166 quia
1671 1104 1807 1151 tem-

200 1210 307 1265 pus
326 1196 578 1251 vindictae
594 1193 709 1264 ejus
726 1208 756 1248 a
772 1192 999 1249 Domino
1025 1199 1127 1246 est.
1142 1210 1161 1242 ι
1191 1189 1448 1260 Sequitur
1468 1206 1480 1242 :
1513 1206 1533 1239 ι
1554 1186 1809 1244 Retribu-

204 1290 413 1343 tioncm
436 1287 550 1357 ipse
566 1284 829 1342 retribuet
849 1283 931 1338 ei:
953 1301 973 1336 ι
1000 1296 1106 1338 ιιοιι
1133 1296 1230 1352 per
1250 1279 1529 1335 ministros
1545 1279 1810 1333 retribuet

198 1376 462 1450 Babyloni
501 1379 676 1444 Deus,
718 1376 814 1433 sed
859 1376 973 1445 ipse
1025 1373 1294 1430 retribuet
1338 1373 1485 1442 quod
1545 1378 1804 1425 meretur.

198 1470 340 1527 Volo
370 1471 627 1541 quiddam
656 1468 840 1524 dicere
883 1466 937 1522 in
976 1464 1345 1521 additamento
1381 1461 1721 1532 pronominis
1752 1460 1809 1516 in

199 1574 271 1615 co
295 1561 440 1631 quod
477 1560 741 1630 scriptum
764 1564 851 1613 est
871 1558 981 1627 ipse
1010 1569 1027 1609 :
1063 1574 1082 1608 ς
1113 1554 1231 1625 Ipse
1262 1553 1482 1619 etenim,
1515 1554 1612 1619 ait,
1644 1552 1807 1609 retri-

197 1650 485 1709 butionem
541 1650 806 1706 retribuet
858 1649 931 1705 ei.
974 1668 993 1701 ι
1051 1648 1169 1704 Non
1226 1648 1479 1704 omnibus
1521 1647 1663 1702 Deus
1717 1662 1806 1702 re-

200 1742 415 1796 tribuet
456 1756 575 1811 qua:
612 1748 910 1805 merentur,
950 1740 1044 1795 sed
1081 1746 1207 1795 sunt
1232 1739 1453 1809 quidam
1486 1736 1684 1809 quibus
1712 1752 1809 1807 per

1912 539 2112 596 diantis
2156 538 2358 595 metalli
2402 538 2805 610 pulchritudine
2858 538 3193 603 delectatur,
3251 547 3306 592 et
3358 536 3501 592 tctus

1907 631 2079 687 oculis
2101 631 2272 687 haeret
2296 632 2351 686 in
2381 631 2582 702 specie,
2622 646 2730 686 non
2784 631 3091 688 consideret
3126 630 3258 702 quid
3301 629 3500 685 intrin-

1907 735 2064 777 secus
2087 720 2283 788 latitet,
2306 728 2361 776 et
2384 721 2657 791 accipiens
2670 720 2893 776 calicem
2911 720 3086 787 bibat,
3112 720 3360 777 nesciens
3374 718 3504 775 cali-

1905 829 2026 871 cem
2062 813 2581 871 Nabuchodonosor.
2611 814 2884 884 Intelliges
2924 824 3105 870 autem
3148 814 3373 870 calicem
3408 828 3505 868 au-

1907 924 2060 964 reum
2088 910 2142 965 in
2176 908 2434 981 praesenti
2474 910 2830 974 nominatum,
2875 909 2920 965 si
2951 908 3351 964 animadvertas
3376 922 3502 977 pes-

1909 1000 2170 1056 simorum
2194 1002 2507 1073 dogmatum
2530 1001 2697 1056 verba
2712 1000 3010 1066 mortifera,
3033 999 3248 1071 qualem
3272 1000 3510 1056 habeant

1909 1092 2358 1164 compositionem
2405 1106 2718 1148 sermonum
2744 1131 2759 1157 ,
2811 1090 3023 1161 qualem
3080 1093 3333 1147 decorem
3389 1090 3505 1148 elo-

1908 1184 2173 1255 quentiaz,
2225 1184 2438 1255 qualem
2488 1200 2673 1241 rerum
2714 1183 3073 1250 divisionem,
3118 1192 3173 1238 et
3212 1198 3506 1256 cognosces

1912 1286 2186 1351 quomodo
2217 1279 2592 1351 unusquisque
2612 1289 2917 1349 poetarum,
2952 1278 3045 1348 qui
3074 1285 3337 1349 putantur
3365 1278 3509 1348 apud

1909 1386 2038 1427 suos
2056 1370 2425 1437 disertissimi,
2444 1371 2671 1426 calicem
2694 1386 2915 1427 aureum
2942 1372 3347 1442 temperaverit,
3374 1385 3429 1427 et
3453 1372 3506 1426 iu

1910 1462 2081 1518 calice
2114 1476 2281 1517 aureo
2306 1477 2573 1519 venenum
2602 1461 2851 1532 injecerit
2897 1461 3233 1527 idololatriae,
3258 1472 3313 1518 et
3346 1476 3508 1517 vene-

1908 1570 2039 1609 num
2072 1555 2383 1627 turpiloquii
2412 1574 2424 1609 :
2454 1571 2724 1611 venenum
2769 1570 2958 1613 eorum
2986 1571 3107 1626 quae
3150 1555 3389 1610 animam
3416 1557 3512 1611 ho-

1909 1647 2076 1703 minis
2108 1648 2431 1705 interimunt
2458 1650 2799 1721 dogmatum,
2820 1664 3089 1705 venenum
3119 1648 3243 1704 falsi
3273 1649 3513 1704 nominis

1912 1738 2175 1807 scientiae,
2200 1741 2297 1797 sed
2316 1756 2471 1798 meus
2495 1741 2654 1797 Jesus
2695 1750 2920 1798 econtra
2956 1741 3103 1797 fecit.
3142 1742 3334 1799 Sciens
3367 1742 3514 1799 enim

199 1832 341 1889 alios
390 1832 642 1896 restituit,
688 1832 803 1887 sive
836 1830 1068 1900 puniens
1114 1844 1229 1896 eos,
1266 1844 1361 1885 seu
1404 1829 1683 1884 medicans
1711 1842 1809 1899 per
1836 1812 1885 1873 Β
1915 1845 2138 1885 aureum
2170 1830 2398 1887 calicem
2427 1832 2651 1897 diaboli,
2682 1841 2737 1887 et
2763 1848 3077 1902 praecavens
3099 1848 3169 1889 ne
3203 1832 3401 1903 aliquis
3445 1832 3514 1887 ad

198 1921 546 1989 dolorem,ut
569 1923 621 1977 in
647 1922 874 1977 Psalmis
900 1922 1242 1977 continetur:
1265 1940 1283 1973 ι
1306 1920 1449 1976 Misit
1469 1920 1523 1975 in
1551 1936 1645 1976 eos
1665 1920 1813 1975 furo-

198 2028 321 2070 rem
344 2014 439 2070 ira:
459 2030 593 2081 sum,
611 2013 873 2079 furorem,
896 2020 952 2068 et
980 2012 1138 2079 iram,
1164 2021 1221 2067 et
1248 2013 1577 2084 angustiam,
1604 2011 1811 2067 immis-

197 2108 415 2165 sionem
455 2124 553 2179 per
598 2107 817 2179 angelos
860 2107 1128 2179 pessimos
1168 2104 1340 2178 (Psal.
1372 2105 1603 2176 Lxxvn).
1636 2123 1656 2156 ι
1716 2104 1812 2160 His

197 2217 312 2257 non
340 2202 455 2272 ipse
480 2201 747 2268 restituit,
777 2201 869 2257 sed
895 2202 963 2256 ad
995 2200 1409 2255 retributionem
1437 2214 1627 2255 eorum
1650 2198 1810 2252 mini-

200 2292 337 2347 stris
369 2306 498 2346 usus
524 2301 610 2345 cst
650 2290 859 2361 angelis
906 2290 1175 2361 pessimis,
1211 2297 1268 2344 et
1294 2289 1415 2344 aliis
1443 2286 1673 2343 forSitan
1701 2302 1809 2342 non

201 2396 307 2453 per
331 2380 501 2437 malos
526 2380 746 2452 angelos
769 2380 967 2446 reddit,
988 2381 1083 2435 sed
1102 2395 1200 2450 per
1220 2380 1415 2445 bonos,
1439 2387 1500 2433 ut
1524 2379 1577 2432 in
1598 2378 1701 2443 eis,
1716 2378 1808 2447 qui

198 2488 307 2544 per
352 2472 620 2528 sceleribu
700 2471 1016 2542 puniuntur.
1085 2470 1359 2541 Multaque
1408 2469 1714 2525 istiusmodi
1761 2468 1809 2524 si

202 2564 520 2634 Scripturas
545 2564 805 2620 scruteris
831 2562 1095 2618 invenies.
1129 2561 1227 2616 Est
1253 2570 1432 2616 autem
1463 2561 1679 2631 quando
1703 2560 1807 2615 mi-

198 2661 505 2718 nistrorum
535 2658 713 2715 cilicio
742 2657 1001 2723 refutato,
1036 2656 1450 2734 retributionem
1500 2655 1645 2711 Deus
1692 2655 1809 2725 ipse

203 2751 471 2815 restituit,
500 2760 561 2804 ut
586 2764 729 2804 nunc
763 2746 1046 2818 Babyloni.
1078 2745 1267 2802 Timeo
1294 2745 1550 2817 quiddam
1590 2745 1808 2801 obscuri

198 2839 260 2899 in
286 2842 407 2898 loco
434 2840 724 2897 manifesto
749 2839 1115 2909 interponere,
1150 2836 1293 2907 quod
1325 2837 1460 2892 mihi
1487 2836 1704 2892 videtur
1727 2837 1805 2890 la-

199 2942 323 2991 tere
353 2935 400 2989 si
446 2942 675 2989 taceam.
726 2931 1115 2988 Verumtamen
1150 2929 1457 2985 audendum
1489 2936 1575 2986 est
1615 2928 1807 2985 saltem

200 3043 380 3101 pauca
408 3026 805 3099 perstringere,
836 3024 1053 3095 quando
1087 3031 1212 3080 sunt
1242 3023 1461 3079 vulnera
1504 3022 1702 3087 facilia,
1753 3033 1809 3078 et

200 3130 455 3196 prompta
490 3119 720 3176 curatio.
760 3116 1000 3173 Medicus
1024 3116 1193 3171 mittit
1222 3131 1439 3171 servum
1474 3130 1653 3181 suum,
1680 3114 1807 3169 mit-

202 3213 274 3269 tit
298 3211 644 3282 discipulum,
684 3217 739 3266 et
776 3223 875 3280 per
925 3222 1049 3264 eum
1094 3206 1441 3278 languentem
1482 3205 1804 3271 medicatur,

202 3320 385 3375 neque
432 3304 573 3360 enim
616 3316 811 3373 magna
855 3309 981 3357 sunt
1030 3299 1274 3354 vulnera.
1344 3297 1544 3353 Evenit
1592 3310 1809 3367 quoque

204 3393 517 3465 aliquoties,
542 3400 603 3448 ut
633 3391 891 3449 sectionis
915 3398 972 3446 et
1000 3388 1131 3444 ferri
1158 3387 1395 3459 indigeat
1429 3386 1519 3456 qui
1561 3396 1806 3452 sanatur,

204 3494 447 3541 attamen
477 3500 584 3540 non
622 3484 737 3553 ipse
772 3482 1018 3538 medicus
1052 3479 1229 3550 pergit
1274 3478 1339 3533 ad
1383 3493 1527 3542 eum,
1582 3479 1677 3533 sed
1719 3478 1811 3533 eli-

206 3592 345 3650 gens
364 3591 531 3650 unum
562 3590 629 3631 ex
656 3572 953 3644 discipulis,
985 3572 1078 3641 qui
1099 3584 1293 3626 curare
1319 3568 1519 3636 valeat,
1548 3584 1613 3625 eo
1639 3570 1808 3625 utitur

206 3672 462 3730 ministro
492 3688 503 3722 :
533 3668 749 3739 quando
769 3681 901 3721 vero
927 3663 1257 3720 insanabiles
1291 3662 1463 3735 plagae
1486 3671 1631 3727 sunt,
1667 3672 1721 3718 et
1752 3663 1805 3717 in

207 3772 457 3821 emortua
488 3774 652 3817 carne
687 3758 795 3813 alta
826 3758 1055 3829 putredo
1086 3754 1385 3821 contabuit,
1428 3763 1483 3810 et
1510 3755 1567 3809 in
1598 3763 1807 3809 tantum

206 3855 355 3913 mala
380 3854 618 3909 valitudo
639 3859 741 3915 est.
769 3858 829 3906 ut
854 3865 963 3905 non
989 3848 1151 3914 servi,
1176 3847 1261 3902 vel
1288 3846 1555 3917 discipuli,
1584 3846 1675 3917 qui
1692 3847 1806 3917 jam

207 3963 380 4021 prope
402 3962 524 4002 eum
552 3959 647 4015 per
673 3943 955 4000 scientiam
979 3941 1111 3997 artis
1132 3948 1497 4005 accesserunt,
1520 3939 1616 3996 sed
1639 3940 1809 4010 ipsius

210 4037 459 4110 magistri
487 4037 738 4093 manibus
775 4034 1034 4106 indigeat,
1082 4041 1213 4091 tunc
1244 4035 1361 4105 ipse
1410 4036 1659 4090 manibus
1695 4050 1810 4091 me-

208 4130 366 4187 dicus
389 4129 713 4201 praecinctus
735 4126 947 4183 lumbos
978 4126 1047 4182 ad
1070 4125 1367 4182 sectionem
1397 4126 1663 4182 teterrimi
1693 4126 1811 4180 vul-

212 4222 364 4277 neris
392 4219 717 4276 concitatur.
778 4216 1044 4283 Similiter
1071 4218 1257 4286 itaque
1290 4218 1507 4287 quando
1538 4224 1664 4272 sunt
1700 4217 1807 4272 mi-

212 4327 351 4369 nora
393 4320 642 4381 peccata,
672 4324 779 4365 non
820 4306 1058 4364 restituit
1090 4308 1233 4363 Deus
1276 4307 1393 4378 ipse
1432 4308 1805 4377 peccantibus,

212 4405 309 4461 sed
325 4402 447 4459 aliis
459 4404 633 4459 utitur
648 4401 911 4457 ministris
928 4418 941 4454 :
971 4400 1185 4471 quando
1197 4414 1332 4455 vero
1354 4415 1453 4470 per
1470 4402 1665 4457 merita
1689 4417 1806 4467 sua,

1913 1920 2075 1977 ﬁdem
2108 1936 2263 1978 suam
2298 1921 2546 1988 veniens,
2581 1924 2951 1994 suSpicaretur
2985 1924 3150 1978 etiam
3191 1923 3393 1979 Christi
3433 1932 3516 1978 ta-

1911 2013 2020 2070 lcm
2046 2029 2168 2071 esse
2196 2015 2442 2082 calicem,
2470 2015 2685 2085 qualem
2715 2015 3021 2087 reliquerit,
3058 2024 3115 2072 et
3139 2030 3239 2086 per
3259 2014 3511 2070 similitu-

1912 2106 2092 2160 dinem
2121 2108 2368 2162 materiae
2393 2106 2710 2163 formidaret
2739 2122 2983 2163 errorem
3011 2125 3023 2161 :
3055 2107 3177 2162 ideo
3198 2107 3428 2173 curavit,
3456 2116 3517 2163 ut

1912 2194 2240 2252 haberemus
2273 2198 2587 2252 thesaurum
2612 2199 2773 2253 istum
2796 2199 2853 2253 in
2881 2200 3025 2253 vasis
3052 2197 3328 2255 fictilibus.
3359 2200 3516 2271 Saepe

1911 2288 2019 2343 vidi
2057 2303 2281 2344 aureum
2313 2288 2537 2345 calicem
2567 2288 2622 2343 in
2650 2289 2879 2360 pulchro
2912 2289 3180 2346 sermonis
3208 2299 3425 2355 ornatu,
3463 2301 3519 2346 et

1914 2378 2227 2449 dogmatum
2254 2395 2461 2435 venena
2487 2380 2872 2447 considerans,
2920 2381 3251 2452 deprehendi
3288 2383 3514 2439 calicem

1912 2472 2224 2546 Babylonis.
2248 2494 2266 2526 ι
2288 2474 2441 2530 Calix
2462 2490 2660 2531 aureus
2682 2474 2920 2546 Babylon
2948 2476 3003 2529 in
3026 2491 3188 2530 manu
3206 2475 3419 2531 Domini
3442 2496 3453 2529 :
3489 2496 3507 2529 ι

1913 2581 2020 2621 non
2047 2573 2133 2620 est
2157 2579 2373 2635 semper
2396 2564 2535 2620 calix
2576 2580 2775 2620 aureus
2816 2565 3129 2636 Babylonis.
3159 2565 3294 2621 Cum
3331 2575 3513 2622 autem

1918 2657 2129 2713 venerit
2150 2657 2217 2712 ad
2246 2658 2564 2723 vindictam,
2592 2665 2648 2713 et
2671 2657 2728 2712 in
2754 2672 2920 2711 manu
2947 2656 3159 2711 Domini
3186 2657 3363 2727 posita
3402 2658 3517 2711 fue-

1913 2748 2006 2813 rit,
2036 2756 2165 2803 tunc
2204 2748 2435 2804 efﬁcitur
2483 2757 2654 2816 terra,
2697 2763 2817 2819 quae
2851 2748 3127 2819 quondam
3174 2757 3316 2803 tacta
3343 2756 3427 2804 est
3460 2748 3515 2804 in

1910 2836 2012 2893 Job
2036 2856 2048 2890 :
2076 2852 2253 2908 neque
2277 2853 2409 2893 vero
2426 2838 2630 2909 jugiter
2654 2838 2710 2893 in
2736 2842 2899 2894 manu
2928 2837 3142 2894 Domini
3166 2839 3474 2893 continetur
3499 2880 3514 2904 ,

1911 2931 2006 2986 sed
2037 2931 2258 2987 ultionis
2299 2940 2509 2987 tantum
2539 2942 2785 3003 tempore
2816 2949 2940 2989 cum
2972 2934 3202 3004 cceperit
3241 2933 3292 2988 ei
3330 2933 3516 2987 Domi-

1913 3038 2017 3078 nus
2051 3022 2343 3078 restituere
2372 3024 2519 3093 quod
2546 3032 2811 3091 meretur,
2842 3032 2969 3081 tunc
3003 3025 3060 3080 in
3089 3040 3254 3079 manu
3278 3025 3397 3095 ejus
3422 3024 3516 3081 ﬁet

1914 3112 2193 3169 inebrians
2220 3128 2439 3169 omnem
2478 3121 2702 3169 terram.
2747 3114 2854 3170 Iste
2879 3114 3021 3170 calix
3050 3129 3248 3171 aureus
3276 3108 3514 3185 Babylon

1912 3205 2206 3261 inebriavit
2237 3206 2547 3261 universam
2586 3214 2812 3262 terram.
2853 3205 3139 3273 Quomodo
3173 3215 3356 3261 autem
3395 3206 3515 3260 uni-

1910 3310 2125 3350 versam
2150 3295 2501 3351 inebriaverit
2538 3304 2765 3362 terram,
2804 3294 2965 3351 facile
3006 3296 3167 3363 scies,
3193 3296 3516 3353 Si'conside-

1910 3386 2120 3441 raveris
2146 3400 2337 3442 omnes
2373 3384 2625 3442 homines
2664 3385 2865 3442 ebrios.
2920 3385 3260 3441 lnebriamur
3288 3387 3387 3451 ira,
3425 3388 3512 3442 in-

1911 3479 2194 3535 ebriamur
2222 3479 2467 3545 tristitia,
2498 3478 2833 3535 inebriamur
2875 3487 2930 3534 et
2966 3489 3168 3546 mente,
3210 3480 3514 3536 excidimus

1911 3587 2120 3640 amore,
2150 3573 2609 3643 concupiscentiis
2630 3581 2685 3628 et
2712 3588 2850 3626 vana
2874 3572 3061 3643 gloria.
3087 3572 3299 3640 Quanta
3316 3575 3510 3644 pocula

1913 3666 2320 3737 temperaverit,
2347 3674 2481 3737 quot
2511 3665 2793 3722 ebrietatis
2814 3666 3120 3735 porrexerit
3143 3667 3358 3732 calices,
3382 3669 3514 3738 quid

1918 3772 2147 3814 necesse
2176 3767 2259 3814 cst
2290 3758 2507 3814 dicere?
2541 3777 2559 3810 ι
2585 3758 2736 3814 Calix
2766 3773 2965 3813 aureus
2978 3757 3215 3829 Babylon
3236 3758 3513 3815 inebrians

1913 3866 2131 3907 onmem
2150 3860 2377 3908 terram.
2401 3872 2420 3904 ι
2440 3852 2828 3907 Animadverte
2844 3867 3061 3907 omnem
3077 3860 3277 3907 terram
3298 3852 3511 3922 plenam

1910 3960 2031 4000 esse
2061 3945 2315 4015 peccatis,
2348 3953 2401 4001 et
2426 3960 2535 4001 non
2574 3960 2785 4015 quaeres
2812 3945 3082 4015 quomodo
3113 3945 3348 4017 Babylon
3386 3964 3509 4003 om-

1912 4050 2036 4089 nem
2062 4043 2263 4090 terram
2295 4036 2667 4103 inebriaverit,
2695 4038 2791 4092 sed
2826 4036 3040 4093 si-forte
3067 4038 3273 4094 videris
3301 4038 3509 4110 justum

1912 4124 2123 4180 ebrium
2151 4142 2259 4182 non
2285 4141 2407 4182 esse
2438 4129 2505 4183 de
2545 4127 2715 4184 calice
2751 4137 3119 4203 peccatorum,
3160 4128 3271 4184 noli
3313 4139 3509 4200 putare

1914 4218 2242 4289 scripturam
2288 4234 2407 4274 esse
2459 4221 2742 4299 mentitam
2799 4235 2918 4289 quae
2958 4220 3198 4276 dixerit:
3228 4222 3507 4278 lnebrians

1913 4325 2130 4365 omnem
2145 4319 2377 4376 terram,
2412 4326 2536 4366 cum
2557 4312 2659 4367 iste
2688 4328 2793 4367 non
2826 4313 3128 4368 inebriatur
3149 4330 3180 4368 a
3213 4313 3505 4386 Babylone,

1914 4410 1967 4458 et
1994 4412 2175 4460 tamen
2214 4406 2479 4461 consistat
2522 4406 2577 4461 in
2623 4414 2785 4463 terra.
2812 4406 2952 4462 Audi
3002 4407 3127 4477 quia
3172 4406 3355 4476 justus
3398 4425 3505 4465 non

211 4496 404 4568 ingens
430 4495 707 4551 hominem
742 4492 1003 4562 aegritudo
1044 4491 1537 4579 comprehenderit,
1567 4505 1627 4548 ut
1667 4509 1812 4549 nunc
1835 4520 1890 4583 Ι)
1917 4495 1988 4549 sit
2037 4495 2091 4549 in
2145 4504 2290 4551 terra
2325 4513 2339 4553 :
2388 4496 2617 4553 Omnem
2673 4507 2872 4553 terram
2928 4499 3159 4554 inebriat
3215 4501 3350 4555 calix
3404 4503 3505 4557 iste

211 4585 538 4657 Babylonem
585 4600 705 4657 qua:
743 4584 998 4655 gravibus
1035 4583 1268 4653 propriae
1308 4574 1527 4639 malitia:
1558 4592 1641 4640 est
1680 4600 1808 4640 con-

215 4675 365 4733 fossa
392 4676 729 4741 vulneribus,
774 4683 902 4730 tunc
946 4673 1014 4729 ad
1055 4673 1467 4729 retributionem
1508 4675 1650 4730 Deus
1694 4676 1810 4747 ipse

212 4764 460 4823 festinat.
486 4762 673 4820 Simile
694 4762 951 4833 quiddam
977 4762 1105 4818 huic
1141 4762 1186 4817 si
1208 4763 1462 4833 requiris,
1488 4763 1730 4819 invenies
1756 4774 1811 4821 et

214 4860 284 4918 de
317 4858 672 4925 Hierusalem,
700 4872 821 4929 qua:
844 4857 893 4913 ei
922 4858 1219 4914 acciderint
1235 4868 1360 4930 post
1392 4861 1706 4930 prophetas,
1737 4860 1808 4916 ob

216 4953 294 5022 id,
325 4953 453 5025 quia
475 4953 727 5009 insidiata
756 4954 828 5009 sit
849 4953 1084 5011 Christo.

293 5064 313 5097 ι
350 5043 502 5100 Calix
525 5058 725 5099 aureus
752 5042 993 5113 Babylon
1020 5044 1075 5099 in
1095 5059 1257 5101 manu
1274 5045 1506 5112 Domini,
1530 5047 1807 5103 inebrians

222 5157 242 5192 ‹
275 5128 495 5193 omnem
520 5144 741 5193 terram.
773 5134 851 5191 De
879 5137 1005 5193 vino
1038 5138 1153 5210 ejus
1176 5139 1432 5196 biberunt
1458 5156 1649 5197 omnes
1680 5157 1810 5212 gen-

222 5248 244 5282 ‹
278 5237 380 5295 tes,
408 5236 464 5284 et
494 5228 613 5285 ideo
639 5236 924 5285 commotae
943 5239 1068 5286 sunt
1091 5233 1311 5290 rsubito
1341 5234 1536 5289 cecidit
1566 5234 1809 5306 Babylon

224 5339 244 5375 ι
276 5331 333 5377 et
371 5322 606 5377 contrita
629 5330 733 5377 est.
780 5340 800 5374 ι
853 5321 1052 5394 (Or-ig.)
1090 5322 1588 5383 Nabuchodonosor
1621 5326 1809 5384 volens

218 5413 469 5485 decipere
524 5413 773 5470 homines
814 5426 912 5484 per
960 5413 1187 5471 calicem
1229 5415 1518 5489 Babylonis
1544 5418 1807 5486 dolosum,

218 5518 326 5561 non
348 5503 566 5560 miscuit
591 5504 648 5559 in
671 5519 800 5560 vase
828 5504 1000 5573 fictili,
1031 5521 1195 5577 quam
1224 5508 1451 5579 parabat
1486 5510 1765 5580 potionem
1794 5548 1810 5578 ,

220 5594 316 5652 sed
342 5608 515 5666 neque
564 5596 618 5651 in
660 5596 935 5666 paululum
978 5596 1225 5679 meliore,
1255 5598 1434 5657 ferreo
1474 5602 1715 5679 scilicet,
1759 5613 1816 5660 et

220 5702 362 5744 aereo
388 5703 537 5751 vase,
572 5688 652 5744 vel
682 5696 931 5755 stanneo,
952 5698 1007 5744 et
1029 5678 1172 5762 quod
1203 5692 1303 5748 ista
1330 5695 1589 5764 praecellit
1612 5678 1811 5768 argen-

222 5787 360 5838 teo:
406 5796 592 5839 verum
644 5781 848 5850 eligens
899 5798 998 5839 vas
1043 5798 1267 5839 aureum
1293 5823 1307 5851 ,
1349 5786 1403 5840 in
1442 5802 1507 5844 co
1556 5788 1811 5859 poculum

504 5874 780 5936 Ριτιιοι..
825 5873 987 5938 CXI.

1918 4605 2136 4644 aureus.
2169 4589 2355 4646 Justus
2382 4606 2511 4645 vero
2537 4606 2661 4645 cum
2692 4592 2761 4647 sit
2787 4608 2949 4661 super
2970 4601 3195 4660 terram,
3223 4609 3507 4651 conversa-

1918 4682 2122 4736 tionem
2151 4682 2205 4736 in
2236 4681 2389 4736 cmlis
2414 4680 2595 4748 habet,
2630 4690 2683 4736 et
2730 4690 2950 4753 propter
2974 4684 3079 4738 hoc
3108 4699 3214 4739 non
3253 4686 3507 4740 convenit

1916 4773 2143 4829 ulterius
2183 4772 2333 4843 justo
2380 4772 2530 4827 dici:
2570 4793 2587 4824 ‹
2621 4774 2786 4828 Terra
2835 4788 2913 4833 es.
2957 4782 3012 4828 et
3065 4774 3119 4828 in
3151 4782 3350 4829 terram
3398 4776 3501 4831 ibis

1917 4863 2071 4936 (Gen.
2118 4867 2225 4935 ιιι).
2266 4885 2285 4917 ι
2329 4863 2438 4919 Sed
2482 4864 2526 4919 si
2585 4879 2805 4920 necesse
2858 4872 2962 4931 est,
3009 4866 3272 4923 audenter
3314 4868 3500 4938 loqui:

1916 4954 2048 5008 dicit
2068 4953 2218 5025 justo
2259 4953 2403 5009 Deus
2450 4953 2627 5008 adhuc
2677 4954 2992 5010 consistenti
3022 4970 3181 5027 super
3228 4964 3430 5011 terram
3484 4976 3496 5010 :

1908 5047 2117 5104 C(elum
2145 5063 2225 5114 es,
2249 5055 2305 5102 et
2336 5048 2389 5101 in
2415 5047 2614 5103 coelum
2644 5048 2749 5104 ibis
2782 5067 2793 5102 :
2823 5057 3005 5119 portat
3034 5049 3179 5103 enim
3209 5049 3505 5120 imaginem

1910 5141 2169 5197 caelestis.
2202 5139 2392 5211 igitur,
2421 5148 2483 5193 ut
2502 5139 2845 5205 concludam,
2874 5139 3016 5195 calix
3042 5156 3238 5196 aureus
3267 5141 3500 5196 inebriat

1909 5247 2128 5290 omnem
2176 5240 2398 5298 terram,
2453 5230 2508 5285 id
2555 5240 2638 5287 est
2682 5247 2871 5287 omnes
2919 5230 2989 5286 ab
3033 5246 3096 5286 eo
3145 5224 3498 5295 inebriamur,

1911 5324 2150 5394 quandiu
2179 5331 2323 5378 terra
2346 5337 2554 5377 sumus.
2589 5338 2609 5371 ι
2639 5320 2679 5375 Α
2704 5322 2831 5377 vino
2860 5319 2977 5389 ejus
2998 5320 3250 5375 biberunt
3277 5328 3463 5392 gentes
3483 5360 3498 5386 ,

1912 5426 2135 5490 propter
2162 5419 2265 5473 hoc
2287 5423 2571 5472 commotae
2596 5423 2760 5471 sunt:
2784 5432 2803 5468 ι
2830 5414 2969 5469 sicut
2998 5411 3053 5467 in
3082 5412 3167 5467 bis
3189 5411 3281 5483 qui
3310 5411 3501 5467 bibunt

1912 5509 2078 5564 istum
2104 5509 2197 5579 qui
2237 5508 2291 5562 in
2318 5523 2420 5563 usu
2455 5516 2537 5563 est
2558 5505 2983 5575 viniliquorem,
3010 5504 3057 5557 si
3084 5517 3247 5572 super
3272 5503 3418 5557 sitim
3448 5513 3501 5556 et

1914 5616 2077 5673 super
2116 5614 2428 5655 mensuram
2466 5597 2702 5653 biberint
2746 5614 2761 5651 :
2804 5594 3049 5650 videmus
3079 5592 3215 5649 ebrii
3258 5592 3501 5663 corporis

1914 5704 2143 5760 motum,
2165 5692 2481 5749 vacillantes
2505 5694 2687 5764 pedes,
2712 5697 2873 5759 caput
2904 5704 2967 5744 ac
2999 5696 3239 5758 tempora
3269 5700 3477 5757 praegra

1915 5796 2060 5855 vata,
2084 5801 2147 5843 os
2185 5786 2526 5853 dissolutum,
2551 5786 2788 5858 linguam
2814 5781 3205 5853 signiﬁcantem
3225 5789 3500 5839 sermones

2977 5875 3055 5937 37
