3952 6320
224 325 370 385 1165

1106 334 1471 394 exposmo
1511 336 1733 394 SUPER
1769 334 2134 395 mnam.
2175 365 2248 379 —
2284 339 2413 409 ιω.
2450 339 2614 396 xvu.

3342 350 3477 406 H66

219 445 370 503 cium
392 445 507 515 ejus
534 462 704 517 usque
731 450 799 506 ad
828 451 1067 508 coelestia
1102 453 1430 523 sublevetur,
1476 464 1531 511 et
1560 472 1657 527 per
1706 457 1806 511 im—
1832 460 1887 519 Α
1908 471 2029 512 nem
2054 456 2345 512 humilibus
2363 455 2518 525 quasi
2548 456 2778 523 hrucho,
2806 458 2933 527 quia
2960 459 3027 514 ad
3055 460 3481 521 devastationem

220 534 480 606 pietatem
526 552 691 594 suam'
729 541 987 597 resistens
1041 542 1181 609 Deo=
1233 543 1301 599 ad
1356 546 1636 615 superiora
1674 561 1803 601 con-

221 628 467 693 scendat,
500 631 705 701 profert
727 622 1135 701 Deusjudicium
1158 652 1333 702 suum,
1357 637 1411 707 in
1436 636 1806 695 humiliatione

220 715 342 787 ejus
355 719 565 787 judicii,
589 722 729 792 quod
751 723 1047 780 exaltatum
1076 734 1158 782 est
1178 742 1209 781 a
1231 736 1535 798 peccatore,
1558 736 1612 783 et
1628 730 1807 799 profe-

219 812 351 869 rens
360 812 621 882 judicium
643 835 823 878 suum.
836 819 1083 875 humiliat
1102 822 1318 890 quidem
1336 831 1699 893 peceatorem,
1715 840 1803 881 re-

220 902 415 963 tribuit
456 914 635 963 autem
657 904 804 984 justo
842 901 1002 982 digna
1032 913 1138 967 vita
1162 894 1279 982 ejus
1314 914 1369 968 in
1402 906 1617 970 Christo
1652 914 1803 973 Jesu.

225 1014 245 1048 ι
283 994 517 1053 Protulit
541 998 797 1056 Dominus
810 995 1051 1069 justitias
1076 1006 1305 1071 nostras,
1332 1005 1512 1060 venite
1534 1013 1589 1059 et
1616 1021 1804 1062 narre-

218 1103 344 1144 mus
377 1090 432 1145 in
464 1089 594 1146 Sion
626 1106 761 1171 opus
787 1092 1001 1149 Domini
1033 1095 1130 1150 Dei
1154 1096 1348 1152 nostri.
1396 1117 1415 1149 ι
1448 1084 1645 1168 (0n’g.)
1674 1097 1805 1173 Yox

216 1175 337 1236 hate
365 1182 675 1253 angelorum
710 1183 921 1240 Domini
950 1194 1053 1251 est,
1086 1198 1179 1241 aut
1206 1196 1516 1243 sanctorum
1542 1188 1804 1257 praedica-

217 1279 421 1338 torum,
447 1274 538 1344 qui
565 1276 810 1332 videntes
855 1276 1213 1333 incurabilem
1238 1295 1358 1335 esse
1384 1280 1598 1351 plagam
1626 1280 1803 1357 Baby-

214 1360 377 1430 lonis,
408 1366 694 1422 hortantur
724 1383 782 1422 se
811 1368 1041 1423 invicem
1088 1378 1146 1423 ut
1177 1370 1497 1425 annuntient
1521 1385 1657 1440 opus
1698 1372 1806 1427 Do-
1835 1372 1840 1378 ’

214 1454 353 1509 mini
384 1452 477 1511 Dei
518 1457 709 1521 nostri,
750 1466 805 1514 et
835 1458 1064 1515 virtutes
1104 1459 1218 1528 ejus
1254 1442 1309 1515 in
1348 1461 1572 1517 ecclesia
1617 1463 1804 1518 catho-
1838 1510 1839 1513 η

213 1542 344 1611 lica,
391 1563 511 1617 quae
542 1546 735 1605 merito
779 1549 908 1606 Sion
949 1551 1168 1617 dicitur,
1197 1554 1300 1608 hoc
1329 1563 1429 1617 est,
1459 1553 1734 1622 speculum
1785 1571 1799 1607 :

213 1635 344 1705 quia
365 1637 451 1692 ilia
473 1637 583 1694 sola
606 1637 841 1710 pertinet
862 1639 930 1707 ad
951 1638 1457 1713 centemplationem
1482 1644 1661 1699 vultus
1683 1643 1799 1709 Dei,

212 1741 340 1783 cum
371 1731 572 1785 sanctis
602 1732 823 1802 angelis,
856 1733 946 1803 qui
978 1743 1103 1788 sunt
1134 1734 1186 1787 in
1213 1733 1369 1789 casio.
1412 1732 1678 1789 Caeterum
1714 1733 1801 1790 illa

1906 545 2021 615 ejus
2043 544 2464 600 innumerabiles
2492 547 2762 600 contraxit
2788 550 3058 603 exercitus
3084 567 3095 602 :
3126 551 3217 619 qui
3243 568 3362 607 eam
3394 570 3485 609 su-

1906 644 2157 707 perantes
2198 651 2297 706 pro
2337 637 2561 692 victoria
2606 637 2709 692 sibi
2742 654 2996 701 concessa
3031 656 3251 697 carmen
3297 645 3485 699 trium-

1905 729 2064 798 phale
2094 730 2387 799 gaudentes
2418 731 2731 786 cantabant.
2756 730 2909 798 Quod
2929 743 3112 789 autem
3148 735 3280 791 dicit
3327 737 3483 794 habi-

1908 830 2051 878 tasse
2070 821 2396 891 Babylonem
2443 839 2602 894 super
2630 839 2801 893 aquas
2841 826 3055 892 multas,
3086 829 3322 883 ostendit
3365 844 3486 885 eam

1907 908 2027 966 ﬁeri
2057 910 2397 981 locupletem,
2438 913 2491 966 in
2536 913 2827 979 thesauris,
2877 913 2989 969 sive
3019 930 3279 985 aquarum
3315 911 3486 973 abun-

1909 999 2146 1065 dantiam
2182 1000 2255 1056 ibi
2286 1016 2431 1075 esse,
2456 1001 2797 1058 interﬂuente
2820 1017 2919 1077 per
2941 1004 3171 1085 mediam
3212 1006 3488 1081 Euphrate

1907 1090 2147 1157 ﬂumine,
2190 1089 2545 1154 historiaiitcr
2570 1095 2791 1165 indicat,
2833 1100 2917 1155 vel
2949 1101 3347 1157 multitudinem
3391 1118 3488 1174 po-

1906 1182 2157 1261 pulorum
2184 1182 2235 1237 in
2265 1200 2331 1244 ea
2358 1204 2477 1244 esse
2508 1191 2713 1260 tropice
2739 1191 3026 1262 significat.
3069 1191 3274 1264 (Oros.)
3318 1183 3487 1249 Νω-

1908 1288 2012 1342 que
2029 1272 2379 1350 Babyloniam
2409 1278 2717 1337 aNemroth
2739 1278 2951 1352 gigante
2971 1283 3272 1350 fundatam,
3298 1300 3330 1340 a
3350 1284 3490 1344 Nino

1904 1363 1990 1417 vel
2033 1362 2392 1426 Semiramide
2436 1379 2744 1441 reparatam
2794 1371 2951 1427 multi
3005 1375 3308 1445 prodidere.
3363 1374 3486 1432 Haec

1905 1460 2084 1528 campi
2110 1459 2331 1530 planitie
2353 1460 2590 1541 undique
2618 1463 2929 1532 conspicua,
2954 1472 3147 1519 natura
3185 1465 3289 1521 loci
3332 1466 3485 1522 latis-

1904 1542 2063 1613 sima,
2083 1558 2385 1604 castrorum
2413 1548 2551 1606 facie
2578 1553 2846 1608 moenibus
2868 1554 3088 1623 paribus
3109 1570 3209 1626 per
3220 1557 3487 1625 quadrum

1903 1633 2182 1708 diaposita,
2209 1656 2487 1697 murorum
2515 1642 2633 1712 ejus
2655 1644 2745 1699 vix
2774 1644 3045 1701 credibilis
3065 1646 3237 1701 relatu
3258 1646 3488 1703 ﬁrmitas

1902 1734 1963 1785 et
1990 1732 2323 1798 magnitudo,
2349 1718 2511 1791 idest
2548 1734 2831 1792 latitudine
2874 1739 3183 1794 cubitorum
3221 1741 3489 1811 quinqua-

216 1821 494 1875 terrestris
522 1801 854 1877 Hierusalem
874 1801 1045 1892 atque
1085 1821 1236 1889 Sion,
1267 1818 1438 1894 magis
1468 1824 1800 1896 Babyloniae,
1832 1801 1878 1861 Β
1906 1819 2078 1887 ginta,
2098 1820 2381 1878 altitudine
2408 1833 2600 1893 quater
2622 1835 2792 1881 tanta.
2809 1827 3078 1886 Caeterum
3100 1801 3335 1888 ambitus
3360 1801 3489 1903 qua.

213 1924 398 1979 quam,
417 1911 569 1977 Sion,
599 1906 684 1967 vel
714 1910 1048 1975 Hierusalem
1075 1915 1312 1980 nomine,
1343 1925 1567 1986 propter
1603 1916 1804 1971 erroris

213 2002 301 2057 sui
325 2003 636 2058 scandalum
669 2005 967 2076 nuncupari
1006 2015 1214 2076 potest;
1246 1993 1312 2062 de
1341 2003 1446 2076 qua
1483 2022 1578 2077 per
1608 2007 1800 2063 Isaiam

212 2092 414 2149 dicitur
446 2111 461 2147 :
497 2112 515 2145 ι
554 2093 641 2150 vae
687 2097 833 2167 genti
882 2096 1167 2167 peccatrici
1189 2097 1383 2168 populo
1410 2079 1560 2169 gravi
1608 2098 1803 2166 iniqui-

213 2193 349 2251 tate,
401 2186 591 2242 semini
619 2186 871 2256 nequam,
906 2188 1031 2244 ﬂliis
1058 2188 1357 2245 sceleratis.
1386 2187 1803 2259 Dereliquerunt

214 2273 525 2343 Dominum,
563 2277 1067 2359 blasphemaverunt
1102 2274 1349 2337 sanctum
1382 2280 1566 2345 Israel,
1608 2276 1803 2337 abalie-

212 2368 326 2423 nati
352 2376 479 2423 sunt
502 2377 819 2424 retrorsum.
852 2368 909 2425 in
940 2368 1046 2439 Quo
1071 2367 1368 2440 percutiam
1389 2367 1508 2435 vos,
1532 2368 1675 2425 ultra
1703 2362 1798 2426 ad-

211 2458 407 2516 dentes
425 2458 942 2529 praevaricationem.
996 2448 1166 2517 Omne
1195 2472 1357 2531 caput
1382 2442 1715 2544 languidum,
1746 2468 1802 2516 et

208 2564 374 2608 omne
402 2565 496 2605 cor
525 2548 761 2606 mmrens
783 2562 814 2603 a
841 2549 1024 2621 pia‘nta
1054 2550 1208 2621 pedis
1230 2565 1402 2620 usque
1421 2543 1489 2605 ad
1516 2543 1794 2615 verticem,

210 2660 323 2702 non
362 2652 444 2700 est
477 2646 531 2699 in
571 2654 637 2700 eo
678 2646 899 2701 sanitas.
939 2645 1145 2701 Vulnus
1167 2640 1221 2702 et
1244 2634 1401 2713 liver,
1431 2654 1487 2701 et
1515 2644 1675 2721 plaga
1715 2628 1834 2701 tu;

209 2749 369 2791 mens
391 2744 507 2789 non'
520 2744 601 2790 est
632 2734 1023 2805 circumligata,
1052 2750 1151 2790 nec
1181 2732 1367 2790 curata
1396 2734 1753 2817 medicamine
1779 2777 1794 2802 ,

209 2838 315 2880 nec
340 2814 449 2879 fota
471 2823 607 2879 oleo.
638 2824 805 2879 Terra
826 2832 1005 2879 vestra
1038 2821 1273 2893 deserta,
1315 2824 1562 2880 Civitates
1601 2814 1798 2879 vestrm

210 2918 326 2989 igni
346 2921 655 2974 succensae:
687 2918 959 2992 regionem
992 2924 1229 2973 vestram
1249 2932 1434 2973 coram
1456 2916 1608 2973 vobis
1637 2915 1797 2971 alieni

210 3008 495 3073 devorant,
542 3012 597 3064 et
640 3007 987 3072 de‘solabitur,
1034 3008 1175 3065 sicut
1209 3006 1464 3065 vastitate
1508 3004 1708 3073 hostili,
1742 3014 1796 3063 et

208 3086 618 3167 derelinquetur
640 3096 894 3153 ﬂliaSion
916 3098 1055 3153 sicut
1070 3098 1443 3154 umbraeulum
1465 3098 1521 3153 in
1541 3096 1719 3162 vinea,
1737 3105 1792 3152 et

206 3190 352 3245 sicut
394 3187 669 3258 tugurium
704 3188 758 3243 in
802 3186 1195 3253 eucumerario,
1241 3188 1381 3242 sicut
1431 3186 1624 3243 civitas
1672 3201 1791 3256 quae

205 3289 456 3335 vastatur
493 3277 627 3350 (Isa.
663 3278 725 3350 ι).
767 3297 786 3331 ι
820 3277 1299 3338 lrremediabiiium
1335 3276 1466 3358 ergo
1503 3276 1793 3347 descriptio

202 3371 493 3428 vulnerum
533 3371 841 3427 diuturnam
880 3368 1249 3441 captivitatem
1291 3368 1548 3440 exprimit
1577 3366 1793 3423 Iudaeo-

206 3462 353 3523 rum.
1132 3530 1135 3531 ν
1758 3536 1763 3539 .

286 3569 307 3608 ι
369 3544 559 3612 Acuite
608 3547 851 3632 sagittas,
889 3554 1110 3632 implete
1147 3540 1468 3627 pharetras,
1511 3552 1793 3621 suscitavit

211 3663 233 3701 ι
266 3646 526 3703 Dominus
557 3646 805 3718 spiritum
836 3628 1111 3703 Medorum
1144 3662 1350 3719 regum,
1382 3653 1436 3701 et
1466 3654 1655 3703 contra
1688 3646 1793 3701 Ba-

215 3756 236 3790 ¢
272 3736 523 3809 hylonem
554 3752 707 3792 mens
735 3737 876 3807 ejus,
904 3746 964 3793 ut
980 3738 1169 3809 perdat
1203 3753 1383 3809 eam:
1418 3739 1675 3808 quoniam
1709 3738 1791 3793 ul-

214 3847 233 3881 (
270 3829 345 3883 ιίο
394 3829 602 3883 Domini
647 3835 731 3883 est
764 3828 893 3883 uitio
918 3829 1097 3899 templi
1131 3830 1231 3883 sui.
1263 3828 1438 3898 Super
1458 3844 1643 3884 muros
1688 3825 1789 3883 Ba-

214 3937 235 3970 c
269 3919 478 3990 bylonis
521 3919 692 3973 levate
722 3920 954 3989 signum,
987 3929 1177 3991 augete
1203 3917 1505 3992 custodiam
1555 3935 1569 3973 :
1615 3910 1789 3975 levate

212 4027 233 4061 ι
270 4009 536 4073 custodes,
583 4018 637 4063 et
660 4012 957 4079 praeparate
986 4010 1228 4075 insidias,
1258 4010 1384 4081 quia
1407 4010 1662 4082 cogitavit
1692 4010 1791 4066 Do—

212 4123 232 4157 ι
266 4105 465 4169 minus,
496 4114 550 4158 et
576 4102 701 4158 fecit
725 4114 1054 4174 quaecunque
1078 4093 1287 4159 locutus
1310 4112 1392 4159 est
1414 4102 1788 4175 contraerhabi-

212 4214 231 4250 α
268 4194 473 4251 tatores
502 4195 808 4265 Babylonis.
834 4195 963 4263 Quae
1002 4195 1216 4251 habitas
1243 4211 1404 4265 super
1436 4210 1605 4264 aquas
1645 4193 1775 4249 mul-

213 4296 233 4342 ᾶ
281 4296 366 4342 tas
392 4284 627 4357 locuples
650 4285 705 4340 in
738 4287 1027 4365 thesauris,
1054 4284 1199 4341 venit
1244 4286 1366 4341 finis
1408 4294 1533 4341 tuus
1580 4285 1786 4355 pedalis

212 4397 233 4432 σ
275 4378 608 4450 pmcisionis
651 4387 775 4443 tuae.
818 4377 1027 4433 Juravit
1073 4377 1332 4433 Dominus
1368 4377 1662 4434 exercitum
1689 4378 1788 4447 per

1904 1909 2205 1980 tit-ingentis
2258 1915 2529 1986 octoginta
2600 1918 2793 1974 stadiis
2839 1920 3259 1978 circumvenitur
3300 1940 3489 1981 murus

1902 2002 2083 2058 coctili
2108 2003 2276 2060 latere
2316 2016 2479 2077 atque
2520 2009 2782 2066 interfuso
2813 2013 3074 2069 bitumine
3118 2026 3431 2087 compactus
3469 2033 3493 2073 :A

1904 2092 2049 2150 fossa
2068 2090 2405 2153 extrinsecus
2423 2100 2531 2153 late
2552 2110 2765 2168 patens,
2782 2104 2900 2158 vice
2929 2107 3103 2161 amnis
3125 2090 3485 2175 circumﬂuit;

1908 2202 1937 2241 a
1970 2183 2160 2243 fronte
2186 2204 2465 2244 murorum
2504 2197 2722 2247 centum
2749 2202 2921 2264 portae
2951 2210 3127 2251 mrem.
3157 2197 3278 2267 ipsa
3305 2208 3489 2255 autem

1903 2278 2128 2339 latitudo
2151 2282 2204 2337 in
2235 2285 2704 2341 consummatione
2720 2284 3022 2357 pinnarum
3060 2294 3289 2363 utraque
3314 2293 3489 2351 latere

1903 2373 2224 2432 habitaculis
2246 2377 2587 2436 defensorum
2624 2398 2777 2459 atque
2803 2386 3075 2455 dispositis
3119 2390 3294 2444 media
3320 2392 3487 2447 inter-

1906 2466 2165 2536 eapedine
2184 2468 2267 2522 sui
2289 2470 2505 2527 vicenas
2518 2473 2808 2543 quadrigas
2826 2475 2989 2545 capit.
3016 2478 3216 2534 Domus
3235 2480 3489 2537 intrinse-

1904 2555 2000 2614 eus
2042 2558 2235 2630 quater
2260 2564 2486 2634 geminae
2525 2566 2879 2645 habitationis
2920 2569 3117 2626 minaci
3159 2573 3489 2641 proceritate

1902 2646 2197 2718 mirabiles,
2215 2660 2271 2707 et
2290 2661 2467 2731 tamen
2491 2655 3060 2729 illajmaguaBabylon,
3078 2660 3163 2714 illa
3178 2662 3350 2730 prima
3364 2670 3489 2733 post

1902 2742 2301 2811 reparationem
2347 2745 2569 2801 humani
2613 2749 2831 2817 generis
2879 2750 3127 2817 condita,
3158 2769 3300 2809 nunc
3348 2770 3486 2824 pene

1902 2831 2065 2905 etiam
2088 2834 2205 2888 sine
2225 2849 2375 2889 mora
2394 2836 2556 2901 victa,
2590 2846 2746 2907 capta
2788 2848 2843 2893 et
2871 2840 3131 2895 subversa
3168 2851 3271 2908 est.
3312 2842 3488 2913 Cyrus

1901 2920 2068 2993 igitur
2094 2924 2304 2980 cunctis
2324 2926 2608 2983 adversum
2635 2944 2772 2999 quos
2798 2928 2937 2984 ierat
2956 2930 3292 3000 perdomitis,
3319 2931 3483 3005 Assy-

1901 3012 2027 3077 rios,
2057 3013 2113 3067 et
2155 3008 2505 3095 Babyloniam
2546 3018 2699 3087 petit,
2748 3029 2980 3089 gentem,
3028 3021 3323 3092 urbemque
3353 3033 3483 3080 tunc

1898 3103 2110 3159 cunctis
2129 3103 2520 3173 0pulentiorem
2547 3125 2559 3160 :
2593 3106 2687 3161 sed
2708 3107 2966 3177 impetum
2993 3107 3109 3177 ejus
3134 3110 3370 3168 Gindeus
3388 3111 3481 3168 ﬂu-

1848 3189 1868 3223 -‘
1897 3193 2035 3259 vius,
2066 3180 2317 3265 secunda:
2338 3204 2462 3266 post
2481 3196 2793 3269 Euphraten
2831 3197 3222 3271 magnitudinis
3248 3202 3482 3260 interce-

1892 3286 1992 3356 pit.
2027 3285 2164 3342 Nam
2209 3304 2374 3370 unum
2404 3286 2675 3360 regiorum
2703 3305 2964 3361 equorum
3002 3293 3238 3348 candore
3282 3292 3484 3351 forma-

1893 3393 1999 3448 que
2045 3378 2399 3434 excellentem
2455 3381 2824 3437 transmeandi
2868 3380 3063 3457 fiducia
3110 3398 3432 3453 persuasum
3460 3425 3475 3450 ,

1892 3482 1999 3538 qua
2028 3482 2126 3537 per
2155 3470 2405 3539 rapacem
2432 3469 2645 3525 alveum
2686 3469 2874 3525 oﬂ‘ensi
2898 3471 3033 3525 vado
3060 3473 3294 3528 vortices
3319 3475 3479 3528 attol-

1891 3548 2159 3625 lebantUr,
2189 3546 2468 3630 abreptum
2513 3561 3013 3630 praecipitatumque
3043 3556 3326 3616 merserat.
3360 3562 3477 3617 Rex

1892 3646 2065 3707 iratus
2085 3648 2274 3706 ulcisci
2302 3651 2355 3705 in
2383 3662 2597 3707 amnem
2627 3651 2835 3716 statuit,
2860 3658 3171 3705 contestans
3199 3665 3345 3716 eum,
3382 3652 3478 3722 qui

1892 3759 2036 3799 nunc
2074 3751 2181 3799 tam
2221 3724 2539 3813 praeclarum
2568 3758 2763 3813 equum
2800 3743 3117 3809 voravisset,
3146 3742 3361 3800 feminis
3386 3745 3477 3800 vix

1890 3852 2078 3907 genua
2114 3836 2441 3908 tingentibus
2481 3834 2859 3904 permeabilem
2900 3834 3307 3904 relinquendum
3334 3854 3347 3889 :
3375 3850 3476 3892 nec

1888 3927 2191 4002 peragendo
2235 3926 2455 3996 segnior
2495 3920 2596 3980 fuit
2643 3943 2655 3977 :
2714 3925 2839 3980 totis
2875 3925 3047 4002 c0piis
3080 3927 3287 4001 perpeti
3329 3943 3474 3984 anno

1890 3999 2096 4073 Ginden
2129 4015 2347 4070 ﬂuvium
2378 4030 2473 4085 per
2513 4030 2735 4085 magnas
2757 3999 3034 4073 concisum
3079 3999 3475 4088 deductumque

1894 4106 2064 4162 fossas
2088 4107 2142 4161 in
2172 4098 2591 4176 quadringentos
2615 4106 2893 4175 sexaginta
2932 4105 3110 4160 alveos
3132 4106 3469 4161 comminuit.

1889 4197 1967 4254 Eo
1987 4213 2149 4268 Opere
2172 4196 2456 4266 praedoctis
2481 4195 2777 4251 fossoribus
2798 4180 2961 4250 etiam
2990 4196 3299 4266 Euphraten
3313 4196 3471 4269 longe

1889 4286 2301 4351 validissimum,
2345 4293 2401 4339 et
2430 4285 2659 4340 mediam
2692 4286 3041 4357 Babyloniam
3074 4286 3471 4348 interﬂuentem

1889 4360 2171 4443 derivavit,
2202 4392 2268 4432 ac
2299 4360 2377 4432 si’c
2418 4376 2736 4432 meabilibus
2764 4377 2912 4431 vadis
2942 4376 3140 4430 siccum
3175 4377 3339 4430 etiam
3374 4392 3471 4446 pa-

209 4488 231 4523 ι
262 4470 500 4525 animam
546 4476 727 4535 suam,
785 4466 1038 4538 quoniam
1093 4469 1311 4539 replebo
1369 4477 1422 4525 te
1479 4467 1785 4524 hominibus
1810 4503 1863 4563 Ι)
1889 4470 2126 4526 tentibus
2168 4468 2304 4523 alvei
2350 4466 2595 4539 partibus
2638 4468 2740 4521 iter
2783 4466 2931 4531 fecit,
2987 4466 3235 4536 cepitque
3278 4467 3470 4549 urbem

208 4581 232 4617 ι
261 4564 418 4633 quasi
452 4563 680 4627 hrucho,
728 4569 794 4617 et-
824 4576 986 4631 super
1018 4558 1069 4615 te
1112 4561 1351 4616 celeuma
1392 4560 1717 4617 cantabitur.
1759 4562 1777 4613 ὁ

202 4654 497 4729 (ΜΑυιιυε.)
523 4654 606 4711 Ad
630 4654 813 4711 Medos
840 4660 894 4709 et
918 4648 1112 4710 Persas
1156 4645 1458 4709 vastatores
1499 4653 1785 4724 Babylonis

201 4743 463 4815 loquitur,
496 4753 555 4799 ut
584 4752 884 4815 praeparent
925 4760 1071 4797 arma
1118 4760 1213 4799 sua
1251 4745 1318 4799 ad
1356 4744 1784 4799 interficiendan'l

202 4852 349 4901 eam,
375 4846 536 4904 atque
558 4838 936 4891 destmendam
961 4836 1011 4890 in
1033 4836 1287 4890 ultionem
1313 4836 1489 4907 pepuli
1518 4829 1631 4890 Dei.
1655 4836 1784 4903 Quae

202 4927 349 4985 enim
374 4926 629 4980 Dominus
650 4925 901 4997 cogitavit
923 4938 1082 4993 super
1100 4926 1445 4995 Babylonem,
1469 4932 1523 4980 et
1545 4940 1641 4995 per
1664 4939 1785 4995 pro—

200 5019 401 5090 phetas
420 5028 545 5072 suos
566 5017 615 5072 ei
646 5031 703 5074 se
736 5018 1003 5078 facturum
1042 5019 1401 5073 comminatus
1422 5018 1524 5083 est,
1564 5020 1784 5075 Omnino

202 5128 373 5183 Opere
402 5110 687 5181 complevit
713 5125 726 5163 :
756 5110 827 5164 ita
854 5116 913 5163 ut
935 5109 1000 5164 de
1044 5110 1235 5177 magna
1281 5110 1543 5180 potentia,
1573 5120 1626 5165 et
1672 5128 1786 5166 am-

200 5201 467 5273 plitudine
511 5194 682 5272 regni,
716 5201 781 5256 ad
808 5207 1092 5271 angustum
1140 5201 1324 5270 ﬁnem,
1366 5201 1452 5256 vel
1500 5202 1671 5272 magis
1718 5204 1785 5258 ad

204 5292 435 5349 nihilum
470 5308 593 5347 eam
636 5293 971 5363 perduceret.
1018 5279 1209 5349 iurare
1238 5293 1381 5348 enim
1416 5274 1614 5347 dicitur
1643 5294 1786 5349 Deus

205 5394 307 5455 per
334 5384 571 5440 animam
596 5398 748 5438 suam
773 5403 786 5438 :
816 5400 922 5439 non
944 5369 1086 5454 qdod
1115 5382 1266 5439 more
1293 5382 1529 5440 humano
1556 5397 1677 5439 cum
1700 5383 1785 5454 ju-

206 5483 456 5533 rameuto
501 5472 700 5546 aliquid
747 5476 1023 5542 decernat,
1062 5477 1155 5532 sed
1200 5474 1260 5531 ut
1304 5462 1587 5533 consilium
1629 5482 1783 5532 suum

208 5571 375 5635 atque
395 5565 617 5621 verbum
638 5564 850 5631 stabile,
878 5576 933 5622 et
955 5567 1167 5623 ﬂrmum
1188 5581 1309 5623 esse
1336 5568 1489 5624 nobis
1504 5566 1781 5623 OStendat:

208 5656 339 5725 quia
376 5671 395 5708 ί
424 5656 615 5713 coelum
642 5665 697 5713 et
728 5667 871 5713 terra
899 5662 1229 5727 transibunt,
1255 5662 1419 5717 verba
1450 5664 1630 5716 autem
1666 5645 1783 5715 mea

211 5758 324 5807 non
358 5755 664 5811 transibunt
697 5752 846 5825 (Luc.
888 5754 1023 5825 xxi).
1073 5775 1089 5806 ι
1122 5756 1366 5826 Replevit
1390 5772 1520 5828 ergo
1554 5751 1785 5822 Babylo-

1888 4574 2051 4633 quam
2078 4563 2314 4617 humano
2337 4576 2497 4630 opere
2523 4560 2696 4614 extrui
2712 4560 2973 4629 potuisse,
2996 4559 3079 4613 vel
3101 4558 3335 4614 humana
3359 4562 3469 4616 vir-

1888 4664 2000 4711 tute
2023 4656 2227 4711 destrui
2253 4668 2431 4724 posse,
2464 4663 2755 4722 utrumque
2795 4667 2931 4721 pene
2979 4651 3288 4705 incredibile
3324 4654 3465 4723 apud

1887 4747 2144 4802 mortales
2183 4753 2319 4803 erat.
2355 4745 2433 4799 lbi
2461 4752 2590 4799 tunc
2614 4743 2833 4798 Croesus
2865 4758 2959 4797 rex
2988 4741 3257 4812 Lydorum
3295 4741 3466 4799 famo-

1889 4854 1980 4894 sus
2012 4838 2219 4909 opibus,
2248 4848 2375 4891 cum
2396 4836 2461 4890 ad
2490 4834 2853 4889 auxiliandum
2875 4833 3183 4905 Babyloniis
3204 4835 3460 4900 venisset,

1886 4930 2061 4983 victus
2082 4927 2307 4983 sollicite
2335 4928 2390 4980 in
2426 4938 2643 4997 regnum
2660 4923 2874 4995 refugit.
2898 4923 3070 4994 Cyros
3086 4935 3262 4978 autem
3279 4934 3462 4993 postea

1890 5037 2049 5092 quam
2068 5018 2414 5090 Babyloniam
2439 5028 2497 5072 ut
2518 5017 2687 5072 hostis
2716 5016 2931 5075 invasit,
2964 5024 3022 5069 ut
3050 5016 3225 5071 victor
3245 5016 3457 5079 evertit,

1890 5122 1950 5168 ut
1978 5127 2071 5167 rex
2101 5112 2382 5181 disposuit,
2424 5094 2619 5164 bellum
2657 5096 2930 5162 transtulit
2959 5108 3013 5162 in
3059 5106 3280 5178 Lydiam
3321 5125 3331 5160 :
3366 5106 3457 5160 ubi

1892 5202 2180 5257 contritum
2217 5199 2476 5271 superiori
2520 5198 2632 5267 jam
2656 5198 2843 5269 prreiio
2877 5194 3169 5252 exercitum
3196 5190 3345 5251 nullo
3371 5212 3463 5251 ne-

1891 5296 2034 5366 gotio
2062 5294 2352 5364 superavit,
2382 5292 2553 5362 ipsum
2575 5292 2738 5346 etiam
2761 5290 3005 5346 Crassum
3035 5284 3193 5358 cepit,
3227 5297 3463 5357 captum-

1894 5386 1997 5457 qire
2040 5396 2096 5441 et
2144 5387 2254 5440 vita
2294 5383 2347 5439 et
2392 5382 2719 5453 patrimonio
2762 5382 3002 5437 donavit.
3046 5380 3150 5435 Sed
3192 5397 3289 5435 nec
3332 5377 3461 5435 illud

1892 5477 2158 5535 silendum
2188 5473 2438 5541 arbitror,
2470 5474 2613 5545 quod
2640 5473 2997 5529 descendente
3024 5471 3226 5525 Arbato
3253 5484 3378 5539 rege
3407 5469 3461 5523 in

1892 5568 2073 5624 Medos
2087 5576 2299 5638 partem
2320 5566 2472 5636 regni
2495 5580 2660 5636 penes
2684 5582 2742 5621 se
2768 5565 3039 5620 retinuere
3062 5562 3295 5617 Chaldzei
3326 5579 3338 5614 :
3370 5560 3461 5629 qui

1891 5658 2234 5731 Babyloniam
2264 5656 2368 5713 sibi
2394 5657 2649 5713 adversus
2693 5655 2873 5713 Medos
2908 5655 3333 5711 vindicaverunt.
3383 5651 3459 5705 Ita

1888 5765 2193 5839 Babyloniae
2232 5758 2479 5827 Ροωδωώ
2522 5747 2669 5825 apud
2714 5746 2929 5819 Medos,
2976 5748 3278 5823 proprietas
3322 5743 3461 5816 apud
