3952 6316
438 327 575 384 1167

1082 331 1146 386 Β.
1189 331 1446 388 RABANI
1485 331 1708 391 MAUR]
1741 332 2066 391 ARCHIEP.
2109 332 2422 392 MOGUNT.
2465 334 2760 394 OPERUM
2798 337 2985 392 PARS
3023 336 3110 393 ιιι.

3609 339 3745 394 1168

435 442 720 500 Chaldaeos
771 442 893 500 fuit.
944 444 1183 504 Chaldaii
1251 456 1435 505 autem
1485 457 1708 521 propter
1754 450 2036 521 antiquam
2063 450 2111 512 Α
2143 447 2309 505 tionis
2337 449 2467 505 fecit
2509 449 2729 522 fastigia
2777 452 3087 523 pervenire,
3137 449 3232 520 qui
3273 450 3474 506 merito
3519 451 3749 507 nubibus

436 537 601 608 regiae
631 537 782 593 urbis
807 538 1127 610 dignitatem
1155 554 1264 595 non
1296 541 1445 597 illam
1478 557 1652 610 suam,
1679 543 1774 598 sed
1804 557 1864 598 se
1891 541 2035 598 illius

434 643 634 684 vocare
659 629 987 685 maluerunt.
1026 631 1179 687 Unde
1206 631 1412 689 factum
1457 643 1541 690 est
1574 645 1638 689 ut
1672 634 2037 691 Nabuchodo-

437 736 626 788 nosor,
678 723 974 794 caeterique
1018 733 1145 793 post
1178 739 1302 780 eum
1357 740 1528 796 usque
1579 723 1782 798 Cyrum
1840 741 2035 796 reges,

436 811 686 881 quamvis
707 811 1086 870 Chaldaeorum
1113 816 1322 872 viribus
1344 825 1615 888 potentes,
1647 827 1704 875 et
1728 819 2041 892 Babyloniae

435 904 655 958 nomine
696 904 843 959 Darii
873 905 1143 977 legantur,
1174 907 1231 962 in
1260 924 1487 964 numero
1517 918 1569 964 et
1611 911 1803 966 ordine
1851 928 2040 983 regum

436 1010 546 1050 non
576 995 885 1051 habeantur
932 997 1245 1054 illustrium.
1277 999 1518 1072 Babylon
1569 1002 1751 1073 itaque
1790 1019 1855 1059 eo
1897 1020 2040 1060 anno

433 1089 535 1144 sub
555 1087 1048 1161 Arbatopraafecto
1099 1093 1434 1148 dehonorata
1459 1101 1565 1161 est,
1597 1111 1705 1166 quo
1735 1095 1909 1151 Roma
1938 1095 2040 1152 sub

431 1179 606 1237 Proca
630 1198 780 1255 rege,
801 1192 862 1238 ut
886 1184 1107 1254 proprie
1141 1185 1398 1252 dixerim,
1430 1188 1700 1243 seminata
1728 1199 1831 1244 est.
1867 1187 2040 1259 Baby-

433 1272 524 1329 lon
555 1275 944 1331 novissimeeo
968 1283 1214 1347 tempore
1241 1294 1272 1332 a
1298 1278 1440 1350 Cyro
1462 1293 1590 1350 rege
1617 1281 1897 1345 subversa,
1932 1294 2040 1350 quo

432 1365 611 1432 primo
643 1364 816 1422 Roma
842 1382 874 1421 a
906 1367 1333 1440 Tarquiniorum
1362 1386 1554 1442 regum
1585 1371 1958 1429 dominatione
1979 1373 2041 1428 li-

431 1456 624 1514 berata
647 1468 750 1516 est.

511 1571 529 1603 ‹
576 1550 680 1620 Qui
716 1554 850 1610 fecit
895 1564 1097 1612 terram
1132 1559 1186 1613 in
1223 1559 1545 1616 fortitudine
1576 1577 1675 1618 sua
1704 1602 1718 1628 ,
1749 1571 1804 1618 et
1830 1576 2040 1633 praepa-

438 1660 456 1692 ι
506 1644 648 1697 ravit
688 1647 878 1702 orbem
915 1648 969 1702 in
1000 1650 1268 1719 sapientia
1321 1667 1419 1706 sua
1447 1693 1462 1718 ,
1519 1661 1575 1707 et
1617 1653 1909 1729 prudentia
1940 1668 2039 1707 sua

438 1754 459 1786 ‹
505 1738 752 1793 extendit
789 1740 958 1796 caelos
997 1756 1012 1795 :
1061 1743 1226 1798 dante
1261 1759 1327 1800 eo
1367 1759 1556 1800 vocem
1607 1745 2040 1817 multiplicantur

2144 550 2554 613 comparantur,
2590 545 2849 614 quoniam
2890 545 3069 601 imbre
3111 543 3197 599 sui
3248 545 3455 615 eloquii
3501 560 3532 598 a
3581 545 3748 599 futuri

2138 631 2330 702 judicii
2360 649 2460 689 nos
2485 633 2665 690 calore
2691 633 3022 702 defendunt,
3066 636 3194 689 dum
3235 636 3523 691 animabus
3548 634 3753 691 nostris

2144 735 2211 789 de
2251 733 2436 790 futuro
2465 735 2808 805 depromunt.
2843 734 3025 790 Nubes
3055 735 3221 802 enim,
3266 733 3408 789 sicut
3437 733 3753 804 frequenter

2145 825 2355 881 dictum
2399 833 2516 892 est,
2549 827 2846 896 prophetas
2887 825 3061 896 accipi
3091 824 3288 880 debere
3340 824 3630 894 Scriptura
3671 831 3749 878 te-

2145 923 2345 982 statur,
2378 916 2602 972 dicens:
2635 935 2654 968 ‹
2688 916 2951 972 Mandabo
2983 917 3217 973 nubibus
3254 916 3413 982 meis,
3452 931 3522 970 ne
3563 914 3751 984 pluant

2143 1023 2309 1078 super
2329 1023 2451 1064 eam
2472 1007 2732 1078 pluviam.
2754 1027 2773 1059 ι
2795 1007 3056 1076 Sequitur
3084 1026 3096 1061 :
3126 1027 3144 1058 ‹
3166 1007 3402 1078 Fulgura
3432 1008 3487 1061 in
3514 1007 3754 1077 pluviam

2143 1099 2290 1154 fecit.
2330 1119 2349 1151 ι
2403 1099 2828 1154 Praadicationes
2877 1099 3064 1167 itaque
3106 1099 3500 1170 prophetarum
3539 1097 3752 1168 fulgura

2143 1197 2272 1243 sunt
2303 1205 2425 1243 cum
2463 1190 2775 1260 percutiunt
2804 1189 3058 1244 inimicos
3092 1207 3104 1242 :
3135 1188 3329 1260 pluvia:
3358 1231 3372 1255 ,
3405 1207 3529 1246 cum
3586 1190 3749 1244 devo-

2143 1288 2229 1335 tos
2271 1294 2303 1334 a
2342 1280 2584 1350 peccatis
2614 1280 2862 1346 diluunt,
2892 1287 2948 1334 et
2972 1280 3205 1335 imbrem
3238 1281 3317 1335 eis
3350 1281 3543 1336 salutis
3572 1281 3752 1335 infun-

2144 1373 2298 1427 dunt.
2336 1371 2492 1428 Unde
2522 1371 2796 1442 spiritales
2829 1372 3137 1442 germinent
3161 1372 3394 1437 fructus,
3435 1381 3494 1426 et
3537 1374 3593 1427 in
3639 1390 3755 1429 ma-

2145 1473 2324 1519 turam
2365 1479 2601 1520 messem
2645 1466 2876 1522 Domino
2919 1475 3218 1536 praestante
3261 1466 3598 1522 coalescunt.
3642 1469 3751 1523 Ad-

2143 1559 2282 1614 didit
2330 1576 2342 1612 :
2381 1577 2400 1610 ι
2438 1558 2541 1626 Qui
2579 1559 2830 1629 producit
2879 1568 3071 1615 ventos
3128 1562 3194 1615 de
3231 1560 3512 1615 thesauris
3554 1562 3687 1616 suis.
3725 1580 3744 1614 ι

2141 1650 2350 1709 Ventos
2373 1669 2480 1709 non
2529 1654 2826 1724 improprie
2871 1654 3126 1724 ponimus
3172 1653 3449 1724 apostolos
3479 1669 3492 1706 :
3523 1668 3752 1722 quorum

2141 1743 2461 1813 praedicatio
2498 1753 2673 1800 totum
2716 1745 2978 1799 mundum
3032 1755 3289 1816 tanquam
3337 1754 3534 1799 ventus
3576 1745 3749 1801 celer—

437 1843 458 1879 ι
506 1843 659 1899 aquae
688 1831 744 1884 in
782 1833 943 1887 coelo.
977 1833 1082 1900 Qui
1111 1834 1255 1890 levat
1282 1836 1454 1893 nubes
1483 1836 1552 1892 ab
1577 1847 1826 1892 extremo
1856 1846 2038 1904 terras,
2070 1829 2120 1889 B
2150 1836 2324 1891 rimus
2346 1836 2710 1906 percucurrit.
2738 1836 2815 1891 De
2840 1837 3036 1905 quibus
3060 1837 3165 1892 alio
3191 1837 3311 1892 loco
3337 1839 3606 1906 scriptum
3633 1847 3712 1892 est
3738 1858 3748 1891 :

437 1937 455 1970 ε
505 1920 719 1994 fulgura
751 1925 804 1979 in
834 1925 1077 1996 pluviam
1132 1928 1290 1997 fecit,
1344 1940 1401 1986 et
1454 1932 1710 2002 produxit
1738 1943 1931 1987 ventos
1977 1933 2045 1988 de

437 2033 456 2064 ι
504 2015 775 2073 thesauris
831 2020 964 2075 suis.
1020 2042 1038 2072 ι
1093 2020 1387 2093 (ΜΑυηυε.)
1435 2023 1604 2080 Recte
1656 2023 2043 2079 demonstrans

429 2107 725 2181 Babylonis
754 2113 1168 2170 subversionem
1206 2131 1385 2172 sermo
1431 2117 1814 2189 propheticus,
1843 2118 1911 2173 ad
1947 2133 2043 2171 au-

432 2210 640 2258 ctorem
681 2213 846 2260 tanta:
870 2205 1043 2270 cladis
1094 2208 1295 2275 rediit,
1344 2209 1469 2278 quia
1515 2225 1624 2264 non
1679 2217 1762 2263 est
1798 2216 2042 2278 potestas

431 2295 536 2352 nisi
566 2312 596 2351 a
629 2298 760 2365 Deo,
795 2315 919 2354 cum
947 2302 1198 2357 excelsus
1225 2303 1540 2357 dominatur
1566 2303 1621 2357 in
1663 2319 1831 2373 regno
1859 2304 2041 2360 homi-

430 2405 561 2445 num
587 2398 642 2446 et
669 2393 758 2447 cui
787 2393 1024 2450 voluerit
1051 2396 1202 2450 dabit
1224 2395 1382 2452 illud:
1419 2415 1437 2447 ι
1465 2396 1568 2463 Qui
1598 2396 1728 2452 fecit
1751 2407 1955 2454 terram
1985 2399 2040 2453 in

429 2477 751 2537 fortitudine
787 2499 903 2546 sua,
944 2493 1000 2539 et
1033 2488 1359 2556 praeparavit
1389 2487 1579 2543 orbem
1631 2490 1899 2560 sapientia
1943 2506 2041 2545 sua

428 2580 485 2626 et
507 2573 796 2642 prudentia
825 2591 923 2630 sua
948 2578 1197 2632 extendit
1223 2578 1394 2634 caelos
1425 2597 1436 2631 :
1471 2599 1489 2630 ι
1524 2578 1650 2648 quia
1683 2595 1782 2649 per
1813 2579 2041 2635 verbum

429 2679 611 2731 suum,
661 2666 767 2721 hoc
795 2676 899 2732 est,
949 2667 1142 2723 Filium
1174 2671 1514 2742 unigenitum
1537 2713 1551 2737 ,
1588 2672 1681 2741 qui
1713 2673 1994 2728 brachium
2024 2714 2039 2740 ,

428 2754 603 2810 virtus
639 2764 695 2810 et
732 2757 998 2828 sapientia
1031 2760 1150 2830 ejus
1180 2761 1380 2816 dicitur
1403 2803 1418 2827 ,
1449 2762 1656 2817 creavit
1699 2764 1885 2819 omnia
1919 2780 2039 2834 quae

429 2847 484 2900 in
517 2848 680 2916 caelo,
709 2858 764 2905 et
789 2867 912 2922 quae
944 2853 997 2907 in
1045 2862 1214 2922 terra,
1245 2864 1300 2910 et
1325 2871 1445 2926 quae
1476 2856 1530 2911 in
1558 2858 1697 2912 mari
1733 2864 1879 2924 sunt,
1912 2857 2038 2926 quia

438 2960 454 2990 ι
487 2940 604 3011 ipse
641 2943 780 2996 dixit
828 2954 883 2998 et
937 2945 1081 3000 facta
1132 2956 1282 3014 sunt,
1311 2949 1427 3017 ipse
1461 2949 1744 3004 mandavit
1769 2957 1826 3004 et
1854 2956 2038 3003 creata

433 3041 579 3086 sunt.
644 3030 837 3088 Omnia
887 3036 1033 3090 enim
1067 3052 1166 3108 per
1213 3038 1388 3108 ipsum
1421 3038 1566 3095 facta
1598 3049 1767 3106 sunt,
1807 3049 1862 3094 et
1921 3039 2039 3095 sine

428 3125 546 3192 ipso
579 3122 786 3180 factum
811 3133 895 3180 est
918 3127 1072 3181 nihil.
1107 3146 1126 3179 ι
1159 3128 1360 3183 Rerum
1395 3129 1639 3184 omnium
1672 3138 1894 3186 creator
1924 3131 2039 3201 ipse

419 3213 481 3270 'et
509 3215 794 3271 ordinator
821 3227 928 3284 est,
960 3227 1015 3274 et
1036 3220 1369 3290 gubernator
1402 3241 1414 3274 :
1447 3229 1503 3275 et
1541 3221 1798 3277 universa
1841 3237 2036 3277 secun-
2065 3193 2111 3256 Ο

428 3307 557 3360 dum
599 3306 935 3363 voluntatem
988 3324 1145 3364 suam
1190 3299 1450 3380 disponit,
1478 3310 1768 3368 Psalmista
1799 3320 2037 3368 testante

426 3399 521 3468 qui
554 3399 630 3453 ait
661 3403 688 3453 ε’
715 3417 734 3452 ‹
765 3399 962 3465 Omnia
1004 3416 1344 3472 quaecunque
1382 3402 1554 3458 voluit
1607 3402 1870 3458 Dominus
1905 3401 2038 3458 fecit

425 3490 481 3544 in
504 3491 644 3546 caelo
672 3500 729 3546 et
754 3492 810 3546 in
840 3501 1009 3559 terra,
1045 3494 1099 3548 in
1122 3496 1258 3548 mari
1283 3503 1338 3549 et
1368 3495 1421 3549 in
1453 3495 1687 3566 abyssis,
1719 3502 1776 3550 et
1797 3495 2035 3550 educens

425 3583 601 3638 nubes
630 3584 698 3638 ab
727 3593 975 3640 extremo
997 3592 1178 3651 teme,
1198 3586 1480 3657 fulgurain
1496 3587 1735 3657 pluviam
1750 3587 1909 3643 fecit:
1941 3587 2036 3659 qui

422 3676 676 3746 producit
701 3685 894 3732 ventos
921 3678 989 3733 de
1038 3680 1313 3735 thesauris
1349 3679 1464 3734 suis
1516 3677 1695 3751 (Psal.
1725 3680 1970 3751 cxxxrv).
2009 3698 2028 3730 ι

425 3764 720 3838 (ϐαδδὶοά.)
771 3766 907 3820 Nam
942 3769 1193 3836 quamvis
1266 3769 1376 3824 sint
1434 3769 1823 3825 inenarrabilia
1867 3783 2032 3838 opera

423 3858 662 3924 Domini,
724 3868 980 3930 totusque
1030 3860 1264 3916 mundus
1313 3860 1524 3917 referre
1575 3877 1686 3917 non
1739 3862 2032 3932 praevaleat

424 3955 569 4023 quod
593 3965 852 4023 operatur
887 3955 981 4008 :in
1012 3956 1216 4010 mundo
1260 3963 1442 4010 tamen
1492 3955 1582 4011 hic
1628 3957 1881 4012 universa
1929 3957 2030 4012 sti-

424 4043 623 4112 pendia
653 4043 919 4097 brevitate
950 4045 1202 4099 conclusa
1232 4055 1378 4110 sunt,
1411 4046 1594 4099 omnia
1637 4047 1808 4101 Deum
1836 4047 2032 4102 fecisse

425 4152 548 4206 qua:
575 4135 747 4190 voluit
774 4137 829 4190 in
853 4136 992 4190 coelo
1013 4145 1068 4191 et
1096 4139 1149 4191 in
1176 4145 1341 4205 terra,
1367 4138 1423 4190 in
1446 4138 1604 4204 mari,
1628 4141 1756 4194 etin
1784 4141 2025 4212 abyssis:

423 4237 569 4282 utet
617 4237 802 4284 creata
852 4244 971 4298 qua:
1019 4229 1172 4284 vides
1218 4230 1336 4300 ejus
1389 4230 1670 4286 voluntate
1719 4231 1859 4286 facta
1910 4247 2030 4288 esse

424 4322 807 4391 Cognosceres,
838 4330 895 4375 et
924 4321 1013 4374 illa
1042 4335 1163 4389 quae
1189 4323 1443 4377 humanis
1486 4331 1766 4392 nequeunt
1802 4337 2030 4393 conspe-

424 4414 606 4468 ctibus
656 4428 962 4484 apparere,
1006 4411 1176 4482 ipsius
1239 4414 1481 4482 potentia
1541 4415 1810 4468 contineri
1871 4429 2030 4484 posse

424 4507 680 4562 sentires.
711 4505 918 4561 Caelum
953 4506 1190 4576 positum
1219 4515 1304 4561 est
1332 4521 1431 4575 pro
1458 4508 1669 4562 cunctis
1691 4507 2024 4574 coelestibus,

427 4607 572 4652 terra
603 4612 702 4666 pro
745 4597 1001 4651 omnibus
1028 4612 1148 4665 qua:
1179 4598 1236 4651 in
1292 4599 1457 4652 humo
1502 4599 1833 4668 gignuntur;
1872 4615 2024 4654 mare

424 4699 907 4748 commemoratum
979 4691 1221 4746 dicamus
1290 4707 1390 4760 pro
1458 4692 1579 4748 istis
1637 4693 1835 4746 finibus
1869 4707 2024 4761 quos

424 4784 844 4841 commeantium
897 4783 1176 4837 discursus
1237 4783 1484 4837 invisitat
1533 4801 1546 4838 :
1599 4784 1828 4853 abyssus
1892 4797 2022 4837 vero

423 4893 689 4944 oceanum
733 4878 1017 4946 designat,
1063 4877 1155 4946 qui
1202 4885 1255 4930 et
1318 4877 1475 4931 nobis
1543 4877 1802 4946 ignotus,
1858 4884 1913 4931 et
1962 4886 2022 4930 ut

423 4971 643 5039 quidem
684 4967 927 5022 referunt
955 4967 1238 5022 altitudine
1274 4981 1469 5037 magna
1501 4964 1799 5036 profundus
1825 4975 1927 5020 est.
1960 4964 2018 5019 In

423 5063 511 5116 his
554 5072 736 5116 autem
773 5061 1026 5114 omnibus
1071 5058 1326 5114 voluntas
1377 5057 1624 5121 Domini,
1671 5057 1788 5112 sine
1836 5057 2018 5125 aliqua

426 5135 765 5210 dubitatione
795 5152 1116 5221 completur.
1140 5153 1293 5219 Quod
1330 5159 1511 5205 autem
1543 5150 1676 5204 dicit
1716 5169 1733 5200 ι
1784 5151 2021 5206 educens

425 5249 597 5303 nubes
624 5248 692 5302 ab
721 5254 969 5300 extremo
1000 5244 1187 5310 terrae,
1212 5243 1425 5314 fulgura
1470 5243 1524 5296 in
1560 5241 1795 5312 pluviam
1838 5241 1969 5296 fecit
1999 5281 2013 5305 ,

439 5340 519 5409 'jui
549 5338 798 5407 producit
831 5344 1024 5392 ventos
1066 5336 1133 5391 de
1170 5334 1442 5389 thesauris
1482 5334 1627 5398 suis,
1663 5353 1681 5385 ι
1712 5333 1816 5388 hoc
1861 5333 1908 5387 si
1949 5332 2017 5387 ad

428 5434 662 5486 litteram
710 5430 978 5497 intendas,
1023 5438 1234 5484 secreta
1270 5436 1478 5482 naturae
1522 5426 1736 5482 Domini
1787 5431 2019 5481 testatur

429 5526 898 5581 administratione
950 5524 1226 5594 compleri.
1273 5522 1381 5578 Sed
1407 5524 1662 5593 quoniam
1693 5523 1761 5578 de
1790 5523 2019 5578 Hebraeo

428 5617 625 5686 populo
656 5617 787 5672 dicit
817 5615 1042 5671 inferius
1076 5634 1087 5668 :
1119 5616 1374 5670 convenit
1422 5615 1524 5670 hoc
1579 5630 1793 5684 quoque
1840 5614 2018 5669 homi-

429 5711 586 5763 nibus
616 5709 885 5779 applicare
913 5727 922 5762 :
963 5728 980 5759 ι
1016 5707 1215 5762 Eduxit
1238 5707 1406 5762 nubes
1433 5707 1500 5761 ab
1526 5714 1771 5761 extremo
1803 5715 2010 5760 terras.»

431 5805 656 5872 Quando
684 5805 974 5867 prophetas
1005 5805 1071 5860 ab
1098 5802 1285 5862 humili
1314 5801 1623 5872 proposito,
1653 5803 1718 5859 ad
1753 5803 2015 5872 pranlica-

2055 4558 2106 4617 D

2156 1947 2173 1980 ι
2213 1927 2451 2000 Sagittas
2496 1944 2625 1983 suas
2662 1931 2981 1984 ardentibus
3017 1927 3181 1985 efﬁcit
3211 1927 3386 2000 (Psal.
3415 1931 3536 1998 vn).
3571 1951 3590 1981 ι
3621 1929 3748 1984 Nam

2148 2021 2284 2091 ipsis
2312 2037 2531 2091 quoque
2558 2021 2738 2076 ventis
2781 2038 2974 2093 pennae
3003 2037 3102 2092 per
3125 2023 3404 2078 discursus
3430 2037 3528 2077 sua
3560 2021 3748 2077 celeri-

2147 2119 2259 2166 tate
2283 2113 2626 2176 tribuuntur;
2656 2113 2732 2166 ait
2756 2116 2940 2166 enim:
2978 2131 2996 2163 ‹
3034 2111 3396 2168 Transcendit
3439 2128 3607 2184 super
3628 2113 3752 2167 che-

2147 2206 2310 2262 rubin
2337 2214 2393 2260 et
2417 2205 2639 2272 volavit,
2676 2206 2879 2260 volavit
2919 2220 3085 2276 super
3124 2220 3330 2275 pennas
3377 2213 3692 2261 ventorum.
3730 2227 3744 2257 ι

2149 2298 2438 2354 Subnectit
2469 2317 2482 2352 :
2520 2316 2539 2348 ‹
2572 2299 2639 2354 de
2672 2301 2941 2355 thesauris
2970 2301 3102 2356 suis.
3140 2320 3158 2353 ›
3200 2299 3355 2357 Unde
3405 2317 3604 2357 revera
3647 2302 3748 2364 spi-

2146 2388 2333 2443 ritales
2359 2396 2610 2459 poterant
2635 2390 2852 2459 prodire
2887 2390 3108 2444 divitiae.

2224 2499 2242 2531 ι
2292 2480 2501 2536 Stultus
2525 2480 2702 2536 factus
2742 2490 2824 2537 est
2853 2482 3031 2536 omnis
3073 2482 3236 2537 homo
3261 2497 3291 2536 a
3316 2483 3548 2538 scientia
3580 2503 3590 2535 :
3625 2499 3752 2538 con-

2153 2592 2170 2626 ‹
2215 2572 2370 2630 fusus
2398 2585 2483 2630 est
2511 2575 2689 2630 omnis
2735 2575 3003 2631 conﬂatur
3030 2575 3082 2630 in
3112 2576 3346 2646 sculptili
3377 2619 3390 2641 ,
3432 2579 3560 2647 quia
3603 2594 3752 2633 men-

2150 2687 2168 2718 ‹
2215 2666 2318 2721 dax
2352 2675 2438 2721 est
2463 2665 2720 2721 conﬂatio
2749 2667 2886 2734 ejus,
2916 2682 3016 2722 nec
3037 2675 3121 2722 est
3147 2667 3373 2737 spiritus
3403 2668 3455 2722 in
3487 2671 3590 2731 eis,
3618 2686 3748 2723 vana

2150 2776 2168 2810 ‹
2214 2766 2342 2813 sunt
2377 2773 2565 2828 opera,
2591 2766 2647 2813 et
2666 2759 2799 2813 risui
2825 2758 3007 2829 digna,
3053 2759 3107 2811 in
3147 2769 3393 2827 tempore
3420 2760 3753 2814 visitationis

2150 2871 2168 2904 ι
2217 2869 2330 2908 sua:
2369 2853 2646 2922 peribunt.
2691 2850 2810 2908 Non
2849 2852 2989 2907 sicut
3033 2852 3148 2906 haec
3202 2867 3331 2922 pars
3371 2852 3577 2918 Jacob,
3630 2854 3752 2923 quia

2150 2962 2167 2995 ‹
2217 2944 2309 3014 qui
2339 2943 2468 2998 fecit
2490 2943 2672 2998 omnia
2697 2943 2812 3012 ipse
2836 2950 2942 3007 est,
2975 2951 3031 2997 et
3065 2941 3232 2997 Israel
3269 2950 3552 3011 sceptrum
3581 2943 3752 2998 haere-

2150 3053 2167 3085 (
2215 3033 2403 3099 ditatis
2434 3031 2550 3102 ejus
2581 3051 2594 3086 :
2624 3034 2886 3088 Dominus
2916 3033 3254 3088 exercituum
3301 3049 3504 3090 nomen
3556 3033 3697 3102 ejus.
3727 3054 3745 3087 ι

2145 3124 2440 3197 (ΜΑυιωε.)
2471 3125 2624 3181 Bene
2657 3141 2790 3195 ergo
2836 3132 2959 3196 post
2999 3125 3411 3181 subversionem
3455 3125 3751 3198 Babylonis

2144 3215 2499 3286 reprehendit
2545 3216 2815 3271 idolorum
2854 3215 3216 3272 fabricatores
3239 3258 3254 3282 ,
3284 3219 3414 3288 quia
3440 3234 3541 3288 per
3572 3219 3748 3274 stulti-

2145 3309 2275 3364 tiam
2309 3309 2560 3363 humanze
2589 3309 2787 3364 mentis
2810 3307 2956 3364 facta
2990 3324 3155 3380 opera
3184 3319 3309 3365 sunt
3338 3326 3481 3364 vana
3507 3351 3522 3376 ,
3551 3321 3605 3367 et
3639 3313 3745 3367 risu

2143 3400 2303 3471 digna
2339 3399 2505 3469 :quia
2555 3415 2657 3455 nec
2712 3401 2937 3470 spiritus
2988 3401 3041 3454 in
3075 3402 3155 3456 eis
3188 3442 3202 3466 ,
3246 3417 3347 3457 nec
3385 3418 3513 3469 vox,
3573 3417 3748 3473 neque

2143 3509 2359 3559 sensus,
2412 3508 2593 3562 neque
2645 3492 2754 3547 ulla
2801 3491 3039 3548 eﬂicacia
3090 3509 3314 3564 operum
3362 3495 3551 3549 inest:
3605 3497 3747 3551 unde

2139 3599 2241 3639 nec
2271 3598 2352 3648 se,
2385 3598 2564 3654 neque
2595 3583 2833 3638 cultores
2870 3599 2995 3638 suos
3031 3584 3086 3637 in
3122 3584 3208 3640 die
3238 3584 3570 3640 visitationis
3606 3585 3744 3640 libe-

2139 3692 2264 3731 rare
2289 3685 2566 3747 poterunt.
2603 3676 2720 3731 Non
2751 3677 2893 3732 cnim
2923 3684 3042 3731 erat
3073 3675 3193 3731 talis
3223 3687 3381 3732 actus
3423 3679 3605 3740 Israel,
3650 3681 3743 3751 qui

2137 3771 2300 3824 unius
2340 3771 2435 3825 Dci
2463 3770 2638 3825 cultor
2666 3781 2785 3826 erat
2825 3787 2839 3823 :
2885 3785 3115 3840 quorum
3167 3769 3294 3826 licet
3331 3771 3550 3840 plurimi
3580 3774 3743 3827 aber-

2138 3865 2395 3927 raverint,
2429 3864 2582 3918 multi
2614 3873 2790 3918 tamen
2838 3864 2892 3916 in
2939 3862 3041 3917 ﬁde
3077 3874 3515 3931 permanserunt,
3543 3875 3594 3919 et
3621 3863 3740 3932 ejus

2136 3957 2341 4011 auxilio
2383 3971 2524 4026 saepe
2555 3956 2770 4010 liberati
2821 3964 2984 4025 atque
3037 3956 3266 4025 protecti
3317 3963 3461 4010 sunt.
3512 3955 3739 4027 Mystice

2136 4055 2317 4102 autem
2349 4046 2498 4101 stulti
2530 4046 2659 4101 facti
2687 4055 2812 4101 sunt
2841 4062 3031 4103 omnes
3072 4047 3313 4102 haeretici
3359 4057 3519 4118 atque
3564 4049 3739 4103 schis-
3774 4038 3782 4045 ’

2134 4138 2321 4193 matici
2346 4179 2360 4204 ,
2392 4139 2660 4208 fingentes
2701 4138 2989 4193 simulacra
3019 4153 3266 4194 errorum
3301 4155 3522 4193 suorum
3560 4160 3572 4193 :
3607 4143 3736 4211 quia

2133 4231 2389 4301 dogmata
2431 4245 2620 4284 eorum
2649 4245 2789 4284 vana
2820 4239 2947 4285 sunt
2991 4239 3045 4284 et.
3093 4230 3208 4284 risu
3250 4230 3409 4300 digna
3446 4248 3458 4282 :
3492 4233 3632 4286 unde
3679 4233 3734 4286 in

2134 4335 2380 4394 tempore
2406 4322 2757 4387 visitationis,
2795 4323 2898 4378 hoc
2925 4332 3026 4388 est,
3056 4324 3111 4377 in
3139 4324 3224 4378 die
3272 4324 3597 4380 universalis
3645 4324 3732 4392 ju-

2133 4414 2259 4469 dicii
2291 4413 2453 4469 simul
2478 4430 2601 4469 cum
2636 4415 2948 4472 auctoribus
2991 4417 3103 4470 suis
3133 4400 3405 4485 peribunt.
3441 4417 3557 4473 Non
3586 4422 3731 4474 enim

2136 4505 2262 4559 talis
2286 4513 2372 4559 est
2399 4505 2647 4565 doctrina
2695 4506 3004 4575 Apostolica
3037 4516 3201 4577 atque
3236 4507 3576 4577 prophetica,
3610 4524 3730 4576 qua:

2139 4601 2194 4653 in
2239 4598 2505 4654 catholica
2553 4598 2879 4668 pradicatur
2907 4598 3162 4664 ecclesia,
3197 4607 3250 4653 et
3274 4598 3492 4653 laudem
3523 4599 3724 4663 Patris,

2134 4699 2188 4746 et
2217 4691 2362 4759 Filii,
2380 4698 2435 4744 et
2459 4690 2693 4760 Spiritus
2722 4689 2916 4754 sancti,
2935 4689 3094 4743 unius
3124 4689 3376 4743 videlicet
3407 4690 3523 4754 Dei,
3552 4692 3730 4760 quoti-

2133 4785 2221 4840 die
2249 4783 2535 4837 annuntiat
2563 4781 2812 4837 lidclibus
2839 4779 2975 4849 ejus,
3005 4781 3130 4850 quia
3161 4781 3430 4835 veraciter
3460 4782 3575 4852 ipse
3605 4793 3685 4836 est
3710 4823 3725 4846 ,

2131 4879 2235 4932 hoc
2260 4885 2360 4943 est,
2377 4876 2523 4930 solus
2550 4876 2603 4928 in
2630 4875 2921 4944 semetipso
2937 4873 3286 4928 immutabilis
3312 4889 3527 4944 semper
3554 4884 3726 4929 exstat

2131 4972 2274 5025 Deus
2307 4967 2549 5023 omnium
2589 4974 2837 5030 creator,
2895 4973 2951 5019 et
3000 4965 3240 5019 omnium
3291 4966 3556 5020 formator
3611 4986 3623 5019 :
3670 4977 3725 5020 et

2128 5068 2318 5117 sancta
2357 5057 2599 5114 Ecclesia
2649 5065 2923 5125 sceptrum
2973 5055 3303 5110 haereditatis
3339 5057 3480 5125 ejus,
3513 5058 3601 5111 cui
3629 5072 3726 5112 no-

2127 5169 2251 5208 men
2285 5160 2369 5208 est
2401 5150 2660 5206 Dominus
2689 5150 2916 5205 sabaoth
2941 5147 2996 5202 in
3021 5156 3307 5203 aeternum.

2204 5263 2222 5294 ι
2268 5242 2532 5298 Collidisti
2559 5240 2690 5295 mihi
2721 5255 2851 5294 vasa
2875 5240 3002 5296 belli
3026 5281 3041 5305 ,
3096 5249 3151 5296 et
3176 5255 3276 5311 ego
3299 5241 3551 5298 collidam
3585 5244 3636 5298 in
3666 5252 3723 5299 te

2130 5355 2149 5387 ‹
2195 5346 2406 5407 gentes,
2434 5343 2488 5389 et
2520 5332 2829 5403 disperdam
2872 5332 2928 5388 in
2973 5341 3025 5386 te
3060 5347 3223 5402 regna
3257 5347 3270 5386 :
3301 5342 3358 5388 et
3388 5334 3634 5389 collidam
3667 5337 3721 5388 in

2130 5448 2147 5480 ε
2193 5437 2250 5482 te
2279 5443 2477 5498 equum
2507 5435 2563 5482 et
2587 5425 2827 5496 equitem
2854 5426 2972 5497 ejus
2996 5465 3010 5491 ,
3045 5435 3101 5480 et
3133 5426 3383 5482 collidan:
3424 5429 3476 5481 in
3523 5437 3574 5483 te
3600 5445 3724 5484 cur-

2129 5539 2148 5572 ι
2192 5535 2313 5575 rum
2341 5529 2398 5575 et
2432 5532 2776 5574 ascensorem
2811 5518 2929 5588 ejus
2951 5557 2965 5583 ,
3006 5525 3061 5571 et
3087 5517 3340 5573 callidam
3371 5519 3427 5572 in
3460 5527 3512 5574 te
3541 5520 3719 5574 virum

2131 5632 2148 5664 ε
2192 5621 2245 5668 et
2274 5612 2582 5676 mulierem,
2607 5619 2661 5665 et
2683 5611 2932 5666 collidam
2958 5611 3011 5664 in
3041 5618 3093 5665 te
3122 5625 3310 5666 senem
3353 5621 3411 5665 et
3449 5626 3676 5683 puerum
3705 5653 3719 5676 ,

2131 5726 2146 5756 ‹
2196 5715 2250 5763 et
2279 5705 2530 5762 collidam
2559 5703 2612 5759 in
2642 5712 2692 5760 te
2709 5702 2963 5771 juvenem
2990 5710 3044 5757 et
3071 5703 3357 5774 virginem,
3390 5713 3445 5759 et
3470 5703 3717 5759 callidam

2135 5819 2151 5851 ‹
2199 5802 2254 5857 iu
2284 5808 2334 5854 te
2364 5806 2637 5867 pastorem
2665 5807 2718 5852 et
2753 5813 2969 5868 gregem
2996 5796 3139 5866 chs,
3186 5805 3240 5851 et
3267 5795 3520 5852 collidam
3570 5796 3621 5849 in
3666 5805 3721 5851 ω
