3952 6314
194 400 337 458 “69

1078 383 1441 444 EXPOSITIO
1482 379 1711 439 SUPER
1747 375 2111 433 JEREMIAM.
2151 406 2221 417 ——
2259 375 2382 431 LIB.
2428 375 2585 432 XVII.

3320 372 3459 426 H70

199 540 216 568 ι
266 510 557 586 agricolam
582 506 863 577 etjugales
892 504 1026 573 ejus,
1050 510 1105 557 et
1120 498 1369 555 collidam
1395 485 1450 552 in
1479 495 1784 552 teduceset
1811 492 1865 552 Α
1894 509 1914 542 ι
1957 493 2237 547 universos
2275 490 2620 561 magistratus
2664 489 2812 558 ejus,
2860 496 3217 557 cunctamque
3260 498 3460 543 terram

202 626 221 660 ι
268 582 723 675 niagistratuszet
744 595 962 651 reddam
994 589 1272 661 Babyloni,
1296 596 1350 643 et
1395 586 1603 641 cunctis
1619 582 1777 639 habi-

203 719 221 751 ‹
272 696 535 753 tatoribus
553 689 836 754 Chaldaa,
860 699 1023 743 omne
1047 682 1249 737 malum
1283 693 1441 735 suum
1474 676 1618 748 quod
1638 676 1781 730 fece-

204 807 224 840 ι
267 793 393 842 runt
417 784 471 837 in
502 779 632 835 Sion
654 779 709 833 in
734 775 905 833 oculis
926 772 1140 836 vestris,
1164 770 1241 825 ait
1268 768 1549 824 Dominus.
1575 786 1593 818 ι
1628 764 1781 820 Pra-

197 879 332 937 dicit
358 887 536 932 sermo
564 870 778 926 divinus
794 864 1073 938 Babyloni,
1096 862 1241 933 quod
1268 860 1409 915 sicut
1433 858 1525 914 illa
1552 858 1609 913 in
1633 866 1781 912 terra

197 966 527 1028 Judaorum,
560 968 615 1015 et
645 960 700 1012 in
725 955 950 1012 div'ersis
986 949 1279 1023 provinciis
1328 946 1614 1002 collidebat
1651 959 1782 1000 vasa

197 1056 345 1119 belli,
377 1055 479 1109 hoc
500 1058 606 1117 est,
635 1062 789 1103 arma
833 1042 1025 1098 bellica
1050 1081 1064 1107 ,
1096 1038 1183 1094 vel
1207 1037 1456 1095 homines
1480 1036 1742 1091 bellantes
1763 1075 1779 1101 ,

197 1148 278 1203 ita
317 1145 373 1198 in
399 1142 488 1197 illa
514 1137 734 1194 eollidat
756 1134 1017 1189 Dominus
1044 1144 1236 1186 omnes
1256 1135 1465 1200 gentes,
1500 1136 1557 1181 et
1583 1126 1786 1196 disper-

201 1238 296 1293 dat
324 1248 507 1303 regna,
533 1240 589 1287 et
622 1234 867 1285 conterat
900 1236 1069 1294 equos
1116 1230 1171 1277 et
1206 1221 1417 1291 equites
1444 1259 1458 1285 ,
1485 1226 1541 1274 et
1569 1217 1788 1274 collidat

201 1327 451 1384 homines
473 1321 671 1379 diversi
696 1332 858 1374 sexus
881 1326 1043 1384 atque
1065 1312 1262 1377 atatis,
1289 1309 1575 1379 agricolas,
1599 1308 1784 1374 duces,

201 1429 259 1474 et
307 1416 676 1486 magistratus,
720 1417 987 1480 quatenus
1024 1402 1175 1473 justo
1221 1401 1404 1471 judice
1452 1400 1790 1457 retribuente

202 1506 430 1576 recipiat
468 1500 840 1571 unusquisque
868 1496 1071 1551 malum
1098 1493 1241 1564 quod
1279 1492 1406 1547 fecit
1431 1492 1483 1547 in
1525 1490 1790 1563 proximis

202 1599 339 1655 suis.
369 1597 461 1652 Sic
502 1594 668 1649 etiam
696 1591 802 1647 erit
832 1590 887 1644 in
925 1588 1109 1643 futuro
1140 1585 1237 1641 Dei
1268 1584 1492 1655 judicio,
1520 1591 1579 1637 ut
1607 1597 1791 1653 perse-

202 1700 455 1749 cutorum
481 1686 725 1743 ecclesia
753 1682 954 1739 Christi
1000 1680 1226 1752 recipiat
1266 1678 1636 1747 unusquisque
1676 1688 1792 1746 pa-

201 1804 331 1845 nam
382 1784 616 1841 debitam
644 1824 659 1850 ,
714 1796 877 1852 quam
918 1777 1217 1849 promeruit
1257 1790 1355 1846 per
1398 1773 1657 1843 injustam
1707 1768 1792 1823 vi-

206 1887 337 1933 tam.

282 1985 303 2019 ‹
348 1966 485 2021 Ecce
522 1979 622 2034 ego
668 1963 738 2017 ad
789 1969 861 2024 te,
899 1974 1056 2015 mons
1096 1954 1349 2027 pestifer,
1396 1953 1472 2008 ait
1509 1949 1791 2015 Dominus,

210 2076 230 2108 ι
278 2056 373 2127 qui
422 2052 724 2123 corrumpis
765 2051 1072 2106 universam
1116 2056 1337 2101 terram.
1387 2043 1457 2098 Et
1507 2040 1795 2097 extendam

212 2166 231 2201 ι
280 2160 498 2203 manum
529 2158 689 2213 super
726 2150 809 2207 te,
841 2149 895 2196 et
926 2140 1171 2195 evolvam
1202 2146 1254 2193 te
1283 2152 1313 2190 a
1336 2134 1528 2206 petris,
1573 2141 1627 2187 et
1658 2133 1797 2187 dabo

211 2258 233 2292 ι
279 2247 334 2294 te
382 2240 438 2291 in
480 2244 718 2289 montem
746 2230 1179 2288 combustionis:
1206 2237 1261 2285 et
1294 2243 1399 2284 non
1429 2225 1620 2281 tollent
1648 2223 1717 2279 de
1748 2231 1798 2278 te

212 2347 234 2382 ι
274 2326 508 2396 lapidem
530 2324 585 2379 in
609 2322 861 2396 angulum
879 2362 894 2388 ,
922 2329 979 2377 et
1005 2320 1240 2392 lapidem
1268 2319 1322 2374 in
1350 2317 1795 2372 fundamentum:

215 2442 236 2477 ι
279 2422 375 2477 sed
422 2418 666 2489 perditus
715 2418 770 2471 in
808 2424 1072 2471 aternum
1127 2414 1235 2468 eris
1263 2453 1277 2479 ,
1328 2410 1405 2465 ait
1454 2408 1735 2463 Dominus.
1774 2424 1793 2457 ι

208 2513 448 2568 Montem
478 2508 817 2579 pestiferum,
857 2514 950 2561 aut
996 2502 1351 2559 historialiter
1371 2499 1801 2556 Nabuchodono-

210 2621 305 2661 sor
337 2619 459 2659 cum
490 2600 758 2657 Chaldaeis
800 2607 1025 2669 propter
1066 2595 1443 2651 crudelitatem
1494 2590 1802 2664 tyrannidis

215 2699 359 2769 ejus,
404 2711 567 2765 quam
602 2692 847 2749 exercuit
871 2692 927 2745 in
967 2690 1197 2745 diversis
1224 2686 1477 2757 gentibus
1503 2725 1518 2751 ,
1552 2692 1645 2739 aut
1694 2684 1805 2753 spi-

210 2788 447 2844 ritaliter
505 2784 777 2839 diabolum
830 2790 1054 2852 propter
1108 2780 1415 2849 superbiam
1480 2783 1797 2845 nuncupat:

211 2896 377 2951 quem
408 2877 533 2932 alibi
564 2874 731 2946 (Isai.
767 2875 896 2943 xm)
923 2880 1159 2927 montem
1190 2869 1546 2937 caliginosum
1568 2872 1809 2947 propter

213 2970 424 3027 erroris
478 2967 726 3021 tenebras
776 2962 1056 3031 Scriptura
1115 2958 1367 3030 appellat.
1424 2955 1524 3011 llic
1581 2955 1805 3024 corripit

217 3066 527 3121 universam
558 3068 757 3117 terram
779 3099 792 3121 ,
828 3058 931 3112 hoc
964 3062 1046 3111 est
1074 3063 1322 3109 terrenos
1350 3059 1406 3106 et
1433 3049 1685 3105 carnales
1714 3048 1805 3102 ho-

218 3159 399 3215 mines
427 3154 653 3210 diversis
680 3149 826 3206 vitiis
852 3146 1045 3219 polluit
1075 3164 1087 3200 :
1120 3146 1190 3201 ad
1215 3160 1375 3215 quem
1417 3144 1677 3199 Dominus
1704 3155 1802 3195 ex-

219 3247 397 3304 tendit
415 3260 631 3299 manum
656 3242 926 3305 vindicta,
956 3248 1011 3294 et
1035 3238 1233 3295 evolvit
1262 3238 1328 3292 de
1354 3235 1547 3307 petris,
1564 3234 1669 3289 hoc
1698 3241 1801 3299 est,

220 3337 401 3394 abeis
433 3336 524 3405 qui
576 3333 719 3387 ﬁrmi
761 3339 887 3385 sunt
936 3330 988 3383 in
1035 3329 1140 3382 lide
1190 3336 1437 3397 separat,
1473 3334 1528 3379 et
1555 3323 1702 3382 dabit
1748 3322 1804 3378 in

222 3436 466 3486 montem
502 3423 889 3481 combustionis
917 3429 1133 3477 aterna
1160 3461 1173 3486 ,
1214 3430 1274 3473 ut
1306 3418 1418 3472 luat
1453 3431 1667 3487 semper
1694 3430 1808 3485 poe-

224 3534 329 3575 nas
352 3516 615 3587 superbia
645 3530 755 3569 sua
784 3530 797 3565 :
824 3527 927 3566 nec
948 3512 1015 3565 de
1045 3524 1109 3565 eo
1138 3509 1355 3563 tollatur
1376 3507 1511 3576 lapis
1534 3504 1809 3577 angularis

225 3610 282 3663 in
312 3607 719 3661 fundamentum
750 3600 963 3657 aediﬁcii
995 3598 1251 3664 caelestis,
1290 3597 1383 3652 sed
1423 3596 1667 3666 perditus
1714 3594 1810 3648 ﬁat

226 3701 282 3754 in
333 3705 612 3753 aternum.
662 3693 743 3749 Ad
796 3693 940 3747 hunc
985 3689 1229 3753 scilicet,
1263 3696 1502 3743 montem
1538 3686 1811 3757 pertinent

226 3786 475 3843 inﬁdeles
501 3783 691 3848 Judaei,
723 3780 1045 3849 blasphemi,
1076 3778 1315 3833 haretici
1343 3818 1357 3843 ,
1410 3786 1573 3846 atque
1622 3790 1811 3831 omnes

230 3876 384 3946 impii
452 3875 542 3945 qui
592 3872 887 3943 perdurant
927 3871 983 3923 in
1030 3869 1234 3922 malitia
1291 3883 1419 3932 sua,
1471 3883 1571 3922 nec
1626 3867 1812 3922 volunt

228 3966 476 4023 converti
520 3964 587 4017 ad
626 3961 912 4015 Dominum
944 3977 955 4013 :
984 3968 1044 4012 ut
1076 3958 1207 4012 ﬁant
1240 3958 1444 4028 lapides
1473 3957 1608 4022 vivi,
1632 3967 1686 4012 et
1715 3959 1813 4012 ha-

232 4056 371 4112 biles
422 4052 488 4109 ad
534 4050 818 4105 adiﬁcium
872 4048 987 4101 Dei.
1038 4046 1358 4102 Econtrario
1408 4045 1547 4099 alius
1595 4053 1678 4101 est
1726 4045 1816 4100 ille

234 4148 394 4217 lapis,
414 4159 571 4215 quem
590 4141 825 4195 Danielis
846 4138 1123 4210 prophetia
1145 4144 1533 4193 commemorat
1548 4136 1711 4209 (Dan.
1729 4138 1815 4209 ιι),

236 4236 330 4307 qui
358 4234 634 4289 abscissus
681 4242 764 4286 est
817 4232 884 4284 de
928 4238 1111 4284 monte
1140 4229 1258 4283 sine
1296 4227 1547 4282 manibus
1571 4268 1585 4293 ,
1624 4238 1678 4281 et
1702 4243 1820 4297 per-

236 4325 410 4383 cussit
463 4334 697 4379 statuam
746 4322 890 4376 illam
924 4319 1336 4392 grandissimam
1364 4318 1419 4371 in
1449 4316 1674 4388 pedibus
1703 4318 1819 4389 ejus

239 4416 454 4479 ferreis,
487 4426 542 4469 et
579 4412 896 4469 comminuit
940 4409 1146 4464 ferrum
1169 4449 1183 4474 ,
1225 4418 1419 4463 testam
1446 4449 1461 4474 ,
1490 4424 1595 4473 aes,
1628 4424 1820 4480 argen-

244 4526 376 4573 tum,
416 4518 471 4561 et
500 4524 689 4562 aurum
724 4524 736 4560 :
771 4507 1054 4575 factusque
1090 4516 1173 4567 est
1211 4522 1367 4564 mons
1396 4521 1620 4577 magnus
1654 4507 1726 4560 ita
1760 4515 1820 4562 ut

244 4602 494 4673 impleret
516 4602 823 4655 universam
850 4609 1070 4654 terram.
1100 4598 1199 4653 Hic
1226 4612 1357 4667 ergo
1386 4606 1469 4652 est
1497 4597 1633 4667 lapis
1660 4610 1819 4665 quem

243 4693 670 4763 reprobaverunt
724 4691 1087 4755 adiﬁcantes,
1142 4698 1382 4745 attamen
1430 4688 1605 4743 factus
1646 4697 1728 4744 est
1767 4690 1822 4744 in

244 4791 411 4853 caput
442 4781 620 4854 anguli
652 4780 801 4852 (Luc.
834 4782 959 4853 xx);
992 4798 1021 4835 a
1048 4780 1275 4836 Domino
1312 4780 1510 4834 factum
1535 4788 1637 4846 est,
1660 4790 1715 4836 et
1740 4790 1825 4836 est

246 4878 515 4936 mirabilis
559 4878 613 4933 in
661 4877 829 4931 oculis
858 4877 1080 4942 nostris,
1112 4876 1265 4945 cujus
1297 4888 1522 4944 regnum
1567 4875 1622 4929 in
1673 4884 1826 4931 aler-

247 4986 380 5027 num
404 4985 513 5024 non
540 4968 888 5037 dissipabitur
911 5009 927 5033 ,
980 4982 1080 5022 nec
1120 4967 1317 5037 populo
1344 4966 1514 5021 altero
1539 4968 1782 5022 tradetur
1806 5008 1821 5035 ,

249 5061 345 5117 sed
389 5075 613 5131 regnum
649 5058 765 5127 ejus
812 5075 1037 5131 regnum
1065 5060 1170 5115 erit
1202 5061 1441 5115 omnium
1468 5060 1785 5116 saeculorum
1806 5102 1822 5125 .

251 5161 308 5208 et
340 5150 634 5206 dominatio
659 5150 775 5220 ejus
801 5150 857 5205 in
882 5151 1028 5205 omni
1056 5151 1401 5222 generatione
1440 5156 1495 5204 et
1526 5152 1820 5221 progenie:

252 5241 398 5298 beati
429 5254 619 5296 omnes
644 5241 737 5311 qui
766 5239 1043 5296 conﬁdunt
1070 5241 1125 5295 in
1153 5255 1238 5296 eo.

332 5350 355 5385 ι
397 5331 595 5388 Levate
641 5332 851 5403 signum
896 5331 952 5386 in
996 5340 1140 5387 terra
1166 5372 1182 5397 ,
1230 5331 1462 5402 clangite
1504 5332 1729 5387 buccina
1772 5334 1825 5389 in

259 5439 283 5476 ι
325 5423 616 5478 montibus.
650 5421 995 5477 Sanctiﬁcate
1038 5437 1199 5491 super
1239 5438 1357 5477 eam
1382 5432 1587 5494 gentes,
1620 5440 1828 5480 annun-

262 5532 284 5566 ι
329 5512 464 5567 tiate
509 5521 695 5568 contra
751 5512 896 5567 illam
957 5512 1172 5581 regibus
1212 5513 1474 5578 ’Ararath,
1524 5513 1725 5581 Menni,
1777 5526 1832 5572 et

264 5624 285 5660 ι
328 5604 591 5662 Ascenez.
637 5606 926 5662 Numerate
960 5614 1150 5662 contra
1183 5622 1304 5663 eam
1333 5607 1555 5677 Tapsar,
1583 5610 1834 5666 adducite

264 5717 285 5751 ι
331 5712 533 5767 equum
578 5700 732 5767 quasi
778 5698 1040 5754 brucbum
1107 5699 1427 5754 aculeatum.
1486 5698 1834 5757 Sanctiﬁcate

265 5808 286 5843 ς
330 5797 518 5845 contra
546 5804 667 5846 eam
695 5798 936 5859 gentem,
983 5804 1135 5859 reges
1180 5790 1363 5847 Media
1407 5792 1570 5847 duces
1599 5790 1751 5861 ejus,
1784 5800 1840 5848 et

1818 1840 1868 1901 B

1892 602 1911 635 ι
1956 583 2239 654 potestatis
2278 582 2395 651 ejus
2419 621 2433 646 ,
2463 589 2517 635 et
2550 579 2975 635 commovebitur
3021 588 3167 633 terra
3194 586 3252 634 et
3278 579 3463 633 turba-

1892 693 1910 726 (
1951 676 2097 731 bitur
2125 694 2137 729 :
2168 674 2296 744 quia
2325 671 2599 742 evigilavit
2637 679 2825 725 contra
2851 669 3179 741 Babylonem
3208 668 3465 741 cogitatio

1892 784 1910 817 ι
1954 765 2186 829 Domini,
2221 772 2283 820 ut
2308 771 2473 834 ponat
2510 771 2714 817 terram
2762 761 3050 834 Babylonis
3092 760 3365 816 desertam
3411 765 3468 815 et

1893 878 1911 910 ι
1955 855 2381 913 inbabitabilem.
2427 876 2445 907 ι
2480 853 2739 924 Loquitur
2790 853 3053 923 propheta
3102 852 3167 906 ad
3196 857 3385 922 gentes
3412 858 3471 906 et

1888 950 1956 1005 ad
1980 963 2136 1020 reges
2163 961 2373 1011 earum,
2409 960 2528 1015 quae
2572 944 2626 998 in
2656 943 2885 998 circuitu
2921 941 3186 998 Chaldaa
3211 948 3267 996 et
3288 940 3468 1013 Baby-

1886 1041 2027 1097 lonis
2062 1038 2475 1101 consistebant,
2516 1044 2577 1090 ut
2616 1034 2794 1091 levent
2842 1031 3038 1087 vexilla
3091 1046 3188 1087 sua
3226 1040 3282 1087 et
3312 1044 3467 1085 arma

1888 1132 2099 1197 bellica,
2126 1132 2485 1203 clangentque
2508 1126 2755 1183 buccinis
2808 1125 2863 1179 in
2905 1125 3199 1190 montibus,
3244 1132 3301 1180 et
3338 1138 3471 1179 con-

1888 1231 2084 1279 vocent
2125 1237 2314 1278 omnes
2341 1220 2592 1276 nationes
2620 1218 2689 1273 ad
2718 1216 3130 1274 subversionem
3153 1214 3468 1285 Babylonis.

1889 1314 2029 1371 Nam
2050 1313 2301 1377 Ararath,
2342 1310 2598 1365 Armenia
2618 1348 2633 1373 ,
2667 1317 2723 1363 et
2750 1307 3034 1363 Asehenez
3063 1304 3207 1359 ﬁlius
3240 1302 3343 1358 fuit
3366 1302 3475 1359 Go-

1890 1422 2028 1471 mer,
2062 1404 2155 1459 ﬁlii
2187 1402 2401 1473 Japhet,
2451 1401 2547 1455 ﬁlii
2591 1400 2725 1467 Noe,
2753 1400 2899 1454 unde
2923 1412 3083 1469 reges
3107 1395 3286 1453 exorti
3325 1402 3472 1451 sunt.

1892 1498 2174 1570 Siquidem
2202 1510 2236 1549 a
2279 1502 2487 1564 septem
2516 1493 2642 1547 ﬁliis
2664 1492 2859 1562 Japhet
2904 1506 3154 1563 possessa
3185 1498 3269 1545 est
3295 1487 3425 1545 Asia
3456 1528 3474 1557 ,

1892 1590 1960 1646 ab
2000 1591 2211 1645 Amano
2236 1594 2291 1642 et
2320 1585 2497 1640 Tauro
2539 1582 2905 1654 Syria-cales
2927 1592 2981 1638 et
3009 1582 3213 1638 Cilicia
3257 1590 3476 1637 montes

1892 1698 2063 1753 usque
2114 1682 2182 1735 ad
2224 1679 2446 1735 ﬂuvium
2479 1678 2702 1733 Tanaim
2738 1691 2755 1730 :
2799 1677 2856 1732 in
2884 1676 3099 1746 Europa
3136 1690 3267 1731 vero
3304 1688 3479 1744 usque

1895 1775 1961 1829 ad
2016 1773 2220 1839 Gadra,
2262 1772 2483 1828 nomina
2518 1771 2654 1826 locis
2683 1776 2737 1824 et
2764 1767 3013 1843 gentibus
3058 1767 3428 1837 relinquentes
3462 1803 3478 1830 ,

1896 1862 2237 1921 sanctiﬁcare
2275 1863 2427 1933 jubet
2462 1869 2652 1932 gentes
2696 1868 2887 1915 contra
2939 1858 3272 1930 Babylonem
3300 1896 3316 1922 ,
3360 1868 3481 1923 qua

1896 1956 2175 2028 expletura
2204 1962 2324 2009 erat
2358 1961 2599 2007 sanctam
2637 1950 2733 2006 Dei
2776 1949 3111 2005 voluntatem
3134 1988 3149 2015 ,
3181 1955 3243 2001 ut
3278 1944 3483 2015 justam
3528 1986 3532 1993 .

1896 2047 2309 2103 retributionem
2340 2043 2414 2099 illi
2445 2043 2774 2099 retribuer’et
2802 2056 2901 2112 pro
2928 2039 3168 2110 peccatis
3207 2037 3321 2093 suis
3350 2055 3363 2089 :
3390 2036 3485 2091 de-

1898 2146 2099 2196 sertam
2131 2137 2249 2209 ejus
2273 2146 2477 2193 terram
2502 2142 2731 2207 poneret
2751 2130 3187 2188 inbabitabilem.
3219 2128 3375 2185 Unde
3402 2141 3487 2183 se-

1898 2234 2083 2304 quitur
2117 2250 2130 2287 :

1977 2343 1995 2375 ι
2039 2322 2398 2379 Cessaverunt
2430 2319 2599 2376 fortes
2625 2317 2916 2388 Babylonis
2942 2332 2974 2371 a
2998 2316 3186 2385 pralio
3214 2354 3229 2379 ,
3272 2314 3489 2369 habita-

1908 2434 1925 2467 ι
1967 2421 2162 2469 verunt
2187 2413 2243 2468 in
2267 2410 2534 2488 prasidiis
2562 2428 2575 2465 :
2608 2410 2925 2465 devoratum
2954 2415 3039 2463 est
3082 2408 3247 2463 robur
3274 2420 3487 2472 eorum,

1908 2525 1926 2559 ι
1967 2514 2022 2561 et
2046 2504 2177 2560 facti
2204 2512 2331 2559 sunt
2369 2502 2524 2574 quasi
2566 2501 2821 2556 mulieres
2850 2540 2864 2567 ,
2897 2503 3119 2556 incensa
3152 2507 3278 2555 sunt
3313 2499 3491 2553 taber-

1908 2615 1926 2648 (
1972 2596 2164 2651 nacula
2220 2593 2357 2664 ejus.
2408 2591 2640 2649 Contriti
2684 2600 2809 2648 sunt
2853 2600 3067 2658 vectes,
3122 2592 3210 2647 vel
3262 2605 3491 2648 currens

1908 2711 1927 2741 ι
1972 2687 2187 2743 obviam
2214 2685 2456 2740 currenti
2482 2683 2663 2738 veniet
2692 2722 2707 2748 ,
2753 2692 2809 2737 et
2851 2682 3076 2737 nuntius
3121 2682 3314 2737 obvius
3354 2696 3493 2735 nun-

1912 2796 1931 2830 ι
1977 2776 2129 2832 tianti
2167 2794 2178 2829 :
2217 2783 2279 2829 ut
2304 2773 2588 2828 annuntiet
2608 2772 2722 2842 regi
2743 2772 3055 2843 Babylonis,
3078 2772 3202 2842 quia
3225 2780 3382 2843 capta
3406 2780 3492 2828 est

1909 2889 1927 2923 ι
1971 2870 2087 2940 ejus
2115 2869 2307 2924 civitas
2334 2883 2364 2921 a
2394 2882 2604 2922 summo
2634 2882 2803 2937 usque
2827 2866 2894 2921 ad
2924 2882 3194 2922 summum
3229 2881 3244 2920 :
3276 2875 3332 2921 et
3355 2866 3493 2921 vada

1910 2979 1928 3011 ι
1971 2965 2350 3029 praoccupata
2379 2963 2543 3022 sunt,
2576 2964 2629 3010 et
2660 2954 2885 3025 paludes
2912 2943 3148 3012 incensa
3178 2963 3304 3011 sunt
3338 2955 3450 3026 igni
3479 2996 3493 3021 ,

1912 3072 1929 3104 ‹
1974 3060 2029 3107 et
2059 3051 2159 3105 viri
2198 3049 2490 3105 bellatores
2530 3047 2839 3103 conturbati
2891 3060 3036 3103 sunt.
3070 3070 3090 3102 ›
3128 3048 3314 3104 Robur
3350 3049 3496 3103 enim

1908 3140 2195 3213 Babylonis
2228 3148 2283 3195 et
2315 3139 2639 3210 principium
2663 3136 2780 3207 ejus
2808 3139 3043 3204 defecit,
3082 3139 3224 3211 Cyro
3250 3148 3304 3195 et
3331 3138 3499 3197 Dario

1910 3247 2073 3302 super
2098 3247 2155 3286 se
2183 3231 2434 3286 veniente
2457 3245 2582 3287 cum
2612 3229 2942 3285 exercitibus
2971 3230 3105 3297 suis,
3134 3238 3188 3286 et
3218 3230 3344 3287 facti
3372 3240 3499 3286 sunt

1908 3324 2157 3381 imbelles
2187 3324 2339 3395 quasi
2367 3323 2655 3389 mulieres,
2682 3322 2885 3379 idcirco
2914 3324 3134 3379 incensa
3158 3332 3285 3379 sunt
3316 3323 3501 3380 taber-

1912 3416 2103 3473 nacula
2127 3415 2265 3485 ejus,
2286 3424 2341 3470 et
2365 3416 2543 3471 omnis
2568 3416 2799 3471 munitio
2827 3416 3123 3472 destructa.
3150 3416 3307 3485 Quod
3333 3418 3499 3473 etiam

1913 3526 2094 3582 regem
2124 3510 2407 3565 Balthasar
2435 3508 2563 3565 licet
2586 3509 2640 3563 in
2669 3508 2919 3564 convivio
2958 3507 3143 3571 fuerit,
3177 3515 3358 3563 tamen
3392 3523 3502 3562 non

1911 3605 2106 3671 latuit,
2161 3604 2255 3660 sed
2306 3604 2482 3659 nuntii
2526 3604 2898 3659 discurrentes
2941 3602 3059 3675 regi
3111 3604 3503 3661 nuntiaverunt

1912 3693 2055 3764 quod
2083 3692 2275 3749 civitas
2296 3693 2413 3764 ejus
2436 3708 2465 3747 a
2492 3692 2600 3748 fine
2625 3707 2796 3762 usque
2820 3693 2889 3748 ad
2919 3692 3079 3748 ﬁnem
3124 3701 3283 3763 capta
3300 3703 3454 3750 esset
3479 3734 3499 3761 ,

1913 3783 2049 3837 vada
2078 3782 2314 3838 fluminis
2342 3783 2616 3853 Euphrate
2656 3792 3029 3854 praoccupata
3056 3824 3071 3849 ,
3117 3783 3342 3855 paludes
3389 3782 3503 3855 igni

1917 3878 2180 3938 incensae,
2231 3884 2285 3930 et
2334 3889 2523 3930 omnes
2571 3874 2858 3931 bellatores
2924 3874 3125 3930 turbati
3175 3892 3189 3927 :
3246 3888 3347 3929 nec
3387 3873 3504 3943 jam

1916 3969 2091 4022 fuerat
2112 3969 2204 4037 qui
2232 3968 2476 4022 hostibus
2507 3968 2764 4021 resistere
2795 3966 3111 4036 pravaleret

1993 4076 2011 4109 ι
2058 4057 2193 4125 Quia
2228 4057 2344 4112 hac
2372 4057 2502 4112 dicit
2528 4057 2790 4112 Dominus
2818 4056 2960 4112 Deus
2988 4056 3156 4112 Israel
3179 4070 3194 4112 :
3218 4055 3359 4111 Filia
3395 4055 3505 4112 Ba-

1925 4166 1943 4199 ι
1982 4147 2195 4219 bylonis
2241 4147 2396 4217 quasi
2452 4162 2579 4203 area
2626 4155 2838 4216 tempus
2885 4147 3095 4202 tritura
3135 4146 3295 4217 ejus:
3329 4148 3508 4206 adhuc

1926 4261 1944 4294 ι
1992 4240 2261 4295 modicum
2288 4250 2343 4296 et
2370 4241 2587 4295 eveniet
2605 4248 2817 4309 tempus
2837 4241 3124 4295 messionis
3149 4239 3316 4308 ejus.»
3338 4241 3506 4309 Quasi

1920 4348 2048 4387 area
2106 4332 2207 4386 fuit
2255 4332 2405 4402 plebs
2452 4331 2779 4403 Babylonis,
2831 4333 3044 4401 quando
3076 4348 3176 4402 per
3207 4335 3507 4404 potentiam

1921 4422 2071 4490 regni
2116 4429 2171 4474 et
2201 4421 2510 4476 divitiarum
2560 4418 2987 4491 magnitudinem
3015 4420 3309 4477 triturabat
3345 4432 3510 4493 atque

1922 4512 2237 4567 conterebat
2268 4518 2482 4582 gentes,
2532 4511 2602 4565 ad
2648 4526 2785 4582 quas
2812 4512 2976 4566 missa
3006 4520 3091 4566 est
3116 4526 3134 4567 :
3159 4512 3253 4568 sed
3296 4520 3509 4582 tempus

1930 4604 2217 4659 messionis
2242 4604 2390 4658 venit
2416 4622 2427 4656 :
2456 4604 2672 4674 quando
2699 4605 2991 4674 cogebatur
3012 4604 3067 4659 id
3085 4604 3333 4675 accipere
3363 4607 3510 4675 quod

1931 4695 2128 4764 iniqua
2162 4696 2343 4767 gessit.
2383 4694 2459 4748 De
2503 4709 2610 4763 quo
2654 4710 2721 4750 ex
2766 4708 3001 4765 persona
3046 4694 3217 4753 plebis
3268 4693 3509 4751 Iudaica

1931 4793 2320 4854 consequenter
2345 4784 2577 4840 dicitur:

1980 4894 2026 4932 .«
2072 4874 2316 4930 Comedit
2359 4890 2475 4939 me,
2536 4875 2815 4931 devoravit
2867 4889 2955 4931 me
3008 4874 3504 4935 Nabuchodonosor

1938 4986 1957 5020 ‹
2002 4982 2099 5023 rex
2135 4965 2444 5036 Babylonis,
2482 4965 2714 5021 reddidit
2757 4981 2846 5023 me
2878 4966 3035 5039 quasi
3057 4982 3166 5027 vas
3198 4967 3377 5024 inane.
3400 4969 3509 5026 0h-

1936 5082 1956 5116 ‹
1999 5064 2208 5119 sorbuit
2249 5077 2337 5117 me
2382 5062 2523 5117 sicut
2566 5061 2749 5127 draco,
2795 5062 3020 5133 replevit
3062 5073 3305 5119 ventrem
3348 5079 3506 5121 suum

1938 5173 1956 5205 ι
2003 5153 2361 5209 teneritudine
2390 5168 2507 5208 mea
2540 5172 2554 5208 :
2586 5162 2641 5209 et
2669 5152 2829 5221 ejecit
2852 5170 2962 5219 me,
3007 5154 3267 5224 iniquitas
3312 5157 3509 5212 adver-

1938 5260 1957 5295 c
2002 5259 2119 5298 sum
2148 5258 2253 5309 me,
2288 5252 2343 5297 et
2370 5258 2495 5298 caro
2521 5258 2639 5298 mea
2664 5256 2826 5312 super
2860 5242 3186 5314 Babylonem
3205 5286 3221 5311 ,
3252 5246 3385 5301 dicit
3412 5247 3511 5301 ha-

1942 5354 1960 5388 ι
2008 5335 2199 5390 bitatio
2229 5333 2356 5391 Sion
2381 5376 2396 5401 ,
2444 5344 2498 5390 et
2529 5334 2750 5405 sanguis
2782 5330 2945 5389 meus
2980 5350 3141 5405 super
3176 5336 3513 5394 habitatores

1941 5451 1959 5485 ι
2004 5426 2286 5490 Cbaldaa,
2310 5424 2439 5479 dicit
2487 5420 2783 5480 Jerusalem
2835 5442 2848 5476 :
2898 5434 3185 5493 propterea
3233 5426 3348 5481 hac
3381 5427 3515 5483 dicit

1942 5541 1959 5572 ι
2003 5521 2303 5575 Dominus:
2337 5516 2477 5571 Ecce
2522 5531 2621 5583 ego
2662 5515 2916 5584 judicabo
2970 5530 3191 5571 causam
3241 5524 3409 5583 tuam,
3456 5527 3514 5574 et

1944 5631 1960 5663 ι
2007 5610 2239 5665 ulciscar
2272 5608 2528 5662 ultionem
2557 5615 2720 5671 tuam,
2752 5616 2807 5661 et
2832 5607 3104 5662 desertum
3141 5606 3332 5663 faciam
3362 5624 3513 5665 mare

1945 5721 1963 5754 ‹
2004 5700 2143 5769 ejus,
2171 5708 2225 5753 et
2254 5700 2473 5754 siccabo
2511 5714 2702 5753 venam
2732 5698 2847 5767 ejus
2871 5738 2887 5764 ,
2920 5706 2977 5779 et
3016 5698 3121 5753 erit
3167 5698 3406 5769 Babylon
3452 5699 3511 5754 in

1946 5811 1965 5846 ‹
2012 5791 2243 5847 tumulos
2267 5830 2283 5854 ,
2333 5788 2594 5846 habitatio
2622 5789 2939 5855 draconum,
2972 5797 3177 5856 stupor.
3216 5798 3269 5844 et
3297 5788 3509 5853 sibilus,
