3952 6344
431 382 560 439 1171

1075 380 1135 434 B.
1178 380 1436 437 RABAM
1472 378 1691 438 MAURI
1730 377 2049 440 ABCHIEB.
2090 377 2404 440 HOGUNT.
2443 380 2729 441 OPEBUM
2768 384 2947 441 RABS
2982 385 3068 441 Ill.

3564 392 3706 447 H72

430 519 447 549 ‹
489 514 551 552 eo
579 498 723 569 quod
745 511 849 556 non
874 496 1252 558 sitbabitator,
1271 494 1431 549 simul
1462 503 1521 553 ut
1552 494 1733 551 leones
1758 494 1973 563 rugiant
1999 512 2012 546 :
2043 496 2096 560 Α
2121 495 2495 553 confusionem
2534 499 2590 554 in
2630 498 2840 554 inferno
2868 494 3143 557 habebunt
3183 514 3522 575 perpetuam.
3554 509 3710 567 Unde

432 609 447 636 ι
497 588 774 647 excutient
796 601 983 641 comas
1012 584 1159 641 velut
1208 584 1377 658 catuli
1429 583 1665 639 leonum.
1720 584 1777 638 In
1836 582 2016 640 calore

432 699 451 730 ι
499 695 686 740 eorum
722 694 919 748 ponam
958 686 1117 748 potus
1141 692 1331 734 eorum
1356 719 1371 741 ,
1427 687 1483 733 et
1520 677 1799 735 inebriabo
1828 691 1921 733 eos
1958 686 2018 732 ut

435 792 451 822 ι
500 774 798 841 supiantur,
829 779 883 826 et
909 771 1179 827 dormiant
1207 785 1455 827 somnum
1500 772 1889 839 sempiternum
1918 810 1933 836 ,
1963 778 2018 824 et

434 882 451 912 ι
496 879 600 921 nou
642 846 974 931 consurgant
1003 902 1018 927 ,
1072 860 1203 931 dicit
1250 860 1527 935 Dominus.
1579 860 1853 918 Deducam
1922 875 2017 917 eos

434 971 451 1003 ι
498 952 653 1021 quasi
702 968 871 1024 agnos
909 953 977 1007 a'd
1016 952 1288 1012 vietimam
1315 992 1329 1016 ,
1376 961 1431 1006 et
1471 952 1623 1021 quasi
1670 953 1867 1015 arietes
1894 967 2018 1011 cum

431 1061 449 1103 ι
498 1043 685 1101 bzedis.
726 1064 743 1095 ι
779 1044 854 1097 De
886 1044 989 1101 hoc
1020 1058 1167 1101 mare
1187 1049 1243 1096 et
1265 1041 1433 1100 Isaias
1464 1044 1516 1097 in
1547 1042 1685 1097 libro
1724 1058 1822 1102 suo
1851 1042 2019 1103 dicit:

436 1154 454 1187 ι
501 1134 652 1192 Onus
682 1136 882 1195 deserti
930 1136 1115 1192 maris.
1157 1132 1312 1194 Sicut
1338 1134 1583 1191 turbines
1622 1134 1689 1209 ab
1714 1133 1899 1193 Africo
1920 1150 2014 1193 ve-

426 1229 582 1289 niunt
611 1243 625 1281 :
651 1228 715 1283 de
740 1229 957 1287 deserto
984 1228 1155 1292 venit,
1187 1235 1242 1281 et
1273 1229 1339 1283 de
1376 1234 1519 1285 terra
1556 1227 1803 1283 horribili
1834 1244 1849 1283 :
1876 1226 2017 1283 visio

425 1322 560 1379 dura
602 1321 924 1376 annuntiata
966 1329 1049 1377 est
1093 1320 1242 1377 mihi.
1277 1338 1297 1372 ›
1350 1318 1705 1387 Perspicuum
1757 1324 1842 1372 est
1888 1330 2017 1385 ergo

424 1413 570 1482 quod
620 1413 893 1471 desertum
944 1427 1095 1467 mare
1138 1410 1377 1482 Babylon
1406 1410 1708 1480 appellatur
1739 1428 1751 1462 :
1784 1406 2019 1464 Ieremia

426 1504 516 1567 hic
538 1504 643 1560 hoc
669 1504 937 1575 probante
956 1519 1020 1565 ex
1047 1518 1277 1572 persona
1311 1502 1546 1567 Domini,
1576 1502 1789 1559 dicente
1820 1518 1834 1557 :
1865 1520 1884 1552 ι
1912 1501 2015 1558 De-

423 1606 629 1654 sertum
668 1596 864 1654 faciam
902 1611 1057 1669 mare
1085 1594 1223 1663 ejus,
1265 1604 1320 1650 et
1348 1596 1564 1651 siccabo
1593 1604 1792 1650 terram
1833 1594 1975 1649 illius
2001 1634 2016 1658 ,

424 1697 479 1743 et
508 1688 613 1745 erit
642 1688 883 1758 Babylon
911 1689 965 1741 in
994 1687 1228 1749 tumulos
1251 1701 1560 1745 arenarum.
1601 1706 1619 1738 ι
1649 1685 1797 1743 Mare
1838 1693 2017 1739 autem

424 1788 647 1851 propter
691 1780 1094 1841 multitudinem
1142 1777 1562 1836 inhabitantium
1602 1776 1819 1836 dicitur.
1864 1773 2019 1830 Unde

422 1848 477 1925 et
524 1848 688 1939 supra
739 1868 962 1941 Egypti
1009 1868 1298 1927 multitudo
1351 1868 1490 1923 mari
1546 1876 1857 1939 comparata
1910 1873 2013 1922 est.
2048 1848 2095 1908 Β

421 1961 576 2019 Hanc
609 1972 789 2021 autem
823 1962 1084 2021 Dominus
1111 1978 1211 2031 per
1236 1962 1511 2019 exercitus
1541 1961 1817 2020 Medorum
1857 1968 2019 2032 atque

422 2054 715 2111 Pcharum
770 2070 907 2125 quos
955 2055 1043 2111 hic
1093 2054 1340 2118 leonibus
1405 2060 1786 2123 comparat'et
1824 2050 2019 2110 catulis

420 2146 638 2202 leonum
662 2148 965 2211 destruxit,
998 2156 1053 2200 et
1096 2147 1307 2216 redegit
1340 2146 1393 2202 in
1445 2144 1677 2203 tumulos
1699 2158 2017 2210 arenarum,

420 2252 479 2297 ut
510 2242 852 2312 postmodum
884 2240 1038 2295 fieret
1064 2240 1329 2295 habitatio
1366 2240 1691 2301 draconum,
1724 2244 1779 2291 et
1806 2244 2017 2306 stupor,

420 2341 477 2392 et
506 2333 697 2395 sibilus
739 2332 1070 2397 videntium,
1102 2340 1160 2387 et
1208 2322 1524 2389 mirantium
1572 2329 1849 2390 interitum
1878 2328 2016 2397 ejus,

421 2436 491 2481 eo
518 2424 663 2492 quod
694 2438 803 2478 non
852 2422 923 2477 sit
975 2422 1029 2477 in
1078 2438 1142 2477 eo
1174 2422 1463 2480 habitator.
1502 2421 1561 2477 In
1591 2429 1726 2489 aestu
1758 2434 1886 2490 ergo
1914 2420 2017 2477 tri-

419 2512 761 2570 bulationum
803 2525 1024 2574 suarum
1059 2512 1315 2571 biberunt
1360 2512 1582 2569 calicem
1616 2513 1709 2569 irae
1759 2510 2015 2575 Domini,

418 2614 475 2659 et
506 2604 758 2665 inebriati
796 2611 942 2669 sunt,
993 2603 1068 2660 ita
1124 2611 1183 2661 ut
1238 2604 1571 2674 sopirentur,
1612 2610 1669 2667 et
1720 2601 2018 2661 dormirent

419 2712 611 2752 somno
640 2697 994 2766 sempiterno,
1017 2711 1115 2755 uec
1137 2705 1529 2767 consurgerent
1562 2695 1813 2765 amplius.
1833 2695 2019 2767 Mysti-

418 2803 482 2843 ce
512 2800 694 2845 autem
718 2802 871 2843 mare
898 2788 1061 2857 hujus
1097 2788 1278 2843 saaculi
1306 2789 1576 2859 signiﬁcat
1605 2791 2015 2855 turbulentiam,

421 2878 563 2948 quod
599 2880 859 2934 Dominus
890 2880 1165 2937 desertum
1209 2879 1383 2947 ponit,
1431 2896 1552 2936 cum
1591 2895 1806 2936 cessare
1854 2880 2018 2935 faciet

421 2970 606 3029 luxum
632 2970 751 3040 ejus
776 3011 791 3035 ,
842 2979 897 3027 et
929 2970 1337 3040 dissipabuntur
1378 2970 1549 3042 iniqui
1580 2973 1671 3041 qui
1703 2971 2018 3029 confusione

420 3075 668 3123 errorum
708 3067 765 3127 et
818 3059 1075 3125 vitiorum
1127 3059 1505 3121 deserviebaut
1559 3076 1573 3115 :
1621 3057 2018 3132 venieba‘ntque

418 3170 581 3223 super
609 3170 706 3209 eos
739 3152 960 3223 maligni
992 3152 1238 3222 spiritus,
1288 3155 1411 3210 saevi
1449 3163 1508 3212 ut
1548 3156 1709 3215 catuli
1758 3154 1974 3221 leonum
2000 3196 2013 3221 ,

2124 602 2304 643 sermo
2328 589 2679 659 propheticus
2712 590 2964 645 admonet
2992 590 3194 657 fideles,
3223 603 3282 649 ut
3310 597 3665 666 egrediantur
3690 642 3706 667 ,

2120 685 2176 735 ct
2204 687 2457 747 separent
2492 694 2550 735 se
2579 682 2646 735 de
2668 695 2856 739 eorum
2882 682 3164 749 societate,
3190 700 3259 745 ne
3286 684 3429 745 forte
3451 704 3576 746 cum
3600 690 3708 749 illis

2119 779 2363 840 pereant.

2197 880 2215 913 ι
2263 861 2595 932 Egredimini
2626 862 2699 918 de
2731 865 2909 921 medio
2961 863 3078 936 ejus
3120 867 3349 937 populus
3402 885 3558 927 meus
3584 911 3602 936 ,
3644 878 3710 929 ut

2127 970 2146 1004 ι
2190 952 2359 1007 salvet
2414 956 2783 1024 unusquisque
2828 957 3063 1019 animam
3109 959 3477 1014 suamabira
3507 961 3711 1019 furoris

2127 1060 2145 1097 ι
2192 1041 2426 1105 Domini,
2455 1052 2510 1098 et
2553 1058 2622 1098 ne
2664 1044 2804 1099 forte
2837 1046 3116 1101 mollescat
3141 1063 3237 1103 cor
3256 1057 3519 1113 vestrum,
3551 1059 3606 1106 et
3634 1052 3707 1106 ti-

2126 1154 2146 1187 ι
2188 1137 2382 1213 meatis
2410 1137 2656 1196 auditum
2687 1138 2781 1207 qui
2812 1140 3062 1194 audietur
3090 1142 3143 1195 in
3171 1150 3337 1209 terra,
3366 1154 3421 1199 et
3447 1145 3631 1199 veniet
3653 1144 3710 1200 in

2126 1246 2146 1281 ι
2188 1216 2329 1285 anno
2360 1230 2567 1285 auditio
2589 1272 2603 1296 ,
2646 1239 2701 1287 et
2734 1241 2855 1302 post
2886 1231 3032 1290 hunc
3058 1235 3259 1289 annum
3286 1236 3491 1291 auditio
3515 1245 3572 1292 et
3602 1237 3708 1291 ini-

2127 1341 2145 1375 ι
2188 1324 2368 1393 quitas
2393 1324 2445 1379 in
2479 1332 2647 1391 terra,
2666 1332 2719 1379 et
2737 1326 3043 1381 dominator
3067 1343 3230 1399 super
3254 1329 3702 1384 dominatorem.»

2121 1416 2267 1487 Opus
2307 1404 2389 1471 est
2427 1431 2556 1487 ergo
2596 1417 2885 1486 unicuique
2933 1418 3024 1487 qui
3092 1419 3205 1473 vult
3262 1419 3500 1475 animam
3556 1435 3707 1475 suam

2121 1507 2324 1562 salvam
2339 1505 2552 1570 facere,
2579 1514 2639 1561 ut
2677 1520 2734 1561 se
2776 1516 3081 1577 sequestret
3115 1508 3181 1562 de
3215 1509 3553 1577 perditorum
3586 1524 3711 1565 con-

2121 1598 2309 1662 sortio,
2343 1604 2399 1652 et
2422 1606 2737 1653 revereatur
2765 1600 3067 1653 sermonem
3101 1599 3343 1665 Domini,
3370 1601 3437 1655 de
3470 1601 3709 1656 vindicta

2120 1698 2465 1760 peccatorum
2498 1690 2674 1745 futura
2718 1692 3102 1751 comminantis
3124 1731 3138 1757 ,
3180 1693 3272 1762 qui
3300 1694 3549 1762 quotidie
3575 1708 3713 1763 prte-

2124 1764 2337 1837 dicatur
2355 1783 2408 1839 in
2437 1784 2685 1848 ecclesia,
2703 1791 2758 1837 et
2782 1784 3000 1838 auditur
3021 1784 3380 1849 ab’omnibus,
3410 1782 3713 1854 Scriptor-is

2122 1874 2328 1929 sanctis
2362 1875 2427 1928 de
2460 1888 2601 1927 anno
2648 1874 2703 1927 in
2754 1888 2953 1927 annum
3005 1873 3060 1927 id
3091 1874 3263 1943 ipsum
3303 1872 3709 1937 attestantibus,

2124 1966 2268 2037 quod
2318 1966 2481 2035 judex
2534 1966 2770 2021 ccelestis
2813 1967 3059 2024 dicturus
3110 1966 3178 2020 sit
3221 1965 3276 2020 in
3303 1976 3557 2021 extremo
3585 1979 3710 2023 exa-

2122 2058 2289 2122 mine,
2317 2056 2401 2111 his
2423 2056 2515 2125 qui
2538 2056 2605 2110 ad
2629 2055 2904 2110 sinistram
2948 2052 3066 2121 ejus
3094 2062 3255 2108 erunt
3280 2072 3294 2107 :
3330 2074 3350 2106 ι
3383 2055 3657 2110 Discedite
3682 2068 3713 2108 a

2122 2162 2231 2213 me,
2265 2146 2554 2209 maledicti,
2589 2148 2641 2202 in
2670 2148 2844 2218 ignem
2858 2154 3139 2209 aeternum,
3155 2147 3246 2216 qui
3268 2156 3610 2216 prmparatus
3635 2152 3714 2201 est

2122 2240 2339 2295 diabolo
2373 2249 2429 2295 et
2470 2240 2678 2312 angelis
2712 2238 2830 2308 ejus
2861 2238 3077 2311 (Matth.
3121 2237 3271 2311 xxv).
3322 2258 3345 2290 ι
3401 2236 3523 2291 Non
3571 2238 3713 2291 enim

2123 2332 2280 2386 debet
2325 2346 2420 2386 cor
2440 2338 2687 2385 nostrum
2728 2331 2783 2385 in
2824 2331 3105 2391 desideriis
3132 2331 3314 2387 carnis
3349 2328 3673 2385 mollescere
3695 2369 3710 2395 ,

2122 2430 2177 2477 et
2200 2437 2298 2477 nos
2323 2436 2518 2492 segnes
2538 2422 2595 2476 in
2618 2435 2779 2491 opere
2825 2422 2969 2478 bono
3012 2423 3259 2488 reddere,
3300 2421 3396 2475 sed
3420 2420 3595 2491 magis
3620 2434 3715 2491 per

2124 2514 2366 2569 auditum
2397 2513 2658 2569 sollicitos
2690 2514 2743 2567 in
2774 2514 3126 2568 meditatione
3151 2511 3286 2580 legis
3314 2512 3436 2578 Dei,
3477 2522 3533 2567 et
3572 2520 3711 2567 stre-

2123 2619 2259 2659 nuos
2288 2605 2340 2658 iu
2365 2605 2631 2659 exercitio
2664 2605 2926 2659 virtutum
2964 2604 3219 2665 exhibere
3245 2644 3261 2669 ,
3300 2605 3429 2674 quia
3455 2605 3714 2674 iniquitas

2123 2702 2284 2757 terrae
2311 2694 2745 2749 remunerabitur
2766 2694 2819 2748 in
2843 2708 3003 2764 poma
3024 2693 3303 2765 gehennae,
3330 2704 3386 2748 et
3406 2696 3715 2751 dominator

2122 2791 2284 2856 sdper
2310 2786 2704 2841 dominatorem
2730 2786 2945 2848 veniet,
2979 2792 3042 2849 ut
3086 2785 3180 2856 qui
3224 2784 3565 2855 potentiores
3600 2784 3713 2841 fue-

2122 2886 2250 2935 runt
2284 2879 2354 2933 ~in
2407 2876 2686 2948 peccatis,
2743 2863 3076 2947 potentiora'
3109 2883 3379 2933 tormenta
3434 2875 3714 2945 patiantur

2121 2970 2277 3043 (sap.
2308 2970 2405 3041 νι).

2197 3079 2215 3111 ι
2256 3060 2549 3130 Propterea
2580 3073 2706 3115 ecce
2734 3059 2851 3115 dies
2876 3060 3129 3125 veniunt,
3178 3066 3233 3115 et
3269 3057 3504 3113 visitabo
3548 3074 3711 3130 super

2127 3174 2145 3207 ι
2193 3154 2461 3225 sculptilia
2492 3153 2803 3225 Babylonis,
2831 3159 2885 3207 et
2913 3153 3094 3208 omnis
3137 3161 3283 3206 terra
3311 3151 3432 3222 ejus
3481 3151 3708 3207 confun-

420 3264 541 3312 cum
591 3248 747 3309 leone
776 3246 991 3302 diabolo
1016 3287 1031 3311 ,
1075 3246 1168 3315 qui
1208 3246 1473 3316 rugiendo
1520 3248 1717 3302 circuit
1766 3262 2015 3317 qumt‘ens
2044 3216 2090 3280 C
2128 3266 2147 3299 ι
2191 3216 2381 3312 detur,
2409 3255 2464 3301 et
2488 3216 2728 3301 universi
2756 3243 3027 3301 interfecti
3057 3244 3176 3315 ejus
3202 3244 3401 3299 cadent
3431 3244 3488 3298 in
3534 3245 3709 3312 medio

418 3356 579 3409 quem
609 3342 855 3403 devoret,
900 3348 955 3394 et
1002 3338 1350 3393 inebriabunt
1379 3352 1474 3393 eos
1502 3340 1917 3409 potuvindicta:
1960 3347 2031 3395 eL

419 3434 643 3493 ultionis
673 3434 892 3501 trituris,
923 3440 984 3488 ut
1010 3447 1207 3503 sopore
1232 3432 1425 3490 mortis
1455 3443 1675 3488 mterna:
1696 3433 1970 3488 dormiant
1996 3474 2010 3497 ,

416 3541 519 3582 nec
573 3525 713 3581 ultra
762 3527 831 3587 ad
883 3526 1054 3584 vitam
1106 3532 1413 3597 resurgant,
1463 3524 1557 3580 sed
1612 3524 1742 3599 fiant
1794 3524 2013 3583 victima

416 3616 596 3689 gladio
649 3618 863 3681 Domini
896 3619 1109 3683 occisa,
1142 3627 1198 3675 et
1224 3619 1473 3677 habitent
1518 3635 1642 3674 cum
1690 3620 2015 3674 draconibus

416 3709 753 3780 spiritalibus
796 3710 848 3764 in
900 3710 1019 3769 lacu
1071 3708 1271 3768 inferni
1315 3710 1373 3766 in
1412 3717 1751 3780 perpetuum.
1783 3711 1860 3765 De
1908 3711 2013 3765 hoc

417 3809 474 3867 et
499 3800 783 3873 sequentia
814 3802 978 3859 etiam
1010 3810 1235 3863 narrent
1262 3820 1301 3854 εν

494 3912 513 3943 ‹
556 3891 838 3959 Quomodo
866 3902 1020 3961 capta
1052 3900 1137 3946 est
1166 3891 1390 3954 Sesach,
1416 3898 1471 3946 et
1496 3893 1889 3961 comprehensa
1930 3902 2013 3949 est

423 4001 442 4034 ι
483 3983 683 4054 inclyta
713 3984 979 4045 universae
1018 3982 1213 4036 terrm?
1242 3981 1521 4049 Quomodo
1545 3982 1688 4038 facta
1712 3994 1797 4039 cst
1821 3985 1873 4038 in
1901 3992 2013 4040 stu-

424 4093 443 4131 I
490 4090 681 4145 porem
731 4074 971 4145 Babylon
1003 4075 1148 4129 inter
1177 4075 1400 4142 gentes?
1428 4075 1687 4131 Ascendit
1717 4090 1877 4147 super
1912 4078 2013 4131 Ba-

421 4185 441 4217 ι
488 4166 739 4237 bylonem
782 4180 932 4220 mare
952 4205 966 4230 ,
996 4166 1340 4220 multitudine
1387 4165 1647 4221 ﬂuctuum
1679 4166 1795 4235 ejus
1824 4179 2009 4237 operta

422 4278 441 4319 ο
486 4266 589 4319 est.
645 4257 824 4311 Facta:
856 4266 983 4313 sunt
1015 4257 1266 4317 civitates
1294 4256 1413 4325 ejus
1448 4252 1498 4312 iu
1537 4266 1836 4328 stuporem,
1863 4269 2009 4314 terra

422 4366 441 4407 ι
488 4347 858 4413 inhabitabilis
888 4356 944 4401 et
968 4347 1205 4412 deserta,
1234 4349 1288 4407 in
1318 4364 1423 4417 qua
1448 4348 1627 4407 nullus
1658 4334 1881 4411 habitet,
1910 4364 2011 4405 nec

423 4454 440 4488 ι
490 4445 731 4493 transeat
754 4451 851 4503 per
889 4451 1010 4490 eam
1046 4436 1187 4490 ﬁlius
1217 4438 1473 4493 hominis.
1499 4439 1565 4493 Et
1589 4439 1823 4494 visitabo
1850 4457 2012 4510 super

421 4546 438 4577 ι
482 4526 574 4585 Bel
602 4527 654 4580 iu
684 4525 978 4595 Babylone,
1023 4535 1076 4580 et
1118 4527 1328 4595 ejiciam
1376 4530 1517 4597 quod
1562 4531 1917 4587 absorbuerat
1946 4534 2037 4588 de‘

420 4637 439 4670 ι
480 4634 576 4672 ore
604 4618 743 4687 ejus,
776 4627 831 4671 et
857 4632 965 4683 non
1007 4617 1276 4683 confluent
1326 4620 1394 4677 ad
1422 4636 1567 4675 eum
1614 4621 1755 4676 ultra
1799 4632 2004 4693 gentes.

420 4727 437 4758 ι
486 4707 766 4778 Siquidem
798 4716 853 4773 et
881 4724 1067 4763 murus
1096 4707 1390 4780 Babylonis
1417 4719 1655 4767 corruet.
1683 4732 1699 4763 ι
1737 4712 1889 4780 Quod
1912 4729 2008 4767 au-

416 4809 524 4852 tem
556 4797 764 4853 Sesacb
794 4798 909 4866 ipsa
941 4799 1012 4852 sit
1038 4798 1278 4869 Babylon
1303 4840 1317 4864 ,
1342 4874 1345 4877 ἰ
1367 4817 1529 4871 supra
1570 4802 1684 4871 jam
1730 4811 2005 4858 ostensum

413 4900 515 4947 est.
559 4890 838 4958 Quomodo
868 4899 1048 4965 autem
1091 4891 1373 4950 subversio
1411 4892 1700 4963 Babylonis
1732 4882 1872 4950 faeta
1913 4898 2005 4961 sit,

415 4998 577 5051 quam
626 4996 796 5051 mare,
832 4984 936 5037 hoc
964 4992 1087 5048 est,
1142 4985 1427 5043 multitudo
1474 4987 1788 5055 populorum
1849 4987 2006 5042 simul

415 5090 537 5135 cum
587 5075 698 5139 Deo
744 5085 860 5138 sua,
896 5074 977 5135 vel
1010 5076 1276 5135 subvertit
1321 5086 1483 5145 atque
1536 5078 1839 5142 destruxit,
1886 5077 1999 5147 jam

414 5167 611 5234 swpius
642 5165 843 5220 dictum
871 5175 993 5233 est,
1040 5182 1186 5223 nunc
1228 5182 1395 5237 pauca
1427 5167 1493 5221 de
1521 5169 1775 5238 allegoria
1814 5170 2003 5223 subro-

414 5273 625 5327 genius.
654 5256 859 5313 Sesach
889 5258 1035 5321 enim
1066 5260 1260 5329 byssus
1297 5259 1464 5323 sacci,
1498 5262 1611 5315 sive
1639 5276 1829 5329 manus
1857 5262 2000 5316 sacci

417 5354 804 5421 interpretatur
836 5391 851 5414 ,
909 5351 1049 5405 sicut
1100 5328 1339 5421 Babylon
1400 5328 1673 5426 confusio.)
1714 5354 1879 5422 Capta
1921 5364 2004 5409 est

414 5461 545 5513 ergo
575 5444 798 5507 Sesacb,
832 5454 884 5499 et
914 5446 969 5501 in
1006 5455 1282 5513 stuporem
1314 5446 1454 5502 facta
1482 5460 1566 5503 est
1589 5449 1849 5519 Babylon,
1878 5466 2000 5505 cum

415 5539 488 5592 illi
519 5540 608 5608 qui
638 5538 954 5593 idololatriae
983 5554 1201 5607 operam
1232 5538 1433 5595 dabant
1466 5580 1478 5603 ,
1513 5548 1567 5593 et
1595 5541 1828 5595 diversis
1854 5542 1999 5596 vitiis

413 5632 702 5701 mancipati
737 5640 919 5696 erant,
939 5632 1189 5687 tluctibus
1217 5634 1430 5687 venturi
1452 5632 1637 5701 judicii
1679 5636 1998 5690 subverten—

412 5731 522 5787 tur,
551 5732 605 5779 et
632 5738 810 5781 seram
842 5732 1063 5794 agentes
1088 5724 1485 5791 paenitentiam,
1516 5741 1640 5780 cum
1676 5726 1768 5780 Bel
1790 5727 1881 5794 qui
1912 5727 1999 5779 in-

412 5824 745 5887 terpretatur
782 5824 1059 5883 vetustas,
1110 5816 1210 5871 hoc
1253 5827 1375 5885 est,
1427 5835 1549 5876 cum
1592 5821 1817 5893 antiquo
1844 5821 2002 5879 hoste

2126 3359 2144 3393 ι
2187 3341 2325 3411 ejus,
2354 3348 2408 3395 et
2438 3340 2739 3395 laudabunt
2758 3354 2923 3410 super
2951 3324 3281 3409 Babylonem
3298 3324 3427 3392 ἐειδιί
3460 3345 3515 3392 et
3540 3346 3701 3404 terra,

2125 3452 2143 3484 ‹
2190 3442 2243 3487 ct
2267 3432 2447 3487 omnia
2472 3431 2682 3502 qute‘in
2718 3433 2799 3487 eis
2826 3438 2951 3487 sunt
2982 3449 2995 3484 :
3030 3431 3157 3501 quia
3210 3431 3278 3485 ab
3324 3428 3579 3500 aquilone
3620 3444 3708 3484 ve-

2110 3544 2142 3576 νι
2187 3526 2343 3579 niunt
2371 3525 2419 3579 ei
2444 3524 2749 3596 praedones,
2782 3525 2857 3587 ait
2886 3525 3167 3580 Dominus.
3190 3523 3259 3577 Et
3284 3523 3555 3593 quomodo
3582 3522 3705 3579 fecit

2124 3634 2143 3667 ι
2185 3616 2445 3687 Babylon,
2471 3624 2531 3670 ut
2559 3617 2819 3671 caderent
2845 3615 3010 3671 occisi
3041 3616 3095 3669 in
3122 3614 3305 3680 Israel,
3336 3614 3416 3669 sic
3442 3613 3508 3667 de
3527 3613 3701 3685 Baby-

2123 3731 2141 3762 ι
2185 3710 2308 3764 lone
2334 3709 2533 3763 cadent
2561 3708 2728 3763 occisi
2782 3708 2837 3761 in
2884 3708 3140 3761 universa
3180 3719 3347 3759 terra.
3372 3722 3409 3755 ·›
3450 3703 3577 3759 Dies
3614 3704 3703 3759 isti

2117 3801 2232 3855 dies
2259 3797 2631 3853 retributionis
2660 3804 2788 3851 sunt
2812 3818 2825 3860 ;
2858 3795 3076 3865 quando
3098 3794 3264 3864 judex
3293 3792 3533 3848 cmicstis
3563 3791 3704 3859 judi-

2117 3892 2265 3957 cabit
2291 3892 2479 3945 orbem
2511 3898 2671 3943 terra:
2700 3889 2754 3942 in
2773 3886 3005 3956 justitia,
3035 3896 3091 3942 et
3116 3886 3341 3957 populos
3381 3887 3435 3941 in
3463 3886 3700 3940 civitate.

2118 3984 2269 4037 Tunc
2306 3982 2674 4037 visitabuntur
2703 3978 2973 4050 sculptilia
2996 3978 3309 4049 Babylonis,
3338 3980 3445 4033 hoc
3483 3977 3586 4041 est,
3627 3977 3704 4033 si-

2116 4074 2357 4128 mulacra
2401 4087 2669 4136 errorum,
2702 4085 2835 4140 quos
2863 4070 3103 4139 haeretici
3147 4069 3200 4123 in
3226 4068 3570 4141 dogmatibus
3593 4068 3708 4125 suis

2118 4168 2435 4231 finxerunt,
2486 4174 2541 4221 et
2587 4167 2763 4220 omnis
2831 4173 3050 4219 terrena
3112 4165 3452 4220 conversatio
3516 4178 3706 4219 eorum

2114 4257 2493 4323 confundetur,
2526 4256 2873 4325 universique
2911 4263 3199 4321 errantes,
3246 4265 3301 4309 et
3352 4256 3408 4309 in
3454 4269 3703 4310 errorem

2114 4351 2393 4404 mittentes
2416 4390 2431 4413 ,
2476 4349 2669 4402 cadent
2694 4348 2868 4419 gladio
2894 4348 3147 4404 vindictae
3189 4348 3424 4403 Domini.
3462 4348 3531 4403 Et
3570 4364 3707 4419 quo-

2115 4441 2274 4495 modo
2322 4439 2559 4509 Babylon
2604 4438 2865 4509 spiritalis
2906 4437 3037 4493 fecit
3063 4479 3076 4504 ,
3120 4447 3181 4492 ut
3225 4440 3484 4494 caderent
3537 4431 3702 4495 occisi

2117 4533 2171 4586 in
2201 4533 2396 4603 papulo
2429 4532 2556 4597 Dei,
2602 4532 2681 4586 sic
2707 4547 2923 4601 quoque
2968 4530 3110 4585 illius
3145 4529 3480 4586 habitatores
3510 4529 3706 4585 cadent

2115 4626 2283 4680 occisi
2310 4626 2363 4679 in
2390 4626 2641 4679 universa
2672 4632 2833 4676 terra.
2869 4621 3022 4678 Unde
3062 4622 3356 4686 laudabunt
3406 4638 3568 4692 super
3602 4622 3704 4675 Ba-

2115 4718 2365 4789 bylonem
2392 4716 2516 4771 coeli
2549 4724 2604 4771 et
2634 4722 2804 4778 terra,
2849 4722 2904 4769 et
2944 4715 3123 4768 omnia
3167 4730 3289 4783 qure
3326 4715 3380 4768 in
3419 4715 3500 4769 eis
3535 4725 3659 4768 Sunt
3685 4753 3700 4777 ,

2115 4810 2239 4879 quia
2270 4810 2452 4879 praedo
2481 4807 2858 4861 universarum
2884 4805 3125 4875 gentium
3154 4804 3474 4859 devastatus
3502 4813 3601 4859 est.

2190 4921 2209 4953 ‹
2255 4901 2355 4968 Qui
2390 4899 2603 4971 fugistis
2633 4898 2870 4969 gladium
2895 4935 2909 4962 ,
2936 4896 3140 4965 venite,
3190 4895 3359 4950 nolite
3407 4905 3575 4959 stare,
3619 4908 3703 4952 ne-

2120 5014 2139 5048 ι
2185 4976 2482 5049 cordamini
2514 4991 2698 5061 procul
2737 4989 2983 5052 Domini,
3011 4998 3065 5040 et
3101 4985 3400 5043 Jerusalem
3441 4989 3703 5044 ascendat

2116 5106 2133 5137 ι
2180 5100 2340 5153 super
2365 5099 2460 5139 cor
2485 5090 2745 5136 vestrum.
2788 5099 2805 5130 ι
2855 5078 3113 5132 Hortatur
3134 5078 3700 5147 prophetalsraelitas

2109 5176 2199 5246 qui
2246 5175 2465 5229 fuerunt
2506 5172 2560 5227 in
2602 5171 2894 5242 Babylone,
2946 5179 3005 5224 ut
3047 5154 3336 5224 si'vellent
3371 5170 3506 5226 salvi
3554 5171 3697 5237 fieri,

2108 5268 2365 5321 recedant
2403 5265 2544 5323 inde,
2592 5272 2647 5317 et
2697 5260 3047 5315 recordentur
3096 5259 3161 5313 de
3211 5268 3357 5313 terra
3400 5260 3697 5331 longinqua

2109 5357 2292 5427 templi
2339 5356 2570 5420 Domini,
2615 5362 2671 5407 et
2695 5352 2991 5407 Jerusalem
3034 5351 3270 5405 civitatis
3299 5352 3416 5411 eius
3444 5353 3694 5417 deserure,

2111 5449 2389 5517 magisque
2416 5446 2671 5500 festinent
2716 5442 2842 5496 illuc
2888 5441 3158 5505 transire,
3204 5456 3363 5517 quam
3406 5440 3701 5509 Babylonis

2106 5516 2427 5595 vastationis
2481 5536 2773 5607 participes
2828 5549 2947 5589 esse
2974 5573 2988 5597 ,
3043 5533 3111 5587 ad
3154 5516 3317 5602 quod,
3346 5531 3423 5586 illi
3468 5547 3699 5603 respon-

2107 5635 2278 5690 dent:

2182 5746 2201 5778 σ
2242 5723 2464 5781 Confusi
2494 5736 2679 5778 sumus
2700 5721 2952 5790 quoniam
2981 5718 3286 5774 audivimus
3314 5715 3695 5787 opprobrium,

2114 5839 2132 5871 ι
2176 5818 2385 5889 operuit
2426 5813 2717 5888 ignominia
2767 5812 2934 5869 facies
2985 5818 3220 5879 nostras,
3254 5809 3381 5883 quia
3427 5817 3699 5873 venerunt
