3952 6326
243 416 384 471 H75

1118 393 1484 455 EXPOSITIO
1518 388 1746 450 SUPER
1786 382 2151 442 JEBEMIAM.
2187 416 2258 429 —-
2294 385 2425 443 LlB.
2462 383 2627 441 XVII.

3376 382 3519 438 H74

249 552 267 585 ε
313 530 475 586 alieni
523 540 684 609 super
727 517 1208 578 sanctificationem
1278 514 1469 567 domus
1529 508 1762 563 Domini.
1806 525 1821 557 ι
1857 503 1908 565 Α
1934 502 2176 569 buretur,
2210 504 2332 573 quia
2360 503 2516 558 fortis
2541 510 2624 558 est
2649 500 2810 567 Deus,
2837 500 2928 572 qui
2953 500 3216 572 judicavit
3239 498 3402 554 illam.
3454 499 3522 554 Et

246 623 580 689 Erubeseere
594 600 663 671 se
686 616 871 670 dicunt
906 616 1124 682 propter
1152 600 1830 674 opprobrium'vicinarum

246 712 487 787 gentium
514 751 528 775 ,
557 722 675 781 quae
700 702 1031 761 insultabant
1063 697 1169 751 illis
1195 694 1349 764 quasi
1379 691 1609 787 captivis
1631 730 1653 787 ι,
1678 690 1832 787 ‘sicut

352 774 538 857 Esdrze
574 774 719 852 libro
768 793 985 865 legitur,
1019 802 1087 843 eo
1132 785 1275 857 quod
1334 780 1547 836 devulsi
1600 774 1712 834 sint
1766 776 1832 831 de

248 903 397 947 terra
437 906 533 946 sua
570 894 625 943 et
657 885 812 941 sedes
860 893 1048 935 eorum
1095 877 1320 931 desertae
1372 870 1833 938 sanctiﬁcatioque

245 982 433 1053 templi
482 976 696 1035 Domini
736 973 1032 1033 destructa,
1083 965 1284 1036 quibus
1332 964 1527 1019 iterum
1572 960 1833 1031 propheta

247 1072 541 1147 respondet
581 1086 593 1120 :
998 1112 999 1119 η
1335 1129 1357 1148 ⁸

330 1142 356 1209 ι’
383 1160 671 1226 Propterea
717 1166 845 1208 ecce
876 1151 992 1205 dies
1040 1148 1282 1212 veniunt,
1333 1142 1408 1199 ait
1454 1142 1752 1198 Dominus:
1782 1149 1838 1194 et

252 1266 273 1301 ι
304 1246 533 1302 visitabo
553 1259 715 1314 super
740 1240 1002 1311 sculptilia
1042 1237 1347 1308 Babylonis,
1369 1243 1424 1289 et
1444 1235 1495 1287 in
1523 1233 1671 1287 omni
1695 1240 1837 1285 terra

253 1362 274 1395 ι
305 1343 423 1412 ejus
448 1320 647 1412 mugiet
670 1338 999 1391 vulneratus.
1040 1332 1097 1387 Si
1142 1329 1444 1384 ascenderit
1488 1325 1723 1397 Babylon
1784 1325 1837 1377 in

254 1450 274 1485 ς
312 1430 532 1493 cmlum,
578 1437 633 1481 et
659 1423 956 1481 firmaverit
984 1423 1036 1475 in
1066 1418 1279 1479 excelso
1322 1418 1487 1471 robur
1543 1431 1723 1477 suum,
1772 1413 1838 1467 ad

253 1540 274 1573 ι
314 1535 403 1574 me
424 1520 647 1573 veniunt
670 1522 971 1570 vastatores
990 1510 1124 1579 ejus,
1149 1510 1225 1564 ait
1256 1507 1532 1571 Dominus.
1586 1507 1701 1560 Vox
1723 1504 1837 1559 cla-

256 1626 275 1660 ι
319 1608 489 1663 moris
511 1609 576 1661 de
598 1605 891 1676 Babylone,
944 1610 1000 1657 et
1045 1600 1300 1657 contritio
1347 1612 1542 1668 magna
1585 1596 1650 1650 de
1694 1604 1840 1650 terra

256 1719 276 1752 ς
316 1700 713 1760 Chaldaeorum,
741 1692 1269 1766 quoniam‘vastavit
1308 1687 1839 1758 DominusBabylo-

257 1809 278 1842 ι
318 1807 463 1856 nem,
491 1797 545 1843 et
570 1787 803 1861 perdidit
830 1799 897 1840 ex
927 1800 991 1838 ea
1028 1798 1217 1839 vocem
1262 1795 1534 1851 magnam,
1584 1787 1641 1831 et
1680 1791 1840 1831 sana-

1895 662 1901 668 ,
1930 596 2134 651 flebunt
2162 604 2214 651 et
2249 594 2501 666 plangent
2525 610 2584 650 se
2611 608 2773 664 super
2802 593 2949 649 illam
3002 608 3158 663 reges
3196 602 3378 657 terrae,
3429 591 3521 662 qui

1931 704 2054 743 cum
2085 686 2173 741 illa
2205 685 2453 740 fornicati
2486 693 2685 740 suntet
2714 684 2770 738 in
2800 683 3007 741 deliciis
3030 683 3285 737 vixerunt
3322 680 3519 751 (Apoc.

1930 779 2116 851 xnn).
2168 797 2187 829 ›
2243 778 2309 832 Et
2333 786 2456 848 post
2482 776 2756 847 aliquanta
2783 775 3080 846 subiungit,
3117 774 3338 829 dicens:
3372 792 3391 823 ι
3420 772 3527 826 Ex-

1932 870 2069 925 sulta
2094 883 2255 939 super
2274 882 2415 933 eam,
2446 866 2667 934 ccelum,
2701 886 2719 919 ›
2753 874 2807 920 et
2841 864 3011 919 sancti
3045 864 3274 935 apostoli
3309 870 3365 919 et
3396 876 3523 933 pro-

1933 963 2127 1032 phetas,
2167 978 2183 1010 ‹
2219 956 2757 1029 quoniamjudicavit
2796 955 2938 1010 Deus
2969 954 3232 1025 judicium
3285 960 3526 1008 vestrum

1937 1051 2001 1105 de
2027 1049 2136 1103 illa.
2176 1070 2193 1100 ι
2232 1043 2403 1101 'anla
2453 1055 2537 1102 est
2576 1047 2720 1100 enim
2767 1046 2871 1100 nisi
2918 1044 3113 1100 diaboli
3150 1043 3363 1109 civitas,
3409 1058 3530 1113 quas

1937 1156 2153 1197 omnem
2183 1140 2415 1194 animam
2461 1139 2639 1209 capiat
2689 1136 3039 1201 immundam,
3090 1136 3144 1190 in
3192 1150 3297 1205 qua
3353 1134 3532 1190 omnis

1939 1232 2275 1288 immunditia
2314 1245 2410 1298 per
2442 1231 2625 1286 orbem
2648 1235 3036 1283 commoratur.
3067 1246 3083 1277 ι
3108 1227 3175 1281 Ει
3197 1235 3533 1281 mercatores

1938 1334 2099 1378 terra:
2135 1321 2200 1377 de
2221 1323 2421 1376 virtute
2454 1320 2764 1376 deliciarum
2795 1316 2910 1387 ejus
2937 1317 3132 1373 divites
3165 1316 3291 1372 facti
3317 1324 3461 1371 sunt.
3509 1336 3526 1367 ι

1940 1419 2148 1473 Divites
2174 1416 2413 1488 peccatis
2449 1415 2579 1470 dicit
2605 1429 2718 1479 eos,
2750 1414 2844 1482 qui
2875 1427 2972 1481 pro
3020 1410 3350 1465 abundantia
3397 1418 3536 1464 tem-

1940 1513 2133 1583 porali,
2168 1511 2368 1566 infelici
2411 1518 2655 1565 mercatu
2706 1508 2918 1563 animas
2976 1507 3336 1561 committant.
3401 1503 3537 1557 Nam

1942 1604 2193 1658 nimietas
2218 1601 2465 1665 luxuria),
2497 1614 2765 1670 pauperes
2812 1597 2993 1668 potius
3022 1610 3183 1665 quam
3223 1595 3417 1650 divites
3460 1594 3539 1648 fa-

1943 1692 2038 1748 cit.
2070 1710 2088 1743 ‹
2119 1692 2297 1761 Exite,
2321 1690 2521 1761 inquit,
2544 1690 2610 1743 de
2648 1688 2733 1742 illa
2759 1686 2991 1757 populus
3018 1702 3191 1749 meus,
3234 1692 3289 1739 et
3317 1699 3385 1739 ne
3414 1699 3543 1753 par-

1949 1785 2136 1853 ticipes
2166 1768 2637 1837 sitis-delictorum
2671 1778 2806 1847 ejus.
2841 1798 2858 1830 ι
2897 1777 2987 1833 Sic
3018 1777 3257 1832 etlsaias
3291 1795 3304 1829 :
3337 1796 3355 1827 ‹
3385 1775 3542 1831 Exite

256 1900 278 1935 ι
315 1884 449 1936 1mm-
476 1882 666 1935 Πυοιυε
690 1893 899 1944 eorum.
926 1875 1081 1953 quasi
1111 1889 1266 1942 aquae
1316 1871 1499 1926 multae
1532 1886 1545 1924 :
1573 1870 1720 1924 dedit
1756 1884 1841 1923 so-
1868 1857 1918 1917 Β
1946 1876 2011 1929 de
2038 1874 2215 1944 medio
2237 1889 2446 1937 eorum,
2477 1881 2533 1927 et
2565 1872 2900 1925 immundum
2925 1885 2991 1925 ne
3024 1869 3313 1939 tetigeritis
3339 1886 3351 1921 :
3386 1883 3546 1922 mun-

256 1994 276 2027 ι
313 1975 485 2041 nitum
513 1989 615 2029 vox
644 1987 857 2037 eorum,
887 1970 1023 2039 quia
1062 1968 1211 2023 venit
1257 1982 1420 2037 super
1456 1980 1598 2030 eam,
1644 1964 1697 2018 id
1736 1972 1840 2029 est,

256 2084 278 2118 ι
310 2081 474 2139 super
494 2064 819 2135 Babylonem
846 2061 1050 2132 prmdo,
1074 2067 1129 2116 et
1154 2058 1478 2130 apprehensi
1504 2064 1629 2112 sunt
1676 2054 1843 2110 fortes

258 2178 279 2213 ι
314 2157 452 2227 ejus,
480 2166 535 2213 et
554 2157 819 2217 emarcuit
846 2171 1004 2210 arcus
1054 2168 1266 2217 eorum,
1323 2151 1449 2220 quia
1507 2148 1663 2229 fortis
1704 2148 1846 2201 ultor

258 2268 279 2311 ς
314 2250 581 2315 Dominus
595 2248 834 2303 reddens
863 2243 1132 2300 retribuit.
1166 2243 1233 2297 Et
1260 2240 1541 2296 inebriabo
1570 2236 1846 2309 principes

258 2360 279 2396 ι
313 2343 431 2413 ejus
460 2350 515 2400 et
560 2340 830 2413 sapientes
877 2337 1014 2407 ejus,
1039 2338 1204 2393 duces
1227 2333 1361 2402 ejus,
1401 2341 1457 2387 et
1502 2331 1846 2402 magistratus

260 2454 280 2493 ι
316 2435 453 2505 ejus,
480 2442 535 2491 et
564 2433 731 2488 fortes
751 2432 889 2501 ejus,
930 2439 985 2485 et
1017 2429 1289 2489 dormient
1333 2426 1600 2481 somnium
1650 2422 1847 2493 sempi-

261 2544 283 2589 ς
323 2536 551 2588 ternum,
588 2533 643 2591 et
671 2540 778 2579 non
809 2528 1285 2594 expergescentur,
1327 2519 1404 2572 ait
1448 2533 1544 2572 rex
1589 2516 1848 2571 Dominus

263 2634 284 2668 ‹
318 2615 654 2681 exercituum
686 2627 879 2677 nomen
910 2611 1046 2682 ejus.
1080 2609 1206 2675 Haec
1236 2608 1367 2675 dicit
1400 2605 1658 2660 Dominus
1688 2620 1845 2659 exer-

261 2726 283 2771 c
316 2708 520 2767 citnum
544 2724 556 2760 :
581 2704 763 2771 Murus
794 2690 1089 2774 Babylonis
1115 2700 1205 2755 ille
1231 2698 1529 2757 altissimus
1555 2695 1850 2751 suffusione

261 2817 283 2855 ι
324 2798 656 2865 suﬂ‘odietur,
682 2804 735 2857 et
756 2804 926 2866 porta:
955 2796 1071 2866 ejus
1092 2792 1319 2848 excelsm
1343 2791 1474 2864 ,igni
1518 2791 1847 2845 comburen-

262 2908 283 2943 ι
328 2899 436 2953 tur,
466 2896 520 2942 et
545 2887 755 2949 labores
780 2886 1099 2957 populorum
1129 2886 1205 2939 ad.
1228 2870 1476 2947 nihilum,
1521 2891 1576 2937 et
1605 2882 1848 2954 gentium

263 2997 284 3039 ι
320 2979 374 3033 in
422 2978 544 3049 igne
572 2985 728 3038 erunt
761 2984 816 3031 et
841 2973 1193 3046 disperibunt.
1228 2992 1247 3025 ι
1284 2972 1579 3049 Enumerat
1630 2971 1849 3025 univer-

259 3083 355 3125 sas
395 3048 598 3139 plagas,
649 3080 770 3139 quae
822 3072 1225 3135 superventurze
1270 3048 1425 3116 erant
1462 3060 1748 3132 Babyloni,
1797 3067 1852 3115 et

259 3160 533 3223 universis
551 3157 902 3231 optimatibus
926 3156 1061 3223 ejus,
1093 3153 1320 3209 ducibus
1344 3160 1399 3207 et
1418 3151 1844 3223 magistratibus,

1945 1964 2146 2019 damini
2184 1965 2275 2033 qui
2309 1962 2461 2017 fertis
2498 1977 2622 2017 vasa
2646 1962 2896 2026 Domini;
2928 1982 2945 2011 ›
2988 1960 3350 2031 prrenuntiata
3384 1959 3541 2014 ruina

1945 2058 2255 2129 Babylonis,
2296 2057 2503 2111 inducit
2538 2056 2918 2111 discessionem
2951 2054 3271 2110 electorum.
3308 2050 3437 2119 Quae
3458 2056 3543 2104 est

1945 2148 2235 2221 Babylonis
2270 2148 2462 2203 ruina?
2491 2147 2624 2202 Cum
2654 2148 2799 2203 enim
2841 2140 3157 2201 discesserit
3191 2143 3344 2199 Lota
3376 2138 3547 2195 Sodo-

1946 2241 2071 2304 mis,
2105 2238 2347 2295 funditus
2379 2239 2632 2295 tollentur
2661 2234 2989 2309 (Gen.x1x).
3032 2234 3280 2299 Reddite,
3315 2232 3390 2286 ait
3440 2228 3538 2293 illi,

1950 2332 2091 2395 sicut
2117 2331 2233 2399 ipsa
2257 2329 2490 2384 reddidit
2516 2327 2688 2383 vobis.
2714 2328 2791 2382 De
2814 2326 3059 2382 Ecclesia
3081 2325 3227 2379 enim
3262 2328 3461 2377 exeunt
3488 2320 3541 2375 in

1948 2423 2209 2477 mundum
2231 2422 2401 2491 plagae
2442 2420 2680 2475 visibiles
2717 2429 2771 2473 et
2830 2416 3145 2473 invisibiles.
3210 2415 3320 2469 «Et
3368 2413 3546 2483 dupli-

1951 2521 2073 2568 cate
2100 2513 2334 2584 duplicia
2358 2512 2652 2567 secundum
2678 2527 2841 2582 opera
2864 2511 3001 2580 ejus.
3044 2529 3061 2561 ι
3091 2508 3169 2563 lta
3190 2524 3311 2579 quae
3334 2515 3548 2577 tempo-

1951 2604 2157 2659 ralibus
2178 2603 2699 2669 fruebatur-deliciis,
2718 2594 3004 2659 tormentis
3019 2601 3293 2657 crucietur
3304 2598 3545 2654 aeternis.

2030 2715 2048 2747 ι
2088 2696 2323 2751 Verbum
2401 2698 2544 2765 quod
2604 2694 2861 2766 prmcepit
2922 2692 3185 2750 Jeremias
3247 2690 3545 2761 prophetis,
3619 2684 3628 2693 “

1960 2810 1978 2841 c
2014 2789 2219 2843 Saraia:
2253 2787 2365 2842 tilio
2403 2787 2579 2842 Nerire
2628 2786 2888 2848 Maassizc,
2947 2800 3067 2840 cum
3118 2794 3369 2855 pergeret
3422 2796 3547 2835 cum

1960 2902 1978 2935 ‹
2018 2881 2281 2937 Sedechia
2312 2896 2439 2951 rege
2470 2881 2523 2951 in
2554 2880 2902 2950 Babylonem,
2938 2879 2990 2932 in
3020 2892 3163 2931 anno
3217 2886 3412 2949 quarto
3461 2890 3549 2929 re-

1961 2993 1978 3023 ι
2017 2973 2105 3043 gni
2134 2973 2270 3043 ejus.
2302 2970 2524 3026 Saraias
2552 2980 2735 3025 autem
2757 2979 2877 3024 erat
2928 2970 3181 3040 princeps
3226 2968 3544 3039 prophetiae.

1961 3083 1980 3117 ‹
2016 3064 2085 3119 Et
2124 3064 2343 3134 scripsit
2376 3061 2644 3117 Jeremias
2687 3076 2846 3115 omne
2887 3060 3112 3125 malum,
3167 3058 3310 3131 quod
3354 3068 3548 3115 ventu-

1961 3147 2135 3212 ("rum
2156 3167 2275 3211 erat
2302 3172 2467 3227 super
2503 3154 2830 3227 Babylonem
2890 3155 2945 3209 in
2999 3154 3137 3209 libro
3184 3171 3313 3218 uno,
3368 3156 3549 3211 omnia

262 3261 319 3313 et
345 3241 597 3317 universo
615 3248 831 3331 populo,
860 3247 1004 3317 quod
1032 3246 1261 3301 diversis
1284 3245 1851 3316 suppliciis.interem-
1878 3214 1923 3278 (ἶ
1963 3270 1981 3301 α
2016 3250 2179 3303 verba
2202 3249 2337 3307 haec.
2361 3262 2482 3316 qua:
2513 3248 2717 3316 scripta
2769 3236 2895 3300 sunt
2948 3253 3140 3301 contra
3197 3234 3547 3317 Babyloneu‘i.

258 3343 343 3421 pti
388 3340 671 3409 dermituri
723 3339 832 3404 sint
882 3351 1070 3398 somno
1110 3336 1301 3399 mortis
1347 3336 1708 3415 sempiternae,
1754 3348 1855 3389 nec

261 3434 405 3490 ultra
433 3433 559 3493 inde
586 3430 973 3501 experrecturi.
999 3427 1439 3500 Mystice-autem
1486 3427 1604 3491 haec
1649 3426 1850 3492 omnia,

263 3524 480 3592 ruinam
516 3521 733 3593 perfida:
758 3520 1110 3593 pronuntiant
1139 3519 1390 3585 civitatis,
1422 3534 1586 3589 quam
1611 3519 1854 3575 diabolus

263 3615 338 3669 ab
366 3614 517 3673 initio
543 3612 868 3678 construxit,
914 3620 969 3667 et
1004 3626 1103 3681 per
1138 3625 1303 3680 quam
1351 3617 1539 3666 contra
1578 3610 1851 3664 civitatem

264 3705 363 3761 Dei
394 3704 576 3766 sedulo
600 3704 875 3777 pugnavit,
910 3704 1054 3781 quod
1083 3702 1254 3759 erutis
1285 3700 1352 3758 de
1379 3709 1551 3766 morte
1580 3701 1783 3757 sanctis
1802 3710 1858 3756 et

263 3793 452 3855 electis
474 3793 590 3870 Dei,
634 3791 791 3864 impia
826 3790 1018 3855 civitas
1046 3790 1101 3845 in
1130 3799 1391 3853 mteruum
1424 3790 1741 3861 supplicium
1770 3792 1857 3847 de-

263 3891 561 3954 mergatur,
605 3884 680 3954 De
716 3884 818 3949 hac
851 3882 1071 3945 civitate
1100 3889 1155 3949 et
1179 3879 1415 3939 Joannes
1441 3881 1494 3941 in
1536 3881 1854 3958 Apocalypsi

266 3974 597 4041 sufﬁcienter
638 3973 953 4045 disputavit,
1002 3973 1184 4035 dicens
1216 3990 1229 4025 :
1269 3989 1287 4021 ‹
1316 3969 1437 4027 Vidi
1481 3972 1729 4043 angelum
1763 3974 1856 4031 de-

268 4066 616 4136 scendentem
642 4066 709 4131 de
729 4065 890 4135 etelo,
922 4066 1208 4133 habentem
1237 4072 1559 4139 potestatem
1584 4081 1853 4137 magnam,

266 4165 326 4217 et
358 4168 503 4219 terra
541 4157 952 4227 illuminataest
977 4173 1007 4212 a
1035 4157 1202 4233 gloria
1253 4155 1391 4224 ejus,
1440 4165 1495 4225 et
1536 4156 1858 4211 exclamavit

268 4250 327 4325 in
364 4248 489 4323 forti
528 4264 679 4315 voce,
711 4249 895 4319 dicens
934 4266 946 4302 :
983 4246 1208 4317 Cecidit,
1246 4246 1443 4302 cecidit
1480 4246 1717 4318 Babylon
1767 4248 1855 4302 illa

269 4356 491 4410 magna,
519 4352 575 4396 et
608 4339 746 4397 facta
768 4347 851 4396 est
871 4338 1133 4405 habitatio
1150 4338 1569 4406 daemoniorum,
1598 4348 1650 4395 et
1678 4350 1857 4397 custo-

269 4433 361 4489 dia
385 4432 559 4489 omnis
588 4432 808 4503 spiritus
846 4432 1133 4502 immundi,
1174 4440 1229 4487 et
1257 4433 1498 4488 custodia
1543 4434 1719 4489 onmis
1763 4428 1855 4489 vo-

270 4526 437 4583 lucris
476 4524 755 4597 immundi,
779 4532 833 4588 et
858 4524 1095 4595 odipilis,
1118 4527 1244 4597 quia
1260 4525 1325 4581 de
1364 4527 1444 4580 ira
1483 4526 1857 4598 fornicationis

270 4617 390 4687 ejus
416 4616 667 4679 biberunt
695 4631 885 4674 omnes
912 4623 1120 4687 gentes,
1145 4625 1200 4686 et
1219 4631 1373 4687 reges
1398 4625 1559 4687 terra;
1588 4634 1711 4685 cum
1759 4619 1849 4674 illa

270 4706 532 4778 fornicati
545 4714 693 4778 sunt.
713 4715 769 4769 et
790 4715 1124 4778 mercatores
1141 4716 1300 4767 terrae
1324 4710 1388 4764 de
1400 4711 1602 4778 virtute
1626 4711 1847 4781 delicia-

271 4814 395 4855 rum
450 4798 565 4872 ejus
591 4798 781 4854 divites
807 4798 939 4857 facti
966 4809 1110 4867 sunt.
1146 4800 1212 4860 Et
1238 4801 1414 4855 audivi
1453 4802 1617 4856 aliam
1663 4814 1849 4861 vocem

272 4888 343 4948 de
372 4886 510 4951 creto
537 4887 805 4951 dicentem
834 4905 849 4943 :
881 4888 1038 4951 Exite
1066 4888 1133 4949 de
1176 4889 1262 4943 illa
1309 4891 1537 4960 populiis
1579 4906 1749 4957 meus,
1798 4900 1853 4946 ut

274 4992 377 5033 nec
412 4978 698 5050 participes
727 4978 845 5033 sitis
865 4978 1181 5045 delictorum
1210 4981 1348 5049 ejus,
1378 4989 1433 5047 et
1457 4982 1521 5053 de
1540 4981 1709 5055 plagis
1734 4982 1854 5051 ejus

275 5084 382 5125 non
424 5067 720 5141 accipiatis,
768 5068 1018 5141 quoniam
1053 5077 1415 5137 pervenerunt
1466 5080 1688 5139 peccata
1743 5068 1858 5137 ejus

274 5174 448 5233 usque
469 5160 535 5215 ad
562 5159 775 5227 coelum,
798 5167 855 5215 et
881 5160 1191 5217 recordatus
1230 5169 1315 5215 est
1362 5162 1620 5221 Dominus
1664 5164 1858 5239 iniqui-

274 5262 447 5312 tatum
480 5252 623 5323 ejus,
651 5252 878 5317 Reddite
906 5252 978 5306 illi
999 5252 1138 5309 sicut
1158 5253 1272 5324 ipsa
1297 5253 1548 5319 reddidit,
1590 5262 1645 5308 et
1688 5254 1859 5325 dupli-

274 5353 399 5401 cate
428 5344 659 5415 duplicia
689 5346 985 5409 secundum
1024 5360 1186 5415 opera
1236 5343 1351 5416 ejus
1382 5361 1395 5397 :
1426 5345 1480 5403 in
1522 5346 1716 5415 poculo
1750 5362 1857 5415 quo

275 5435 494 5499 miscuit
524 5436 733 5501 miscite
753 5435 829 5491 illi
859 5435 1074 5505 duplum
1102 5452 1115 5489 :
1150 5443 1411 5507 quantum
1433 5434 1755 5506 glorificavit
1776 5449 1855 5499 se,

275 5536 335 5585 et
368 5528 421 5585 in
449 5525 656 5593 deliciis
681 5525 802 5591 fuit,
835 5535 1044 5587 tantum
1075 5527 1195 5590 date
1226 5527 1300 5584 illi
1326 5536 1652 5594 tormentum
1692 5537 1745 5584 et
1778 5529 1859 5583 lu-

275 5630 442 5685 ctum.
475 5618 611 5686 Quia
647 5620 699 5676 in
729 5621 893 5683 corde
920 5635 1019 5675 suo
1039 5620 1171 5683 dicit
1196 5638 1208 5673 :
1236 5619 1410 5675 Sedeo
1440 5621 1646 5691 regina,
1671 5630 1725 5676 et
1773 5622 1855 5676 vi-

274 5712 382 5775 dua
410 5726 517 5773 non
548 5726 688 5777 sum,
718 5719 773 5767 et
792 5711 991 5777 luctum
1023 5726 1126 5769 non
1158 5710 1371 5775 videbo,
1397 5709 1515 5765 ideo
1546 5711 1599 5764 in
1629 5726 1733 5764 una
1772 5712 1859 5767 die

273 5803 493 5869 venient
522 5802 691 5875 plagae.
712 5803 849 5875 ejus,
879 5819 1028 5859 mors
1057 5811 1111 5859 et
1136 5802 1334 5867 luctus,
1386 5813 1440 5858 et
1488 5802 1659 5859 fames
1709 5819 1859 5859 com-

1962 3366 1980 3399 ‹
2011 3347 2079 3402 Ει
2127 3346 2265 3401 dixit
2300 3344 2571 3401 Jeremias
2593 3344 2657 3399 ad
2681 3342 2892 3399 Saraim
2926 3340 3099 3398 :Cum
3125 3332 3341 3395 veneris
3370 3339 3423 3393 in
3457 3338 3554 3392 Ba-

1969 3458 1987 3490 ι
2029 3438 2377 3518 bylonem,et
2401 3437 2606 3492 videris
2628 3444 2687 3489 et.
2724 3435 2920 3506 legeris
2967 3434 3149 3489 omnia
3198 3432 3367 3487 verba
3416 3432 3552 3493 haec,

1964 3547 1981 3580 ‹
2014 3527 2161 3581 dices
2191 3546 2201 3579 :
2231 3526 2478 3591 Domine,
2511 3535 2567 3579 tu
2597 3524 2810 3579 locutus
2832 3539 2891 3579 es
2922 3531 3111 3580 contra
3140 3522 3321 3576 locum
3369 3522 3553 3583 istum,

1966 3641 1982 3673 ι
2019 3630 2072 3676 ut
2101 3621 2441 3689 disperderes
2462 3611 2606 3683 eum,
2632 3633 2732 3673 nec
2772 3618 2858 3681 sit,
2902 3618 2991 3687 qui
3041 3616 3095 3670 in
3134 3630 3199 3669 eo
3232 3613 3440 3668 habitet
3487 3615 3554 3666 ab

1967 3732 1983 3761 ι
2023 3712 2238 3766 homine
2266 3724 2436 3786 usque
2459 3709 2525 3763 ad
2548 3723 2735 3783 pecus,
2761 3714 2815 3762 et
2841 3717 2902 3761 ut
2923 3707 2993 3761 sit
3014 3712 3276 3775 perpetua
3300 3703 3552 3759 solitudo.

1965 3822 1985 3855 ‹
2021 3801 2265 3871 Cumque
2291 3799 2646 3871 compleveris
2666 3799 2843 3872 legere
2888 3797 3084 3851 librum
3129 3796 3315 3860 istum,
3359 3792 3558 3865 ligabis

1968 3912 1984 3943 ε
2021 3894 2087 3947 ad
2140 3907 2265 3946 eum
2312 3891 2565 3962 lapidem,
2623 3899 2677 3946 et
2724 3890 2975 3961 projicies
3015 3889 3163 3944 illum
3218 3890 3271 3942 in
3313 3888 3550 3942 medium

1966 4004 1984 4037 ‹
2024 3984 2354 4054 Euphraten,
2380 3990 2437 4040 et
2454 3983 2602 4037 dices
2628 4001 2639 4035 :
2675 3980 2765 4037 Sic
2788 3982 3167 4051 submergetur
3216 3978 3474 4050 Babylon,
3500 3986 3557 4031 et

1969 4096 1985 4127 ς
2020 4090 2125 4131 non
2150 4081 2440 4145 consurget
2462 4088 2492 4128 a
2515 4072 2654 4128 facie
2676 4072 3001 4138 afﬂictionis,
3026 4087 3189 4142 quam
3216 4086 3316 4142 ego
3351 4070 3558 4125 adduco

1966 4183 1984 4217 ‹
2019 4180 2182 4238 super
2204 4180 2347 4230 eam,
2375 4164 2430 4222 et
2450 4164 2789 4219 dissolvetur.
2823 4184 2842 4216 ι
2888 4162 3203 4237 (Maurus)
3246 4161 3363 4217 Non
3410 4162 3555 4215 enim

1960 4257 2253 4313 secundum
2283 4256 2564 4312 historiam
2589 4255 2826 4325 Babylon
2850 4256 2904 4309 in
2935 4254 3243 4323 Euphraten
3268 4253 3550 4308 submersa

1958 4358 2060 4415 est,
2083 4348 2210 4404 licet
2248 4356 2370 4419 post
2411 4348 2839 4405 submersionem
2861 4348 2915 4402 in
2944 4347 3291 4407 solitudinem,
3336 4346 3555 4400 redacta

1960 4443 2047 4507 sit,
2081 4443 2174 4497 sed
2195 4444 2456 4519 propheta
2478 4442 2734 4512 Spiritalis
2772 4441 3061 4513 Babylonis
3100 4442 3378 4498 interitum
3399 4450 3561 4497 teter-

1960 4549 2089 4597 num
2114 4533 2356 4603 praedicit
2378 4531 2615 4592 futurum
2642 4547 2760 4601 quae
2785 4532 2839 4585 in
2867 4529 3188 4601 profundum
3236 4530 3433 4584 inferni
3479 4529 3556 4585 si-

1959 4624 2069 4692 mul
2101 4639 2221 4677 cum
2244 4623 2488 4693 principe
2508 4638 2605 4676 suo
2648 4621 2859 4676 diabolo
2887 4620 2941 4675 in
2981 4618 3067 4685 die
3101 4619 3292 4693 iudicii
3337 4620 3555 4674 demer—

1956 4716 2126 4787 genda
2142 4714 2263 4769 erit.
2281 4714 2395 4769 Hoc
2414 4716 2555 4768 enim
2574 4721 2627 4767 et
2648 4712 2989 4785 prophetaein
3008 4712 3186 4766 Veteri
3208 4710 3557 4767 Testamento

1956 4808 2247 4877 praeconati
2268 4814 2410 4869 sunt,
2442 4806 2583 4875 quod
2612 4814 2667 4858 et
2698 4803 2829 4858 Novi
2854 4804 3187 4858 Testamenti
3234 4804 3557 4873 pnedieato-

1959 4912 2047 4951 res
2073 4896 2224 4975 firma
2249 4905 2303 4951 et
2332 4896 2509 4950 veraci
2539 4883 2848 4949 narratione
2873 4894 3170 4948 declarant.
3214 4893 3369 4949 Unde
3389 4892 3558 4949 Joan—

1960 5001 2057 5053 nes
2087 4970 2481 5057 in’Apocalypsi
2516 5002 2611 5040 sua
2654 4992 2860 5049 narrat,
2911 4986 3094 5041 dicens
3123 5006 3133 5038 :
3170 5004 3188 5036 ι
3217 4986 3283 5040 Et
3338 4970 3557 5043 sustulit

1964 5092 2103 5140 unus
2132 5076 2351 5147 angelus
2375 5074 2527 5130 fortis
2549 5074 2778 5144 lapidem
2804 5076 2955 5144 quasi
3000 5074 3255 5129 molarem
3299 5090 3554 5145 magnum

1964 5176 2017 5222 et
2040 5168 2187 5221 misit
2210 5168 2263 5225 in
2286 5182 2454 5231 mare,
2483 5166 2668 5221 dicens
2693 5184 2705 5220 :
2731 5166 2845 5221 Hoc
2871 5166 3073 5236 impetu
3096 5166 3343 5221 mittetur
3383 5166 3555 5237 Baby-

1963 5257 2052 5313 lon
2074 5258 2267 5313 civitas
2306 5258 2395 5312 illa
2426 5272 2640 5328 magna,
2681 5265 2736 5313 et
2783 5257 2922 5319 ultra
2963 5273 3068 5312 non
3118 5259 3438 5312 invenietur.
3488 5257 3557 5312 Et

1964 5363 2065 5401 vox
2094 5348 2513 5402 citharoedorum
2534 5358 2589 5403 et
2610 5348 2957 5414 musicorum,
2981 5357 3034 5403 et
3058 5348 3187 5402 tibia
3216 5350 3551 5416 canentium,

1965 5447 2019 5493 et
2041 5440 2163 5493 tuba
2189 5454 2295 5493 non
2322 5440 2567 5493 audietur
2617 5441 2669 5494 in
2718 5449 2770 5495 te
2818 5441 3066 5511 amplius,
3110 5450 3165 5496 et
3184 5442 3275 5497 lux
3314 5442 3552 5499 lucernae

1963 5546 2071 5583 non
2097 5531 2299 5585 lucebit
2328 5532 2420 5585 tibi
2471 5533 2698 5602 amplius
2722 5530 2736 5587 ἑ
2764 5542 2820 5588 et
2862 5549 2963 5589 vox
3003 5536 3185 5605 sponsi
3226 5544 3281 5591 et
3337 5550 3551 5608 sponsa

1963 5636 2068 5677 non
2094 5622 2341 5677 audietur
2369 5624 2590 5693 posthac
2619 5626 2671 5678 in
2701 5633 2769 5687 te,
2796 5625 2920 5693 quia
2946 5634 3275 5682 mercatores
3296 5626 3551 5681 tnierant

1963 5711 2232 5782 principes
2263 5720 2441 5779 teme,
2486 5715 2607 5784 quia
2652 5708 2705 5766 id
2752 5714 3028 5771 veneficiis
3072 5718 3177 5772 tuis
3233 5725 3553 5773 erraverunt

1964 5818 2153 5859 omnes
2171 5811 2378 5873 gentes,
2411 5813 2466 5860 et
2487 5805 2539 5859 in
2568 5820 2629 5859 ea
2651 5807 2871 5875 sanguis
2895 5810 3280 5879 prophetarum
3323 5818 3376 5866 et
3422 5824 3550 5867 san-
