3952 6330
465 380 601 435 Ηἴεί

1129 381 1188 435 Β.
1228 378 1482 435 RABANI
1518 377 1736 435 MAURI
1772 376 2087 433 ARCHIEP.
2128 376 2432 433 MOGUNT.
2473 375 2755 431 OPERUM
2792 376 2971 433 PARS
3009 378 3090 432 Ill.

3573 380 3707 432 H71;

461 498 668 545 ctorum
689 489 940 551 inventus
966 499 1070 556 est,
1093 499 1147 545 et
1179 492 1418 545 omnium
1459 493 1551 562 qui
1594 490 1859 546 interfecti
1908 498 2034 544 sunt
2059 494 2112 554 Α
2134 490 2364 544 obtinuit
2391 488 2558 545 fames
2581 490 2637 545 in
2658 490 2894 557 civitate,
2925 501 2981 545 et
3000 507 3105 547 non
3130 500 3285 546 erant
3323 492 3582 546 alimenta
3618 509 3709 562 po.

458 578 515 633 in
541 586 683 633 terra
706 578 898 649 (Apoc.
934 580 1119 651 xvnt).
1150 598 1168 632 ι
1202 579 1404 636 Civitas
1422 595 1552 651 ergo
1571 580 1773 646 saeculi,
1800 595 1898 650 pro
1916 595 2035 650 pec-

457 677 701 726 catorum
718 670 955 739 pondere
975 679 1228 725 eterrore
1247 671 1482 725 instabili
1505 671 1633 726 moli
1668 677 2030 739 comparatur,

462 776 485 812 ι
512 758 572 814 In
600 759 828 814 circuitu
855 760 997 814 enim
1020 759 1169 829 impii
1197 760 1472 814 ambulant
1494 759 1680 829 (Psal.
1710 759 1816 832 x1),
1854 777 1872 810 ι
1913 773 2034 827 quae

450 851 574 923 jure
595 850 844 905 ﬂuctibus
867 850 1085 906 ultionis
1105 851 1440 915 absorbetur,
1468 851 1595 920 quia
1637 850 1783 904 cives
1834 847 2029 902 Hieru-

458 943 625 997 salem
647 940 897 998 lluctibus
922 943 1188 1012 oppressit
1210 942 1561 1007 infidelitatis,
1592 955 1713 996 cum
1736 952 1894 1008 super
1933 936 2032 992 flu-

454 1030 598 1084 mina
645 1029 929 1100 Babylonis
978 1028 1223 1084 sedentes
1291 1027 1472 1100 (Psal.
1499 1025 1729 1098 cxxxvn)
1795 1026 2031 1083 caelestis

456 1120 585 1175 Sion
609 1120 906 1176 absentiam
929 1118 1138 1174 ﬂerent.
1182 1119 1273 1173 Ait
1296 1119 1436 1174 enim
1459 1117 1739 1182 Dominus,
1783 1125 2031 1173 auctores

454 1210 691 1265 scandali
724 1223 877 1279 poena
905 1209 1211 1279 plectendos
1239 1226 1252 1262 :
1285 1216 1339 1263 et
1359 1208 1599 1262 Ecclesia
1628 1207 1841 1276 quidem
1865 1206 2028 1276 lapidi

451 1301 811 1366 assimilatur,
855 1302 945 1356 sed
983 1300 1158 1355 stabili
1192 1308 1246 1355 et
1286 1300 1463 1367 firmo,
1498 1316 1616 1370 qua:
1648 1308 2026 1369 tempestatum

451 1399 671 1460 spernat
692 1390 954 1445 incursus.
987 1388 1171 1445 Potest
1210 1389 1352 1444 mola
1377 1392 1539 1443 etiam
1576 1404 1674 1457 pro
1704 1389 2027 1444 contritione

449 1494 727 1548 poenarum
767 1478 1012 1549 intelligi.
1070 1477 1205 1532 Nam
1248 1489 1303 1533 et
1353 1479 1541 1533 beatus
1583 1479 1818 1548 lgnatius
1854 1479 2026 1533 fertur

448 1570 650 1624 dixisse
671 1584 963 1637 passurus:
1000 1586 1018 1619 ‹
1056 1567 1407 1622 Frumentum
1441 1568 1533 1623 Dei
1561 1584 1700 1633 sum,
1730 1568 2022 1623 bestiarum

448 1660 700 1715 dentibus
728 1658 915 1723 molar,
941 1667 997 1712 ut
1022 1659 1178 1729 panis
1209 1660 1439 1714 mundus
1461 1658 1712 1713 eiliciar.»
1735 1689 1807 1701 —
1842 1678 1862 1712 ι
1885 1658 2019 1726 Vox,

448 1753 642 1821 inquit,
686 1751 1105 1805 citharmdorum
1148 1760 1203 1804 et
1232 1751 1555 1805 musicorum
1588 1758 1642 1804 et
1673 1750 1798 1805 tibia
1827 1766 2024 1806 canen-

2136 580 2258 651 pulo
2285 590 2440 633 terra:
2473 598 2485 633 :
2512 589 2566 635 et
2586 581 2825 650 disrupta
2844 590 2928 635 est
2948 581 3157 645 civitas,
3185 590 3241 636 et
3265 597 3455 637 omnes
3482 583 3585 637 viri
3605 582 3713 637 bel-

2136 671 2330 725 latores
2354 669 2470 739 ejus
2498 669 2763 741 fugerunt,
2796 679 2850 725 et
2870 671 3115 725 exierunt
3154 672 3220 726 de
3265 674 3485 729 civitate
3529 684 3705 738 nocte,

2132 776 2227 831 per
2245 761 2387 814 viam
2417 770 2601 830 portae,
2629 777 2750 832 quae
2769 768 2853 816 est
2877 762 3018 817 inter
3045 762 3179 817 duos
3206 778 3412 830 muros,
3465 772 3520 818 et
3562 764 3709 819 ducit

2134 845 2199 907 ad
2246 853 2462 907 hortum
2506 852 2671 923 regis,
2716 852 2981 908 Chaldaeis
3015 854 3383 909 obsidentibus
3420 856 3609 910 urbem
3652 856 3706 911 in

2132 959 2279 1016 gyro,
2305 951 2360 998 et
2388 943 2635 998 abierunt
2659 959 2758 1014 per
2780 945 2941 1008 viam,
2966 960 3085 1013 qua:
3110 944 3260 1000 ducit
3281 945 3334 999 in
3381 960 3645 1000 eremum.
3681 965 3700 999 ι

2131 1032 2462 1088 Novenarius
2473 1048 2748 1097 numerus,
2766 1033 2857 1101 qui
2878 1032 3055 1087 minus
3078 1034 3239 1087 habet
3259 1034 3504 1097 denario,
3520 1033 3711 1104 imper-

2129 1123 2415 1180 fectionem
2438 1123 2570 1194 legis
2586 1121 2876 1192 signiﬁcat,
2905 1122 3046 1176 sicut
3066 1123 3393 1178 undenarius
3416 1132 3713 1193 transgres-

2128 1216 2356 1271 sionem.
2392 1215 2459 1269 Et
2480 1225 2623 1268 recte
2642 1213 2845 1267 dictum
2884 1220 2987 1275 est,
3032 1214 3176 1282 quod
3220 1214 3710 1271 Nabuchodonosor

2126 1308 2183 1362 in
2204 1322 2348 1361 nono
2374 1320 2514 1359 anno
2542 1302 2817 1359 Sedechia:
2860 1303 3134 1359 obsederit
3180 1305 3475 1369 civitatem,
3529 1320 3712 1360 mense

2126 1398 2351 1459 decimo,
2384 1404 2439 1449 et
2467 1395 2674 1449 decima
2700 1393 2784 1448 die
2804 1394 3025 1459 mensis,
3049 1395 3175 1463 quia
3204 1409 3327 1449 cum
3368 1393 3497 1447 mali
3524 1402 3708 1463 pasto-

2126 1500 2214 1540 res
2243 1484 2480 1554 decalogi
2511 1482 2785 1548 mandata,
2813 1498 2932 1553 quae
2962 1484 3244 1538 scientiam
3286 1492 3492 1547 tenent,
3547 1498 3707 1552 opera

2124 1582 2179 1629 et
2207 1574 2451 1629 doctrina
2486 1573 2747 1641 perficere
2774 1572 3069 1643 negligunt,
3092 1587 3317 1627 necesse
3337 1580 3440 1637 est,
3489 1580 3552 1625 ut
3596 1572 3707 1641 ple-

2124 1666 2247 1721 bem
2271 1665 2372 1721 sibi
2395 1665 2738 1720 commissam
2776 1664 3029 1734 antiquus
3054 1664 3224 1719 hostis
3253 1680 3375 1718 cum
3418 1678 3513 1718 suo
3556 1678 3699 1719 exer-

2126 1758 2235 1812 citu
2280 1756 2556 1812 obsidione
2579 1756 2899 1819 circumdet,
2920 1763 2976 1810 et
3002 1756 3299 1809 munitione
3338 1754 3595 1809 vitiorum
3629 1763 3689 1808 at-

447 1844 598 1908 lillm,
624 1851 681 1898 ει
705 1844 831 1897 “Iba
859 1858 965 1897 ηοιι
997 1842 1242 1896 ἃυίίίθιυτ
1264 1841 1317 1894 in
1349 1855 1409 1895 ea
1439 1840 1688 1911 amplius-
1721 1860 1740 1894 ι
1790 1842 1866 1896 De
1919 1841 2024 1897 illis
2052 1857 2099 1917 Β
2126 1865 2229 1920 que
2255 1848 2457 1904 erroris
2486 1857 2810 1910 constructa,
2864 1847 3078 1901 claudat
3122 1845 3369 1900 vallando
3414 1846 3681 1900 civitatem

443 1938 680 2008 quinque
704 1936 951 1991 sensibus
975 1949 1165 1989 sonum
1190 1933 1490 1997 distulerat,
1518 1948 1678 2002 quem
1707 1948 1852 1987 nunc
1882 1934 2025 1987 inter

443 2028 547 2081 alia
567 2028 631 2082 de
660 2026 858 2081 mundo
884 2026 1013 2081 dicit
1038 2024 1237 2079 auferri
1267 2040 1280 2077 :
1312 2040 1376 2079 ac
1401 2025 1447 2079 si
1484 2025 1707 2089 diceret,
1740 2024 1883 2093 quod
1906 2024 2023 2079 visu

441 2116 749 2185 pulchrum,
773 2116 957 2169 auditu
982 2128 1261 2178 canorum,
1319 2120 1463 2167 tactu
1504 2112 1744 2182 planum,
1798 2110 2022 2165 odoratu

439 2222 620 2271 suave,
653 2219 811 2276 gustu
840 2204 1172 2270 delectabile,
1214 2205 1280 2259 de
1304 2204 1499 2259 saeculo
1550 2204 1866 2257 translatum
1916 2211 2019 2258 est.

440 2298 631 2353 Omnia
656 2314 869 2370 quoque
891 2314 1010 2367 qua:
1040 2298 1107 2352 ad
1138 2312 1313 2360 usum,
1352 2296 1434 2349 vel
1478 2295 1870 2364 jucunditatem
1925 2295 2024 2348 hu-

437 2406 611 2445 manae
639 2392 761 2448 vitae
787 2393 1078 2462 pertinent,
1107 2392 1364 2445 tolluntur
1391 2391 1457 2444 ab
1482 2389 1676 2460 impiis.
1719 2390 1785 2443 Et
1826 2388 2023 2456 adjecit

439 2499 681 2550 causam,
726 2484 951 2540 dicens:
996 2503 1013 2535 ι
1044 2484 1306 2551 Quoniam
1363 2492 1693 2537 mercatores
1740 2482 1819 2535 tui
1868 2487 2023 2536 erant

435 2576 704 2647 principes
728 2582 908 2640 terrm,
943 2596 961 2628 ι
989 2576 1043 2629 id
1084 2583 1186 2639 est,
1219 2573 1471 2642 quoniam
1512 2572 1564 2626 in
1614 2571 1723 2625 vita
1774 2581 1860 2624 tua
1900 2585 2025 2639 per-

438 2667 627 2736 cepisti
650 2668 811 2731 bona,
839 2676 893 2720 et
921 2667 976 2719 in
1012 2680 1073 2719 ea
1108 2666 1325 2735 sanguis
1364 2663 1747 2733 prophetarum
1788 2670 1842 2713 et
1893 2675 2022 2713 san-

435 2766 646 2813 ctorum
690 2756 1008 2811 interfectus
1040 2767 1143 2821 est,
1197 2765 1253 2810 et
1296 2755 1566 2820 omnium,
1605 2754 1695 2822 qui
1749 2753 2020 2807 interfecti

434 2847 637 2904 suntin
670 2856 835 2917 terra.
894 2846 1141 2915 Nunquid
1174 2847 1358 2901 eadem
1400 2846 1590 2900 civitas
1640 2843 1838 2898 occidit
1891 2858 2022 2912 apo-

436 2940 623 3005 stolos,
660 2954 779 3009 quae
799 2949 853 2993 et
884 2940 1172 3009 prophetas
1200 2945 1256 2991 et
1282 2952 1469 2990 omnes
1497 2936 1751 2990 sanctos?
1776 2932 1881 2987 Sed
1905 2933 2021 2987 haec

435 3041 518 3087 est
546 3032 757 3096 civitas,
782 3047 943 3100 quam
964 3030 1095 3084 Cain
1121 3030 1304 3083 fratris
1325 3029 1407 3082 sui
1453 3028 1711 3096 sanguine
1756 3023 2018 3090 fundavit,

436 3134 490 3176 et
518 3124 730 3179 vocavit
750 3124 965 3190 nomine
991 3122 1082 3175 filii
1105 3123 1187 3175 sui
1209 3120 1416 3184 Enoch,
1443 3120 1495 3173 id
1521 3126 1621 3182 est,
1661 3118 1821 3173 totius
1846 3124 2021 3186 poste-

2127 1941 2309 2009 sicque
2325 1937 2497 1994 fames
2518 1939 2571 1992 in
2592 1939 2807 1993 civitate
2829 1936 3133 2007 praavaleat,
3159 1935 3330 1990 fames
3346 1936 3536 2004 utique
3561 1936 3685 1988 verb

2124 2032 2243 2097 Dei,
2271 2047 2395 2087 cum
2423 2046 2529 2085 non
2568 2030 2887 2099 expenditur
2916 2029 3080 2084 libere
3123 2030 3274 2099 panis
3311 2028 3573 2083 doctrina:
3615 2042 3698 2096 po-

2124 2119 2250 2189 pulo
2277 2126 2454 2174 terrm.
2483 2119 2551 2173 Et
2574 2119 2870 2186 interrupta
2898 2126 2982 2172 est
3002 2118 3211 2179 civitas,
3261 2130 3562 2185 omnesque
3610 2115 3705 2171 viri

2124 2209 2413 2264 bellatores
2434 2218 2592 2263 nocte
2613 2208 2883 2279 fugerunt.
2908 2208 3212 2277 interrupta
3236 2208 3452 2277 quidem
3473 2223 3572 2276 per
3596 2215 3706 2259 ten-

2126 2299 2354 2353 tationes
2378 2299 2556 2352 varias
2580 2298 2934 2367 malignorum
2960 2299 3206 2367 spiritum
3254 2297 3500 2352 custodia
3544 2313 3706 2367 popu-

2124 2387 2316 2441 lorum.
2348 2386 2411 2440 lli
2435 2387 2527 2455 'qui
2557 2388 2855 2441 debuerant
2881 2387 3048 2441 armis
3096 2388 3369 2442 civitatem
3420 2387 3705 2443 defendere

2125 2488 2281 2533 nocte
2305 2479 2642 2547 ignorantiae,
2667 2490 2722 2533 et
2744 2480 2984 2533 tenebris
3010 2489 3361 2548 peccatorum
3386 2480 3598 2545 vallati,
3621 2480 3704 2533 fu~

2127 2572 2279 2641 giunt
2310 2585 2323 2623 :
2352 2572 2475 2640 quia
2504 2572 2797 2626 secundum
2820 2573 3077 2627 Veritatis
3122 2588 3311 2629 vocem
3369 2593 3388 2624 ι
3422 2588 3701 2629 mercena-

2126 2665 2258 2729 rius,
2323 2673 2378 2718 et
2417 2666 2506 2732 qui
2545 2678 2651 2717 non
2692 2671 2777 2717 est
2827 2674 3029 2733 pastor,
3070 2665 3206 2719 vidit
3247 2665 3432 2734 lupum
3477 2664 3695 2719 venien-

2124 2763 2254 2817 tem,
2280 2761 2335 2807 et
2357 2753 2579 2806 dimittit
2602 2767 2732 2807 oves
2749 2762 2804 2807 et
2828 2751 2982 2824 t‘ugit,
3013 2762 3068 2808 et
3090 2753 3245 2824 lupus
3267 2756 3410 2824 rapit
3428 2762 3483 2809 et
3500 2756 3698 2823 disper-

2124 2844 2202 2912 git
2225 2858 2352 2898 oves
2373 2841 2566 2913 (Joan.
2592 2839 2678 2911 χ).
2710 2859 2729 2890 ι
2779 2841 2846 2893 Et
2873 2841 3159 2910 Apostolus
3180 2843 3387 2911 inquit:
3414 2862 3432 2893 ε
3463 2842 3568 2908 Qui
3589 2842 3710 2896 dor-

2125 2935 2318 2998 miunt,
2350 2940 2509 2987 nocte
2535 2931 2838 2997 dormiunt;
2864 2931 2955 2999 qui
3005 2931 3139 2987 ebrii
3189 2941 3334 2995 sunt,
3381 2942 3543 2987 nocte
3575 2932 3708 2986 ebrii

2123 3032 2250 3079 sunt
2279 3023 2340 3095 (I
2372 3023 2507 3077 Tim.
2539 3021 2627 3091 v).
2679 3020 2831 3087 Quod
2880 3028 3059 3076 autem
3114 3022 3378 3090 sequitur,
3423 3021 3569 3091 quod
3613 3035 3708 3089 per

2122 3114 2263 3168 viam
2294 3122 2484 3183 portae,
2516 3126 2635 3180 qua:
2674 3118 2756 3164 est
2778 3110 2920 3164 inter
2948 3109 3082 3164 duos
3106 3125 3312 3172 muros.
3337 3120 3392 3164 et
3438 3110 3589 3164 ducit
3639 3111 3704 3162 ad

436 3215 611 3269 ritatis
638 3229 747 3268 suae
776 3211 936 3285 (Gen.
966 3213 1048 3283 v).
1094 3211 1229 3265 Nam
1274 3219 1477 3280 septem
1517 3209 1887 3280 generationes
1924 3208 2016 3261 de-
2041 3205 2087 3268 C
2119 3205 2333 3257 hortum
2384 3200 2563 3271 regis,
2609 3199 2890 3269 fugerunt,
2945 3200 3175 3254 latenter
3221 3200 3398 3269 arguit
3456 3200 3705 3255 inertiam

436 3306 651 3373 scripta:
682 3314 809 3359 sunt
835 3303 987 3357 Cain.
1014 3303 1069 3357 ln
1096 3301 1211 3370 ejus
1238 3300 1473 3356 civitatis
1506 3299 1795 3354 aedilicium
1844 3296 2019 3351 fundi-

445 3403 532 3447 tur
553 3394 729 3447 omnis
773 3393 994 3464 sanguis
1015 3390 1198 3460 justus
1227 3406 1255 3445 a
1281 3390 1543 3461 sanguine
1580 3389 1713 3443 Abel
1757 3387 1889 3455 justi
1930 3401 2021 3441 us-

441 3500 546 3555 que
576 3484 642 3539 ad
670 3485 985 3557 sanguinem
1016 3483 1311 3549 Zachariae,
1338 3483 1391 3538 id
1412 3491 1514 3549 est,
1553 3482 1733 3552 populi
1764 3490 1819 3536 et
1839 3496 2018 3535 sacer-

440 3576 600 3630 dotis.

1048 3681 1273 3737 CAPUT
1312 3680 1417 3736 ιιι.

438 3773 654 3845 Capitur
680 3772 1008 3845 Hierusalem
1036 3789 1070 3825 α
1091 3770 1374 3845 Chaldwis,
1400 3780 1691 3845 crematur
1718 3769 2021 3845 Sedechias,

508 3840 687 3898 civitas
716 3841 1029 3908 incenditur,
1057 3840 1303 3910 templum
1343 3841 1620 3910 spoliatur.
1650 3840 1890 3893 Joachim
1934 3855 2024 3893 rex

508 3913 748 3967 educitur
772 3928 800 3966 e
828 3927 1056 3976 carcere,
1087 3920 1133 3964 et
1159 3909 1436 3963 Ordinatur
1464 3910 1509 3963 ei
1541 3909 1703 3964 cibus.

520 4043 537 4075 ‹
572 4022 738 4077 Filius
764 4022 951 4093 viginti
976 4030 1032 4077 et
1049 4021 1208 4075 unius
1230 4020 1355 4075 anni
1388 4028 1503 4075 erat
1529 4019 1844 4085 Sedechias,
1897 4034 2021 4075 cum

450 4134 468 4166 ι
505 4128 733 4184 regnare
758 4113 1029 4183 cmpisset,
1074 4119 1129 4165 et
1172 4112 1418 4165 undecim
1470 4112 1623 4165 anuis
1674 4110 1916 4181 regnavit
1970 4110 2025 4163 in

448 4220 465 4252 ‹
504 4199 860 4263 Hierusalem,
891 4208 945 4254 et
986 4214 1181 4254 nomen
1228 4199 1415 4253 matris
1437 4197 1550 4265 ejus
1576 4198 1774 4251 Amital
1805 4198 1911 4251 filia
1939 4195 2026 4251 Je-

449 4311 467 4343 ι
504 4292 684 4345 rentia:
710 4291 775 4344 de
798 4288 1002 4344 Lobua.
1039 4288 1104 4342 Et
1123 4287 1249 4341 fecit
1290 4288 1490 4340 malum
1513 4287 1568 4340 in
1599 4287 1770 4341 oculis
1812 4286 2026 4340 Domini

453 4401 469 4433 ι
502 4382 655 4449 juxta
678 4382 876 4444 omnia,
934 4394 1051 4446 quae
1091 4377 1219 4433 fecit
1269 4368 1529 4444 Joachim,
1580 4378 1831 4447 quoniam
1880 4377 2026 4431 furor

453 4494 469 4525 ι
509 4471 717 4527 Domini
746 4477 864 4524 erat
885 4470 938 4522 in
964 4468 1321 4531 Hierusalem,
1346 4478 1401 4522 et
1427 4470 1480 4522 in
1515 4468 1697 4522 Judtea
1747 4483 2024 4537 usquequo

2124 3295 2425 3357 doctorum,
2483 3292 2574 3362 qui
2614 3292 2754 3345 inter
2802 3292 3068 3361 duplicem
3100 3307 3314 3345 murum
3350 3291 3580 3346 duorum
3609 3291 3707 3348 Te-

2126 3393 2521 3441 stamentorum
2545 3381 2846 3447 constituti,
2871 3397 2979 3436 non
2999 3381 3195 3437 bellum
3242 3395 3435 3451 gerere
3456 3382 3552 3437 sed
3571 3382 3705 3436 etfu-

2126 3491 2250 3545 gere
2280 3480 2548 3544 quaerunt,
2573 3479 2627 3525 et
2650 3470 2857 3526 deliciis
2879 3471 3049 3539 magis
3077 3469 3338 3536 difﬂuere,
3374 3471 3520 3539 quod
3557 3480 3703 3526 ortus

2124 3563 2412 3635 significat,
2436 3576 2595 3631 quam
2619 3569 2771 3615 scuto
2791 3558 2912 3614 fidei
2938 3559 3181 3614 hostibus
3202 3560 3491 3614 obsistere.
3530 3580 3549 3611 ι
3579 3560 3703 3613 Per-

2124 3663 2340 3710 secutus
2369 3660 2453 3706 est
2474 3658 2651 3704 autem
2695 3648 2965 3702 exercitus
3013 3646 3388 3701 Chaldaeorum
3434 3661 3611 3717 regem
3652 3655 3706 3701 et

2125 3742 2592 3814 apprehendcrunt
2610 3738 2927 3792 Sedechiam
2952 3738 3005 3789 in
3023 3737 3256 3800 deserto,
3280 3736 3426 3805 quod
3452 3738 3699 3805 estjuxta

2124 3833 2362 3896 Iericho,
2407 3839 2462 3885 et
2499 3832 2673 3883 omnis
2702 3827 2988 3881 comitatus
3021 3825 3137 3893 ejus
3162 3824 3370 3895 diffugit
3389 3826 3457 3879 ab
3483 3841 3565 3889 eo,
3600 3846 3618 3877 ι
3648 3834 3704 3879 et

2127 3919 2349 3989 reliqua.
2407 3919 2480 3972 De
2500 3918 2600 3971 hoc
2624 3917 2676 3969 in
2704 3916 2839 3970 libro
2860 3916 3065 3984 Regum
3098 3914 3174 3967 ita
3206 3913 3479 3984 legitur(I
3494 3912 3531 3966 V
3571 3912 3697 3983 Reg.

2125 4008 2260 4078 xxv)
2294 4026 2306 4060 :
2342 4027 2357 4058 ι
2378 4006 2537 4076 Fugit
2564 4005 2745 4074 itaque
2775 4003 3067 4059 Sedechias
3090 4016 3187 4072 per
3215 4003 3361 4057 viam
3388 4019 3508 4072 qua:
3562 4002 3707 4058 ducit

2128 4101 2195 4153 ad
2230 4095 2551 4164 campestria
2574 4093 2894 4175 solitudinis,
2926 4101 2981 4146 et
3009 4102 3324 4161 persecutus
3355 4102 3440 4148 est
3496 4095 3703 4148 exerci-

2128 4200 2213 4244 tus
2265 4186 2632 4242 Chaldaeorum
2676 4198 2880 4252 regem,
2928 4182 3441 4251 comprehenditque
3489 4199 3609 4237 eum
3652 4184 3706 4238 in

2126 4280 2346 4351 planitie
2368 4277 2602 4338 Jericho,
2657 4284 2711 4330 et
2735 4288 2924 4329 omnes
2951 4273 3241 4329 bellatores
3268 4275 3359 4343 qui
3405 4286 3564 4329 erant
3587 4290 3705 4329 cum

2126 4390 2191 4428 eo
2218 4372 2443 4442 dispersi
2467 4378 2614 4432 sunt,
2661 4378 2716 4421 ct
2770 4366 3102 4435 reliquerunt
3128 4358 3285 4431 eum,
3326 4385 3345 4418 ι
3378 4379 3434 4421 et
3478 4367 3703 4437 reliqua.

2128 4465 2370 4533 Malignis
2400 4460 2675 4529 spiritibus
2714 4458 2967 4528 populum
3015 4458 3477 4513 circumdantibus
3532 4468 3707 4515 rector

453 4583 470 4613 ι
506 4559 791 4631 projiceret
809 4574 902 4613 eos
930 4574 962 4612 a
1000 4556 1136 4612 facie
1158 4572 1275 4621 sua,
1303 4564 1359 4611 et
1387 4558 1610 4611 recessit
1659 4555 1946 4610 Sedechias
1990 4572 2020 4610 a
2046 4544 2099 4602 D
2126 4570 2233 4610 non
2261 4551 2397 4622 fugit
2422 4550 2489 4604 ad
2528 4556 2758 4612 montes,
2787 4549 2853 4602 de
2873 4548 3067 4618 quibus
3083 4549 3342 4617 scriptum
3369 4559 3495 4603 est:
3523 4570 3541 4599 ι
3565 4550 3708 4605 Mon-

453 4672 471 4703 ι
506 4664 629 4720 rege
677 4648 986 4719 Babylonis.
1020 4667 1037 4698 ι
1068 4647 1374 4719 (Mannum)
1405 4645 1707 4700 Notandum
1729 4661 1856 4716 ergo
1882 4648 2024 4714 quod

452 4746 564 4798 haec
589 4743 814 4797 historia
836 4756 956 4810 quae
979 4749 1196 4810 captum
1219 4739 1537 4794 Sedechiam
1564 4738 1747 4802 refert,
1766 4754 1828 4793 ac
1842 4746 2024 4793 vasta-

453 4844 562 4887 tam
587 4833 771 4886 urbem
799 4828 1135 4884 Hierusalem
1160 4844 1190 4881 a
1213 4826 1495 4892 Chaldaeis,
1528 4842 1664 4897 pene
1694 4827 1858 4882 simili
1901 4842 2026 4881 nar-

454 4924 659 4977 ratione
684 4923 740 4974 in
770 4922 904 4975 libro
924 4919 1130 4990 Regum
1169 4918 1494 4973 continetur.
1560 4916 1709 4972 Unde
1759 4918 2022 4986 quaedam,

455 5032 574 5086 quae
602 5016 656 5068 in
692 5015 805 5084 ejus
832 5014 955 5067 libri
983 5014 1331 5081 expositione,
1364 5027 1527 5082 quam
1553 5020 1678 5065 ante
1720 5027 1889 5066 annos
1931 5011 2029 5066 ali-

456 5115 584 5177 quot
633 5106 915 5169 edidimus,
952 5104 1062 5174 jam
1109 5104 1247 5157 dicta
1296 5113 1438 5167 sunt,
1489 5104 1577 5156 hic
1620 5104 1862 5172 ponenda
1912 5117 2030 5159 esse

458 5212 745 5253 censemus
771 5215 783 5251 :
816 5215 834 5245 ί
865 5195 1085 5248 Factum
1113 5203 1196 5248 est
1220 5194 1273 5248 in
1306 5209 1446 5247 anno
1473 5209 1614 5247 nono
1638 5195 1786 5264 regni
1816 5194 1930 5262 ejus
1975 5194 2030 5248 in

460 5302 642 5342 mense
672 5287 901 5349 decimo,
939 5285 1143 5337 decima
1176 5284 1261 5339 die
1294 5284 1517 5348 mensis,
1565 5283 1711 5338 venit
1752 5283 2033 5339 Nabuchoo

462 5376 696 5430 donosor
715 5392 807 5429 rex
829 5375 1136 5443 Babylonis,
1167 5374 1277 5443 ipse
1298 5382 1351 5429 et
1384 5373 1557 5428 omnis
1604 5373 1873 5429 exercitus
1920 5375 2034 5443 ejus

464 5465 720 5519 adversus
747 5465 1096 5528 Hierusalem,
1128 5474 1182 5518 et
1210 5464 1533 5518 obsederunt
1579 5478 1721 5528 eam,
1774 5472 1827 5517 et
1866 5465 2033 5518 aedili-

464 5563 725 5611 caverunt
751 5566 936 5609 contra
960 5570 1077 5609 eam
1105 5554 1430 5610 munitiones
1455 5555 1508 5608 in
1534 5554 1780 5609 circuitu.
1825 5553 1893 5607 Et
1939 5552 2038 5609 fuit

466 5645 655 5700 civitas
674 5644 894 5699 obsessa
941 5660 1106 5713 usque
1150 5646 1218 5700 ad
1262 5645 1600 5700 undecimum
1646 5660 1846 5699 annum
1891 5646 2038 5715 regni

471 5734 764 5792 Sedechias.
818 5734 995 5790 Mense
1038 5745 1212 5791 autem
1256 5745 1448 5805 quarto
1492 5751 1632 5791 nona
1682 5736 1768 5791 die
1815 5737 2037 5802 mensis,

2132 4654 2211 4700 tes
2232 4643 2288 4697 in
2314 4640 2543 4696 circuitu
2564 4637 2698 4706 ejus,
2738 4647 2795 4692 et
2842 4638 3098 4693 Dominus
3144 4638 3200 4692 in
3249 4640 3482 4695 circuitu
3530 4642 3705 4711 populi

2129 4735 2214 4791 sui
2246 4730 2427 4804 (Psal.
2485 4727 2700 4800 cxxnv),
2736 4748 2755 4780 ι
2800 4730 2895 4783 sed
2927 4728 2995 4783 ad
3024 4731 3349 4799 campestria
3380 4731 3702 4799 solitudinis,

2131 4828 2233 4880 hoc
2275 4832 2380 4890 est,
2436 4822 2503 4877 ad
2540 4820 2906 4875 dilatationem
2948 4819 3191 4873 luxuriae.
3254 4821 3407 4877 Unde
3452 4823 3709 4891 scriptum

2132 4923 2214 4972 est
2238 4933 2250 4970 :
2281 4934 2298 4965 ι
2328 4913 2565 4983 Angusta
2594 4919 2647 4965 et
2673 4921 2824 4964 arcta
2850 4910 2934 4963 via
2959 4918 3055 4972 est,
3083 4924 3201 4978 quae
3227 4910 3375 4965 ducit
3403 4911 3473 4966 ad
3512 4914 3705 4979 vitam;

2132 5008 2239 5061 lata
2268 5012 2321 5061 et
2349 5003 2603 5073 spatiosa,
2626 5017 2746 5070 quae
2775 5001 2919 5055 ducit
2940 4999 3007 5053 ad
3028 5000 3500 5073 mortem(MattIr.
3528 5004 3653 5073 vn).
3684 5024 3701 5055 ι

2134 5131 2201 5141 —
2230 5118 2248 5149 ι
2276 5094 2796 5166 Comprehenditquc
2842 5106 2964 5146 eum
3014 5091 3068 5145 in
3123 5091 3345 5161 planitie
3386 5093 3621 5156 Iericho,
3658 5103 3710 5149 et

2136 5205 2322 5247 omnes
2346 5188 2652 5252 bellatores,
2692 5184 2783 5254 qui
2809 5191 2964 5238 erant
2989 5198 3111 5238 cum
3132 5198 3220 5250 eo,
3251 5184 3482 5254 dispersi
3517 5195 3639 5239 sunt
3656 5193 3709 5238 et

2136 5281 2627 5351 reliquerunteum.
2669 5296 2687 5328 ›
2722 5275 2889 5330 Recte
2934 5290 3063 5346 ergo
3108 5291 3231 5330 cum
3266 5275 3499 5331 virtutes
3540 5274 3709 5330 homi-

2136 5388 2263 5429 num
2286 5372 2557 5435 deserunt,
2597 5381 2717 5438 qua:
2735 5382 2856 5421 eum
2883 5366 3169 5423 defendere
3188 5367 3507 5431 debuerant,
3533 5367 3587 5421 in
3615 5366 3707 5420 de-

2140 5472 2285 5520 serto
2318 5461 2550 5531 capitur,
2598 5459 2711 5513 sive
2747 5457 2798 5511 in
2849 5457 3067 5527 planitie
3092 5455 3334 5521 Jericho,
3375 5458 3479 5511 hoc
3510 5468 3613 5519 est,
3654 5457 3708 5510 in

2140 5556 2377 5621 lascivia,
2410 5554 2521 5609 sive
2548 5553 2603 5606 in
2631 5550 2837 5605 defectu
2876 5549 3109 5605 carnalis
3137 5549 3587 5604 conversationis.
3631 5548 3712 5603 Je-

2144 5646 2294 5699 richo
2319 5645 2462 5699 enim
2488 5644 2872 5709 interpretatur
2894 5639 3040 5704 luna,
3062 5645 3118 5693 et
3155 5637 3424 5709 significat
3448 5638 3712 5693 defectum

2146 5736 2341 5791 carnis.
2379 5733 2530 5789 Unde
2559 5730 2646 5787 ille
2680 5731 2860 5799 homo,
2883 5730 2971 5800 qui
2994 5729 3062 5784 de
3106 5728 3443 5785 Hierusalem
3486 5729 3709 5783 descen-
