3952 6312
184 389 323 445 ΗΠ

1066 382 1428 441 EXPOSITIO
1464 382 1687 438 SUPER
1724 380 2085 435 JEREMIAM.
2128 412 2189 419 -ι
2236 380 2361 435 LIB.
2403 380 2562 435 XVII.

3294 386 3429 439 H78

176 504 339 557 debat
386 503 439 557 in
481 500 693 557 Jericho
755 501 806 555 in
854 499 1088 555 latrones
1140 498 1393 553 incidisse
1430 496 1750 552 describitur
1776 496 2107 566 Ajudicium
2144 496 2282 550 inter
2309 496 2479 551 virum
2506 506 2557 549 et
2586 498 2888 567 proximum
2919 498 3054 566 ejus,
3110 498 3345 561 advenm,
3374 509 3429 554 et

173 592 340 665 (Luc.
362 593 449 663 x).
480 592 885 660 Apprehensum
924 605 1051 660 ergo
1081 602 1262 658 regem
1309 586 1645 642 adduxerunt
1685 588 1753 642 ad

175 700 363 755 regem
386 682 667 753 Babylonis
685 682 741 737 in
768 682 1047 743 Rehlatlia,
1077 681 1168 749 qui
1196 681 1405 736 locutus
1426 688 1509 734 est
1544 695 1664 734 cum
1686 693 1751 735 eo

166 774 452 845 judicium,
484 776 585 831 hoc
614 785 717 839 est,
756 775 959 844 justum
1006 773 1060 826 in
1095 788 1161 827 eo
1204 771 1747 841 exercuitjudicium.

177 884 197 916 ι
228 864 395 920 Filios
424 874 600 919 autem
632 864 908 919 Sedechize
935 862 1131 918 occidit
1156 877 1339 918 coram
1365 876 1449 927 eo,
1486 870 1542 916 et
1565 862 1749 916 oculos

170 954 289 1024 ejus
334 956 537 1022 effodit,
573 957 852 1027 vinxitque
912 970 1034 1009 eum
1068 955 1271 1009 catenis
1316 960 1371 1007 et
1409 954 1630 1008 adduxit
1693 954 1749 1007 in

169 1046 515 1117 Babylonem.
548 1067 566 1099 ι
593 1044 803 1119 (Greg.)
832 1047 967 1101 Dum
990 1062 1140 1101 sacra
1170 1046 1445 1115 Scriptura
1471 1045 1748 1101 Sedechia:

166 1137 538 1206 captivitatem
564 1145 766 1200 narrat,
791 1137 1034 1192 ordinem
1057 1137 1385 1206 captivitatis
1401 1138 1626 1192 internae
1648 1140 1743 1193 de-

164 1228 404 1281 nuntiat.
442 1226 556 1282 Rex
584 1228 779 1298 quippe
800 1227 1089 1299 Babylonis
1127 1236 1211 1283 est
1256 1229 1506 1297 antiquus
1551 1229 1740 1293 hostis,

164 1333 452 1388 possessor
498 1318 696 1373 intima.-
727 1318 1077 1383 confusionis,
1107 1319 1197 1387 qui
1231 1319 1382 1388 prius
1430 1319 1568 1374 filios
1618 1328 1745 1374 ante

164 1410 425 1464 intuentis
454 1409 638 1465 oculos
660 1409 964 1473 trucidavit,
990 1410 1114 1478 quia
1140 1420 1281 1478 saepe
1313 1410 1389 1464 sic
1414 1411 1552 1463 bona
1579 1426 1743 1479 opera

164 1498 444 1564 interficit,
476 1506 536 1570 ut
586 1500 700 1554 haec
746 1515 803 1553 se
850 1501 1096 1554 amittere
1126 1500 1259 1570 ipse,
1302 1501 1392 1569 qui
1421 1510 1607 1569 captus
1660 1510 1743 1556 est

159 1591 382 1645 animus
413 1558 597 1646 do‘lens
637 1598 842 1645 cernat.
901 1590 1035 1645 Nam
1064 1607 1186 1646 cum
1222 1593 1385 1662 gemit
1428 1593 1742 1662 plerumque

160 1682 401 1747 animus,
430 1689 485 1735 et
512 1689 690 1737 tamen
716 1681 896 1736 carnis
917 1696 1027 1736 sua:
1053 1680 1497 1738 delectationibus
1544 1683 1738 1749 vietus,

157 1772 305 1825 bona
358 1772 450 1841 qui
503 1772 686 1841 genuit
738 1787 924 1827 amans
971 1772 1221 1842 perdidit,
1266 1787 1327 1826 ea
1368 1788 1486 1841 qua:
1539 1774 1743 1842 patitur

157 1861 358 1915 damna
389 1862 714 1926 considerat,
738 1876 837 1916 nec
861 1870 1038 1915 tamen
1071 1862 1285 1916 virtutis
1304 1862 1583 1917 brachium
1614 1878 1743 1917 con—
1768 1843 1817 1903 Β

157 1962 244 2007 tra
270 1968 450 2023 regem
481 1953 769 2024 Babylonis
798 1954 961 2018 levat,
982 1955 1076 2009 sed
1103 1954 1229 2008 dum
1274 1955 1459 2009 videns
1494 1956 1742 2023 nequitia:

153 2045 558 2115 perpetratione
574 2046 887 2115 percutitur,
916 2047 983 2100 ad
1026 2046 1128 2100 hoc
1168 2046 1486 2115 quandoque
1534 2046 1741 2115 peccati

154 2154 258 2192 usu
287 2138 625 2208 producitur,
650 2148 708 2193 ut
728 2139 843 2209 ipso
870 2152 1084 2208 quoque
1108 2137 1333 2191 rationis
1374 2138 1574 2193 lumine
1632 2139 1742 2207 pri-

151 2240 334 2285 vetur.
364 2230 518 2286 Unde
547 2231 835 2302 Babylonis
868 2246 962 2286 rex
985 2246 1051 2286 ex
1074 2231 1283 2286 cunctis
1304 2231 1453 2300 prius
1483 2230 1606 2285 filiis
1644 2229 1741 2286 Se-

148 2322 361 2378 dechice
382 2322 566 2377 oculos
595 2323 756 2388 eruit,
798 2323 924 2392 quia
972 2321 1237 2391 malignus
1275 2321 1497 2389 Spiritus
1540 2322 1739 2376 subdu-

148 2415 255 2469 ctis
285 2415 435 2483 prius
481 2413 636 2469 bonis
685 2414 938 2482 operibus
978 2421 1098 2481 post
1149 2411 1514 2481 intelligentia:
1554 2411 1735 2466 lumen

147 2505 315 2559 tollit.
364 2504 516 2570 Quod
560 2511 704 2559 recte
743 2503 1035 2559 Sedechias
1085 2503 1138 2556 in
1197 2502 1458 2556 Beblatha
1508 2502 1731 2572 patitur.

150 2594 419 2649 Reblatha
468 2594 664 2663 quippe
706 2593 871 2649 multa
897 2594 1007 2647 Iuro
1036 2594 1423 2662 interpretatur
1456 2611 1470 2646 :
1498 2602 1554 2648 et
1588 2594 1733 2647 enim

150 2682 475 2754 quandoque
511 2692 567 2737 et
595 2683 776 2737 lumen
821 2683 1047 2737 rationis
1090 2682 1373 2746 clauditur,
1424 2683 1517 2751 qui
1564 2697 1732 2753 pravo

151 2791 257 2829 usu
282 2790 351 2829 ex
370 2774 667 2843 iniquitatis
692 2789 802 2828 sum
826 2774 1170 2828 multitudine
1191 2781 1466 2844 gravatur.
1497 2794 1515 2825 ‹
1549 2774 1616 2828 Et
1645 2776 1733 2830 ad-

144 2870 307 2925 duxit
326 2884 449 2923 eum
479 2882 572 2922 rex
591 2866 945 2938 Babylonisin
967 2866 1311 2937 Babylonem,
1336 2877 1389 2920 et
1409 2867 1588 2936 posuit
1606 2882 1729 2921 eum

144 2962 200 3015 in
234 2960 457 3016 domum
493 2959 729 3015 carceris
771 2974 940 3029 usque
981 2960 1049 3015 ad
1099 2960 1243 3013 diem:
1281 2960 1471 3014 mortis
1513 2958 1647 3028 ejus.
1704 2980 1724 3014 ι

145 3052 445 3121 Postquam
471 3050 616 3106 enim
661 3050 841 3104 anima
880 3049 935 3104 in
975 3049 1348 3105 confusionem
1376 3060 1725 3121 peccatorum

144 3146 331 3199 vincla
379 3143 722 3213 compedibus
761 3142 1013 3198 vitiorum
1059 3158 1156 3212 per
1203 3142 1465 3214 malignos
1506 3144 1727 3215 spiritus

142 3234 428 3288 adducitur
451 3234 503 3287 in
530 3233 746 3286 domum
772 3234 1027 3298 carceris,
1054 3248 1223 3302 usque
1251 3234 1317 3287 ad
1341 3234 1482 3288 diem
1540 3236 1729 3290 mortis

143 3324 385 3394 ponitur,
412 3323 535 3393 quia
566 3323 621 3378 in
648 3323 894 3394 angustia
917 3324 1132 3390 mentis,
1160 3333 1341 3379 etnon
1371 3326 1425 3379 in
1449 3325 1730 3381 latitudine

141 3417 327 3471 cordis
352 3414 666 3471 recluditur.
710 3414 764 3469 in
806 3415 887 3469 ira
923 3416 1112 3471 mortis
1156 3417 1351 3472 futura:
1403 3418 1729 3474 sententiam

141 3514 440 3577 exspectet.

222 3617 241 3649 ι
284 3598 344 3653 ln
374 3614 557 3655 mense
585 3607 765 3655 autem
794 3599 1002 3669 quinto,
1028 3599 1236 3655 decima
1256 3600 1341 3655 die
1371 3601 1590 3667 mensis,
1614 3602 1731 3672 ipse

148 3712 164 3742 ι
206 3700 290 3746 est
320 3705 493 3745 annus
515 3707 689 3746 nonus
710 3691 953 3747 decimus
1002 3690 1545 3747 Nabueliodonosoris
1588 3693 1729 3764 regis

148 3802 165 3833 ι
204 3780 520 3851 Babylonis,
542 3782 690 3836 venit
723 3780 1077 3836 Nabuzardan
1102 3783 1350 3852 princeps
1381 3783 1603 3851 militiaa,
1635 3784 1729 3854 qui

150 3892 168 3925 ι
203 3874 385 3928 stabat
416 3888 600 3928 coram
627 3888 754 3945 rege
778 3872 1067 3945 Babylonis
1096 3874 1149 3928 in
1175 3874 1535 3939 Hierusalem,
1569 3883 1624 3929 et
1652 3876 1731 3930 in-

148 3989 167 4020 r
206 3970 389 4025 cendit
420 3970 637 4026 domum
665 3970 897 4036 Domini,
925 3979 981 4025 et
1011 3973 1226 4026 domum
1256 3972 1415 4039 regis,
1458 3980 1510 4025 et
1538 3987 1728 4027 omnes

151 4080 169 4112 ι
209 4062 399 4115 domos
454 4060 811 4127 Hierusalem,
850 4068 906 4115 et
950 4075 1167 4116 omnem
1206 4062 1423 4116 domum
1477 4078 1727 4133 magnam

149 4167 168 4199 ε
210 4150 334 4220 igne
353 4148 667 4214 combussit,
700 4156 754 4203 et
784 4157 953 4203 totum
997 4165 1209 4203 murum
1248 4149 1586 4204 Hierusalem
1631 4166 1729 4221 per

150 4262 165 4291 ι
205 4241 491 4295 circuitum
514 4240 780 4294 destruxit
802 4250 1027 4295 cunctus
1045 4242 1316 4295 exercitus
1330 4240 1723 4309 Chaldaeorum,

150 4351 166 4381 ι
206 4330 300 4400 qui
347 4338 465 4384 erat
526 4345 646 4383 cum
704 4331 961 4401 magistro
1007 4330 1229 4385 militiaz.
1282 4330 1357 4384 De
1405 4333 1727 4401 pauperibus

148 4438 167 4470 ι
206 4430 394 4475 autem
415 4418 615 4489 populi,
645 4428 701 4474 et
722 4421 785 4475 de
818 4420 1023 4490 reliquo
1046 4420 1224 4492 vulgo,
1254 4420 1398 4491 quod
1450 4437 1725 4478 remanse-

151 4529 168 4561 ι
212 4520 299 4565 rat
322 4511 376 4564 in
402 4510 639 4574 civitate,
684 4518 739 4564 et
779 4510 844 4565 de
874 4510 1134 4581 perfugis,
1182 4511 1275 4580 qui
1324 4512 1726 4583 transfugerant
1752 4537 1805 4597 ι)

150 4621 168 4654 ι
210 4602 281 4656 ad
306 4617 486 4671 regem
535 4601 839 4672 Babylonis,
897 4610 951 4655 et
998 4609 1221 4656 creteros
1272 4601 1338 4655 de
1381 4603 1725 4661 multitudine

149 4713 169 4745 ι
207 4693 483 4748 transtulit
514 4692 867 4747 Nabuzardan
895 4692 1143 4762 princeps
1196 4692 1418 4747 militiae.
1475 4695 1551 4748 De
1597 4710 1724 4763 pau-

150 4805 168 4836 ι
207 4783 431 4854 peribus
452 4796 582 4837 vero
619 4790 777 4836 terra:
817 4781 1035 4851 reliquit
1076 4781 1429 4835 Nabuzardan
1470 4784 1721 4855 princeps

150 4892 169 4924 ‹
205 4871 413 4926 militiae
435 4870 693 4924 vinitores
714 4878 767 4923 et
791 4869 1073 4939 agricolas.
1104 4891 1122 4922 ι
1157 4870 1415 4937 Congruit
1438 4887 1567 4943 ergo
1590 4882 1723 4927 tein-

145 4963 299 5033 poris
326 4961 457 5015 ordo
479 4975 598 5015 cum
632 4962 840 5015 ratione
868 4960 1131 5023 vindictaz,
1162 4977 1348 5015 mense
1366 4961 1555 5031 quinto
1586 4963 1719 5035 legi-

149 5065 238 5109 tur
274 5061 483 5107 vastata
523 5066 643 5106 esse
689 5051 897 5115 civitas,
953 5067 1071 5119 quae
1112 5051 1536 5108 Pentateuchum
1588 5054 1723 5125 legis

146 5144 419 5213 despexit,
445 5150 500 5197 et
532 5142 735 5196 decima
763 5142 849 5196 die
873 5142 1094 5207 mensis,
1124 5143 1379 5211 quoniam
1411 5144 1725 5217 decalogum

144 5235 285 5305 legis
300 5230 547 5285 violando
566 5232 744 5284 omnia
765 5231 1034 5284 contraria
1056 5232 1338 5300 praeceptis
1352 5232 1549 5288 divinis
1581 5235 1721 5302 egit:

146 5327 355 5379 frustra
384 5321 488 5375 sibi
513 5320 792 5375 blandiens
814 5322 878 5375 de
900 5322 1213 5387 securitate,
1268 5338 1366 5391 pro
1414 5331 1724 5379 sanctorum

148 5420 392 5472 locorum
420 5413 764 5468 habitatione.
798 5413 949 5469 Unde
968 5416 1023 5467 in
1050 5416 1414 5483 superioribus
1456 5432 1553 5485 per
1578 5432 1727 5471 eum-

149 5510 275 5564 dem
299 5505 587 5562 Jeremiam
617 5507 873 5563 Dominus
924 5508 1052 5561 dicit
1080 5526 1093 5562 :
1128 5528 1145 5558 ‹
1175 5508 1349 5564 Nolite
1369 5511 1639 5566 confidere
1675 5512 1727 5567 in

150 5600 335 5655 verbis
363 5598 648 5663 mendacii,
680 5598 955 5654 dicentes:
991 5599 1267 5669 Templum
1309 5602 1543 5665 Domini,
1593 5611 1729 5657 tem-

150 5694 302 5765 plum
345 5690 574 5755 Domini,
628 5691 878 5759 templum
918 5690 1124 5745 Domini
1162 5693 1452 5760 :quoniam
1496 5694 1540 5747 si
1592 5694 1728 5749 bene

156 5782 468 5841 direxeritis
491 5782 606 5838 vias
629 5790 858 5847 vestras,
878 5791 931 5837 ct
958 5784 1132 5838 studia
1168 5792 1367 5848 vestra,
1417 5784 1461 5838 si
1494 5784 1728 5839 feceritis

1756 3192 1802 3256 C

1855 586 2049 651 viduae,
2084 594 2137 639 et
2160 584 2360 655 pupillo
2385 602 2488 639 non
2519 587 2754 641 feceritis
2782 589 3131 653 calumniam,
3163 605 3262 643 nec
3306 605 3427 643 san-

1852 677 2065 747 guinem
2096 676 2433 730 innocentem
2455 674 2750 731 effuderitis
2782 678 2835 730 in
2886 676 3004 731 loco
3037 678 3164 743 hoc,
3206 688 3262 734 et
3306 687 3429 749 post

1852 767 1979 821 deos
2017 766 2221 825 alienos
2246 780 2356 819 non
2382 764 2784 819 ambulaveritis
2823 766 2876 819 in
2903 767 3103 821 malum
3132 768 3423 822 vobismet-

1851 856 1981 925 ipsis
2008 871 2023 908 :
2055 855 2313 909 habitabo
2337 855 2612 909 vobiscum
2640 854 2694 907 in
2726 854 2843 909 loco
2864 855 2990 921 isto,
3013 856 3066 910 in
3087 866 3232 911 terra
3262 873 3425 927 quam

1850 948 1969 1003 dedi
1989 948 2233 1018 patribus
2250 950 2445 1002 vestris
2476 963 2507 1000 a
2530 947 2726 1002 saeculo
2754 956 2808 1001 et
2837 964 3005 1018 usque
3041 949 3097 1001 in
3143 951 3417 1005 sazculum.

1848 1036 1987 1092 Ecce
2018 1054 2113 1093 vos
2136 1038 2404 1093 conﬁditis
2434 1038 2485 1091 in
2514 1038 2852 1093 sermonibus
2884 1040 3169 1107 mendacii,
3196 1044 3287 1113 qui
3318 1060 3423 1097 non

1846 1130 2143 1199 proderunt
2168 1132 2342 1195 vobis,
2368 1130 2558 1194 furari,
2585 1131 2852 1196 occidere,
2877 1133 3202 1199 adulterare,
3238 1135 3425 1202 jurare

1847 1221 2201 1285 mendaciter,
2227 1222 2397 1276 libare
2422 1221 2647 1285 Baalim,
2682 1230 2738 1275 et
2769 1222 2847 1274 ire
2889 1230 3014 1293 post
3048 1222 3178 1277 deos
3219 1224 3425 1279 alienos

1845 1333 1980 1386 quos
2012 1318 2290 1387 ignoratis,
2326 1326 2382 1371 et
2400 1318 2622 1372 venistis
2652 1327 2706 1373 et
2724 1318 2951 1372 stetistis
3002 1332 3182 1373 coram
3236 1332 3321 1371 me
3372 1318 3424 1369 in

1847 1409 2004 1463 domo
2026 1410 2145 1471 hac,
2179 1409 2231 1462 in
2258 1424 2362 1478 qua
2394 1409 2697 1463 invocatum
2724 1417 2807 1463 est
2851 1425 3045 1464 nomen
3094 1425 3272 1462 meum
3322 1423 3335 1460 :
3371 1417 3426 1461 et

1844 1500 2057 1555 dixistis
2087 1519 2099 1553 :
2125 1501 2365 1555 Liberati
2394 1516 2603 1565 sumus,
2629 1517 2694 1555 eo
2728 1502 2870 1571 quod
2899 1502 3191 1556 fecerimus
3234 1518 3424 1556 omnes

1844 1589 2271 1645 abominationcs
2306 1591 2456 1645 istas.
2509 1590 2576 1645 Et
2628 1606 2774 1645 nunc
2825 1592 2950 1660 quia
2996 1591 3197 1645 fecistis
3246 1593 3425 1645 omnia

1843 1693 2010 1748 opera
2044 1680 2179 1745 haec,
2206 1679 2337 1735 dicit
2376 1680 2652 1745 Dominus,
2700 1690 2755 1735 et
2798 1681 3007 1737 locutus
3049 1688 3168 1736 Sum
3209 1682 3273 1735 ad
3329 1698 3424 1738 vos

1844 1790 2001 1829 mane
2022 1790 2351 1843 consurgens
2386 1784 2443 1829 et
2480 1775 2725 1845 loquens,
2778 1784 2833 1828 et
2881 1790 2985 1829 non
3036 1774 3295 1829 audistis:
3324 1776 3424 1829 Fas

1845 1867 1980 1920 ciam
2004 1866 2183 1920 domui
2202 1866 2347 1930 huic,
2370 1866 2423 1919 in
2445 1882 2550 1935 qua
2574 1867 2878 1922 invocatum
2899 1875 2982 1919 est
3010 1881 3204 1919 nomen
3221 1881 3419 1932 meum,

1844 1964 1899 2011 et
1946 1956 2002 2009 in
2053 1970 2157 2024 qua
2210 1970 2306 2009 vos
2362 1956 2571 2009 habetis
2624 1954 2873 2009 fiduciam
2922 1955 3036 2009 loco
3085 1969 3241 2023 quem
3300 1954 3421 2009 dedi

1842 2046 1997 2100 vobis
2019 2055 2073 2099 et
2092 2045 2339 2114 patribus
2364 2046 2577 2111 vestris,
2610 2046 2749 2100 sicut
2778 2044 2878 2098 feci
2907 2044 3038 2109 Silo,
3062 2054 3116 2099 et
3140 2044 3420 2114 projiciam

1841 2152 1935 2191 vos
1974 2152 2003 2190 a
2046 2136 2183 2191 facie
2207 2152 2348 2202 mea,
2392 2137 2752 2208 sicutprojeci
2777 2150 2964 2190 omnes
3001 2137 3195 2192 fratres
3214 2145 3421 2191 vestros

1841 2230 2152 2284 universum
2182 2245 2365 2284 semen
2389 2230 2647 2299 Ephraim
2692 2227 2836 2300 (Jer.
2889 2229 3016 2299 vn).
3050 2248 3068 2280 ι
3115 2229 3275 2284 Venit
3315 2227 3419 2282 Na-

1840 2321 2135 2385 buzardan,
2162 2321 2251 2389 qui
2276 2320 2669 2388 interpretatur
2704 2318 3087 2383 ventilabrum,
3138 2319 3251 2373 sive
3296 2334 3420 2388 pro-

1840 2411 2019 2480 pbetia
2037 2410 2422 2480 alienijudicii,
2452 2411 2599 2479 justo
2621 2410 2687 2465 de
2707 2408 2913 2477 judicio
2961 2423 3124 2479 super
3175 2418 3420 2479 peccato-

1838 2515 1925 2555 res
1950 2516 1964 2553 :
1990 2501 2241 2570 princeps
2260 2500 2446 2568 utique
2470 2500 2741 2555 exercitus
2763 2500 2904 2571 regis
2926 2498 3229 2569 Babylonis,
3258 2513 3420 2569 super

1839 2588 2171 2644 Hierusalem
2203 2588 2615 2659 intelligibilem,
2659 2599 2714 2643 et
2743 2590 3022 2644 succendit
3057 2589 3274 2644 domum
3312 2590 3419 2645 Do-

1838 2678 1968 2732 mini
2000 2694 2159 2732 :cum
2187 2679 2442 2747 antiquus
2472 2679 2661 2743 hostis,
2694 2680 2785 2749 qui
2830 2688 2884 2735 et
2929 2695 3024 2733 rex
3062 2679 3415 2747 confusionis,

1836 2778 1890 2823 et
1917 2769 2164 2838 princeps
2189 2769 2428 2822 omnium
2460 2770 2767 2839 iniquorum
2788 2778 2893 2835 est,
2922 2780 3031 2824 tam
3060 2770 3415 2839 malignorum

1835 2860 2090 2915 nimirum
2110 2860 2417 2929 spirituum,
2434 2875 2597 2929 quam
2619 2862 2781 2914 etiam
2804 2860 3089 2929 impiorum
3117 2862 3413 2926 hominum,

1833 2955 2042 3025 plebem
2072 2956 2273 3008 invadit
2305 2954 2561 3020 fidelium,
2590 2963 2644 3011 et
2671 2955 2889 3009 domum
2920 2956 3081 3027 regis,
3134 2965 3190 3011 et
3232 2958 3418 3011 domos

1833 3044 2188 3108 Hierusalem,
2212 3045 2263 3099 id
2294 3054 2397 3109 est,
2430 3053 2686 3108 rectores,
2726 3055 2779 3100 et
2824 3062 2917 3101 eos
2962 3048 3052 3117 qui
3100 3048 3418 3101 videbantur

1834 3136 1889 3191 in
1920 3136 2127 3191 visione
2155 3135 2304 3205 pacis
2328 3151 2547 3191 manere
2574 3135 2932 3192 inﬂammatos
2970 3139 3262 3208 cupiditate
3294 3139 3417 3193 sub-

1831 3228 1997 3283 vertit
2016 3246 2027 3282 :
2047 3244 2368 3297 omnemque
2394 3230 2607 3285 domum
2632 3231 2927 3287 combussit
2943 3233 3072 3302 igni,
3088 3249 3210 3287 cum
3228 3234 3418 3289 unius—

1834 3320 2092 3389 cujusque
2140 3321 2476 3374 conscientia
2529 3336 2625 3390 per
2676 3320 2947 3377 ﬂammam
2999 3323 3168 3377 illiciti
3215 3325 3415 3377 amoris

1831 3411 2111 3479 perturbat
2144 3429 2157 3465 :
2184 3420 2242 3465 et
2261 3426 2444 3467 muros
2470 3410 2801 3468 Hierusalem
2826 3414 2881 3468 in
2901 3414 3129 3470 circuitu
3153 3417 3411 3471 destruit:

1832 3515 1953 3554 cum
1986 3500 2337 3555 intentionem
2365 3500 2646 3567 orationis,
2671 3511 2726 3556 et
2748 3503 3006 3557 virtutum
3056 3503 3252 3569 studia,
3294 3519 3413 3573 qure

1831 3598 2019 3645 contra
2046 3604 2103 3643 se
2136 3590 2316 3645 valere
2345 3592 2509 3653 novit,
2541 3592 2595 3645 in
2619 3591 3031 3661 desperantibus
3056 3592 3321 3659 dissolvit,
3347 3609 3414 3649 ne

1830 3694 1929 3749 per
1956 3695 2105 3749 spem
2136 3681 2305 3734 venia:
2329 3681 2395 3733 ad
2424 3681 2603 3735 divina
2632 3690 2952 3736 succurrant
2977 3682 3201 3747 auxilia,
3220 3691 3274 3738 et
3294 3697 3414 3737 cor-

1834 3777 2087 3831 rectionis
2113 3777 2236 3831 vita:
2256 3778 2661 3847 apprehendant
2698 3778 3017 3843 munimina,
3050 3777 3413 3847 populumque

1832 3869 1885 3922 in
1908 3869 2274 3938 captivitatem
2296 3869 2516 3923 ducens.
2540 3886 2558 3919 ς
2592 3870 2667 3923 De
2683 3868 3008 3938 pauperibus
3020 3875 3177 3925 terrae
3198 3868 3414 3938 reliquit

1828 3961 2091 4015 vinitores
2114 3968 2168 4015 et
2187 3960 2449 4031 agricolas
2476 3978 2487 4012 :
2527 3979 2545 4011 ι
2572 3960 2696 4030 quia
2723 3973 2837 4025 eos,
2863 3958 2954 4028 qui
2979 3959 3138 4013 utiles
3162 3959 3327 4013 verbo
3353 3968 3408 4013 et

1829 4053 2074 4122 exemplo
2094 4068 2214 4108 esse
2238 4060 2505 4123 poterant,
2543 4066 2639 4123 per
2676 4052 2807 4106 vitia
2831 4053 3109 4123 captivans
3137 4053 3317 4107 stultis
3360 4061 3415 4107 et

1830 4144 2115 4199 hebetibus
2156 4145 2504 4199 commendat
2533 4145 2953 4215 agriculturam:
2985 4154 3250 4213 quatenus
3306 4161 3411 4200 non

1830 4236 2011 4289 vinum
2035 4235 2223 4305 gratia:
2245 4234 2520 4304 spiritalis,
2551 4244 2606 4290 et
2633 4234 2959 4290 frumentum
2987 4249 3131 4287 sanat
3156 4234 3412 4289 doctrina:

1828 4326 1884 4379 in
1915 4325 2090 4379 vineis
2110 4335 2165 4380 et
2194 4326 2339 4392 agris
2368 4325 2685 4394 populorum
2714 4324 3041 4380 fructificent
3064 4343 3075 4378 :
3101 4325 3195 4381 sed
3244 4326 3413 4395 Spinre

1829 4417 2000 4487 magis
2027 4425 2081 4472 et
2107 4417 2291 4471 tribuli
2313 4418 2568 4472 vitiorum
2590 4431 2928 4475 excrescant.

1909 4527 1925 4558 ι
1954 4508 2242 4564 Columnas
2272 4524 2483 4578 quoque
2512 4525 2697 4574 :ereas,
2721 4526 2841 4580 quae
2861 4519 3018 4570 erant
3044 4511 3099 4565 in
3117 4512 3275 4567 domo
3307 4511 3412 4565 Do-

1839 4616 1856 4649 ‹
1894 4598 2049 4663 mini,
2075 4600 2233 4653 bases
2259 4610 2312 4653 et
2343 4615 2492 4655 mare
2513 4616 2741 4666 mneum,
2792 4602 2935 4670 quod
2988 4610 3104 4656 erat
3152 4604 3207 4657 in
3250 4604 3409 4657 domo

1838 4709 1855 4741 ε
1889 4687 2099 4743 Domini
2140 4689 2519 4757 confregerunt
2570 4690 2827 4756 Chaldaei,
2855 4702 2909 4746 et
2952 4693 3189 4748 tulerunt
3250 4710 3410 4753 omne

1838 4799 1856 4832 ‹
1893 4798 1965 4836 res
1990 4797 2173 4857 eorum
2197 4783 2248 4835 in
2276 4781 2601 4853 Babylonem
2630 4802 2643 4837 :
2668 4794 2722 4839 et
2744 4786 2961 4851 lebetes,
2985 4796 3038 4841 et
3060 4802 3331 4857 creagras,
3357 4800 3413 4845 et

1837 4888 1855 4921 ι
1889 4871 2169 4941 psalteria,
2193 4878 2248 4925 et
2268 4871 2500 4941 phialas,
2527 4880 2582 4926 et
2606 4874 2941 4938 mortariola,
2967 4884 3022 4929 et
3058 4877 3237 4931 omnia
3280 4892 3409 4932 vasa

1837 4980 1855 5012 ι
1884 4974 2042 5025 aerea,
2072 4977 2191 5031 quae
2221 4962 2275 5016 in
2307 4962 2605 5018 ministerio
2636 4962 2848 5018 fuerant
2898 4965 3159 5031 tulerunt,
3204 4976 3259 5021 et
3307 4969 3408 5039 hy-

1838 5068 1856 5101 r
1891 5049 2055 5113 drias,
2090 5058 2144 5104 et
2179 5052 2633 5121 tliymiamateria,
2663 5063 2717 5109 et
2762 5071 2974 5121 urceos,
3002 5068 3056 5113 et
3098 5060 3298 5128 pelves,
3354 5074 3410 5117 et

1838 5157 1857 5191 ι
1893 5140 2237 5207 candelabra,
2278 5151 2331 5197 et
2385 5146 2660 5210 mortaria,
2716 5156 2772 5200 et
2817 5149 3060 5218 cyathos.
3134 5151 3408 5223 Quotquot

1839 5251 1857 5285 ι
1894 5250 2055 5289 aurea
2091 5251 2273 5301 aurea,
2299 5245 2353 5291 et
2374 5247 2635 5307 quotquot
2662 5249 2914 5311 argentea
2950 5252 3227 5313 argentea,
3286 5248 3406 5302 tulit

1840 5343 1858 5376 α
1891 5327 2148 5394 magister
2176 5328 2398 5392 militiae,
2422 5336 2477 5382 et
2493 5329 2770 5385 columnas
2785 5332 2936 5395 duas,
2970 5340 3025 5385 et
3043 5348 3191 5387 mare
3216 5350 3401 5401 unum,

1837 5436 1855 5468 ι
1884 5417 2080 5472 vitulos
2126 5418 2405 5473 duodecim
2442 5435 2632 5486 :ereos,
2679 5422 2771 5489 qui
2816 5432 2973 5476 erant
3026 5425 3125 5478 sub
3166 5425 3403 5491 basibus,

1836 5526 1854 5561 (
1891 5524 2025 5578 quas
2069 5509 2386 5565 feceratrex
2428 5510 2678 5567 Salomon
2709 5513 2763 5565 in
2796 5511 2957 5568 domo
3002 5515 3230 5569 Domini.
3292 5516 3405 5571 Non

1836 5610 1999 5655 «erat
2050 5603 2257 5672 pondus
2313 5605 2436 5659 uaris
2498 5606 2736 5659 omnium
2794 5621 3044 5661 vasorum
3118 5609 3327 5663 horum.
3382 5630 3399 5663 ι

1829 5692 2118 5748 Columnas
2150 5712 2319 5751 wreas
2349 5705 2401 5751 et
2437 5698 2593 5752 bases
2647 5700 2895 5755 doctores
2942 5716 3224 5771 possumus
3265 5703 3408 5757 acci-

1829 5801 1977 5853 pere,
2017 5788 2107 5856 qui
2151 5790 2444 5845 sonoritatc
2472 5790 2870 5859 praedicationis
2903 5802 2957 5848 et
2994 5794 3113 5847 fidei
3152 5792 3408 5847 firmitate
