3952 6312
537 400 674 457 H79

1167 394 1247 451 ex
1271 359 1521 453 RABAl‘ll
1561 397 1779 456 usum
1811 393 2127 452 ARCHIEP.
2163 390 2767 455 uocuurceuuuu
2804 390 2984 457 PARS
3020 394 3106 450 ιιι.

3645 394 3776 450 μεθ

537 514 836 571 debuerunt
860 510 998 571 alios
1026 516 1347 571 sustentare.
1384 511 1530 566 Mare
1558 521 1734 566 autem
1777 525 1974 565 aereum
2004 512 2098 564 ba-
2123 514 2177 575 Α
2198 506 2561 579 presbyteros,
2592 507 2683 577 Qui
2722 506 2974 567 talentum
3002 509 3151 563 verbi
3182 508 3274 563 Dei
3316 512 3371 564 in
3402 519 3546 565 terra
3578 507 3775 563 fodien-

533 605 715 676 ptismi
744 604 1043 669 lavacrum,
1071 604 1155 659 vel
1201 606 1671 675 compunctionem
1716 604 2096 674 lacrymarum.

2202 606 2283 655 tes
2316 598 2729 662 absconderant,
2751 598 2803 655 in
2829 613 2985 674 suum
3009 598 3303 654 dominium
3326 600 3565 668 subiicit.
3586 600 3651 652 Et
3673 612 3775 655 tres

535 697 660 752 Haec
686 696 903 765 quidem
926 696 1107 751 omnia
1134 694 1373 753 Chaldaei
1416 696 1685 767 spiritales
1708 709 1807 768 per
1852 693 2100 756 inertiam
2198 686 2479 757 ianitores,
2504 687 2617 741 sive
2658 688 2907 742 custodes
2927 686 3174 742 vestibuli
3208 706 3221 740 :
3249 688 3366 743 illos
3400 689 3653 747 videlicet
3690 686 3772 760 ja-

536 788 919 860 magistrorum
950 787 1015 841 de
1039 787 1199 841 domo
1247 788 1458 843 Domini
1510 786 1725 843 auferre
1767 786 2011 845 nituntur
2048 794 2103 842 et

534 877 915 949 confringere:
946 876 1021 932 ita
1040 885 1103 931 ut
1120 883 1228 933 non
1256 887 1530 956 remaneat
1568 887 1729 944 testa,
1784 892 1890 946 qua
1934 877 2105 946 possit

526 969 798 1041 igniculus
822 968 951 1025 ferri
973 969 1037 1023 de
1056 968 1322 1025 incendio.
1350 968 1485 1025 Nam
1508 980 1562 1027 et
1582 973 1794 1028 diversa
1814 986 1942 1028 vasa
1984 984 2106 1039 quae

534 1070 840 1130 enumerat,
876 1062 1089 1117 diversa
1110 1059 1280 1123 olIicia
1303 1063 1358 1117 in
1387 1064 1773 1121 ecclesiasticis
1824 1065 2104 1122 ordinibus

535 1152 824 1212 insinuant.
899 1151 1022 1206 Haec
1079 1165 1291 1220 quoque
1344 1154 1561 1224 maligni
1615 1155 1834 1224 spiritus
1887 1154 1955 1208 de
2009 1152 2105 1207 Dei

533 1243 752 1298 servitio
780 1240 1107 1305 auferentes,
1138 1241 1194 1294 in
1220 1257 1373 1296 suum
1397 1257 1549 1296 usum
1580 1244 1964 1312 nequissimum
1986 1257 2101 1295 ver-

533 1343 647 1389 tere
676 1333 908 1389 student.
944 1332 1096 1391 Unde
1124 1328 1717 1402 dicitquotqudtautem
1733 1351 1894 1390 aurea
1919 1348 2103 1399 aurea,

532 1432 587 1478 et
605 1432 866 1493 quotquot
887 1433 1138 1493 argentea
1167 1432 1443 1493 argentea,
1467 1425 1588 1480 tulit
1609 1426 1865 1495 magister
1878 1425 2103 1489 militiae,

536 1518 660 1586 quia
698 1526 809 1571 tam
848 1532 1065 1574 sensum
1112 1517 1427 1585 pretiosum,
1475 1534 1635 1587 quam
1694 1518 1857 1575 etiam
1907 1517 2103 1586 eloquii

538 1596 898 1671 venustatem,
928 1606 1095 1663 hostis
1124 1620 1351 1674 nequam
1379 1608 1444 1663 de
1464 1609 1621 1662 domo
1660 1607 1871 1665 Domini
1897 1608 2108 1663 auferre

531 1693 767 1759 molitur,
804 1703 869 1771 et
890 1708 1073 1753 secum
1100 1694 1158 1750 in
1181 1695 1549 1754 confusionem
1576 1696 1793 1754 ducere.

2204 778 2424 842 nitores,
2456 778 2546 847 qui
2571 778 2769 832 ostium
2792 778 2914 843 fidei
2938 779 3147 849 aperire
3166 778 3486 847 debuerant,
3518 790 3573 836 et
3596 791 3776 836 tenen-

2164 924 2169 927 ,
2204 876 2286 936 tes
2314 868 2518 927 clavem
2564 868 2823 935 scientiae,
2854 883 2951 935 nec
2985 871 3087 941 ipsi
3115 871 3464 936 introierunt,
3508 888 3609 932 nec
3649 873 3774 929 alios

2204 958 2426 1017 introire
2448 959 2824 1029 permiserunt.
2848 960 2917 1014 Et
2929 960 2995 1015 de
3020 962 3237 1018 civitate
3260 963 3569 1029 eunuchum
3592 981 3773 1030 unum,

2204 1050 2293 1121 qui
2323 1058 2445 1119 erat
2475 1052 2757 1119 praefectus
2786 1067 2943 1122 super
2968 1053 3113 1107 viros
3135 1053 3442 1110 bellatores.
3487 1056 3778 1111 Eunuchus

2204 1139 2305 1195 iste
2344 1141 2611 1211 signiﬁcat
2642 1158 2734 1197 eos
2779 1158 2914 1214 quos
2957 1126 3081 1198 alibi
3105 1143 3382 1215 Scriptura
3407 1161 3561 1202 sacra
3592 1149 3780 1204 stultas

2202 1229 2437 1300 virgines
2481 1231 2709 1311 appellat
2756 1231 2969 1302 (Matth.
3008 1232 3159 1302 xxv),
3188 1235 3279 1304 qui
3306 1251 3433 1289 vasa
3463 1236 3585 1291 oleo
3616 1230 3778 1292 vacua

2204 1321 2259 1378 in
2289 1324 2537 1381 manibus
2566 1324 2786 1389 habent,
2814 1324 3150 1389 continentes
3174 1326 3423 1381 videlicet
3459 1343 3519 1381 se
3560 1343 3593 1381 a
3642 1330 3778 1382 coitu

2204 1415 2489 1483 corporali,
2534 1430 2631 1469 nec
2675 1422 2850 1470 tamen
2888 1416 3059 1470 oleum
3091 1417 3272 1487 gratiae
3310 1428 3364 1475 et
3396 1419 3780 1475 misericordiae

2206 1501 2258 1555 in
2298 1500 2522 1571 pectore
2552 1520 2649 1560 suo
2699 1506 2896 1561 habere
2930 1507 3199 1563 volebant.
3250 1510 3350 1578 Qui
3390 1511 3597 1567 frustra
3626 1530 3778 1585 super

2205 1592 2350 1649 viros
2398 1594 2687 1649 bellatores
2749 1596 3186 1665 constituuntur,
3238 1616 3361 1655 cum
3413 1606 3778 1672 arrogantiam

2204 1699 2507 1754 praecavere
2528 1701 2633 1741 non
2666 1683 3009 1741 meditantur.
3042 1688 3185 1743 Tulit
3210 1698 3264 1745 et
3293 1699 3502 1762 septem
3533 1694 3684 1748 viros
3720 1695 3779 1749 de

610 1802 627 1833 ε
671 1757 1041 1845 Πενέοὶιιιῃηίε
1080 1794 1255 1846 autem
1282 1785 1465 1845 decem
1516 1795 1571 1840 et
1603 1796 1727 1840 οοιο
1763 1785 1927 1847 cubiti
1955 1757 2110 1840 erant
2208 1775 2293 1830 his
2344 1777 2435 1847 qui
2472 1776 2723 1831 videbant
2749 1777 2938 1837 faciem
2990 1779 3133 1848 regis
3164 1798 3177 1833 :
3212 1780 3328 1836 illos
3354 1757 3643 1851 profecto,
3695 1785 3779 1853 qui

536 1894 554 1926 ι
595 1875 891 1933 altitudinis
919 1876 973 1934 in
1000 1876 1244 1937 columna
1273 1891 1397 1940 una,
1430 1884 1483 1935 et
1509 1876 1779 1939 funiculus
1823 1876 2103 1938 duodecim
2132 1877 2180 1937 B
2206 1881 2329 1921 cum
2356 1867 2673 1938 ὺεριὶδωίιιε
2696 1866 2892 1933 Christi
2931 1870 3293 1940 erant-abluti,
3342 1881 3399 1928 et
3440 1875 3642 1943 spiritu
3669 1891 3779 1945 sep-

536 1983 555 2020 t
591 1967 888 2036 cubitorum
910 1966 1316 2025 circuibateam.
1337 1966 1505 2025 Porro
1528 1965 1955 2038 grossitudoejus
1974 1981 2106 2035 qua-

537 2071 557 2110 t
594 2062 716 2110 tuor
741 2054 1052 2129 digitorum,
1092 2065 1148 2110 et
1176 2056 1500 2117 intrinsecus
1528 2071 1693 2114 vacua
1720 2063 1863 2119 erat,
1914 2065 1979 2111 et‘
2009 2069 2099 2109 ca-

535 2162 555 2199 (
594 2144 777 2213 pitella
828 2158 986 2214 super
1031 2152 1319 2216 utramque
1365 2160 1527 2208 aerea.
1576 2146 1816 2209 Altitudo
1868 2146 2103 2220 capitelli

540 2256 559 2288 ι
594 2236 752 2294 unius
771 2236 1011 2305 quinque
1035 2236 1361 2302 cubitorum.
1390 2245 1447 2298 et
1479 2236 1733 2297 retiacula
1760 2247 1814 2292 et
1840 2238 2104 2307 malogra—

535 2348 553 2379 ι
586 2337 713 2383 nata
742 2342 904 2397 super
945 2342 1197 2391 coronam
1237 2328 1292 2383 in
1332 2328 1556 2391 circuitu
1600 2328 1779 2398 omnia
1809 2344 1979 2393 amca,
2027 2328 2101 2393 si.-

534 2436 553 2469 ι
588 2418 787 2477 militer
814 2417 1077 2474 columna;
1106 2418 1347 2479 alterius.
1386 2420 1454 2479 Et
1479 2418 1697 2478 fuerunt
1735 2419 2100 2487 malogronata

532 2522 550 2556 ι
586 2505 879 2576 nonaginta
926 2520 1021 2565 sex
1064 2507 1451 2575 dependenlia,
1498 2515 1552 2565 et
1603 2508 1782 2577 omnia
1817 2508 2102 2579 ’malograa

534 2612 551 2644 ε
595 2600 723 2653 nata
755 2600 973 2654 centum
1018 2593 1290 2655 retiaculis
1332 2594 1825 2664 circumdabantur.
1880 2614 1900 2654 ι
1950 2596 2103 2663 Quod

530 2692 712 2747 autem
731 2683 984 2757 describit
1010 2684 1267 2745 facturam
1290 2685 1661 2747 columnarum
1688 2700 1807 2747 cum
1844 2686 2103 2756 capitellis

528 2776 661 2840 suis,
689 2784 743 2831 et
780 2768 1052 2833 reti'aculis
1072 2784 1128 2832 et
1143 2776 1540 2847 malograttatis,
1558 2778 1790 2836 ostendit
1818 2781 2103 2850 mysticum

529 2879 664 2934 opus
688 2878 808 2923 esse
839 2882 851 2935 ς
878 2865 1002 2933 quia
1043 2862 1181 2923 sient
1200 2867 1462 2924 columna
1502 2868 1803 2937 signiﬁcant
1834 2870 2099 2937 doctores,

529 2954 604 3011 ita
628 2963 683 3011 et
695 2955 967 3024 capitella,
988 2956 1090 3018 hoc
1111 2963 1215 3022 est,
1234 2970 1482 3024 suprema
1506 2972 1630 3027 pars
1657 2972 1842 3013 eorum
1863 2975 2098 3029 praecor-

2206 1956 2404 2013 tiformi
2448 1960 2759 2025 santiticati,
2806 1960 3156 2031 perdiderunt
3196 1964 3424 2037 gratiam
3475 1982 3648 2037 quam
3693 1969 3779 2022 ha-

2200 2051 2449 2109 buerunt.
2484 2048 2635 2103 Unde
2670 2058 2724 2119 et
2750 2058 2951 2120 septem
2986 2052 3263 2125 spiritibus
3285 2056 3645 2127 nequiorihus
3673 2068 3774 2118 tra-

2202 2140 2319 2205 diti,
2348 2156 2451 2195 non
2476 2138 2589 2209 jam
2613 2140 2756 2211 regis
2784 2142 3037 2215 cmlestis,
3066 2154 3120 2199 et
3140 2145 3352 2209 Domini
3381 2147 3648 2214 virtutum
3667 2164 3779 2203 seu-

2201 2244 2319 2294 sum
2339 2238 2394 2285 ct
2418 2231 2671 2297 mandata
2698 2232 2998 2311 intuentur,
3029 2236 3123 2300 sed
3150 2237 3293 2306 regis
3316 2236 3573 2305 vitiorum
3600 2239 3779 2294 volun-

2201 2329 2367 2379 tatem
2395 2321 2685 2391 adimplere
2711 2332 2988 2385 conantur.
3018 2324 3084 2378 Et
3109 2325 3341 2389 scribam
3368 2328 3677 2401 principem
3690 2330 3779 2383 mi-

2200 2408 2375 2474 litum,
2402 2424 2560 2478 qnem
2590 2409 2725 2465 liber
2752 2412 2956 2482 Regum
2987 2411 3195 2482 Sophar
3210 2425 3487 2488 nuncupat
3511 2434 3525 2470 :
3545 2419 3640 2488 qui
3668 2434 3781 2489 pro-

2199 2498 2363 2565 babat
2412 2501 2633 2565 tirones.
2684 2500 2894 2571 Sophar
2937 2504 3321 2577 interpretatur
3370 2507 3657 2578 dissipans,
3705 2508 3781 2562 vel

2202 2590 2446 2651 dividens
2500 2609 2512 2644 :
2563 2592 2873 2662 significans
2910 2609 3025 2671 eos,
3069 2597 3161 2665 qui
3207 2598 3366 2661 rudes
3417 2598 3470 2652 in
3520 2598 3777 2665 Ecclesia,

2202 2694 2336 2749 quos
2387 2680 2453 2734 ad
2499 2679 2744 2741 militiam
2790 2682 2991 2747 Christi
3038 2685 3246 2751 nutrire
3290 2685 3607 2759 debuerant,
3662 2704 3782 2766 pra-

2201 2772 2283 2834 vis
2341 2772 2601 2847 erentplis
2666 2773 2987 2848 dissipantes
3013 2815 3032 2851 π
3094 2790 3125 2841 a
3184 2783 3325 2842 coitu
3388 2778 3623 2842 ﬁdelium
3689 2795 3782 2851 per

2201 2876 2441 2933 errorem
2470 2872 2827 2941 sequestrant.
2880 2884 2899 2916 α
2944 2865 3012 2925 Et
3048 2866 3338 2945 sexaginta
3373 2867 3519 2932 viros
3568 2869 3637 2924 de
3690 2883 3783 2938 po-

2199 2954 2325 3023 pulo
2354 2964 2533 3027 terrai,
2564 2956 2676 3011 sive
2705 2970 2734 3012 e
2767 2954 2945 3025 vulgo,
2974 2957 3064 3026 qui
3086 2956 3290 3023 inventi
3329 2955 3542 3024 fuerant
3570 2959 3625 3025 in
3652 2959 3784 3013 civi-

532 3047 619 3107 dia
679 3058 803 3108 sunt
850 3047 1085 3118 ﬁdelium
1120 3048 1435 3115 doctorum,
1487 3057 1543 3104 et
1594 3050 1852 3111 reti-acula
1890 3052 2100 3114 diversa
2202 3054 2333 3113 tate,
2378 3065 2396 3098 ι
2427 3045 2531 3100 hoc
2551 3055 2651 3110 est,
2685 3045 2875 3102 stultos
2898 3056 3229 3117 operatores,
3263 3048 3355 3117 qui
3394 3049 3583 3113 merito
3638 3050 3782 3117 vulgi

528 3138 821 3196 chrismata
855 3139 1162 3207 exprimunt
1189 3138 1424 3208 Spiritus
1449 3142 1624 3199 sancti
1661 3158 1673 3192 :
1711 3141 1849 3199 sicut
1891 3149 1946 3201 et
1994 3157 2103 3199 tua-
2203 3138 2420 3193 nomine
2471 3145 2847 3208 nuncupantur
2880 3178 2892 3191 .
2924 3140 3049 3217 quia
3090 3138 3381 3203 utilitatem
3430 3138 3781 3197 consiliorum

530 3227 807 3297 logranata
839 3229 1101 3297 bonarum
1123 3228 1377 3287 virtutum
1409 3229 1712 3297 exprimunt
1736 3231 2091 3293 suavitatem:
2125 3220 2169 3282 C
2201 3228 2502 3286 divinorum
2546 3227 2785 3292 discere,
2833 3234 2887 3282 et
2933 3226 3089 3293 factis
3136 3227 3359 3297 implere
3408 3229 3779 3299 neglexerant.

535 3334 653 3387 quae
678 3319 859 3377 omnia
892 3319 1153 3389 spiritalis
1170 3317 1683 3387 Nabuchodonosor,
1712 3322 1816 3380 hoc
1870 3331 1971 3386 est,
2003 3323 2101 3382 bo—
2204 3320 2314 3377 Hos
2356 3318 2622 3383 videlicet,
2675 3333 2864 3375 omnes
2894 3316 3087 3375 tollens
3137 3317 3489 3375 Nabuzardan
3526 3318 3782 3388 princeps

532 3412 631 3467 stis
644 3410 896 3492 antiquus
916 3425 1013 3481 per
1036 3410 1311 3472 ministros
1324 3402 1448 3474 suos
1470 3411 1537 3475 de
1560 3411 1754 3480 templo
1776 3411 1868 3475 Dei
1894 3412 2104 3467 auferre

530 3508 775 3555 conatur.
830 3499 889 3561 Si
924 3500 1049 3568 quis
1081 3508 1258 3559 autem
1280 3500 1395 3563 huic
1417 3500 1625 3569 plenius
1660 3516 1820 3562 nosse
1851 3501 2098 3569 voluerit,

530 3592 669 3664 legat
716 3606 851 3663 opus
894 3600 1155 3657 nostrum.
1193 3592 1336 3667 quod
1391 3592 1444 3652 in
1479 3592 1866 3665 expositionem
1896 3593 2103 3669 Regum

530 3685 817 3742 voluminis
861 3700 1031 3754 nuper
1077 3686 1339 3741 edidimus
1382 3693 1477 3739 :et
1514 3684 1584 3740 ibi
1628 3687 1757 3755 quid
1782 3688 1903 3741 inde
1930 3689 2102 3760 sancti

534 3773 723 3831 Patres
758 3774 1040 3838 senserint.
1068 3775 1201 3835 satis
1227 3784 1287 3833 ut
1313 3790 1435 3832 reor
1453 3776 1796 3845 explanatum
1826 3777 2096 3836 inveniet:

611 3883 629 3917 ι
662 3865 730 3921 Ει
758 3864 880 3923 tulit
904 3865 1159 3935 magister
1182 3866 1385 3931 militia:
1406 3864 1619 3929 Saraim
1633 3867 1965 3931 sacerdotem
1987 3868 2101 3935 pri-

535 3973 555 4008 ι
598 3970 763 4021 mum,
795 3962 850 4011 et
872 3954 1196 4025 Sophoniant
1222 3956 1557 4017 sacerdotem
1585 3958 1908 4022 secundum,
1928 3967 2102 4021 etlres

536 4066 555 4103 ι
585 4047 839 4106 custodes
867 4050 1135 4115 vestibuli,
1184 4058 1240 4109 et
1283 4052 1349 4111 de
1375 4051 1593 4108 civitate
1624 4052 1744 4115 tulit
1770 4052 2099 4119 eunuchum,

542 4155 560 4191 ι
599 4154 765 4192 unum
801 4139 892 4207 qui
921 4148 1037 4197 erat
1064 4143 1379 4209 praepositus
1408 4157 1569 4210 super
1610 4143 1757 4205 viros
1794 4140 2101 4207 bellatores,

532 4246 551 4283 ι
588 4236 642 4283 et
668 4236 875 4297 septem
908 4229 1052 4286 viros
1101 4230 1168 4284 de
1192 4229 1279 4289 bis
1307 4230 1415 4297 ‘qui
1447 4230 1697 4285 videbant
1719 4230 1909 4286 t‘aciem
1939 4232 2100 4300 regis,

535 4339 554 4372 ι
591 4320 683 4389 qui
716 4320 917 4380 inventi
944 4327 1068 4379 sunt
1094 4319 1150 4379 in
1188 4320 1427 4385 civitate,
1459 4328 1511 4375 et
1540 4321 1773 4375 scribam
1804 4321 2102 4393 principem

535 4398 553 4459 ἀ
589 4408 840 4473 militum,
885 4410 975 4477 qui
996 4410 1254 4477 probabat
1284 4411 1522 4471 tirones:
1554 4420 1609 4471 et
1642 4413 1917 4481 sexaginta
1956 4413 2102 4471 viros

540 4520 559 4551 ι
594 4502 659 4555 de
697 4500 895 4570 populo
933 4510 1112 4565 tersae,
1142 4501 1232 4569 qui
1273 4502 1475 4563 inventi
1514 4511 1639 4563 sunt
1672 4503 1727 4555 in
1754 4503 1927 4566 medio
1970 4504 2102 4559 civi-

535 4609 551 4645 t
589 4591 729 4649 tatis.
748 4589 890 4651 Tulit
910 4598 1089 4653 autem
1111 4605 1206 4655 eos,
1225 4590 1577 4654 Nahuzardan
1600 4596 1854 4662 magister
1879 4592 2098 4659 militire,

532 4700 549 4736 ι
583 4691 637 4741 et
678 4681 979 4742 eduximus
1004 4681 1072 4742 ad
1092 4695 1268 4750 regem
1309 4681 1593 4752 Babylonis
1633 4682 1687 4736 in
1712 4680 1992 4747 lteblatha.
2039 4684 2103 4738 Et

532 4790 549 4833 ς
583 4770 847 4840 percussit
876 4784 967 4835 eos
997 4785 1091 4826 rex
1128 4770 1450 4840 Babylonis,
1490 4780 1543 4829 et
1591 4768 1861 4829 interfecit
1911 4786 2005 4840 eos
2043 4773 2097 4826 in

532 4882 551 4922 ί
587 4853 847 4924 Reblatlia
874 4862 931 4924 in
954 4870 1096 4925 terra
1119 4861 1331 4929 Emath,
1361 4872 1414 4918 et
1437 4864 1724 4925 translatus
1762 4874 1845 4925 est
1869 4862 2006 4928 Juda
2032 4867 2097 4923 de

533 4973 555 5005 ι
591 4962 735 5013 terra
787 4969 903 5014 sua.
935 4972 958 5011 ι
986 4942 1103 5014 Dion
1149 4954 1318 5013 solum
1357 4955 1499 5015 enim
1545 4954 1845 5024 populares.
1898 4956 1993 5020 sed
2042 4965 2097 5011 et

527 5043 712 5106 fortes.
742 5052 795 5107 et
819 5044 1087 5118 principes
1120 5046 1174 5100 in
1203 5045 1441 5103 Ecclesia
1474 5045 1718 5103 diabolus
1744 5048 2013 5115 decipere,
2042 5055 2096 5102 et

527 5135 761 5203 peccatis
788 5136 1060 5203 captivare
1080 5136 1293 5205 satagit.
1328 5136 1478 5191 Unde
1516 5138 1581 5191 de
1612 5138 1727 5205 ipso
1756 5138 1809 5196 in
1839 5137 1938 5197 Job
1958 5142 2093 5195 scri-

526 5236 675 5298 ptum
694 5237 776 5288 est
802 5244 813 5281 l
848 5245 866 5278 t
900 5227 1047 5287 Escae
1067 5242 1253 5285 eorum
1268 5227 1449 5282 electae
1478 5236 1601 5285 sunt
1627 5228 1764 5297 (Job.
1784 5231 1926 5299 ωλι
1958 5230 2099 5285 Tulit

532 5337 741 5390 quoque
788 5319 1019 5384 Saraim,
1072 5322 1163 5388 qui
1218 5322 1605 5389 interpretatur
1645 5321 1879 5384 vinctus,
1922 5337 2100 5381 sacer-

534 5419 709 5473 dotem
763 5417 1041 5484 primum:
1077 5430 1197 5469 cum
1255 5415 1487 5481 primum
1536 5414 1791 5470 Ecclesiae
1836 5414 2095 5480 ordinent,

531 5510 618 5577 qui
644 5508 695 5561 in
724 5507 986 5575 episcopis
1014 5516 1112 5569 est,
1143 5522 1325 5561 amore
1345 5507 1630 5575 voluptatis
1678 5515 1906 5561 terrena:
1941 5516 1995 5561 et
2018 5508 2095 5560 vi,

534 5602 728 5653 tiorum
771 5608 957 5653 catena
998 5600 1332 5670 constringit.
1367 5600 1512 5654 Tulit
1535 5615 1747 5669 quoque
1772 5600 2019 5654 similiter
2046 5608 2100 5654 et

535 5689 882 5759 Sophoniam,
913 5689 1005 5758 qui
1031 5690 1415 5759 interpretatur
1458 5691 1819 5753 absconditus,
1852 5690 2099 5744 sacerdo-

534 5769 640 5840 tem
665 5785 974 5851 secundum,
1025 5798 1152 5839 cum
1184 5784 1403 5841 secundi
1422 5782 1630 5851 ordinis
1660 5783 1826 5849 viros,
1868 5783 1973 5849 hoc
1998 5791 2099 5857 est,

2202 3410 2452 3474 militum,
2483 3408 2637 3463 duxrt
2656 3410 2723 3462 ad
2745 3423 2924 3478 regem
2942 3409 3231 3487 Babylonis
3252 3409 3310 3476 itt
3334 3409 3614 3480 Beblatha.
3648 3408 3784 3477 Per-

2203 3500 2476 3568 cussitque
2523 3514 2616 3553 eos
2643 3512 2735 3583 rex
2759 3498 3075 3569 Babylonis;
3107 3506 3163 3553 et
3190 3499 3457 3554 interfecit
3495 3500 3547 3555 in
3584 3500 3787 3563 Rebla-

2202 3592 2292 3651 the
2335 3591 2563 3651 interra
2613 3589 2803 3659 Ematb
2831 3604 2845 3648 :
2874 3590 2997 3670 quia
3027 3591 3277 3673 antiquus
3318 3590 3486 3655 hostis
3522 3609 3644 3651 cum
3693 3609 3791 3665 per

2200 3686 2494 3761 nequitiam
2525 3699 2678 3748 suam
2707 3685 2865 3740 talem
2892 3685 3130 3754 praedam
3171 3682 3239 3743 ab
3282 3682 3506 3745 ecclesia
3545 3682 3788 3741 evellens

2203 3779 2363 3844 tollit,
2414 3779 2517 3833 hoc
2552 3777 2659 3833 voti
2710 3778 2895 3845 ambit,
2925 3776 3029 3835 hoc
3055 3784 3170 3835 toto
3193 3775 3369 3836 studio
3418 3775 3547 3855 agit,
3602 3783 3667 3831 ut
3722 3776 3788 3829 ad

2202 3878 2474 3939 perpetuae
2510 3868 2704 3923 mortis
2721 3865 3149 3930 interfectionem
3173 3880 3267 3923 eos
3302 3865 3579 3933 perducat.
3637 3866 3789 3932 Quos

2201 3961 2435 4035 percutit
2480 3974 2575 4015 rex
2604 3958 2934 4015 confusionis
2962 3959 3017 4013 in
3066 3957 3329 4019 Reblatha
3370 3975 3383 4009 :
3418 3956 3520 4020 hoc
3570 3966 3679 4021 est,
3733 3959 3783 4011 in

2200 4050 2521 4119 mulitudine
2577 4050 2841 4109 scelerum
2889 4057 2943 4102 et
2991 4061 3174 4109 amore
3223 4045 3577 4117 voluptatum.
3623 4045 3784 4101 Unde

2206 4145 2481 4213 Scriptura
2507 4143 2636 4198 dicit
2666 4159 2679 4199 :
2705 4159 2725 4193 ι
2754 4141 2887 4208 Lata
2915 4148 2970 4195 et
2995 4140 3230 4210 spatiosa
3255 4149 3341 4193 est
3361 4139 3469 4203 via,
3496 4154 3615 4207 qua
3637 4137 3786 4192 ducit

2205 4237 2271 4303 ad
2298 4243 2544 4301 mortem,
2587 4243 2648 4288 et.
2679 4233 2832 4301 multi
2875 4239 3020 4297 sunt,
3073 4232 3165 4299 qui
3192 4231 3395 4285 intrant
3440 4244 3538 4301 per
3578 4245 3724 4284 eam.
3764 4251 3779 4281 ι

2204 4328 2269 4385 Et
2319 4326 2615 4388 translatus
2640 4331 2723 4379 est
2753 4322 2889 4387 Juda
2920 4324 2988 4377 de
3036 4330 3182 4379 terra
3210 4336 3304 4376 sua
3331 4340 3344 4379 ;
3374 4336 3498 4375 cum
3548 4320 3645 4385 illi,
3696 4322 3785 4390 qui

2204 4419 2598 4485 confessionem
2657 4416 2890 4495 nominis
2935 4415 3031 4484 Dei
3078 4416 3133 4469 in
3177 4413 3407 4474 ecclesia
3460 4413 3785 4481 videbantur

2204 4511 2407 4569 habere
2448 4521 2544 4577 per
2571 4506 2772 4573 scelera
2810 4514 2865 4570 et
2908 4515 3131 4577 peccata
3178 4504 3517 4577 multiplicia,
3547 4504 3614 4571 de
3642 4515 3783 4561 terra

2207 4603 2466 4665 virtutum
2498 4597 2743 4665 translati
2784 4597 2839 4651 in
2876 4612 3099 4668 regnum
3131 4595 3465 4665 confusionis
3495 4606 3550 4653 et
3585 4597 3783 4651 erroris

2204 4692 2586 4746 abducuntur:
2627 4688 2726 4742 sub
2768 4701 2875 4757 quo
2924 4687 3150 4759 imperio
3188 4687 3496 4756 quicunque
3540 4688 3786 4757 nequiter

2200 4782 2496 4845 servientes
2551 4776 3049 4849 perseveraverint,
3100 4791 3200 4832 nec
3273 4775 3631 4848 merebuntur
3696 4792 3786 4846 per

2197 4873 2378 4929 Jesum
2406 4872 2657 4949 ducatum
2684 4868 2899 4937 regredi
2922 4868 2978 4933 in
2996 4874 3197 4923 terram
3230 4864 3389 4930 Juda,
3417 4867 3785 4937 templumque

2198 4942 2419 5025 Domini.
2434 4942 2630 5021 ibidem
2662 4960 3025 5017 remdilicare:
3066 4958 3121 5017 bi
3146 4964 3270 5027 post
3304 4972 3605 5025 aerumnam
3649 4972 3784 5033 prac-

2202 5058 2369 5114 sentis
2398 5058 2518 5113 vitm
2549 5054 2827 5113 tradentur
2865 5052 2918 5104 in
2969 5062 3241 5113 carcerem
3272 5049 3468 5103 mortis
3490 5058 3779 5121 perpetuae,

2203 5147 2293 5202 ubi
2320 5146 2518 5217 vermis
2540 5158 2727 5205 eorum
2750 5155 3024 5210 nunquam
3038 5139 3315 5202 morietur,
3341 5148 3395 5198 et
3428 5138 3570 5222 ignis
3595 5154 3780 5197 eorum

2206 5253 2313 5294 non
2363 5237 2752 5307 exstinguetur,
2812 5231 3225 5305 implebiturque
3274 5230 3330 5292 in
3362 5231 3445 5297 eis
3494 5231 3590 5296 illa
3642 5232 3780 5289 beati

2206 5328 2353 5383 Petri
2405 5325 2689 5387 sententia,
2740 5336 2861 5381 cum
2910 5321 3081 5375 dicit:
3114 5339 3133 5383 ς
3166 5319 3364 5389 Melius,
3414 5320 3617 5393 quippe
3672 5328 3784 5374 erat

2205 5434 2310 5474 non
2335 5430 2661 5487 cognoscere
2680 5414 2822 5475 viam
2840 5411 3087 5480 iustitia),
3108 5426 3271 5479 quam
3302 5419 3427 5465 post
3454 5412 3781 5481 agnitionem

2200 5508 2318 5577 ejus
2357 5517 2653 5565 retrorsum
2697 5502 2937 5563 converti
2986 5498 3071 5571 (Il
3126 5496 3245 5555 Pet.
3302 5500 3363 5572 u)
3415 5501 3485 5573 ab
3528 5514 3597 5555 eo
3640 5499 3781 5570 quod

2200 5597 2304 5659 illis
2351 5596 2604 5650 traditum
2651 5600 2735 5647 est
2773 5600 2960 5646 sancto
3010 5591 3298 5663 mandato,
3366 5609 3387 5643 ι
3439 5590 3565 5662 quia
3621 5600 3782 5645 attes-

2201 5694 2350 5741 tante
2384 5683 2663 5739 Veritate:
2715 5700 2732 5733 ι
2771 5682 2971 5739 Servus
3017 5680 3108 5750 qui
3160 5679 3266 5745 scit
3303 5679 3638 5749 voluntatem
3685 5680 3781 5757 Do-

2200 5778 2334 5841 mini
2358 5777 2462 5844 sui,
2489 5786 2545 5835 et
2566 5790 2675 5841 non
2694 5774 2842 5847 facit.
2889 5772 3165 5856 vapulabit
3193 5773 3385 5847 multis
3414 5793 3427 5832 :
3462 5774 3562 5858 qui
3602 5783 3782 5837 autem
