3952 6322
182 400 315 458 “8t

1032 396 1393 455 EXPOSITIO
1430 394 1659 454 SUPER
1696 392 2058 452 JEREMIAH.
2084 423 2157 436 -—
2193 393 2318 451 LIB.
2359 394 2539 453 XVIII.

3308 402 3445 460 i182

181 516 378 579 nescit,
422 521 478 568 et
524 526 630 566 non
671 511 821 578 facit,
849 510 1123 581 vapulabit
1163 510 1351 580 paucis
1393 508 1545 580 (Luc.
1586 508 1706 585 xu).
1751 525 1767 557 ι
1802 508 1853 569 Α
1878 505 1969 574 qui
1993 520 2086 560 eos
2111 504 2312 561 lumine
2337 504 2575 560 scientia:
2599 506 2858 574 privatos,
2892 508 3291 570 inmntusionis
3323 526 3445 581 per.

263 626 280 658 ι
314 607 420 662 Iste
458 613 541 659 cst
574 604 817 674 populus,
847 618 1007 672 quem
1039 600 1317 656 transtulit
1343 599 1768 655 Nabuchodono—

189 716 210 755 ι
246 681 347 753 ἓόι·
368 697 423 750 in
448 710 587 749 anno
632 695 880 764 septimo,
916 693 1129 757 Judzeos
1154 694 1258 747 tria
1296 693 1463 747 millia
1488 702 1546 746 et
1580 692 1769 761 viginti

188 806 209 840 ς
252 796 381 841 tres.
449 784 508 839 In
568 799 713 840 anno
764 793 957 839 octavo
1022 784 1232 839 decimo
1273 782 1770 849 Nabuchodonosor

188 874 223 931 ι’
257 876 532 939 transtulit
556 877 623 931 de
657 876 993 930 Hierusalem
1034 875 1247 929 animas
1289 875 1627 943 octingentas
1673 874 1769 927 tri-

190 988 211 1020 ι
246 970 391 1041 ginta
419 971 571 1030 duas.
609 969 667 1024 ln
711 983 853 1023 anno
884 968 1303 1039 vicesimotertio
1338 967 1766 1025 Nabuchodono-

190 1078 212 1110 ί
260 1077 372 1127 sor,
418 1060 692 1115 transtulit
736 1057 1093 1121 Nabuzardan
1128 1060 1387 1127 magister
1425 1060 1643 1127 militize,
1677 1060 1770 1119 Ju-

189 1167 211 1200 ι
250 1150 490 1204 timorum
513 1150 719 1203 animas
741 1149 1105 1218 septingentas
1126 1150 1481 1220 quadraginta
1510 1154 1766 1221 quinque.

185 1258 209 1292 4
242 1238 442 1296 Omnes
463 1254 592 1310 ergo
615 1240 806 1293 animae
826 1248 1057 1307 quatuor
1078 1238 1244 1292 millia
1274 1250 1565 1295 sexcentae.
1602 1261 1621 1293 ι
1651 1242 1770 1295 Tri-

180 1332 288 1387 bus
315 1332 540 1397 vicibus,
576 1340 655 1385 ‘ut
680 1331 957 1401 Scriptura
995 1333 1199 1402 Regum
1241 1341 1295 1387 et
1324 1334 1771 1403 Paralipomenon

184 1429 488 1488 testantur‘,
536 1422 1027 1479 Nabuchodonosor
1068 1425 1302 1477 vastavit
1352 1432 1552 1479 terram
1594 1425 1765 1481 Iuda:

182 1516 292 1571 hoc
316 1524 419 1581 est,
452 1518 627 1585 primo
647 1530 767 1569 cum
815 1515 1079 1579 Joachim,
1111 1517 1199 1584 qui
1227 1526 1282 1572 et
1304 1517 1563 1572 Eliachim
1602 1519 1773 1572 nomi-

184 1615 347 1669 natus
374 1616 476 1671 est,
504 1606 669 1660 lilium
690 1605 854 1664 ,ἰοεἰώ
876 1607 1016 1677 regis
1038 1605 1185 1661 Juda-
1221 1617 1529 1677 superatum
1562 1618 1615 1663 et
1655 1609 1773 1662 vin-

182 1706 335 1753 ctum
376 1699 581 1753 catenis
624 1699 776 1759 duxit
802 1698 855 1751 in
887 1696 1232 1770 Babylonem,
1259 1713 1379 1752 cum
1409 1700 1555 1753 vasis
1581 1701 1770 1755 domus

183 1790 426 1855 Domini,
448 1805 569 1859 quae
596 1790 774 1859 posuit
797 1791 850 1844 in
867 1792 1061 1860 templo
1088 1806 1204 1845 suo.
1232 1790 1482 1845 Secundo
1504 1807 1626 1847 cum
1653 1792 1773 1846 Joa-

1871 596 2041 663 petua:
2087 593 2475 662 captivitatem,
2506 596 2552 651 si
2581 610 2641 654 se.
2673 604 2799 666 ante
2833 610 2944 657 non
2968 600 3332 666 correxerint,
3357 616 3445 660 ne

1870 701 1973 756 que
2026 684 2345 754 semetipsos
2393 698 2491 753 per
2532 687 2909 761 paenitentiam
2952 686 3319 755 liberaverint,
3348 689 3442 745 ab-

1870 782 2030 837 ducet
2073 781 2387 850 redigetque
2434 782 2489 835 in
2530 798 2806 840 carcerem
2851 782 3069 848 inferni,
3098 784 3191 846 ubi
3227 784 3446 844 mternis

1869 872 2121 927 claustris
2147 870 2385 926 damnati
2410 862 2628 942 gemunt
2661 867 2717 931 in
2752 884 3085 943 perpetuum.

1944 979 1967 1014 ι
1999 961 2064 1014 Et
2094 960 2299 1017 factum
2328 968 2411 1015 est
2443 960 2497 1016 in
2531 962 3055 1031 tricesimaseptimo
3093 976 3237 1034 anno
3266 969 3445 1019 trans-

1876 1072 1898 1104 ι
1930 1053 2265 1122 migrationis
2292 1052 2537 1109 Inachim
2565 1053 2707 1123 regis
2735 1051 2883 1113 Iuda
2906 1056 3222 1129 duodecimo
3236 1068 3443 1121 mense,

1877 1160 1898 1194 ι
1932 1142 2187 1196 vicesima
2211 1145 2399 1211 quinta
2420 1143 2507 1220 die
2534 1143 2758 1207 mensis,
2778 1129 3012 1220 elevavit
3038 1145 3444 1219 Evilmerndach

1879 1251 1899 1283 ε
1935 1248 2029 1287 rex
2062 1231 2347 1301 Babylonis
2390 1216 2506 1303 ipso
2533 1249 2674 1291 anno
2700 1216 2854 1302 regni
2901 1233 2983 1293 sui
3008 1216 3445 1303 caput'Joachim

1878 1340 1897 1374 ‹
1926 1321 2067 1391 regis
2107 1320 2275 1385 Judxe,
2316 1330 2372 1377 et
2409 1325 2739 1383 eduxitcum
2780 1325 2845 1384 de
2880 1323 3038 1383 domo
3086 1324 3339 1388 carceris,
3394 1328 3449 1377 et

1878 1403 2144 1467 (locutus
2182 1420 2264 1467 est
2289 1428 2414 1468 cum
2446 1429 2509 1469 eo
2536 1415 2698 1481 bona,
2736 1422 2790 1473 et
2832 1416 3009 1483 posuit
3038 1416 3291 1475 thronum
3333 1416 3451 1486 ejus

1879 1524 1897 1559 ί
1931 1520 2091 1574 super
2118 1507 2339 1561 thronos
2373 1521 2582 1577 regum,
2631 1509 2723 1574 qui
2746 1518 2897 1567 erant
2925 1516 3045 1577 post
3080 1522 3137 1569 se
3177 1510 3231 1569 in
3278 1509 3453 1580 Baby-

1878 1618 1896 1650 ς
1931 1599 2075 1659 lene,
2098 1608 2151 1652 et
2176 1600 2406 1661 mutavit
2434 1600 2755 1654 vestimenta
2775 1600 3008 1665 carceris
3028 1599 3162 1669 ejus.
3191 1609 3245 1655 et
3267 1614 3449 1656 come-

1878 1710 1896 1742 ‹
1926 1691 2085 1747 debat
2106 1707 2302 1760 panem
2328 1707 2510 1746 coram
2543 1707 2606 1746 eo
2630 1705 2844 1761 semper
2879 1692 3087 1747 cunctis
3110 1692 3301 1749 diebus
3326 1691 3451 1746 vita:

1881 1800 1898 1831 ι
1938 1796 2066 1845 sum,
2096 1790 2151 1836 et
2188 1782 2392 1835 cibaria
2436 1784 2553 1852 ejus
2578 1784 2781 1837 cibaria
2812 1793 3070 1853 perpetua
3097 1783 3364 1838 dabantur
3401 1782 3452 1837 ci

184 1882 335 1936 chim
386 1888 741 1949 cognomento
769 1878 1082 1935 Jechoniam
1113 1880 1282 1934 filium
1325 1880 1440 1949 ejus
1466 1882 1626 1935 simul
1652 1897 1774 1937 cum
1804 1873 1851 1932 B
1882 1890 1903 1923 ι
1943 1887 1972 1925 a
2002 1887 2130 1942 rege
2160 1873 2465 1943 Babylonis,
2508 1882 2706 1929 statuta
2736 1890 2834 1942 per
2876 1875 3117 1945 singulos
3139 1874 3254 1928 dies
3286 1878 3456 1943 usque

185 1980 382 2035 matre;
430 1978 485 2025 et
527 1970 790 2025 eunuchis
840 1969 1173 2039 principibus
1223 1978 1384 2039 atque
1417 1971 1590 2026 servis
1630 1970 1767 2039 ejus,

185 2061 467 2133 transtulit
505 2061 559 2120 in
590 2061 933 2130 Babylonem,
974 2060 1264 2128 asportatis
1304 2060 1460 2113 simul
1497 2061 1773 2129 pretiosis-

186 2150 347 2205 simis
378 2150 525 2210 vasis
552 2151 743 2213 domus
773 2150 1004 2205 Domini.
1062 2148 1244 2206 Tertio
1291 2166 1410 2205 cum
1454 2151 1771 2207 Sedechiam

184 2243 351 2311 cepit,
402 2242 677 2311 oculisque
724 2243 971 2312 privavit,
1011 2242 1147 2297 ﬁlios
1201 2242 1317 2315 ejus
1365 2241 1656 2309 interfecit,
1710 2258 1774 2297 ac

172 2332 441 2390 meliores
483 2348 727 2401 quosque
771 2333 988 2397 occidit,
1030 2348 1131 2388 nec
1184 2342 1268 2387 est
1294 2334 1553 2388 misertus
1595 2334 1770 2387 adole-

184 2423 389 2477 scentis
426 2432 479 2475 et
504 2423 744 2492 virginis,
770 2423 913 2477 senis
938 2430 993 2476 et
1017 2422 1298 2497 decrepiti,
1329 2433 1384 2479 et
1406 2424 1644 2479 incendit
1672 2424 1767 2477 do-

180 2528 342 2581 mum
391 2513 622 2577 Domini,
664 2529 956 2584 murosque
999 2514 1340 2569 Hierusalem
1386 2515 1649 2569 destruxit
1678 2532 1689 2567 :
1717 2522 1771 2568 et

185 2588 453 2674 quidquid
498 2605 792 2674 pretiosum
836 2606 1013 2661 fuerat
1055 2606 1341 2661 demolitus
1390 2615 1493 2661 est.
1547 2605 1603 2661 Si
1649 2607 1770 2677 quis

187 2704 374 2755 autem
400 2697 632 2752 evaserit
662 2694 895 2767 gladium
920 2698 1117 2755 doctus
1152 2707 1234 2755 est
1262 2699 1312 2754 in
1334 2697 1685 2771 Babylonem,
1717 2706 1771 2754 et

184 2789 413 2851 servivit
442 2789 553 2859 regi
572 2798 627 2843 et
651 2790 776 2845 ﬁliis
802 2779 936 2858 ejus.
966 2790 1117 2846 Unde
1135 2789 1398 2845 Jeremias
1414 2789 1568 2858 juxta
1589 2800 1768 2844 terna-

185 2879 335 2933 rium
375 2893 658 2934 numerum
696 2880 976 2937 enumerat
1014 2881 1420 2936 translationem
1460 2879 1766 2936 Judreornm

184 2969 257 3024 de
306 2978 453 3025 terra
486 2985 604 3024 sua.
644 2969 827 3028 Primo
854 2972 956 3025 tria
992 2971 1159 3026 millia
1206 2980 1261 3025 et
1290 2963 1483 3041 viginti
1508 2979 1635 3025 tres.
1670 2968 1768 3025 Se-

185 3057 367 3114 cundo
395 3045 990 3130 octingentas‘triginta
1039 3062 1193 3116 duas.
1244 3060 1431 3116 Tertio
1461 3062 1768 3130 septingen-

176 3160 273 3208 ,ωε
287 3152 641 3224 quadraginta
662 3142 916 3223 quinque.
943 3152 1219 3207 Summam
1243 3168 1429 3207 eorum
1450 3160 1767 3221 computans

1885 1983 1903 2016 ι
1935 1966 2003 2019 ad
2041 1965 2183 2019 diem
2228 1966 2417 2019 mortis
2468 1979 2598 2031 suae,
2642 1967 2853 2021 cunctis
2888 1966 3079 2027 diebus
3103 1965 3228 2019 vitae
3254 1979 3383 2019 sum.
3428 1982 3447 2016 ι

1876 2057 2031 2124 Quod
2088 2056 2499 2112 Evilmerodach
2556 2071 2723 2125 nepos
2784 2055 3279 2121 Nabuchodonosor
3358 2050 3455 2109 rex

1875 2148 2164 2218 Babylonis
2195 2156 2354 2217 caput
2381 2134 2625 2202 Jeachim
2652 2149 2793 2215 regis
2815 2147 2951 2202 Juda
2969 2149 3218 2212 elevavit,
3245 2156 3299 2202 et
3320 2147 3455 2202 edn-

1876 2238 1957 2290 xit
1990 2252 2113 2292 eum
2154 2236 2220 2289 de
2265 2237 2422 2290 domo
2450 2237 2686 2291 carceris
2715 2236 3112 2304 honoribusque
3137 2232 3311 2305 atque
3330 2235 3451 2304 opi-

1874 2328 1973 2381 bus
2021 2327 2347 2390 sublimavit,
2383 2327 2512 2395 quid
2564 2308 2881 2396 spiritaliter
2913 2325 3182 2396 signiﬁcet
3223 2342 3331 2382 non
3372 2326 3455 2382 in-

1873 2415 2033 2467 venio
2068 2414 2213 2468 :‘nisi
2241 2415 2385 2483 quod
2441 2415 2597 2477 nobis
2628 2415 2930 2474 manifestis
2964 2415 3184 2475 indiciis
3232 2416 3453 2475 demon-

1875 2511 2011 2558 strat
2058 2512 2332 2571 potentem
2382 2518 2501 2558 esse
2548 2505 2907 2569 divinitatem,
2938 2506 3077 2560 sicut
3131 2521 3231 2575 per
3260 2506 3457 2570 bonos,

1874 2592 1947 2648 ita
1974 2593 2137 2647 etiam
2175 2609 2273 2662 per
2296 2594 2465 2656 malos
2495 2610 2590 2650 sua
2621 2610 2877 2655 exercere
2896 2596 3119 2666 judicia.
3150 2595 3287 2651 Nam
3315 2594 3457 2653 sicut

1873 2683 2191 2745 Sedechiam
2231 2687 2679 2755 incorrigibilem,
2732 2695 2788 2741 et
2832 2687 3163 2754 propheticis
3214 2686 3457 2742 admoni-

1871 2776 2106 2831 tionibus
2147 2778 2545 2838 inobedientem
2606 2793 2701 2847 per
2749 2777 3244 2838 Nabuchodonosor
3300 2775 3456 2832 caici-

1871 2876 1986 2923 tate
2002 2876 2058 2921 et
2079 2869 2397 2937 captivitate
2417 2870 2694 2925 damnavit
2717 2880 2979 2940 perpetua
3020 2886 3035 2923 :
3077 2868 3153 2926 ita
3183 2882 3281 2937 per
3309 2865 3453 2925 Evil-

1869 2958 2164 3012 merodaeh
2198 2957 2444 3013 Joachim
2471 2975 2672 3030 regem,
2697 2960 2823 3015 licet
2848 2970 3101 3031 peccator
3123 2960 3305 3023 fuerit,
3334 2967 3453 3013 tan-

1870 3062 2033 3115 quam
2059 3048 2239 3117 populi
2268 3050 2350 3103 sui
2393 3050 2554 3104 saluti
2583 3059 2636 3104 et
2668 3051 2953 3105 salVarioni
2989 3051 3232 3106 civitatis
3254 3064 3451 3106 consu-

1868 3138 2006 3205 lens,
2030 3140 2378 3209 semetipsum
2400 3155 2465 3195 ac
2482 3149 2711 3197 matrem
2730 3157 2879 3195 suam
2902 3128 3123 3195 tradidit
3145 3140 3257 3210 regi
3276 3139 3450 3209 Baby-

186 3242 322 3297 dicit
365 3222 721 3297 esse'animas
768 3222 1000 3312 quatuor
1039 3243 1206 3297 millia
1256 3251 1561 3299 sexcentas.
1614 3242 1764 3309 Quod

1872 3229 2006 3284 lonis
2044 3230 2439 3293 abducendum,
2494 3241 2617 3301 post
2655 3233 3051 3301 correptionem
3090 3230 3206 3299 ejus
3242 3230 3454 3284 miseri~

184 3330 320 3387 licet
368 3331 719 3386 historialiter
746 3341 967 3403 propter
990 3343 1212 3403 peccata
1238 3335 1422 3404 populi
1459 3336 1531 3388 ita
1564 3333 1765 3390 factum

186 3420 352 3474 fuerit
380 3440 393 3474 :
424 3431 599 3476 tamen
646 3411 959 3492 spiritaliter
984 3425 1179 3492 innuit,
1224 3427 1368 3497 quod
1422 3441 1630 3493 omnes,
1674 3428 1766 3497 qui

184 3518 396 3567 sanctm
408 3510 687 3569 Trinitatis
706 3514 863 3569 tidem
890 3524 988 3585 per
1009 3532 1249 3573 errorem
1274 3518 1535 3588 polluunt,
1554 3535 1615 3572 ac
1641 3534 1768 3588 qua-

184 3608 318 3661 tuor
345 3601 739 3671 evangeliorum
778 3603 1078 3677 doctrinam
1121 3596 1337 3660 servare
1384 3622 1488 3661 non
1535 3622 1762 3661 consen-

186 3692 334 3748 tiunt
361 3731 376 3756 ,
434 3685 923 3763 perfectionemque
970 3698 1232 3777 bonorum
1287 3710 1509 3767 operum
1565 3700 1765 3754 habere

184 3784 513 3853 despiciunt,
567 3788 785 3842 obnoxii
820 3800 945 3844 sum
1001 3792 1251 3846 servituti
1293 3792 1433 3861 regis
1461 3792 1762 3863 Babylonis,

1869 3319 2065 3375 cordia)
2103 3320 2297 3373 intuitu
2339 3324 2604 3389 respexit,
2648 3331 2812 3391 atque
2838 3322 2906 3375 de
2962 3322 3139 3389 pernis
3190 3321 3453 3386 liberam,

1870 3409 2040 3482 quieti
2077 3424 2144 3463 ae
2186 3410 2375 3464 honori
2404 3412 2659 3469 restituit.
2700 3410 2885 3465 Iustus
2927 3412 3070 3466 enim
3092 3421 3177 3466 est
3195 3411 3453 3465 Dominus

1868 3501 1923 3555 in
1945 3502 2194 3556 omnibus
2223 3504 2326 3557 viis
2376 3504 2509 3567 suis,
2558 3513 2612 3558 et
2651 3514 2869 3566 sanctus
2900 3506 2956 3558 in
2996 3504 3247 3558 omnibus
3277 3490 3453 3571 operi-

1870 3593 1975 3646 bus
2009 3592 2139 3647 suis.
2174 3594 2321 3648 Unde
2350 3612 2469 3648 cum
2505 3594 2729 3665 ﬂagellat
2753 3610 2851 3649 nos
2877 3610 3080 3664 mins,
3111 3611 3235 3650 cum
3273 3602 3450 3647 autem

1859 3686 2195 3751 consolatur,
2234 3688 2543 3743 misericors
2568 3704 2687 3743 esse
2716 3689 2990 3759 probatur.

206 3920 3413 3949 ———__._________________________________________

1138 4023 1434 4098 LIBER
1486 4024 1953 4104 OCTAVUS
2016 4030 2493 4108 DECIMUS.

264 4236 518 4293 Ultimam
544 4246 751 4306 partem
795 4237 1039 4294 Jeremlze
1079 4240 1372 4317 prophetae,
1420 4256 1538 4309 quae
1590 4245 1769 4311 appel-

182 4333 334 4387 latur
379 4332 831 4399 Lamentationes,
879 4345 1037 4404 prout
1088 4336 1344 4390 Dominus
1399 4334 1631 4405 Spiritus
1684 4340 1765 4391 sui

183 4424 394 4493 gratia,
444 4438 550 4491 quo
605 4425 719 4493 ipse
773 4426 1033 4493 propheta
1085 4426 1297 4479 locutus
1343 4434 1423 4480 est
1472 4442 1568 4480 nos
1619 4426 1767 4481 ilhts-

1876 4246 2230 4315 omnipotens,
2287 4249 2375 4317 qui
2412 4256 2492 4304 est
2518 4288 2531 4314 ,
2578 4257 2630 4303 et
2676 4250 2762 4317 qui
2796 4258 2927 4312 erat,
2982 4258 3035 4303 ct
3065 4250 3154 4318 qui
3188 4258 3445 4305 venturus

1873 4348 1974 4391 est.
2009 4360 2025 4389 ι
2083 4339 2187 4392 Sed
2216 4355 2387 4408 neque
2426 4342 2527 4395 hoc
2555 4340 2815 4394 silendum
2864 4340 3096 4394 arbitror
3135 4341 3275 4410 quod
3318 4342 3445 4409 ipsa)

1872 4427 2323 4499 Lamentationes,
2353 4439 2413 4498 ut
2432 4433 2620 4487 beatus
2647 4432 3003 4502 Hieronymus
3026 4427 3275 4496 testatur,
3302 4433 3442 4502 ap‘ud

185 4520 340 4567 trare
391 4512 636 4577 voluerit,
692 4518 982 4568 secundum
1039 4515 1317 4570 historiam
1369 4524 1420 4568 et
1472 4515 1763 4570 secundum
1793 4541 1843 4603 Π
1870 4519 2124 4577 Hmbreos
2150 4523 2456 4592 alphaberes
2494 4532 2636 4587 sunt,
2662 4532 2715 4578 et
2744 4516 2899 4577 metri
2950 4523 3066 4593 lege
3106 4525 3437 4592 compositae.

187 4603 481 4674 mysticum
524 4620 739 4658 sensum
784 4605 1099 4675 exposituri,
1148 4608 1378 4678 primtun
1432 4607 1765 4665 innotescere

185 4696 460 4764 cupimus,
509 4698 672 4764 quod,
708 4696 862 4764 juxta
903 4700 1162 4767 quosdam
1206 4700 1318 4766 ipsa
1342 4716 1468 4768 pars
1503 4703 1555 4754 in
1602 4717 1765 4756 unum

186 4784 388 4839 librum
418 4802 539 4840 cum
569 4796 764 4843 caatera
800 4790 1076 4857 prophetia
1121 4788 1371 4842 Jeremize
1404 4790 1763 4861 conjungitur,

186 4876 334 4944 apud
364 4879 622 4945 quosdam
649 4892 778 4932 vero
813 4880 1187 4946 sequestratim
1219 4881 1456 4948 ponitur,
1495 4891 1549 4935 et
1586 4897 1682 4951 per
1711 4898 1770 4950 se

186 4963 315 5018 libri
348 4979 541 5017 nomen
588 4966 786 5020 habere
831 4975 1117 5021 censetur:
1151 4958 1290 5022 sicut
1323 4978 1377 5024 et
1427 4970 1560 5023 liber
1598 4970 1761 5034 Ruth,

181 5055 342 5126 juxta
392 5059 671 5124 quosdam,
714 5074 835 5112 cum
869 5059 1004 5113 libro
1041 5047 1578 5129 Judicum‘jungitur,
1627 5065 1766 5130 apud

188 5146 329 5202 alios
350 5162 478 5201 vero
497 5163 737 5202 seorsum
763 5151 1001 5218 ponitur,
1035 5157 1093 5204 ut
1112 5152 1303 5220 prisca:
1330 5153 1460 5221 legis
1486 5153 1605 5206 lihrl
1627 5156 1763 5221 apud

188 5236 452 5293 Baebi-eos
505 5240 696 5309 viginti
726 5251 958 5309 quatuor
994 5257 1113 5297 esse
1164 5245 1597 5299 dcmonstrcntur
1623 5261 1635 5298 :
1661 5262 1764 5313 quo

192 5323 297 5378 sub
352 5340 578 5380 numero
622 5329 807 5397 viginti
862 5340 1089 5398 quatuor
1131 5333 1369 5386 seniores
1416 5333 1765 5403 Apocalypsis
1798 5366 1812 5381 ο

186 5410 415 5469 Joannis
455 5416 680 5481 inducit,
732 5420 1016 5474 adorantes
1047 5421 1275 5492 Agnum,
1306 5431 1359 5475 et
1387 5438 1612 5477 coronas
1639 5440 1765 5479 suas

185 5508 482 5573 prostratis
510 5509 750 5564 vultibus
768 5510 1053 5567 ollerentes
1082 5529 1259 5567 coram
1286 5523 1522 5583 quatuor
1560 5516 1765 5570 anima-

185 5594 333 5651 libus
354 5597 585 5654 oculatis
609 5608 735 5655 ante
780 5612 833 5657 et
871 5612 1031 5665 retro,
1066 5605 1116 5658 id
1152 5614 1253 5667 est,
1287 5595 1337 5658 in
1360 5605 1684 5672 praeteritum
1710 5615 1767 5659 et

181 5685 246 5745 in
269 5686 510 5742 futurum
536 5677 969 5760 respicientibus,
1000 5704 1056 5750 et
1084 5696 1346 5752 indefessa
1380 5712 1510 5751 vocc
1532 5697 1765 5751 claman-

184 5776 355 5848 tibus,
402 5796 422 5832 ι
472 5779 722 5851 Sanctus,
767 5794 1002 5853 sanctus,
1050 5794 1287 5855 sanctus,
1319 5787 1588 5861 .Dominus
1619 5788 1762 5845 Deus

1870 4613 2197 4668 Memoratus
2225 4630 2353 4685 ergo
2378 4618 2565 4671 doctor
2597 4625 2651 4669 et
2683 4618 2949 4683 interpres
2978 4614 3171 4669 divinae
3203 4615 3356 4683 legis,
3391 4616 3441 4668 in

1866 4702 2087 4771 epistola
2114 4705 2179 4756 ad
2219 4703 2519 4757 Marcellam
2557 4706 2627 4757 ita
2657 4698 2821 4757 refert
2851 4718 2864 4755 :
2902 4722 2921 4755 ι
2956 4704 3105 4769 Scire
3136 4704 3297 4758 debes
3318 4720 3446 4774 qua-

1866 4799 1987 4845 tuor
2000 4793 2232 4859 psalmos
2254 4792 2547 4859 secundum
2569 4793 2813 4847 ordinem
2838 4793 3182 4848 Hebrzeorum
3208 4796 3440 4861 incipere

1865 4881 2269 4943 elementorum,
2315 4882 2644 4937 tricesimum
2676 4892 2910 4960 sextum,
2957 4884 3307 4937 centesimum
3336 4899 3438 4936 un-

1866 4972 2150 5032 decimum,
2176 4981 2230 5025 et
2254 4974 2601 5033 centesimum
2633 4968 2881 5027 oeta'vum
2913 4975 3199 5037 decimum,
3232 4984 3284 5028 et
3316 4990 3439 5029 cen-

1865 5061 2113 5113 tesimum
2140 5062 2605 5130 quadragesimum
2640 5071 2910 5129 quartum.
2945 5064 3217 5129 llebesque
3250 5078 3434 5116 verum

1864 5148 2003 5201 scire
2046 5150 2097 5200 in
2143 5152 2409 5218 prioribus
2446 5151 2665 5218 psalmis
2712 5152 2941 5220 singulis
2969 5152 3158 5205 litteris
3198 5152 3433 5220 singulos

1864 5238 2178 5301 versiculos,
2214 5239 2302 5306 qui
2328 5240 2571 5293 trimetro
2618 5240 2846 5307 iambico
2869 5255 3023 5293 versu
3049 5247 3295 5293 constant
3318 5255 3435 5294 esse

1864 5329 2148 5389 subnexus,
2191 5329 2469 5382 inferiores
2511 5345 2637 5382 vero
2673 5337 2984 5384 tetrametro
3027 5330 3256 5393 iambico
3286 5345 3438 5387 oons-

1865 5429 2003 5481 tare,
2032 5420 2187 5473 siculi
2227 5427 2279 5473 et
2314 5419 2712 5473 Denterenomii
2746 5422 3015 5473 canticum
3042 5421 3299 5489 scriptum
3329 5428 3431 5475 est.

1862 5507 1919 5561 In
1954 5511 2246 5563 centesimo
2280 5526 2496 5581 quoque
2520 5520 2711 5564 octavo
2735 5512 2942 5565 decimo
2972 5513 3178 5581 psalmo
3198 5513 3437 5581 singulas

1863 5601 2073 5655 litteras
2121 5603 2297 5655 octoni
2348 5618 2537 5657 versus
2582 5610 2901 5671 sequuntur,
2939 5612 2993 5656 et
3041 5603 3093 5656 in
3144 5602 3434 5658 centesimo

1864 5694 2274 5765 quadragesimo
2297 5680 2505 5763 quarto,
2540 5683 2765 5766 singulis
2790 5694 2981 5749 litteris
3005 5696 3197 5767 singuli
3241 5701 3431 5751 versus

1863 5787 2060 5856 gemini
2093 5786 2434 5856 deputantur.
2470 5788 2605 5842 Sunt
2632 5788 2725 5858 qui
2754 5796 2811 5843 et
2836 5788 2969 5844 alios
2998 5778 3189 5859 putant
3211 5790 3436 5857 hocori
