3952 6334
479 396 619 451 H85

1112 391 1173 447 Β.
1216 387 1471 445 RABANI
1506 388 1725 444 MAURI
1764 386 2082 444 ARCHIEP.
2122 386 2412 445 MOGUNT
2452 388 2738 446 OPERUM
2776 389 2957 444 PARS
2993 389 3077 444 Ill.

3628 394 3763 449 1184

475 510 601 566 dine
628 507 886 578 incipere,
916 507 1013 561 sed
1051 503 1189 559 falsa
1224 501 1406 573 opinio
1431 508 1535 555 est.
1593 498 1771 554 Habes
1801 508 1854 553 et
1884 500 1935 553 in
1960 498 2059 554 La-
2084 502 2138 564 Α
2163 514 2389 570 regnum
2415 501 2825 571 sempiternum.
2862 522 2881 553 ι
2920 500 3115 557 Verum
3147 502 3263 557 haec
3297 502 3502 559 idcirco
3534 503 3763 561 inserui-

477 597 902 655 mentationibus
932 594 1182 651 Jeremiae
1206 600 1442 662 quatuor
1464 590 1768 660 alphabeta,
1798 603 1830 645 e
1872 589 2070 659 quibus

477 694 583 749 duo
609 689 784 760 prima
812 686 969 758 quasi
999 680 1281 754 Sapphico
1301 688 1475 736 metro
1503 680 1707 749 scripta
1735 687 1862 736 sunt
1894 698 1907 734 :
1942 680 2071 750 quia

480 798 590 844 tres
636 780 937 839 versiculos
985 777 1077 849 qui
1130 774 1232 832 sibi
1281 774 1513 830 connexi
1565 782 1710 838 sunt,
1745 780 1801 827 et
1846 771 1934 830 ab,
1961 788 2072 828 una

485 887 690 935 tantum
723 874 904 929 littera
949 868 1235 938 incipiunt,
1257 865 1475 921 Heroici
1520 878 1733 919 comma
1777 859 2068 927 concludit.

480 970 725 1026 Tertium
779 978 909 1022 vero
956 960 1303 1032 alphabetum
1355 956 1609 1012 trimetro
1647 953 1911 1023 scriptum
1966 959 2071 1019 est,

481 1071 537 1119 ct
565 1079 592 1117 a
620 1059 791 1117 ternis
815 1055 1032 1120 litteris,
1065 1052 1161 1108 sed
1189 1050 1392 1107 eisdem
1420 1048 1563 1103 terni
1584 1061 1772 1101 versus
1787 1044 2071 1116 incipiunt.

483 1155 751 1223 Quartum
776 1146 1126 1218 alphabetum
1155 1140 1332 1197 simile
1368 1147 1451 1194 est
1501 1137 1675 1209 primo
1704 1143 1761 1192 et
1813 1136 2070 1191 secundo.

480 1230 773 1301 Proverbia
810 1250 1029 1309 quoque
1078 1228 1385 1287 Salomonis
1412 1236 1717 1283 extremum
1751 1225 1953 1281 claudit
1998 1224 2077 1280 al-

482 1337 797 1408 phabetum,
827 1328 968 1399 quod
996 1330 1313 1381 tetrametro
1329 1320 1561 1375 iambico
1581 1316 2076 1408 supputaturgabeo

484 1406 624 1493 loco,
650 1425 703 1479 in
743 1436 850 1493 quo
874 1419 988 1474 ait:
1020 1435 1039 1468 ι
1069 1413 1349 1469 Mulierem
1374 1409 1571 1466 fortem
1601 1409 1722 1479 quis
1748 1406 2020 1467 inveniet?
2048 1425 2068 1458 ι

484 1516 665 1591 (Prov.
680 1510 857 1583 xxxi).
873 1507 1155 1578 Quomodo
1167 1512 1346 1558 autem
1361 1503 1417 1557 in
1432 1503 1519 1557 his
1542 1501 1744 1556 nostris
1758 1499 1956 1555 litteris
1966 1513 2076 1555 non

483 1588 662 1679 potest
682 1603 803 1673 quis
831 1600 900 1655 ad
930 1594 1156 1669 legenda
1181 1592 1347 1647 verba
1377 1589 1716 1679 texendaque
1757 1588 2074 1679 procedere,

484 1675 589 1752 nisi
624 1694 775 1765 prius
804 1691 873 1746 ab
897 1681 1178 1744 elementis
1206 1680 1434 1751 coeperit
1464 1697 1477 1732 :
1503 1679 1579 1732 ita
1604 1686 1659 1733 et
1687 1677 1745 1730 in
1771 1675 2076 1747 Scripturis

484 1784 680 1842 divinis
731 1797 841 1837 non
878 1778 1157 1834 valeamus
1197 1790 1285 1839 ea,
1318 1786 1437 1843 quae
1482 1767 1692 1839 majora
1732 1776 1878 1833 sunt,
1912 1780 2077 1821 nosse

2170 606 2314 657 mus,
2344 599 2402 645 ut
2427 592 2701 646 instruant
2749 591 3032 660 lectorem,
3085 607 3195 663 quo
3230 594 3369 648 sciat
3402 611 3515 650 non
3562 595 3763 653 frustra

2166 678 2317 750 juxta
2370 680 2571 736 seriem
2603 680 2910 735 litterarum
2937 698 2968 737 a
2993 682 3257 752 propheta
3293 684 3410 740 haec
3443 700 3567 741 esse
3595 675 3759 755 edita,

2171 770 2266 825 sed
2294 771 2548 826 universa
2571 786 2693 841 quae
2715 771 2920 840 scripta
2943 780 3070 827 sunt
3105 771 3171 827 ad
3195 771 3401 829 Christi
3421 783 3480 831 et
3504 776 3764 834 Ecclesia

2170 861 2444 933 pertinere
2478 869 2838 916 sacramenta.
2867 861 3023 930 Quod
3056 862 3476 921 lamentationes
3492 868 3765 936 praedicta:
3818 908 3825 913 ι

2172 968 2280 1009 non
2299 952 2476 1009 solum
2489 967 2651 1023 super
2663 952 2813 1008 urbis
2824 952 3163 1009 Hierusalem
3172 956 3499 1023 vastatione,
3513 967 3572 1012 et
3585 958 3766 1014 Judai-

2174 1045 2223 1099 ci
2257 1043 2441 1114 populi
2467 1044 2804 1114 captivitate,
2822 1044 2918 1099 sed
2952 1046 3117 1100 etiam
3140 1063 3304 1117 super
3323 1046 3485 1104 Josiae
3508 1051 3656 1121 regis
3676 1066 3767 1106 oc-

2175 1149 2302 1190 casu
2319 1135 2639 1206 conscriptaz
2668 1135 2795 1200 sint,
2812 1134 2975 1191 Liber
2988 1137 3281 1193 verborum
3302 1138 3523 1194 Dierum
3542 1140 3769 1196 demon-

2175 1233 2334 1291 strat,
2362 1227 2455 1282 ubi
2485 1227 2559 1281 ita
2584 1227 2813 1299 legitur:
2844 1246 2863 1280 ι
2886 1228 3126 1285 Mortuus
3146 1240 3232 1285 est
3258 1246 3354 1287 rex
3373 1231 3575 1297 Josias,
3606 1241 3662 1288 et
3691 1249 3767 1288 se-

2175 1316 2356 1387 pultus
2390 1316 2448 1372 in
2498 1317 2790 1373 mau'solaeo
2835 1328 3053 1389 patrum
3102 1335 3346 1385 suorum,
3378 1330 3434 1377 et
3482 1323 3768 1378 universus

2175 1406 2313 1463 Juda
2328 1416 2382 1463 et
2406 1408 2745 1465 Hierusalem
2764 1410 3020 1466 luxerunt
3041 1426 3168 1467 eum
3187 1429 3202 1479 ;
3227 1412 3495 1469 Jeremias
3510 1416 3766 1481 maxime,

2176 1495 2330 1565 cujus
2356 1512 2547 1553 omnes
2568 1506 2819 1555 cantores
2845 1504 3011 1571 atque
3036 1501 3307 1557 cantrices
3332 1518 3509 1573 usque
3538 1504 3596 1557 in
3636 1520 3770 1574 pra:—

2178 1596 2388 1644 seutem
2428 1588 2571 1643 diem
2618 1589 3029 1648 lamentationes
3076 1607 3239 1662 super
3279 1591 3428 1649 Josia
3483 1595 3769 1665 replicant,

2178 1685 2233 1733 et
2248 1680 2409 1749 quasi
2429 1678 2515 1733 lex
2539 1680 2773 1735 obtinuit
2798 1682 2855 1736 in
2880 1681 3067 1738 Israel.
3101 1703 3121 1737 ι
3144 1684 3300 1741 Unde
3324 1687 3569 1757 primum
3601 1688 3767 1743 histo-

2180 1768 2316 1823 riam
2342 1769 2396 1823 in
2418 1770 2798 1841 explanatione
2821 1781 3130 1830 retexemus
3168 1793 3182 1828 :
3216 1776 3413 1833 deinde
3458 1778 3769 1849 allegoriam

485 1858 591 1931 nisi
624 1873 707 1936 ab
763 1870 943 1926 ethica
1000 1864 1354 1922 habuerimus
1400 1859 1686 1915 exordium
1712 1899 1727 1924 ,
1774 1856 2074 1913 secundum
2102 1860 2151 1921 B
2177 1872 2285 1937 pet;
2303 1872 2538 1928 congrua
2572 1859 2714 1928 loca,
2744 1862 2860 1918 sive
2910 1864 2975 1919 ad
2999 1864 3226 1932 Josiam,
3259 1867 3352 1937 qui
3381 1868 3771 1938 interpretatur

486 1963 636 2028 illud,
667 1960 811 2031 quod
858 1957 1125 2028 propheta
1152 1953 1266 2008 ait:
1298 1969 1319 2002 ι
1352 1952 1398 2005 Α
1421 1947 1695 2004 mandatis
1729 1946 1836 2002 tuis
1867 1946 2078 2002 intelle-

482 2054 539 2109 xi
572 2050 744 2122 (Psal.
775 2048 965 2119 cxvnr)
993 2064 1007 2100 :
1040 2065 1059 2099 ι
1087 2044 1233 2115 quod
1256 2041 1528 2104 videlicet,
1559 2047 1683 2111 post
1703 2052 1869 2109 opera
1905 2052 2082 2109 coepe-

483 2146 555 2200 rit
594 2145 794 2200 habere
837 2139 1123 2197 scientiam
1152 2143 1491 2193 secretorum
1518 2152 1531 2186 :
1561 2146 1751 2187 verum
1788 2130 1904 2199 jam
1930 2144 2081 2186 com-

450 2297 457 2305 ,
481 2238 734 2310 plendum
747 2244 833 2291 est
852 2234 995 2304 quod
1009 2230 1214 2303 petisti,
1230 2238 1289 2283 ut
1300 2235 1521 2284 sensum
1536 2223 1957 2292 uniuscujusque
1968 2222 2083 2279 ele-

481 2328 650 2384 menti
678 2321 1053 2395 interpretatio
1079 2320 1292 2375 adnexa
1313 2315 1601 2387 signiﬁcet.
1628 2312 1822 2381 Aleph,
1838 2311 2081 2366 doctrina

481 2422 874 2489 interpretatur
888 2432 903 2481 ;
916 2413 1069 2480 heth,
1092 2412 1281 2465 domus
1300 2426 1319 2474 ;
1334 2405 1531 2477 .gimel,
1558 2403 1827 2473 plenitudo
1840 2420 1859 2469 ;
1874 2401 2078 2469 daleth,

482 2508 813 2573 tabularum;
852 2507 941 2569 he,
966 2506 1101 2567 ista;
1132 2515 1238 2555 vau
1261 2506 1317 2555 et
1343 2497 1486 2563 zain,
1528 2498 1681 2559 haec;
1725 2494 1877 2559 heth,
1920 2493 2027 2548 vita
2056 2508 2077 2558 ;

483 2601 615 2666 teth,
656 2599 879 2662 bonum;
906 2594 1015 2660 iod,
1040 2591 1395 2665 principium;
1425 2589 1589 2659 caph,
1620 2602 1840 2650 manus;
1870 2582 2073 2650 lamed,

482 2690 774 2763 disciplina:
804 2690 919 2745 sive
960 2686 1174 2750 cordis;
1217 2698 1381 2748 mem,
1410 2696 1475 2735 ea:
1508 2678 1670 2749 ipsis;
1721 2693 1852 2741 nun,
1881 2675 2084 2746 sempi-e

484 2795 688 2839 ternum
706 2778 993 2847 ;'samech,
1017 2776 1379 2846 adjutorium;
1418 2773 1533 2837 ain,
1570 2770 1687 2840 fons
1718 2769 1832 2824 sive
1858 2767 2076 2834 oculus;

483 2874 607 2944 phe,
654 2888 733 2938 os,
764 2870 832 2925 ab
857 2883 977 2934 ore,
1015 2881 1125 2921 non
1161 2854 1235 2918 ab
1256 2878 1410 2927 osse;
1438 2861 1591 2925 sade,
1612 2860 1858 2930 justitia;
1892 2856 2058 2927 koph,

482 2962 715 3025 vacatio;
740 2974 830 3014 res
849 2956 1076 3028 capitis;
1114 2954 1220 3020 sin,
1251 2952 1517 3016 dentium;
1567 2959 1676 3014 tau,
1726 2950 1897 3020 signa.
1934 2948 2077 3003 Ecce

485 3050 747 3118 intellige,
787 3062 858 3102 ne
890 3046 1195 3101 litterarum
1217 3042 1570 3114 ambiguitate
1592 3039 1815 3095 fallaris.
1842 3038 1971 3093 Post
1994 3038 2077 3091 in-

488 3139 931 3211 terpretationem
971 3136 1390 3199 elementorum,
1424 3130 1798 3200 intelligentia
1825 3128 1961 3183 ordo
1988 3128 2071 3182 di-

2180 1949 2325 2003 salas
2341 1949 2575 2016 Domini,
2594 1951 2680 2007 vel
2699 1951 2965 2022 fortitudo
2976 1954 3188 2009 Domini
3223 1956 3339 2011 sive
3355 1958 3423 2013 ad
3437 1957 3467 2014 J
3475 1962 3663 2016 udazos
3673 1961 3771 2020 hoc

2178 2036 2511 2095 confidentes
2529 2038 2646 2112 (sic)
2668 2042 3034 2110 pertinentem
3060 2046 3386 2101 inseremus.
3401 2047 3773 2120 Opportunius

2177 2143 2307 2200 ergo
2340 2130 2511 2187 multo
2537 2148 2680 2187 nunc
2702 2149 2736 2188 a
2756 2134 2911 2190 nobis
2941 2150 3100 2205 quam
3142 2147 3270 2192 tunc
3306 2153 3336 2191 a
3369 2142 3645 2211 propheta
3680 2144 3772 2199 Dei

2177 2220 2526 2289 lamentatur,
2549 2221 2674 2278 licet
2700 2239 2807 2279 non
2831 2225 3222 2291 urbes-multae,
3246 2244 3353 2284 non
3379 2246 3518 2300 gens
3542 2233 3769 2304 integra,

2178 2311 2274 2366 sed
2300 2312 2479 2364 anima
2507 2313 2746 2367 hominis
2796 2313 3093 2369 Christiani
3123 2318 3310 2371 multis
3340 2320 3603 2389 gentibus
3630 2322 3775 2376 nobi-

2177 2400 2283 2455 lior
2308 2400 2599 2471 multisque
2650 2404 2850 2459 viribus
2891 2406 3200 2475 pretiosior.
3237 2406 3375 2462 Nam
3423 2410 3471 2463 si
3518 2426 3661 2465 unus
3686 2413 3773 2481 qui

2178 2490 2308 2547 facit
2332 2492 2669 2549 voluntatem
2691 2495 2787 2550 Dei
2816 2496 3011 2551 melior
3045 2502 3129 2552 est
3155 2515 3319 2568 quam
3350 2501 3650 2556 multitudo
3677 2504 3775 2556 ini-

2179 2599 2432 2654 quorum,
2456 2584 2650 2641 melior
2679 2596 2799 2641 erat
2840 2588 3021 2643 anima
3052 2591 3324 2659 quondam
3350 2592 3548 2657 fidelis,
3582 2594 3641 2647 in
3672 2608 3772 2662 qua

2178 2676 2321 2732 Deus
2358 2677 2648 2755 inhabitat,
2694 2695 2857 2749 quam
2889 2681 3264 2738 multitudines
3293 2683 3634 2750 Iudaeorum,
3687 2689 3773 2756 qui

2178 2770 2375 2842 ingrati
2435 2772 2713 2828 beneﬁciis
2782 2773 2879 2829 Dei
2933 2791 3148 2846 semper
3190 2779 3467 2832 contraria
3519 2781 3771 2851 agebant.

2180 2858 2335 2915 Unde
2356 2860 2632 2931 legislator
2652 2876 2840 2917 eorum
2868 2862 3150 2932 perfidiam
3185 2866 3569 2935 exprobrando
3600 2868 3772 2922 taliter

2179 2952 2247 3007 ad
2293 2966 2388 3007 eos
2434 2951 2695 3022 loquitur,
2740 2954 2974 3009 dicens:
3014 2974 3032 3005 ‹
3078 2956 3193 3026 Ego
3214 2958 3361 3012 enim
3403 2959 3519 3013 scio
3555 2969 3775 3015 conten-

2177 3044 2379 3097 tionem
2421 3052 2589 3106 tuam,
2636 3052 2690 3097 et
2718 3045 2987 3099 cervicem
3012 3053 3161 3099 tuam
3204 3046 3582 3113 durissimam,
3631 3063 3771 3104 sem-

2177 3146 2275 3202 per
2338 3134 2678 3190 contentiose
2733 3132 2922 3205 egistis
2983 3142 3177 3189 contra
3237 3136 3527 3192 Dominum
3590 3138 3771 3209 (Deut.

486 3206 689 3287 cendus
741 3236 845 3285 est.
876 3226 1071 3297 Aleph,
1107 3224 1254 3291 beth,
1296 3222 1478 3295 girnel,
1508 3220 1712 3286 daleth,
1745 3220 1921 3290 prima
1949 3233 2079 3273 cou-
2102 3206 2150 3271 C
2182 3221 2356 3294 xxxi).
2396 3241 2415 3273 ι
2450 3222 2519 3276 Et
2569 3222 2878 3293 Stephanus
2908 3242 2920 3277 :
2955 3244 2971 3275 ‹
3026 3218 3194 3291 Dura,
3242 3226 3437 3296 inquit,
3468 3206 3687 3283 cervice
3720 3240 3773 3285 et

488 3324 647 3379 nexio
670 3330 774 3387 est,
805 3320 1048 3374 doctrina
1068 3319 1275 3383 domus,
1297 3314 1584 3387 plenitudo,
1609 3311 1935 3378 tabularum,
1951 3312 2080 3380 quia

487 3413 739 3470 videlicet
777 3410 1024 3467 doctrina
1065 3408 1326 3473 ecclesiae,
1366 3421 1487 3477 quae
1521 3406 1713 3461 domus
1752 3402 1848 3458 Dei
1894 3410 2000 3467 est,
2024 3402 2081 3457 in

491 3508 753 3563 librorum
775 3503 1078 3573 reperiatur
1113 3499 1446 3571 plenitudine
1473 3497 1798 3553 divinorum.
1831 3495 2079 3550 Secunda

489 3594 757 3651 connexio
777 3601 878 3657 est,
910 3592 999 3656 he,
1016 3605 1139 3653 vau,
1175 3590 1315 3664 zain,
1344 3588 1475 3643 heth
1504 3605 1517 3641 :
1550 3586 1677 3652 ista,
1699 3595 1769 3652 et,
1792 3594 1926 3650 haec,
1950 3586 2075 3639 vita.

490 3687 622 3753 Qua:
648 3684 793 3740 enim
821 3681 923 3737 alia
945 3688 1126 3752 potest
1149 3694 1269 3735 esse
1284 3680 1417 3745 vita,
1439 3678 1555 3733 sine
1575 3675 1802 3732 scientia
1830 3675 2078 3745 Scriptu-

492 3792 697 3839 rarum,
757 3789 853 3845 per
899 3786 1033 3842 quas
1076 3771 1241 3825 etiam
1284 3770 1402 3839 ipse
1444 3767 1693 3823 Christus
1745 3766 2075 3837 agnoscitur,

490 3868 585 3938 qui
609 3865 820 3922 estvita
842 3860 1213 3919 credentium?
1239 3858 1421 3914 Tertia
1447 3857 1713 3913 connexio
1745 3854 1910 3910 habet
1936 3856 2075 3920 thet,

493 3958 617 4013 iod:
651 3955 860 4020 bonum,
887 3952 1223 4023 principium,
1247 3951 1376 4020 quia
1400 3948 1647 4017 quamvis
1670 3962 1815 4002 nunc
1842 3947 2078 4001 sciamus

493 4048 767 4113 universa,
805 4058 924 4115 quae
952 4043 1154 4112 scripta
1195 4048 1340 4107 sunt,
1368 4048 1549 4096 tamen
1569 4056 1637 4095 ex
1664 4048 1817 4111 parte
1838 4038 2079 4110 agnosci-

494 4154 635 4204 mus,
676 4145 732 4192 ct
776 4150 844 4189 ex
894 4143 1047 4205 parte
1082 4132 1487 4203 prophetamus,
1521 4141 1577 4187 et
1596 4147 1738 4187 nunc
1764 4146 1861 4202 per
1886 4146 2079 4203 specu-

492 4231 603 4286 lum
648 4229 895 4286 videmus
935 4227 991 4281 in
1018 4227 1305 4295 :enigntate
1343 4222 1393 4295 (Ι
1427 4223 1550 4279 Cor.
1587 4224 1671 4297 ιιι)
1704 4228 1719 4277 τ
1752 4240 1875 4278 cum
1895 4234 2079 4280 autem

494 4321 856 4378 meruerimus
882 4331 1001 4373 esse
1026 4331 1151 4372 cum
1173 4315 1390 4372 Christo
1412 4324 1473 4370 et
1500 4315 1705 4371 similes
1730 4315 1937 4386 angelis
1964 4314 2079 4370 fue-

498 4417 692 4480 rimus,
722 4423 849 4468 tunc
879 4413 1137 4467 librorum
1165 4410 1412 4465 doctrina
1435 4406 1689 4464 cessabit.
1723 4406 1928 4472 Quarta
1946 4420 2079 4461 con-

496 4506 656 4561 nexio
670 4515 754 4560 est
778 4504 936 4574 caph,
961 4502 1159 4565 lamed,
1182 4516 1392 4565 manus,
1414 4500 1609 4564 cordis,
1634 4498 1747 4551 sive
1767 4496 2076 4567 disciplinae.

498 4595 684 4649 Manus
717 4593 1087 4663 intelliguntur
1116 4592 1171 4644 in
1207 4605 1391 4660 opere,
1424 4604 1519 4644 cor
1570 4596 1626 4642 et
1659 4587 1942 4657 disciplina
2000 4587 2082 4641 in-

498 4691 862 4753 terpretantur
908 4683 961 4736 in
997 4696 1177 4745 sensu,
1210 4682 1334 4750 quia
1372 4678 1506 4733 nihil
1542 4677 1719 4732 facere
1768 4691 2079 4746 possumus,

501 4777 602 4830 nisi
634 4789 755 4844 quae
771 4772 924 4844 prius
953 4770 1199 4827 facienda
1230 4772 1339 4823 sint
1377 4768 1682 4825 scierimus.
1716 4767 1915 4835 Quinta
1950 4782 2083 4822 con-

499 4868 657 4923 nexio
686 4873 771 4921 est
814 4879 976 4929 mem,
1025 4878 1160 4928 nun,
1212 4862 1464 4927 samech;
1515 4876 1580 4914 ea:
1634 4861 1781 4930 ipsis,
1814 4862 2083 4931 sernpiter-

500 4977 642 5025 num,
668 4958 1015 5028 adjutorium.
1042 4955 1155 5012 Hoc
1180 4954 1561 5025 explanatione
1592 4967 1700 5008 non
1727 4953 1951 5022 indiget,
1985 4952 2080 5007 sed

501 5050 647 5107 omni
678 5050 802 5102 luce
829 5044 1167 5101 manifestius
1195 5054 1300 5110 est,
1340 5044 1641 5115 Scripturis
1667 5051 1871 5098 aeterna
1904 5043 2082 5099 subsi-

503 5140 589 5194 dia
620 5136 933 5191 ministrari.
978 5133 1143 5189 Sexta
1190 5134 1455 5189 connexio
1486 5133 1649 5187 habet
1681 5132 1789 5196 ain,
1835 5132 1961 5201 phe,
1993 5147 2084 5187 za-

503 5230 607 5293 dic,
632 5228 773 5297 fons,
802 5227 917 5282 sive
946 5225 1151 5291 oculus,
1180 5226 1311 5289 oris,
1332 5224 1581 5293 justitiaz,
1614 5223 1912 5277 secundum
1948 5222 2080 5278 illud

503 5320 645 5391 quod
672 5321 727 5373 in
752 5318 912 5373 tertio
928 5329 1152 5370 numero
1173 5314 1539 5383 exposuimus.
1556 5311 1794 5382 Septima
1817 5314 2082 5367 connexio

506 5420 715 5479 estquae
734 5417 789 5463 et
807 5417 1071 5471 extrema,
1096 5404 1241 5475 quod
1255 5411 1310 5458 et
1329 5405 1383 5457 in
1403 5405 1517 5471 ipso
1536 5417 1750 5472 quoque
1773 5403 2082 5472 septenario

506 5514 733 5556 numero
785 5499 859 5553 sit
912 5497 1169 5567 mysticus
1227 5494 1548 5557 intellectus,
1588 5492 1754 5564 kaph,
1806 5509 1916 5559 res,
1975 5494 2077 5559 sin,

510 5596 661 5659 thau,
709 5593 929 5657 vacatio,
978 5590 1180 5658 capitis,
1224 5588 1481 5663 dentium,
1508 5586 1706 5657 signa:
1742 5600 1839 5655 per
1890 5583 2082 5642 dentes

509 5684 791 5743 articulata
827 5697 932 5738 vox
973 5681 1260 5753 promitur,
1301 5688 1357 5736 et
1388 5680 1472 5736 his
1499 5677 1666 5749 signis
1696 5679 1761 5732 ad
1786 5686 1947 5747 caput
1967 5693 2082 5734 om-

512 5781 681 5846 nium,
711 5778 804 5848 qui
832 5783 934 5832 est'
956 5772 1227 5835 Christus,
1265 5770 1392 5836 itur,
1422 5784 1518 5840 per
1547 5784 1710 5840 quem
1750 5771 1968 5826 venitur
2015 5771 2083 5827 ad

2184 3312 2580 3369 incircumcisis
2641 3314 2895 3369 cordibus
2947 3323 3000 3369 et
3059 3316 3280 3372 auribus
3308 3358 3323 3383 ,
3397 3333 3495 3373 vos
3564 3333 3772 3389 semper

2184 3403 2409 3474 Spiritui
2478 3412 2669 3460 sancto
2727 3404 3007 3461 restitistis
3067 3406 3210 3460 sicut
3263 3416 3319 3461 et
3366 3416 3555 3476 patres
3609 3408 3771 3463 vestri

2183 3495 2321 3567 (Act.
2365 3495 2485 3568 vn).
2526 3515 2546 3548 ι
2602 3495 2805 3566 Siquis
2834 3497 3091 3567 templum
3138 3497 3388 3568 corporis
3415 3498 3654 3554 hominis
3678 3499 3771 3554 Dei

2182 3585 2577 3657 contemplatus
2605 3595 2712 3653 est,
2762 3601 2887 3641 cum
2912 3587 3185 3642 caStitatis
3223 3586 3516 3656 splendore
3540 3588 3771 3659 refulge-

2180 3687 2266 3733 ret
2312 3692 2535 3748 parvam
2573 3676 2815 3749 profecto
2843 3687 2900 3733 et
2919 3676 3076 3733 valde
3104 3677 3426 3734 inferiorem
3456 3666 3607 3733 illam
3650 3695 3772 3749 pro-

2180 3769 2419 3839 phetiam
2449 3770 2890 3824 lamentationem
2934 3769 3166 3838 putabit,
3215 3769 3271 3824 in
3316 3786 3423 3839 qua
3472 3772 3770 3827 barbaricae

2180 3876 2375 3916 manus
2435 3870 2619 3916 sancta
2675 3870 2986 3917 sanctorum
3048 3861 3305 3930 polluisse
3358 3861 3648 3937 deﬂentur,
3710 3872 3769 3919 et

2181 3966 2366 4007 sacras
2384 3950 2527 4005 aedes
2558 3950 2736 4020 ignem
2759 3950 3048 4021 populasse
3076 3950 3349 4006 hostilem.
3383 3950 3482 4006 Ubi
3511 3954 3767 4007 contami-

2181 4052 2312 4098 nata
2357 4040 2655 4107 Cherubin,
2707 4048 2763 4095 et
2807 4057 2933 4096 arca
2966 4056 3030 4096 ac
3058 4042 3523 4111 propitiatorium,
3578 4044 3767 4097 tabulae

2180 4133 2300 4188 duae
2326 4130 2570 4200 lapidem,
2583 4138 2646 4197 et
2661 4145 2797 4184 urna
2823 4145 2987 4185 aurea
3007 4131 3390 4187 lamentantur.
3416 4131 3547 4189 Haec
3574 4135 3769 4191 lamen-

2181 4224 2335 4289 tatio,
2358 4238 2520 4293 quam
2541 4236 2639 4276 nos
2664 4221 2943 4287 deﬂemus,
2969 4229 3120 4276 tanto
3144 4222 3235 4277 illa
3252 4223 3439 4278 durior
3461 4233 3519 4279 et
3532 4230 3766 4282 amarior

2181 4329 2299 4371 esse
2325 4313 2603 4383 probatur,
2635 4321 2839 4383 quanto
2880 4312 3062 4368 verius
3101 4320 3296 4368 cuncta
3328 4314 3445 4370 haec
3472 4326 3531 4371 et
3559 4320 3766 4374 eviden-

2183 4404 2290 4459 tius
2312 4402 2369 4459 in
2388 4402 2533 4458 ﬁdeli
2572 4402 2774 4468 anima,
2805 4416 2967 4472 quam
2990 4403 3135 4458 intra
3180 4403 3322 4472 illius
3357 4406 3546 4476 templi
3588 4410 3761 4479 parie-

2186 4503 2267 4550 tes
2299 4500 2474 4549 erant.
2500 4492 2615 4548 Hoc
2644 4494 2888 4549 sanctius
2930 4494 3099 4549 multo
3127 4493 3251 4559 fuit,
3299 4497 3446 4565 quod
3473 4497 3530 4552 in
3568 4509 3764 4556 ederat

2188 4584 2465 4654 templum.
2497 4583 2614 4639 Non
2644 4583 2789 4637 enim
2813 4585 2932 4639 auri
2945 4593 3000 4640 et
3026 4585 3239 4655 argenti
3268 4586 3516 4652 metallo,
3549 4590 3645 4643 sed
3663 4590 3762 4643 vir-

2183 4676 2389 4731 tutibus
2443 4675 2632 4740 animi,
2682 4683 2737 4730 et
2790 4676 2945 4731 donis
2980 4675 3214 4746 Spiritus
3265 4678 3443 4733 sancti
3496 4680 3757 4734 radiabat.

2184 4766 2426 4821 Habebat
2450 4767 2594 4820 enim
2609 4781 2794 4821 arcam
2820 4767 2962 4822 intra
2981 4781 3040 4821 se
3065 4777 3119 4823 et
3143 4769 3248 4823 duo
3268 4768 3572 4836 Cherubin,
3592 4772 3646 4825 id
3665 4780 3757 4835 est,

2182 4856 2345 4911 ﬁdem
2363 4856 2561 4922 Patris,
2611 4864 2666 4911 et
2698 4855 2841 4923 Filii,
2894 4866 2947 4912 et
2971 4857 3205 4928 Spiritus
3224 4859 3399 4914 sancti
3438 4860 3623 4914 sitam.
3660 4860 3758 4917 Sed

2183 4963 2328 5003 nunc
2348 4947 2485 5002 nihil
2510 4962 2698 5002 eorum
2718 4956 2963 5019 apparet,
3011 4948 3188 5004 ablata
3219 4960 3346 5005 sunt
3369 4952 3487 5008 haec
3538 4965 3757 5025 cuncta;

2186 5039 2387 5092 nudata
2431 5047 2517 5093 est
2558 5038 2747 5094 domus
2796 5038 2894 5094 Dei
2944 5040 3192 5095 omnibus
3239 5046 3579 5100 ornamentis
3629 5047 3757 5114 suis,

2186 5128 2508 5199 cunctisque
2534 5144 2654 5198 quae
2692 5129 2956 5187 Divinitas
2981 5138 3274 5185 consecuta
3300 5131 3495 5199 fuerat,
3542 5137 3759 5205 Spoliata

2186 5218 2499 5273 muneribus
2518 5219 2778 5274 remansit
2806 5218 3061 5274 deformis
3083 5234 3146 5274 ac
3169 5222 3343 5289 turpis
3374 5238 3387 5276 :
3420 5223 3586 5291 periit
3607 5225 3673 5279 ab
3698 5239 3760 5279 ea

2187 5321 2345 5363 omne
2371 5308 2648 5363 munimen
2672 5307 2957 5377 omnisque
2978 5309 3246 5365 custodia.
3284 5307 3406 5365 1am
3433 5326 3544 5367 non
3568 5312 3759 5367 claudi-

2188 5409 2275 5454 tur
2295 5402 2492 5455 ostium
2525 5401 2581 5455 in
2610 5414 2694 5466 ea,
2745 5413 2853 5453 non
2879 5411 3123 5455 servatur
3160 5402 3463 5473 ingressus,
3486 5404 3581 5459 sed
3618 5410 3759 5474 patet

2188 5494 2437 5548 omnibus
2462 5492 2617 5547 malis
2645 5490 2926 5559 spiritibus
2956 5491 3026 5545 ad
3048 5494 3414 5563 corruptelam
3440 5494 3635 5549 animae
3683 5494 3759 5548 [es

2188 5582 2530 5650 stinautibus.
2554 5579 2709 5635 Nulla
2730 5579 2855 5635 inde
2883 5581 3054 5652 turpis
3080 5582 3354 5651 cogitatio,
3381 5582 3529 5637 nulla
3558 5584 3759 5655 cupidi-

2192 5681 2274 5729 tas
2299 5674 2440 5729 foeda
2472 5672 2761 5743 repellitur,
2812 5672 2906 5727 sed
2932 5673 2979 5727 si
3019 5674 3229 5729 venerit
3253 5673 3625 5731 fornicationis
3653 5677 3755 5745 spi-

2188 5769 2323 5824 ritus
2347 5766 2661 5837 ingreditur,
2685 5766 2729 5823 si
2748 5764 3046 5833 jactantiae,
3074 5766 3121 5823 si
3140 5768 3404 5835 avaritiae,
3427 5777 3483 5826 et
3506 5770 3553 5826 si
3568 5771 3753 5825 bonum
