3952 6360
209 356 356 413 1185
1080 357 1445 415 EXPOSITIO
1485 357 1714 417 SUPER
1749 356 2117 413 JEREMIAM.
2153 385 2225 396 -—
2262 356 2391 411 LIB.
2428 356 2613 413 XVIII.
3350 361 3486 419 I186

210 468 510 539 nequiores
553 475 609 522 et
645 466 969 538 impuriores
1002 471 1281 537 venerint,
1322 486 1481 527 nemo
1518 471 1801 545 prohibet,
1831 470 2105 540 Aquibus
2146 471 2340 527 satiata
2391 480 2474 526 est
2526 472 2706 527 anima
2746 482 2858 538 tua,
2908 480 2964 528 et
3012 477 3349 547 congregabo
3393 494 3489 538 eos

209 576 377 617 nemo
400 562 650 633 propellit
682 582 693 617 :
719 564 898 622 nullus
925 566 1070 622 enim
1108 576 1312 633 custos,
1334 567 1515 623 nullus
1548 566 1811 624 remansit
1909 561 2196 617 adversum
2223 569 2276 616 te
2301 561 2355 615 in
2387 561 2642 629 circuitu,
2672 572 2727 617 et
2750 572 2912 634 agent
2960 572 3138 619 tecum
3173 565 3226 620 in
3252 567 3398 635 odio,
3435 578 3490 625 et

209 653 466 710 aedituus.
526 653 663 710 Nam
708 657 860 728 prius
907 658 1049 715 sicut
1109 660 1177 715 ad
1210 660 1333 716 οωιι
1384 668 1591 716 secreta
1630 658 1809 714 nullus
1908 653 2096 709 tollent
2129 670 2318 715 omnes
2349 654 2563 709 labores
2591 665 2733 722 tuos,
2772 666 2825 712 et
2882 656 3158 713 dimittent
3190 668 3239 714 te
3267 661 3488 729 nudam,

208 744 584 827 hujuscemodi
616 748 770 805 malis
804 750 1112 821 indulgetur
1140 758 1416 815 accessus,
1458 750 1532 805 ita
1576 766 1679 806 nec
1714 765 1810 819 pu-
1838 780 1839 783 η
1906 757 1962 800 et
2014 745 2308 818 ignominia
2328 746 2545 816 plenam
2569 745 2785 818 (Ezech.
2841 747 3021 821 xxm).
3054 768 3072 802 ι
3101 749 3262 804 Juxta
3293 750 3493 820 allego-

208 838 487 894 rissimam
538 849 774 896 mentem
828 836 1203 912 hujuscemodi
1248 850 1538 913 penetrem
1592 847 1806 912 poterat

204 928 319 983 ulla
360 930 618 1002 cogitatio
681 931 788 986 Sed
818 930 931 1002 jam
952 946 1096 988 nunc
1122 934 1393 1004 quomodo
1419 942 1599 990 textus
1638 932 1806 1002 ipsius

207 1019 440 1092 incipiat
459 1022 761 1079 videamus.

735 1114 964 1173 CAPUT
997 1115 1291 1175 PRIMUM.

284 1206 468 1278 Aleph.
500 1226 519 1259 α
547 1206 828 1276 Quomodo
852 1209 1004 1265 sedet
1034 1209 1148 1265 sola
1174 1210 1366 1267 civitas
1385 1211 1541 1282 plena
1567 1210 1803 1282 populo?

210 1316 231 1349 ο
274 1297 441 1353 Facta
463 1308 546 1354 est
584 1300 738 1369 quasi
789 1300 950 1353 vidua
984 1299 1204 1354 domina
1250 1302 1508 1371 gentium.
1541 1302 1800 1373 Princeps

209 1409 230 1441 ι
274 1391 682 1460 provinciarum
724 1390 865 1446 facta
914 1399 998 1447 est
1045 1391 1145 1445 sub
1192 1392 1417 1448 tributo.
1473 1412 1492 1445 ι
1546 1392 1801 1463 Deplorat

201 1484 471 1554 propheta
510 1484 722 1538 ruinam
770 1486 1015 1555 perversi
1042 1483 1247 1557 populi,
1290 1493 1345 1540 et
1391 1485 1797 1541 subversionem

200 1574 426 1644 perﬁda:
444 1575 700 1641 civitatis,
726 1591 842 1646 quae
878 1592 1091 1648 semper
1128 1578 1403 1634 contraria
1431 1561 1667 1633 Domino
1699 1592 1797 1633 suo

201 1666 496 1731 sentiebat,
553 1675 609 1721 et
640 1667 923 1737 praeceptis
971 1666 1086 1737 ejus
1135 1669 1547 1733 adversabatur,
1583 1670 1797 1739 ingrata

200 1754 592 1812 beneﬁciorum
656 1756 773 1823 Dei,
837 1759 1131 1829 prophetas
1179 1759 1296 1827 ejus
1343 1760 1794 1829 persequebatur,

1906 841 2042 895 riam
2086 854 2219 896 vero
2254 840 2476 910 decepta
2533 840 2712 895 anima
2742 841 3003 899 diabolica
3051 846 3395 917 suggestione
3432 844 3487 899 in

1904 938 2120 985 noctem
2161 930 2343 986 veniet
2382 929 2580 985 futurae
2605 931 2943 1000 perditionis,
2973 934 3061 989 ubi
3106 922 3490 1005 gemitumﬁda-

1903 1019 1987 1076 bit
2008 1029 2327 1092 perpetuum
2362 1021 2479 1077 sine
2509 1021 2615 1077 ulla
2647 1021 3038 1078 consolatione.
3070 1023 3176 1095 Ipsi
3206 1026 3351 1080 enim
3377 1022 3487 1095 spi-

1904 1110 2043 1166 ritus
2072 1112 2312 1183 maligni,
2351 1112 2444 1182 qui
2489 1127 2611 1168 eam
2642 1120 2767 1168 ante
2800 1129 2899 1183 per
2926 1113 3208 1170 illecebras
3237 1116 3481 1186 volupta-

1902 1204 2105 1259 tumin
2149 1207 2361 1262 diversa
2418 1200 2727 1271 trahebant,
2767 1206 2986 1260 tandem
3040 1206 3094 1260 in
3126 1206 3366 1262 tenebris
3394 1222 3489 1262 ex-

1903 1294 2195 1353 terioribus
2223 1297 2595 1361 constitutam,
2624 1297 2899 1368 perpetuis
2942 1297 3276 1353 cruciatibus
3294 1298 3489 1368 punire

1901 1401 2012 1442 non
2056 1396 2293 1444 cessant.
2343 1386 2415 1442 Ut
2456 1401 2585 1456 ergo
2629 1387 3033 1450 huncdolorem
3071 1388 3367 1443 maximum
3391 1389 3487 1445 de-

1900 1480 2056 1547 vitet,
2091 1487 2421 1545 necesseest
2441 1476 2582 1548 quod
2614 1477 2667 1531 in
2699 1478 2953 1547 praesenti
2976 1478 3264 1533 salubriter
3282 1479 3483 1545 doleat,

1900 1578 2166 1641 quatenus
2202 1570 2465 1624 immensa
2502 1568 2719 1623 bonitas
2762 1568 2859 1623 Dei
2901 1583 3001 1638 pro
3031 1567 3157 1623 ﬂetu
3205 1570 3489 1638 praesentis

1899 1662 2181 1731 temporis,
2210 1659 2635 1716 consolationem
2657 1658 2731 1714 illi
2780 1660 3019 1729 praebeat
3058 1661 3486 1730 sempiternam:

1906 1770 1925 1803 ι
1967 1751 2115 1805 Beati
2138 1751 2231 1821 qui
2274 1750 2462 1817 lugent
2487 1765 2652 1815 nunc,
2693 1748 2947 1819 quoniam
2976 1749 3076 1819 ipsi
3133 1748 3489 1805 consolabun-

201 1845 490 1918 ipsumquc
529 1847 797 1904 heredem
833 1850 1126 1904 novissime
1175 1850 1500 1905 tmcidabat,
1545 1851 1701 1907 Unde
1744 1851 1799 1906 in
1827 1833 1876 1893 B
1904 1849 1993 1895 tur
2043 1840 2256 1913 (Matth.
2280 1841 2359 1912 ν).
2398 1860 2417 1893 ι
2446 1839 2631 1895 Potest
2666 1849 2721 1894 ει
2745 1840 2896 1895 locus
2936 1840 3039 1895 iste
3064 1842 3391 1911 generaliter
3419 1841 3487 1897 ad

201 1950 401 1990 manus
430 1935 665 1990 hostium
720 1935 938 2001 tradita,
998 1938 1282 1994 devastata
1311 1948 1413 2003 est,
1464 1939 1541 1995 ita
1575 1950 1638 1995 ut
1680 1956 1801 2011 qua:

198 2026 356 2095 prius
380 2024 608 2082 diversis
629 2028 880 2099 gentibus
898 2037 954 2085 et
979 2029 1272 2100 provinciis
1298 2030 1622 2100 imperabat,
1653 2041 1799 2100 post-

201 2117 424 2171 modum
454 2117 587 2171 dura
603 2117 862 2174 servitute
892 2128 1249 2190 premeretur.
1287 2120 1440 2187 Quod
1470 2131 1650 2178 tamen
1673 2131 1800 2179 ante

200 2208 496 2262 adventum
524 2210 735 2265 Domini
756 2214 857 2267 sub
898 2211 1187 2268 Chaldaica
1217 2214 1533 2284 captivitate
1556 2230 1622 2270 ex
1644 2224 1798 2285 parte

197 2298 495 2369 gerebatur
526 2316 539 2352 :
569 2316 713 2355 nunc
751 2311 929 2355 autem
953 2312 1076 2371 post
1110 2303 1536 2359 incarnationem
1557 2303 1799 2359 Domini-

191 2404 363 2458 cam,
398 2389 726 2458 passionem,
789 2392 1264 2458 resurrectionem,
1319 2402 1375 2447 et
1420 2395 1797 2450 ascensionem

208 2476 418 2532 Christi
462 2480 528 2533 ad
568 2480 735 2535 coelos
764 2480 976 2551 plenius
1005 2481 1206 2537 factum
1239 2492 1343 2549 est,
1401 2498 1521 2539 cum
1558 2499 1655 2555 per
1697 2484 1797 2540 Ve-

211 2568 527 2637 spasianum
559 2578 615 2624 et
660 2569 837 2625 Titum
876 2571 1150 2628 Romanos
1176 2573 1451 2645 principes
1488 2576 1543 2629 in
1594 2575 1795 2632 ultione

195 2656 467 2713 Dominici
499 2661 777 2728 sanguinis
813 2663 947 2717 urbe
988 2679 1267 2731 succensa,
1299 2673 1411 2719 tota
1441 2681 1572 2735 gens
1634 2667 1793 2722 Simul

194 2749 401 2819 partim
464 2752 663 2819 occisa,
716 2755 915 2823 partim
970 2755 1025 2809 in
1068 2756 1441 2825 captivitatem
1474 2760 1634 2813 ducta
1686 2767 1788 2825 est,

189 2834 353 2907 juxta
402 2839 531 2896 illud
561 2883 577 2907 ,
605 2843 747 2912 quod
772 2844 824 2897 in
856 2844 1094 2900 Danielis
1123 2845 1332 2902 visione
1364 2847 1628 2917 scriptum
1658 2858 1744 2904 est
1773 2863 1789 2903 :

194 2928 293 2983 ubi
348 2930 567 3001 angelus
623 2932 692 2987 ad
745 2935 1065 3004 prophetam
1100 2936 1191 2991 'ita
1245 2937 1503 3008 loquitur,
1560 2939 1785 2996 dicens':

202 3043 224 3079 ι
266 3025 397 3082 Post
438 3028 803 3085 hebdomadas
840 3032 1139 3102 sexaginta,
1190 3033 1325 3089 duas
1372 3032 1649 3107 [quatuor]
1698 3051 1791 3091 oc-

193 3115 409 3171 cidetur
454 3115 722 3184 Christus,
746 3128 803 3174 et
836 3134 943 3174 non
972 3120 1079 3174 erit
1106 3119 1223 3188 ejus
1250 3122 1499 3191 populus,
1541 3123 1632 3193 qui
1663 3138 1787 3179 eum

1901 1930 2204 1987 Ecclesiam
2229 1931 2426 2001 aptari,
2464 1945 2584 2000 quae
2629 1930 2683 1984 in
2714 1938 2872 1985 nocte
2921 1920 3205 2000 praesentis
3230 1932 3353 1986 vitae
3392 1931 3490 1986 tri-

1898 2021 2233 2077 bulationem
2261 2022 2496 2077 sustinet
2516 2021 2977 2091 persecutionum,
3022 2031 3076 2077 et
3098 2022 3359 2094 gemitum
3388 2023 3481 2079 dat

1900 2110 2019 2166 sine
2062 2111 2433 2167 consolatione
2480 2112 2771 2178 mundana,
2809 2111 2963 2181 juxta
2986 2112 3141 2178 illud,
3186 2113 3331 2184 quod
3369 2114 3487 2185 ipsa

1899 2202 2117 2269 Veritas
2142 2204 2210 2258 ad
2240 2203 2532 2273 discipulos
2566 2204 2642 2258 ait
2670 2221 2684 2257 :
2720 2223 2738 2255 ι
2765 2205 2938 2258 Amen
2977 2220 3135 2259 amen
3162 2206 3283 2261 dico
3304 2206 3481 2273 vobis,

1898 2288 2347 2363 quiaplorabitis
2394 2304 2449 2349 et
2476 2293 2675 2349 ﬂebitis
2700 2309 2795 2350 vos
2826 2296 3102 2353 :mnndus
3134 2304 3313 2351 autem
3357 2312 3489 2367 gau-

1896 2384 2386 2452 debit,vos.autem
2410 2385 2865 2441 eontristabimini
2888 2386 3069 2457 (Joan.
3092 2386 3190 2457 vi).
3229 2406 3247 2438 ι
3281 2386 3409 2442 Haec
3428 2387 3483 2443 in

1895 2480 2157 2549 pmsenti
2191 2479 2301 2533 vita
2338 2477 2757 2535 consolationem
2789 2493 2895 2534 non
2932 2480 3154 2549 appetit,
3184 2480 3278 2534 sed
3302 2478 3483 2534 futura

1897 2570 2089 2642 gaudia
2112 2569 2353 2641 inquirit.
2380 2568 2629 2637 Quandiu
2668 2580 2750 2626 est
2777 2571 2921 2625 enim
2968 2570 3023 2624 in
3046 2585 3294 2640 corpore,
3317 2586 3474 2641 pere.

1897 2661 2103 2733 grinari
2124 2676 2184 2717 se
2208 2676 2238 2716 a
2262 2676 2356 2716 sua
2383 2660 2561 2732 patria
2595 2669 2650 2716 et
2698 2674 2865 2730 regno
2911 2660 3213 2729 cognoscit,
3244 2674 3365 2731 quae
3405 2667 3478 2715 ta-

1895 2768 2021 2809 men
2082 2768 2180 2824 per
2232 2752 2447 2809 labores
2500 2763 2557 2807 et
2601 2751 2900 2807 certamina
2950 2751 3018 2806 ad
3072 2767 3327 2807 coronam
3378 2751 3481 2807 sibi

1891 2845 2317 2916 perveniendum
2359 2860 2479 2901 esse
2507 2859 2613 2900 non
2660 2844 2890 2911 dubitat,
2941 2860 3067 2900 cum
3098 2844 3319 2900 tristitia
3356 2860 3479 2900 ver-

1892 2944 2037 2992 tetur
2087 2936 2143 2991 in
2174 2936 2447 3007 gaudium,
2496 2951 2619 2990 eum
2646 2935 2800 2991 finito
2841 2951 3015 3007 agone
3040 2936 3200 3006 hujus
3228 2936 3479 2993 bravium

1892 3032 2017 3086 vitae
2052 3030 2309 3101 perennis
2359 3030 2609 3101 accipiet,
2645 3030 2710 3085 de
2740 3045 2848 3101 quo
2873 3031 3072 3087 dicitur
3126 3031 3181 3087 in
3216 3033 3425 3104 psalmo
3462 3051 3476 3088 :

1900 3141 1919 3173 ι
1965 3122 2068 3189 Qui
2097 3121 2366 3177 seminant
2387 3121 2443 3175 in
2464 3120 2739 3190 lacrymis,
2776 3120 2830 3175 in
2852 3121 3047 3190 gaudio
3068 3129 3270 3175 metent
3298 3118 3474 3192 (Psal.

192 3216 494 3279 negaturus
536 3218 638 3273 est,
671 3218 726 3265 et
773 3210 1046 3266 civitatem
1068 3220 1123 3267 et
1149 3188 1518 3268 sanctuarium
1556 3188 1787 3297 dissipa-
1815 3188 1861 3251 δ
1891 3216 2075 3286 cxxv),
2114 3234 2133 3267 ι
2160 3212 2379 3269 maxilla
2431 3188 2628 3282 quippe
2685 3188 2875 3266 sancti-
2900 3211 3284 3281 praedicatores
3309 3188 3466 3273 sunt,

192 3296 276 3352 bit
312 3298 540 3369 populus
561 3315 684 3355 cum
718 3302 854 3356 duce
882 3311 1133 3367 venturo,
1158 3312 1215 3358 et
1242 3303 1367 3359 linis
1396 3305 1515 3374 ejus
1536 3296 1782 3373 vastitas,

190 3398 391 3460 etpost
416 3390 577 3447 linem
607 3392 731 3447 belli
779 3401 983 3449 statuta
1027 3394 1291 3452 desolatio
1322 3396 1487 3467 (Dan.
1529 3397 1627 3470 ιι).
1666 3417 1685 3450 ι
1717 3398 1786 3453 Ει

187 3480 355 3551 paulo
383 3490 506 3551 post
537 3499 551 3536 ε
586 3501 603 3534 ι
648 3482 831 3555 Usque
873 3485 942 3541 ad
987 3488 1532 3554 consummationem,
1564 3489 1781 3560 inquit,

188 3578 250 3625 et
293 3570 456 3636 finem
508 3575 877 3642 perseverabit
936 3574 1220 3632 desolatio.
1265 3597 1284 3629 ι
1332 3577 1555 3648 Mystice
1602 3586 1783 3632 autem

186 3662 465 3734 plangitur
494 3664 675 3717 anima
699 3664 875 3719 ﬁdelis
895 3666 1146 3732 hominis,
1171 3683 1290 3736 quae
1312 3667 1466 3737 plena
1510 3667 1782 3736 quondam

189 3753 297 3808 fuit
336 3754 725 3809 numerositate
778 3758 1063 3823 virtutum,
1110 3766 1167 3813 et
1215 3758 1517 3828 imperabat
1553 3758 1785 3813 diversis

190 3844 497 3912 aﬂ'ectibus,
536 3846 819 3901 dominans
868 3849 1323 3918 concupiscentiis
1375 3849 1558 3904 carnis
1594 3866 1605 3901 :
1635 3854 1784 3917 post-

187 3953 257 3994 ea
306 3948 488 3994 autem
540 3955 569 3993 a
629 3938 883 4009 malignis
931 3940 1208 4011 spiritibus
1267 3928 1483 3995 ﬂamma
1543 3940 1783 3995 libidinis

187 4044 489 4097 succensa,
533 4032 789 4088 destituta
844 4031 1157 4104 angelorum
1221 4032 1429 4097 solatio,
1474 4041 1528 4087 et
1592 4048 1783 4089 carens

184 4122 375 4180 divino
432 4126 707 4182 consortio
735 4166 752 4193 ,
800 4134 881 4181 tot
923 4126 1091 4181 servit
1141 4124 1371 4194 sceptris
1420 4124 1601 4179 dedita
1652 4133 1783 4194 quot

184 4215 356 4270 vitiis.

260 4306 413 4361 Beth.
454 4325 472 4360 ι
510 4305 737 4364 Plorans
758 4307 989 4379 ploravit
1014 4308 1068 4363 in
1092 4315 1271 4372 nocte,
1302 4315 1359 4363 et
1390 4304 1643 4376 Iacrymae
1665 4305 1783 4377 ejus

192 4416 214 4450 ι
260 4397 316 4451 in
346 4397 577 4451 maxillis
598 4396 732 4465 ejus,
750 4414 857 4453 non
882 4408 967 4454 est
993 4399 1086 4468 qui
1108 4397 1416 4454 consoletur
1435 4412 1558 4451 eam
1574 4412 1641 4451 ex
1664 4412 1781 4452 om-

191 4507 214 4542 α
259 4488 421 4543 nibus
446 4489 626 4543 charis
663 4487 802 4557 ejus.
824 4488 1024 4545 Omnes
1054 4490 1259 4561 inimici
1311 4488 1429 4558 ejtts
1458 4497 1780 4558 spreverunt

193 4598 216 4632 ι
263 4594 406 4643 eam,
444 4589 500 4633 et
528 4578 657 4634 facti
683 4589 809 4634 sunt
863 4581 912 4635 ei
957 4581 1181 4635 inimici.
1227 4600 1247 4633 ›
1297 4580 1634 4637 Adveniente
1679 4579 1779 4634 tri-

183 4666 465 4725 bulatione
492 4670 819 4740 captivitatis
854 4681 1072 4742 propter
1098 4671 1486 4737 idololatriam,
1527 4680 1582 4727 et
1622 4685 1780 4725 enor-

187 4759 435 4816 mitatem
488 4759 773 4825 scelerum,
803 4760 956 4829 plebs
991 4760 1213 4816 Judaica
1255 4777 1379 4817 sero
1423 4762 1612 4817 doluit.
1641 4759 1778 4816 Cum

185 4839 390 4923 saepius
417 4853 804 4922 prophetarum
841 4854 1279 4909 attestationibus
1310 4854 1661 4919 commonita,
1684 4868 1775 4907 sa-

186 4942 299 4997 tius
324 4941 401 4995 illi
451 4951 595 4997 esset
633 4944 1095 5015 prmvaricationis
1145 4959 1343 4999 noxam
1370 4959 1582 5011 cavere,
1614 4959 1777 5014 quam

183 5040 315 5103 post
342 5034 629 5089 commissa
649 5034 937 5105 pmnaliter
969 5035 1170 5106 lugere.
1198 5036 1351 5091 Falsa
1384 5052 1499 5107 :rgo
1530 5036 1775 5102 numina,

184 5141 313 5197 qua:
361 5124 587 5181 diversae
618 5137 805 5198 gentes
849 5128 905 5182 in
934 5128 1239 5183 simulacris
1290 5128 1558 5192 colebant,
1598 5141 1779 5183 causae

187 5216 406 5284 fuerant
428 5215 505 5270 illi
529 5218 768 5274 scandali
798 5228 855 5274 et
891 5219 1246 5289 deceptionis,
1274 5234 1397 5274 cum
1426 5219 1614 5275 relicto
1650 5232 1777 5273 vero

188 5307 305 5362 Deo
331 5306 482 5363 falsis
507 5308 610 5363 diis
663 5308 926 5365 idolorum
949 5309 1157 5365 cultura
1203 5310 1531 5374 servierant,
1567 5310 1659 5380 qui
1697 5308 1777 5364 eis

188 5400 331 5456 nihil
381 5402 435 5457 in
480 5408 722 5472 tempore
760 5404 1011 5459 vindictae
1062 5402 1425 5474 profuerunt:
1457 5401 1564 5457 imo
1608 5400 1777 5471 pluri-

188 5507 343 5547 mum
384 5501 705 5560 nocuerunt,
749 5494 802 5548 in
826 5504 1058 5562 tantum,
1108 5504 1167 5550 ut
1193 5509 1286 5551 eos
1311 5494 1544 5550 ludibrio
1570 5501 1625 5551 et
1651 5509 1774 5549 con-

190 5585 403 5642 fusione
423 5588 614 5658 dignos
650 5588 792 5641 inter
831 5589 1016 5643 hostes
1045 5589 1457 5645 constituerent.
1484 5588 1620 5643 Hinc
1642 5604 1773 5658 quo—

189 5695 299 5748 que
324 5694 420 5749 per
446 5679 777 5735 Ezechielem
804 5682 1048 5749 pcccanti
1071 5679 1267 5736 Judaea:
1313 5679 1542 5735 dicitur:
1582 5700 1599 5731 ι
1633 5681 1772 5735 Ecce

189 5782 293 5839 ego
339 5771 611 5828 suscitabo
634 5786 823 5827 omnes
873 5782 1145 5828 amatores
1177 5780 1297 5828 tuos
1353 5780 1545 5827 contra
1578 5781 1649 5841 te,
1705 5770 1770 5827 de

1889 3308 1955 3364 de
1978 3321 2085 3376 quo
2111 3320 2254 3361 nunc
2289 3304 2485 3359 dicitur
2511 3318 2526 3355 :
2556 3321 2574 3354 ‹
2612 3296 2839 3358 Plorans
2867 3302 3099 3373 ploravit
3127 3302 3179 3356 in
3210 3311 3389 3369 nocte,
3419 3310 3476 3358 et

1887 3402 2140 3471 lacrymae
2166 3397 2282 3468 ejus
2306 3397 2362 3451 in
2387 3394 2621 3451 maxillis
2649 3390 2785 3465 e'jus,
2836 3414 2853 3446 ι
2891 3397 3015 3465 quia
3056 3394 3110 3449 in
3138 3394 3471 3450 adversitate

1886 3488 2145 3548 Ecclesiae
2171 3486 2246 3541 illi
2268 3485 2496 3555 amplius
2517 3484 2798 3553 plangunt,
2836 3484 2927 3563 qui
2972 3482 3142 3537 vitam
3164 3482 3467 3537 carnalium

1886 3572 2232 3643 confringere
2268 3574 2613 3646 praedicando
2660 3580 2952 3639 noverunt,
2982 3588 3080 3642 per
3098 3573 3246 3643 ipsos
3272 3574 3473 3644 quippe

1886 3674 2077 3720 sancta
2092 3665 2341 3721 Ecclesia
2362 3666 2577 3735 iniquos
2612 3680 2643 3718 a
2668 3663 2817 3718 vitiis
2839 3663 3090 3727 conterit,
3119 3662 3341 3733 etquasi
3357 3662 3473 3733 glu-

1887 3761 2025 3817 tiens
2045 3762 2100 3817 in
2124 3778 2221 3817 sua
2246 3763 2489 3818 membra
2504 3761 2786 3817 convertit.
2807 3760 2956 3817 Unde
2972 3760 3071 3829 ipsi
3092 3774 3308 3829 quoque
3329 3776 3469 3831 prae-

1885 3850 2115 3907 dicatori
2137 3854 2314 3923 primo
2336 3852 2480 3908 velut
2502 3851 2731 3906 maxillae
2758 3849 3016 3907 Ecclesia:
3042 3850 3240 3907 dicitur
3264 3868 3277 3906 :
3314 3869 3334 3903 ι
3368 3850 3471 3908 Oo-

1886 3942 2003 3997 cide
2032 3951 2089 3998 et
2118 3943 2383 3998 manduca
2412 3942 2549 4015 (Act.
2578 3941 2659 4013 x).
2692 3960 2716 3994 ι

1956 4031 2182 4089 Ghimel.
2231 4055 2249 4087 ί
2294 4034 2546 4105 Migravit
2598 4032 2737 4090 Juda
2772 4044 2995 4106 propter
3046 4032 3388 4091 alllictionem
3413 4042 3469 4091 et

1892 4142 1911 4175 ‹
1957 4124 2356 4181 multitudinem
2402 4125 2704 4182 servitutis.
2752 4125 3029 4181 Habitavit
3086 4126 3229 4181 inter
3255 4134 3465 4196 gentes,

1889 4234 1908 4267 ι
1952 4230 2054 4270 nec
2090 4215 2294 4270 invenit
2323 4210 2588 4284 requiem,
2616 4229 2805 4269 omnes
2830 4222 3207 4283 persecutores
3233 4214 3350 4286 ejus
3370 4230 3465 4287 ap-

1889 4325 1908 4359 ι
1949 4306 2353 4375 prehenderunt
2382 4320 2501 4361 eam
2549 4306 2693 4361 inter
2734 4307 3033 4377 angustias.
3065 4307 3314 4379 Migravit
3334 4321 3465 4379 ergo

1882 4395 2187 4452 Judaeorum
2214 4396 2440 4466 populus
2468 4396 2525 4451 in
2554 4391 2944 4465 dispersionem
2980 4398 3221 4467 gentium
3242 4404 3465 4467 propter

1882 4487 2226 4544 aﬁlictionem
2249 4488 2598 4558 captivitatis,
2628 4496 2683 4542 et
2722 4488 2813 4556 qui
2843 4497 2967 4541 ante
3008 4488 3158 4559 regni
3187 4488 3462 4557 principa-

1884 4581 1961 4635 tui
1981 4579 2164 4635 multis
2186 4561 2493 4634 nationibus
2515 4586 2761 4647 praeerat,
2790 4586 2977 4646 postea
3030 4577 3170 4631 inter
3218 4576 3463 4633 diversas

1884 4678 2072 4743 gentes
2094 4669 2314 4726 servitio
2325 4668 2557 4734 laborat,
2581 4668 2707 4738 quia
2727 4668 2993 4723 scelerum
3016 4682 3237 4723 suorum
3265 4668 3459 4722 merita

1882 4762 2118 4818 vindicta
2143 4775 2238 4815 eos
2267 4759 2595 4814 inveniebat.
2649 4758 2919 4829 Spiritalis
2945 4768 3126 4814 autem
3164 4758 3300 4814 Juda
3334 4757 3457 4814 ideo

1884 4855 1949 4910 de
1977 4862 2120 4909 terra
2142 4868 2241 4908 sua
2265 4850 2537 4922 migravit,
2567 4846 2692 4921 quia
2715 4850 2990 4921 peccando
3014 4850 3301 4905 Dominum
3336 4849 3460 4904 irri-

1881 4948 2038 5014 tavit,
2076 4955 2131 5002 et
2153 4945 2527 5015 iniquitatibus
2549 4944 2662 4998 suis
2689 4956 2815 4998 eum
2850 4942 2919 4998 ad
2942 4942 3235 4998 vindictam
3266 4955 3461 5012 provo-

1882 5038 2042 5095 cavit.
2060 5036 2146 5091 .De
2174 5051 2283 5107 quo
2325 5035 2439 5106 ipse
2468 5048 2565 5105 per
2622 5033 2814 5089 Isaiam
2852 5033 3173 5103 prophetam
3221 5030 3455 5095 locutus,

1881 5129 1991 5183 ait:
2028 5146 2048 5179 ι
2086 5126 2305 5183 Servire
2338 5140 2425 5181 me
2445 5125 2621 5181 fecisti
2657 5125 2713 5180 in
2737 5124 2975 5195 peccatis
2998 5125 3129 5189 tuis,
3181 5121 3455 5193 praebuisti

1879 5218 2012 5273 mihi
2028 5216 2269 5273 laborem
2296 5216 2350 5271 in
2380 5213 2757 5285 iniquitatibus
2782 5213 2888 5268 tuis
2931 5213 3065 5285 (ιω.
3110 5228 3287 5283 xuii),
3314 5210 3457 5265 unde

1878 5310 2026 5366 inter
2067 5319 2255 5383 gentes
2283 5309 2557 5380 deputata,
2608 5314 2664 5362 et
2711 5305 2961 5363 sordibus
2984 5319 3173 5361 eorum
3229 5303 3452 5374 polluta,

1876 5402 2181 5460 libertatem
2201 5391 2462 5472 perdidit,
2486 5407 2541 5456 et
2567 5399 2622 5454 in
2651 5397 2887 5454 hostium
2909 5411 3131 5453 suorum
3154 5406 3349 5454 manus
3373 5391 3458 5447 in-

1878 5492 2029 5561 cidit,
2055 5494 2146 5564 qui
2192 5508 2312 5548 eam
2352 5507 2451 5562 per
2506 5491 2749 5547 diversos
2786 5503 3001 5546 errores
3030 5488 3307 5551 ducentes,
3354 5500 3454 5540 ne-

1878 5601 2146 5657 quaquam
2171 5585 2539 5655 requiescere,
2568 5581 2650 5639 vel
2672 5582 2946 5653 paululum
2966 5580 3237 5651 reSpirare
3262 5591 3454 5635 conoe—

1876 5678 2151 5824 delgaﬁth.
2204 5789 2219 5820 ‹
2263 5768 2370 5823 Via:
2415 5767 2543 5824 Sion
2575 5768 2779 5839 lugent.
2817 5784 2881 5825 eo
2910 5765 3049 5837 quod
3074 5781 3178 5821 non
3224 5764 3311 5833 sit,
3358 5760 3452 5834 qui
