3952 6328
502 298 640 361 “8'2

1143 303 1206 359 Β.
1245 294 1499 360 sanam
1527 292 1759 362 mann!
1796 290 2471 373 assumendae“
2510 293 2796 364 omnim
2826 294 3008 363 pnas
3040 307 3126 373 ιιι,

3645 303 3779 361 H88

506 436 527 473 ι
568 410 752 476 veniat
773 420 842 474 ad
868 413 1286 475 solemnitatem.
1312 419 1514 476 Omnes
1541 429 1709 492 portae
1738 422 1857 492 ejus
1875 422 2088 476 destru-
2114 426 2168 486 Α
2191 423 2509 479 tortitudine
2555 424 2873 479 intentionis
2914 421 3259 478 inclinentur.
3305 422 3464 478 Unde
3504 430 3654 478 recte
3682 422 3779 478 Sub

506 531 525 569 ι
569 524 690 595 ctae,
719 514 1030 570 Sacerdotes
1056 516 1172 590 ejus
1194 524 1487 585 gementes,
1524 514 1757 584 virgines
1785 511 1902 581 ejus
1926 506 2088 583 squa-

508 624 526 659 c
570 605 713 672 lidae,
762 613 819 662 et
854 605 968 678 ipsa
997 604 1255 676 oppressa
1311 607 1690 661 amaritudine.
1744 626 1763 659 ›
1802 606 1928 661 Vias
1958 604 2088 661 Sion

501 695 630 753 dicit
656 695 863 766 lugere,
895 692 995 753 hoc
1020 702 1124 761 est,
1159 695 1417 767 lugubres
1445 698 1699 761 existere,
1730 686 1795 752 eb
1816 694 1958 766 qutid
1981 700 2087 751 non

500 786 628 853 sint,
661 784 753 856 Qui
778 784 1000 842 veniant
1027 785 1094 840 ad
1131 782 1549 853 solemnitatem,
1603 785 1662 841 iit
1684 784 1875 841 [bsuva
1896 781 2088 857 gaudia

501 876 800 943 celebrent,
829 878 915 931 vel
947 872 1288 938 Sacerdotum
1314 876 1487 934 oﬂlcia
1508 873 1565 933 in
1584 876 1788 948 templo
1812 876 2087 948 expleant,

499 968 627 1041 quia
660 964 859 1038 t‘e‘mplo
886 976 1152 1024 SuccensO
1178 966 1321 1024 muri
1361 968 1596 1023 civitatis
1623 962 1865 1024 funditus
1901 962 2087 1035 diruti;

498 1067 555 1114 et
580 1068 762 1130 portae
795 1060 1082 1116 destruetae
1134 1068 1277 1116 sunt.
1347 1052 1499 1115 Uhde
1550 1061 1727 1116 omnis
1779 1054 1953 1117 sem
1970 1055 2090 1132 ejus

499 1146 814 1221 squalescit,
868 1144 924 1207 et
960 1153 1077 1223 ipsa
1118 1146 1376 1222 oppressa
1426 1146 1806 1217 amaritudine,
1856 1152 1911 1207 in
1966 1150 2089 1207 ﬁliis

498 1242 611 1297 suis
634 1241 847 1298 fortiter
896 1240 1080 1313 gemit.
1124 1241 1347 1313 MyStice
1375 1240 1557 1297 autem
1596 1242 1697 1298 Viae
1721 1238 1854 1299 Sion
1882 1242 2087 1316 lugent,

498 1330 715 1403 qdando
738 1329 933 1387 anima:
960 1330 1235 1402 quondam
1278 1327 1331 1387 lii
1367 1349 1492 1389 arce
1518 1335 1716 1389 mentis
1769 1332 1939 1390 Deum
1963 1342 2088 1407 spe-

496 1422 749 1482 culantis‘
796 1424 1039 1505 actiones
1103 1418 1406 1482 exteriores
1461 1435 1583 1497 post
1627 1423 1836 1497 lapSum
1878 1422 2088 1498 peccati

496 1514 684 1587 turpes
729 1522 890 1587 atque
936 1517 1196 1587 lugubres
1244 1526 1525 1587 apparent,
1558 1530 1624 1573 eo
1660 1516 1805 1589 quod
1852 1534 1957 1574 non
1977 1519 2090 1590 prl-

497 1609 638 1664 stino
688 1623 840 1665 more
891 1606 1113 1665 affectus
1160 1602 1294 1679 ejus,
1340 1608 1409 1665 ad
1466 1606 1678 1666 interna
1758 1610 1952 1683 gaudia
1999 1628 2090 1669 ce-

494 1698 787 1775 lebranda,
832 1690 1161 1767 occurrant,
1206 1694 1302 1757 sed
1347 1702 1614 1774 quinque
1664 1702 1916 1759 sensibus
1965 1705 2089 1760 c'dr-

493 1790 695 1861 poreis,
749 1793 842 1862 qui
895 1800 1174 1862 portardm
1242 1790 1463 1849 nomine
1513 1792 1602 1847 hic
1651 1792 1928 1859 natantur,
1991 1784 2089 1864 per

494 1872 784 1945 desidiam
810 1882 1101 1939 destructis
1131 1890 1377 1954 patescat
1421 1876 1597 1941 aditus
1645 1880 1811 1941 variis
1853 1882 2087 1952 delictis;

494 1973 925 2030 ecclesiaSticum
984 1986 1211 2045 quoque
1270 1968 1507 2030 ndicium
1576 1970 1801 2031 vilescat
1846 1971 1901 2032 et
1960 1977 2089 2032 cori-

494 2065 736 2121 tinentiae
799 2066 974 2141 virtus
1030 2056 1333 2123 mollescat.
1408 2066 1560 2124 Unde
1609 2064 1850 2138 Spiritus
1910 2065 2086 2126 sancti

496 2157 764 2212 suavitate
777 2156 1000 2234 privata
1042 2163 1157 2213 tota
1194 2156 1251 2213 in
1274 2148 1637 2214 amaritudine
1674 2159 1930 2216 vitiorum
1967 2156 2090 2219 ver-

495 2256 667 2304 satur.

566 2335 669 2393 He.
720 2355 740 2392 ι
786 2337 938 2393 Facti
972 2342 1099 2395 Sunt
1128 2333 1311 2396 hostes
1350 2340 1469 2411 ejus
1512 2336 1570 2395 1n
1618 2337 1821 2412 capite,
1881 2322 2087 2398 inimici

501 2449 520 2484 ι
564 2431 683 2502 ejus
725 2429 1037 2502 locupletati
1077 2431 1223 2498 sunt,
1266 2432 1391 2503 quia
1446 2428 1707 2490 Dominus
1747 2434 1959 2490 locutus
2005 2444 2090 2491 est

503 2539 522 2575 ι
568 2518 733 2591 super
812 2520 932 2577 eam
998 2523 1218 2596 propter
1279 2522 1679 2581 multitudinem
1743 2525 2089 2597 iniquitatum

502 2630 523 2665 ι
564 2610 701 2680 ejus.
760 2606 976 2668 Parvuli
1032 2611 1149 2682 ejus
1204 2609 1352 2669 ducti
1402 2614 1529 2671 sum
1572 2616 1773 2687 captivi
1825 2613 1951 2674 ante
2003 2616 2088 2674 fa-

498 2725 518 2760 ι
564 2693 705 2763 ciem
756 2709 1084 2765 tribulantis.
1123 2710 1324 2766 tFacll
1370 2717 1497 2767 sum
1543 2712 1727 2769 hostes
1749 2712 2089 2788 niemsaiem

494 2798 551 2854 in
581 2800 775 2870 capite,
835 2801 1051 2871 quando
1090 2801 1294 2873 inimici
1346 2801 1490 2858 illius
1526 2803 1840 2873 Superiores
1887 2802 2088 2873 εσθαι,

493 2894 805 2950 universam
849 2904 1067 2966 gentem
1126 2898 1324 2953 divinis
1377 2896 1674 2967 spoliando,
1725 2892 1957 2959 Vinculis
1999 2898 2091 2960 ca-

494 2985 764 3057 ptivitatis
792 2985 1159 3059 subjeCeriint,
1187 2997 1243 3045 et
1287 2988 1344 3045 in
1399 2992 1630 3048 alienam
1676 2994 1878 3055 terrain
1930 2995 2091 3053 simul

493 3094 619 3133 cum
643 3073 958 3135 mulieribus
979 3079 1032 3135 et
1052 3065 1301 3150 pertulis
1324 3081 1405 3137 ire
1429 3084 1827 3155 compulerunt.
1863 3088 2090 3144 Domino

2188 514 2385 570 Judaete
2409 516 2609 586 specie,
2644 516 2710 572 de
2732 508 3054 585 unaquaque
3082 515 3263 579 anima
3318 514 3516 585 laqueo
3563 514 3779 569 misera

2153 621 2157 624 '
2189 608 2509 665 intentionis
2534 619 2711 680 capta,-
2749 608 2840 664 bic
2879 623 2977 679 per
3020 598 3337 679 prophetam
3392 607 3596 661 dicitur
3631 624 3645 660 :
3680 604 3780 660 Fa-

2190 701 2263 756 cti
2312 709 2439 757 sunt
2484 702 2666 757 hostes
2714 699 2832 769 ejus
2884 700 2941 755 in
2972 702 3167 771 capite;
3217 700 3298 759 Ac’
3325 699 3369 753 si
3404 699 3775 775 aperteﬁice-

2189 791 2339 848 rctur
2373 811 2385 846 :
2420 792 2555 849 Cum
2582 791 2784 848 bonum
2809 800 2945 862 opus
2972 806 3082 846 non
3102 791 3242 846 bona
3273 790 3574 865 intentione
3612 790 3781 845 sumi-

2169 894 2297 959 tur,
2335 885 2461 940 huic
2496 885 2850 940 adversantes
2895 884 3121 953 spiritus
3172 885 3241 938 ab
3274 883 3394 952 ipso
3429 880 3779 953 cogitationis

2188 976 2412 1033 exordio
2437 959 2833 1047 principantur.
2885 974 3167 1043 Tantoque
3196 976 3321 1035 eam
3361 973 3580 1043 plenius
3602 971 3775 1043 possi-

2189 1072 2337 1138 dent,
2363 1079 2566 1141 Quanto
2589 1078 2645 1126 et
2664 1086 2762 1141 per
2787 1068 3001 1124 initium
3029 1067 3372 1124 dominantes
3406 1076 3610 1123 tenent.
3642 1066 3775 1146 Cum

2188 1176 2320 1216 vero
2341 1162 2695 1237 intentionem
2716 1158 2911 1215 vitiare
2925 1174 3032 1215 non
3056 1160 3371 1230 praevalent,
3391 1162 3445 1213 in
3461 1160 3548 1213 via
3570 1157 3779 1228 positos

2188 1254 2411 1327 laqueos
2443 1257 2650 1328 tegunt,
2671 1262 2733 1311 ut
2770 1255 2825 1311 in
2853 1247 2938 1320 ed,
2957 1251 3101 1325 quod
3128 1253 3266 1309 bene
3297 1253 3495 1323 agitur,
3514 1265 3610 1305 eor
3632 1248 3782 1303 exal-

2191 1352 2313 1401 tans
2340 1361 2399 1401 se
2426 1362 2493 1401 ex
2517 1346 2687 1402 latere
2710 1345 2777 1400 ad
2816 1344 3009 1399 vitium
3035 1340 3320 1409 dirivetur,
3342 1348 3611 1413 quatenus
3633 1341 3776 1409 quod

2192 1438 2454 1495 inchoans
2484 1439 2644 1495 aliter
2681 1444 3061 1510 proposuerat,
3089 1438 3145 1492 in
3196 1438 3408 1492 actione
3436 1435 3598 1505 longe
3624 1434 3781 1490 aliter

2191 1528 2354 1602 quam
2409 1538 2652 1603 coeperat
2698 1539 3002 1601 percurrat.
3055 1529 3211 1601 Sarpe
3260 1530 3406 1587 enim
3458 1533 3603 1586 bono
3630 1529 3779 1598 operi

2194 1618 2321 1679 dum
2361 1623 2480 1678 laus
2506 1623 2741 1678 humana
2770 1622 2974 1689 obviat,
3000 1628 3237 1693 mentem
3280 1623 3565 1691 operantis
3590 1621 3783 1674 immu-

2197 1721 2294 1781 tat,
2325 1730 2444 1784 qute
2490 1714 2736 1784 quamvis
2780 1713 3008 1784 quaesita
3054 1727 3164 1769 non
3211 1713 3407 1778 fuerat,
3468 1704 3652 1767 tamen
3684 1712 3773 1766 ob-

2191 1810 2298 1859 lata
2316 1804 2582 1861 delectat:
2612 1804 2765 1873 cujus
2790 1803 3149 1859 delectatione
3163 1819 3285 1859 cum
3312 1809 3469 1858 mens
3492 1803 3633 1857 bene
3652 1816 3775 1872 ope-

2189 1898 2362 1953 rantis
2391 1879 2697 1963 resolvitur,
2741 1898 2809 1952 ab
2833 1898 2979 1952 omni
3012 1896 3326 1952 intentionis
3363 1895 3573 1950 intima.‘
3598 1896 3777 1967 vigore

2191 1986 2507 2059 dis$ipatur.
2541 1986 2695 2058 Saepe
2715 2003 2771 2042 se
2789 1988 2927 2043 bene
2947 1987 3213 2043 inchoata:
3242 1992 3443 2041 nostra:
3458 1985 3688 2054 justitiz
3710 2000 3775 2041 ex

2189 2079 2359 2135 latere
2380 2079 2459 2135 ira
2480 2078 2775 2150 subiungit,
2793 2086 2849 2140 et
2868 2079 2995 2134 dum
3016 2079 3132 2133 zelo
3152 2077 3495 2133 rectitudinis
3518 2072 3775 2133 immode-

2189 2176 2361 2232 ratius
2390 2184 2628 2235 mentem
2658 2173 2859 2240 turbat,
2886 2178 3140 2229 cunctam
3174 2173 3374 2242 quietis
3402 2172 3614 2226 intimae
3639 2168 3775 2225 salu-

2190 2268 2298 2325 tem
2322 2269 2550 2324 sauciat.
2577 2262 2732 2337 Sazpe
2762 2266 3084 2338 gravitatem
3109 2265 3289 2321 cordis
3318 2264 3474 2334 quasi
3497 2260 3779 2335 subjuan

2190 2366 2257 2419 ex
2280 2362 2450 2418 latere
2471 2356 2694 2416 tristitia
2724 2355 2985 2435 sequitur,
3028 2363 3193 2427 atqbe
3242 2358 3403 2413 omne
3431 2364 3595 2426 opus,
3637 2353 3775 2424 quod

2191 2456 2345 2511 mens
2371 2454 2511 2510 bona
2544 2452 2846 2508 intentione
2871 2451 3109 2514 inchoat,
3162 2446 3277 2505 haec
3323 2445 3597 2503 velamine
3646 2459 3777 2499 mua-

2192 2546 2334 2602 roris
2360 2545 2704 2600 obverberat.
2738 2536 2868 2609 Quaé
2892 2548 2947 2597 et
2973 2538 3360 2609 nonttuntjuam
3393 2529 3560 2592 tanttr
3575 2536 3779 2591 tardius

2191 2636 2513 2707 repellitur,
2572 2638 2777 2704 quanto
2852 2634 2913 2687 ct
2980 2646 3184 2703 pressae
3247 2628 3417 2685 menti
3477 2628 3637 2698 quasi
3697 2641 3778 2682 se-

2192 2728 2305 2784 rior
2354 2723 2669 2789 famulatur,
2735 2735 2875 2792 saepe
2921 2735 2979 2776 se
3029 2715 3176 2775 bono
3226 2709 3381 2789 operi
3432 2716 3629 2771 latitia
3678 2714 3775 2769 im-

2191 2806 2472 2876 moderata
2523 2814 2823 2886 subiungit.
2877 2812 3122 2881 Cumque
3170 2805 3291 2880 plus
3332 2811 3580 2863 mentem
3621 2819 3779 2876 quam

2193 2912 2349 2972 decet
2396 2912 2728 2968 hilarescere
2786 2905 2974 2977 exigit,
3043 2901 3112 2957 ab
3166 2896 3381 2957 actione
3430 2895 3575 2956 bona
3625 2894 3779 2953 omne

2193 3008 2405 3078 pondus
2461 3001 2741 3075 gravitatis
2807 2994 3038 3069 repellit.
3090 2994 3226 3062 Quid
3304 2993 3456 3049 enim
3508 2992 3654 3047 bene
3700 2990 3769 3044 in-

2198 3097 2519 3155 choantibus
2569 3092 2796 3151 subesse
2848 3091 2904 3145 in
2958 3082 3154 3143 itinere
3228 3080 3457 3156 laqueos
3493 3082 3775 3139 Psalmista

492 3169 580 3224 cui
620 3164 985 3239 peccaverunt
1025 3168 1234 3242 justum
1285 3171 1550 3259 judicium
1601 3177 1681 3233 eis
1728 3172 2083 3250 relt'ibu‘ehte.
2115 3171 2160 3236 C
2192 3190 2569 3259 conspexerat,
2596 3187 2745 3240 recte
2767 3179 3084 3259 prophetico
3106 3177 3298 3248 plenus
3320 3171 3516 3246 spiritu
3530 3174 3771 3259 dicebat:

490 3260 702 3318 Anima:
729 3270 859 3320 Vero
880 3266 1139 3339 deceptte,
1165 3269 1352 3325 hostes
1379 3254 1514 3327 nam
1557 3273 1613 3329 in
1642 3275 1843 3346 Capite,
1868 3281 2084 3347 quando
2130 3328 2133 3329 ν

492 3354 717 3425 maligni
774 3356 996 3435 Spiritus
1062 3358 1180 3429 éjus
1226 3363 1464 3433 gaudent
1537 3366 1937 3442 dominatione,
1990 3373 2083 3441 qui

492 3444 789 3516 Spoliantes
839 3447 959 3529 eain
1008 3449 1323 3519 virtutibus;
1372 3455 1627 3535 parvulos
1653 3451 1919 3531 cogitatus
1938 3458 2079 3532 ejus,

491 3540 590 3609 per
628 3539 791 3595 noxia
846 3540 1135 3623 desideria
1178 3545 1285 3600 huc
1339 3543 1575 3619 illucque
1628 3552 1909 3618 trahendo,
1964 3553 2084 3609 nul-

2196 3305 2214 3337 α
2240 3267 2299 3339 In
2321 3254 2408 3337 via
2440 3281 2544 3337 hac
2590 3292 2697 3347 qua
2723 3254 3067 3331 ambulabant)
3095 3266 3502 3326 absconderunt
3522 3256 3777 3337 laqueum

2189 3358 2320 3467 mini
2345 3356 2533 3467 ςΡεαιέ
2548 3358 2716 3441 cxu).
2752 3372 2773 3422 1

2270 3448 2401 3519 Vaii.
2437 3484 2457 3517 ι
2492 3456 2757 3534 Egressus
2783 3461 2869 3515 est
2893 3453 2925 3512 a
2950 3453 3062 3512 ﬁlia
3077 3453 3208 3511 Sion
3224 3452 3405 3509 omnis
3435 3451 3605 3508 decor
3628 3448 3772 3519 ejus;

2191 3576 2209 3610 ε
2255 3555 2386 3612 facti
2412 3562 2538 3610 sunt
2569 3552 2848 3624 principes
2873 3548 2992 3619 ejus
3037 3548 3189 3602 velut
3228 3545 3429 3600 arietes
3465 3560 3575 3599 non
3631 3542 3777 3597 inve-

490 3628 599 3685 lam
646 3630 885 3717 quietem
934 3649 1056 3689 eam
1122 3634 1179 3690 in
1228 3634 1427 3717 animo.
1461 3641 1663 3697 habere
1737 3646 2077 3714 permittunt.
2170 3640 2210 3700 ”‹
2254 3647 2470 3702 nientes
2510 3660 2736 3717 pascua,
2798 3651 2854 3697 et
2904 3641 3155 3697 abierunt
3205 3638 3413 3709 absque
3452 3636 3775 3693 fortitudine

496 3719 699 3810 (στας.)
740 3713 853 3781 Ubi
904 3725 1009 3799 hct:
1072 3713 1526 3787 considerandum
1588 3742 1712 3800 est,
1739 3713 1909 3806 r-qu'od
1966 3735 2080 3805 jam
2189 3729 2382 3792 (ante
2426 3713 2622 3790 faciem
2662 3731 3064 3803 subsequentis.
3110 3748 3129 3783 ι
3160 3729 3396 3786 Obsessa
3429 3727 3771 3784 Hierusalem

491 3828 654 3884 supra
712 3817 1012 3885 posuimus,
1064 3819 1194 3889 quia
1233 3822 1375 3877 bona
1444 3818 1630 3880 nostra
1672 3828 1845 3883 tribus
1906 3830 2079 3886 modis
2182 3829 2252 3884 ab
2280 3830 2439 3884 hoste
2482 3828 2825 3891 extrinsecus
2871 3836 3089 3881 omnem
3130 3825 3383 3880 decorem
3416 3822 3773 3893 iucunditatis

496 3907 766 3996 antiquus
790 3909 963 3964 hostis
993 3910 1317 3982 insequitur,
1377 3922 1437 3969 ut
1477 3916 1728 3974 videlicet
1763 3921 1888 3987 hoc,
1934 3924 2077 3993 quod
2182 3935 2295 3976 sua:
2334 3920 2572 3991 perdidit
2602 3919 2958 3983 intrinsecus,
2989 3916 3226 3971 maxime
3255 3932 3377 3972 cum
3403 3914 3571 3980 fanie,
3606 3924 3659 3969 et
3685 3928 3771 3983 pe-

494 4005 703 4052 rectum
736 4014 922 4053 coram
970 4001 1279 4059 hominibus
1308 4006 1508 4075 agitur,
1552 4010 1605 4063 in
1644 4012 1837 4067 interni
1880 4015 2080 4083 judicis
2181 4013 2419 4069 s‘tilentia
2469 4012 2745 4075 laborans,
2778 4010 2978 4067 nullius
3035 4025 3137 4080 ope
3169 4008 3600 4073 sustentabatur,
3642 4018 3773 4077 qne-

491 4097 788 4161 couspeetu
815 4092 1053 4146 vitietur.
1088 4084 1395 4164 AliqUando
1446 4115 1677 4170 namque
1701 4103 1754 4156 in
1785 4102 1925 4160 bono
1951 4122 2079 4175 ope-
2179 4106 2324 4161 niam
2369 4105 2646 4175 principes
2707 4114 2763 4159 et
2809 4104 3051 4159 rectores
3104 4098 3269 4167 illius,
3324 4102 3607 4158 distsolutis
3647 4103 3769 4157 viri-

489 4196 550 4237 re
582 4182 931 4237 intentionem
963 4184 1173 4254 polluit,
1199 4192 1257 4239 ut
1287 4203 1446 4243 omne
1474 4192 1615 4260 quod
1641 4193 1855 4250 actione
1902 4198 2077 4266 sequi-
2177 4196 2279 4252 bus
2305 4197 2498 4267 pavido
2527 4196 2715 4261 corde,
2738 4185 2844 4249 nun
2888 4184 3199 4249 defensione
3234 4194 3455 4257 civium,
3490 4208 3552 4248 se
3589 4192 3764 4265 fugam

492 4282 604 4338 tur,
661 4279 726 4328 ‘eo
755 4288 948 4342 purum
980 4276 1346 4346 mundumque
1375 4296 1483 4335 non
1513 4292 1692 4350 exeat,
1733 4302 1839 4355 quo
1884 4287 1987 4342 hoc
2009 4290 2076 4345 ab
2176 4290 2403 4344 inertem
2430 4288 2851 4349 meditabantur.
2893 4284 3118 4358 Mystice
3142 4294 3323 4340 autem
3351 4284 3461 4340 ﬁlia
3512 4284 3646 4341 Si0n
3689 4304 3765 4343 re-

488 4366 700 4435 origiue
724 4366 1022 4434 perturbat.
1054 4367 1722 4438 Aliquandointentionem
1752 4379 2076 4449 bonieoperis
2176 4382 2333 4453 liquit
2356 4367 2616 4437 .decorem
2665 4396 2843 4447 suum,
2894 4379 3110 4449 quando
3141 4378 3322 4432 anima
3370 4393 3466 4448 per
3497 4378 3761 4434 incuriam

487 4457 680 4545 vitiare
723 4473 837 4512 non
881 4458 1158 4528 praevalet,
1202 4461 1296 4515 sed
1342 4462 1395 4516 in
1426 4462 1542 4534 ipsa
1574 4467 1791 4523 actione
1825 4471 1979 4538 quasi
2017 4472 2072 4525 in
2103 4531 2145 4545 κ
2177 4475 2561 4545 cogitationum
2589 4474 2848 4532 virtutum
2877 4472 3059 4541 perdit
3079 4479 3353 4535 ornatum,
3405 4486 3510 4525 nec
3542 4471 3594 4525 ei
3636 4471 3756 4526 sub-

480 4530 683 4599 itinere
706 4547 948 4614 opponit,
974 4555 1034 4600 ut
1065 4562 1187 4601 cum
1236 4553 1569 4620 propositum
1601 4558 1803 4612 mentis
1828 4560 2070 4615 securior
2097 4531 2149 4591 Β
2173 4530 2461 4620 veniebant
2484 4563 2755 4633 principes
2782 4530 2893 4623 sui:
2922 4561 3025 4616 hoc
3051 4569 3157 4626 est,
3182 4560 3539 4616 rationabiles
3570 4570 3759 4617 theta-

488 4634 716 4729 ςιιιίβξῃιθ
744 4634 1037 4729 θὸνβάίῑηῗν
1070 4636 1356 4707 δυδὶυηοῐο
1386 4640 1626 4729 latenter-
1660 4642 1794 4703 vitio
1820 4650 1975 4718 quasi
2000 4666 2068 4706 ex
2172 4665 2280 4721 tus,
2308 4671 2430 4710 cum
2454 4654 2651 4725 quibus
2674 4654 2935 4708 resistere
2958 4652 3145 4707 debuit
3165 4650 3401 4707 inimicis
3430 4653 3756 4723 persequen-

487 4724 701 4817 insidiis
750 4728 1396 4817 perintatur.'Aliquaiido
1425 4724 1563 4789 vero
1585 4753 1685 4792 nec
1713 4739 2069 4800 intentionem
2173 4745 2340 4810 tibus,
2376 4724 2711 4800 sedidefecto
2740 4744 2935 4798 robore
2962 4742 3317 4808 fortitudinis,
3369 4754 3559 4799 coram
3613 4744 3759 4801 hoste

485 4816 660 4909 Ῡίίίδίν
715 4833 817 4871 nec
849 4819 903 4871 ίη
958 4819 1152 4874 itinere
1192 4823 1518 4893 supplantat.
1553 4820 1647 4883 sed
1687 4847 1822 4901 opus
1851 4834 2067 4891 bonum
2172 4818 2840 4908 persequente'propulsa
2892 4846 2975 4893 est
3034 4838 3088 4890 in
3145 4836 3357 4892 foveam
3406 4840 3753 4909 deCeptio’nis.

486 4908 542 4964 in
584 4909 690 4965 (ine
726 4910 956 4965 actionis
1002 4912 1277 4983 illaqueat,
1328 4929 1638 4989 quantoque
1690 4923 1773 4978 vel
1834 4942 1864 4980 a
1908 4929 2068 4984 domo
2173 4930 2285 4984 Hac
2331 4930 2511 4987 etiam,
2535 4930 2798 4983 sententia
2825 4936 3125 4999 arguuntur
3164 4928 3501 4999 negligentes
3526 4908 3755 4985 rectores

485 5000 685 5103 cordis,
741 5002 822 5055 vel
872 5003 940 5057 ab
962 5002 1157 5103 itinere
1192 5006 1371 5103 operis
1421 5008 1631 5081 longius
1684 5015 1977 5072 recessisse
2008 5035 2066 5075 se
2173 5022 2411 5077 ecclesiae
2434 5022 2561 5087 Dei;
2575 5023 2643 5077 ob
2668 5036 2897 5091 quorum
2934 5020 3199 5075 incuriam
3228 5020 3371 5090 perit
3392 5022 3573 5075 omnis
3599 5022 3750 5076 decor

485 5092 740 5197 simulat,
778 5101 929 5197 tanto
968 5094 1339 5197 decipiendum
1390 5102 1544 5195 benaa
1601 5106 1827 5161 actionis
1876 5110 2063 5164 termi-
2169 5115 2349 5185 populi
2380 5113 2694 5181 Christiani,
2736 5131 2859 5170 cum
2889 5129 2989 5169 nec
3010 5112 3065 5167 in
3093 5110 3602 5185 meditationeleg'is
3624 5113 3750 5168 divi-

483 5197 635 5278 num‘
666 5188 891 5239 θειυῑίυε
935 5188 1181 5278 θηρείην¹
1213 5199 1267 5245 ει
1308 5192 1415 5262 quo
1466 5194 1740 5252 incautum
1792 5201 2061 5271 quemque
2169 5221 2271 5271 nm,
2304 5222 2403 5261 nec
2432 5207 2485 5261 in
2513 5208 2658 5262 cultu
2686 5207 2921 5278 pietatis,
2952 5221 3127 5276 neque
3149 5208 3227 5262 in-
3248 5212 3532 5263 sacrarum
3578 5208 3746 5263 virtu-

482 5276 639 5344 quasi
670 5278 969 5375 recedendo
995 5272 1309 5349 reddiderit,
1341 5300 1406 5357 eo
1434 5285 1580 5341 illum
1610 5293 1894 5359 repentino
1927 5310 2061 5348 non—
2168 5310 2282 5353 tum
2308 5298 2566 5355 exercitio
2616 5272 2865 5355 laborare
2909 5272 3195 5367 conantur,
3246 5302 3343 5357 sed
3399 5285 3455 5355 in
3488 5301 3616 5355 luxu
3661 5316 3749 5358 vo-

480 5370 757 5475 ?dmttani
799 5370 1020 5475 vulnéré
1060 5374 1738 5475 duriusinsanabiliusque
1769 5386 2058 5455 transfigit.
2108 5382 2114 5389 ’
2164 5393 2428 5463 luptatum
2458 5411 2556 5465 per
2585 5398 2734 5450 varia
2772 5397 3003 5463 scelera,
3033 5394 3191 5467 juxta
3222 5386 3627 5470 suggeStionem
3656 5401 3749 5456 ho-

478 5454 859 5567 E‘fﬁﬂiomfm‘
877 5464 1076 5567 ιιιξῖιξρθ
1185 5469 1325 5525 ὗε)ὐο
1350 5486 1514 5567 opere
1536 5473 1740 5567 polluit,
1789 5478 1916 5546 quia
1937 5494 2062 5533 cum
2163 5486 2261 5540 stis
2288 5454 2527 5556 cogentis
2552 5488 2914 5553 abducuntur,
2957 5454 3111 5559 cujus
3150 5454 3374 5560 periccu‘li
3405 5489 3607 5544 malum
3636 5490 3749 5546 illos

480 5544 659 5604 facilia
710 5552 801 5652 ad-
828 5554 1203 5652 decipiendum
1260 5561 1422 5615 corda
1456 5563 1733 5619 hominum
1775 5569 2058 5639 conspiCit,
2162 5544 2398 5633 maxime
2428 5580 2675 5649 respicit,
2720 5564 2812 5649 qui
2865 5544 2921 5634 in
2964 5544 3083 5637 loco
3111 5544 3402 5652 'regiminis
3448 5544 3743 5647 constituti,

694 5647 1195 5746 desideriis‘auram
1234 5656 1530 5712 transitorii
1563 5658 1769 5715 favoris
1817 5663 2058 5733 apponit,
2159 5670 2337 5740 patius
2381 5647 2663 5727 saecularia
2692 5647 2978 5739 desideria,
3033 5647 3209 5743 quam.
3226 5676 3606 5733 mandatorum
3652 5676 3749 5736 Dei

479 5736 542 5791 ut
572 5736 627 5791 in
656 5736 763 5806 bis,
814 5757 933 5810 qua:
970 5741 1179 5799 faciunt
1233 5756 1399 5812 recta,
1453 5750 1519 5805 ad
1569 5754 1867 5822 appetenda
1928 5755 2056 5823 ima,
2159 5736 2409 5835 vestigia,
2466 5767 2617 5835 sequi
2672 5736 2972 5840 elegerunt.
3048 5736 3210 5825 linde
3281 5767 3525 5843 caelestis
3598 5773 3747 5846 regni
