3952 6314
170 316 312 372 14⁸89

1029 305 1165 365 EXP
1185 308 1393 369 aSITIO
1430 308 1657 365 SUPER
1694 304 2060 363 JEREMIAM.
2098 333 2169 344 —
2203 304 2330 360 LIB.
2370 304 2559 363 XVIII.

3284 306 3421 363 H90

165 428 399 498 gloriam
469 441 591 480 cum
648 427 855 483 sanctis
923 426 1237 482 doctoribus
1304 442 1411 481 non
1476 433 1755 479 merentur
1782 425 1834 485 Α
1864 439 1882 472 ι
1928 430 2245 492 spreverunt
2274 422 2437 490 illam,
2468 425 2593 493 quia
2637 423 2890 479 viderunt
2919 422 3264 494 ignominiam
3292 422 3430 492 ejus,

166 519 457 588 accipere,
528 517 622 572 sed
673 533 795 573 cum
852 518 1064 573 diabolo
1122 528 1176 573 et
1221 518 1425 589 angelis
1474 516 1589 585 ejus
1642 531 1757 586 [V3-

165 623 298 662 nam
348 607 609 678 gehennae
659 593 920 679 cogentur
970 610 1258 665 sustinere.
1287 610 1364 665 De
1400 621 1508 679 quo
1548 617 1602 664 et
1632 608 1759 663 sub-

165 701 321 755 ditur
350 718 363 754 :

243 794 381 850 Zain
423 814 442 847 ι
486 795 554 851 Et
582 797 866 852 recordata
888 804 974 851 est
1001 795 1343 852 Hierusalem
1392 795 1599 850 dierum
1629 793 1758 848 allii-

172 906 193 939 ι
237 889 436 944 ctionis
472 898 601 953 suae,
626 898 682 944 et
711 888 1173 960 praevaricationis
1193 887 1436 943 omnium
1484 887 1758 941 desidera-

173 999 193 1031 ‹
242 978 432 1034 bilium
478 995 721 1045 suorum,
751 996 871 1049 quae
901 981 1165 1035 habuerat
1217 994 1247 1033 a
1286 972 1477 1032 diebus
1522 978 1756 1046 antiquis

173 1087 196 1121 ι
244 1086 369 1126 cum
396 1070 612 1126 caderet
641 1070 869 1141 populus
893 1071 1009 1141 ejus
1038 1070 1095 1125 in
1124 1072 1285 1124 manu
1314 1067 1523 1132 hostili,
1547 1073 1601 1121 et
1651 1082 1756 1121 non

174 1180 196 1213 ι
240 1172 388 1219 esset
432 1164 742 1218 auxiliator.
770 1162 1037 1218 Viderunt
1063 1178 1181 1218 eam
1222 1164 1406 1217 hostes
1444 1161 1498 1215 c‘t
1556 1158 1755 1214 derise-

176 1270 197 1304 ι
245 1261 375 1307 runt
416 1254 641 1308 sabbata
671 1250 805 1321 ejus.
846 1273 889 1315 ι,
909 1251 1025 1308 Non
1044 1253 1219 1307 solum
1252 1251 1396 1305 enim
1425 1247 1758 1304 Hierusalem

168 1345 265 1400 illa
323 1354 535 1401 terrena
584 1344 751 1400 doluit
796 1361 855 1400 se
892 1345 1122 1416 perdere
1170 1342 1563 1415 iucunditatem
1605 1356 1761 1396 suam

166 1445 223 1490 ct
256 1434 571 1491 deliciarum
599 1434 928 1489 atlluentiam
953 1434 1095 1488 inter
1116 1435 1300 1489 hostes
1320 1430 1637 1496 constituta,
1662 1429 1757 1484 sed

167 1526 340 1580 etiam
371 1526 485 1580 haec
534 1526 784 1597 mystica,
825 1533 881 1581 et
929 1525 1166 1579 maximo
1214 1524 1400 1578 dolore
1450 1530 1753 1592 torquetur,
1812 1530 1813 1533 ‘

166 1632 297 1673 cum
330 1618 382 1672 in
406 1618 581 1689 poenis
617 1618 909 1673 conStituta
934 1617 1049 1687 jam
1083 1632 1205 1672 sero
1227 1613 1370 1671 dolet
1409 1600 1467 1668 se
1513 1622 1643 1668 tunc
1665 1627 1761 1667 ne-

165 1711 463 1782 gligentem
498 1710 681 1775 fuisse,
707 1711 924 1779 quando
953 1726 1047 1779 per
1083 1710 1224 1765 bona
1251 1722 1419 1777 opera
1457 1715 1512 1760 et
1554 1713 1757 1760 rectam

1866 530 1883 564 ι
1930 514 2043 583 ipsa
2090 520 2271 568 autem
2326 530 2563 584 gemens,
2619 523 2667 569 et
2740 528 2998 570 conversa
3041 524 3355 571 retrorsum.
3406 534 3427 567 ι

1859 604 2086 661 Causam
2114 608 2365 662 vindicta:
2404 610 2690 679 expressit,
2742 611 2794 664 in
2822 606 3088 681 principio
3119 611 3280 680 hujus
3306 624 3430 666 sen-

1858 701 2057 763 tentiae,
2081 701 2209 769 quia
2243 701 2311 756 ob
2359 702 2777 772 magnitudinem
2798 704 3059 759 Scelerum
3089 702 3428 759 Hierusalem

1858 792 2156 860 promeruit
2207 793 2699 863 transmigrationis
2753 794 3063 850 excidium:
3094 795 3299 865 ipsique
3338 794 3429 864 qui

1858 899 1978 938 eam
2023 893 2337 956 peccantem
2368 884 2642 941 favoribus
2692 882 3040 958 ektollebant,
3092 887 3430 963 posmedum

1858 990 2167 1045 oppressam
2197 978 2510 1048 captivitate
2556 976 3037 1032 deridebantznec
3085 976 3432 1033 condolentes

1858 1063 1954 1129 illi,
1989 1066 2210 1136 gemitui
2260 1067 2375 1136 ejus
2435 1066 2595 1121 ullam
2628 1066 3050 1122 consolationem
3099 1066 3427 1136 praahebant.

1861 1156 1998 1213 Hinc
2043 1166 2145 1223 est,
2188 1161 2328 1229 quod
2362 1162 2457 1229 per
2506 1159 2699 1215 lsaiam
2729 1150 3130 1231 plebindaica:
3175 1157 3435 1213 Dominus

1861 1249 1939 1303 ait
1978 1267 1990 1302 :
2031 1265 2049 1301 ι
2084 1249 2283 1321 Popule
2326 1254 2503 1314 meus,
2544 1252 2634 1320 qui
2685 1248 2899 1306 beatum
2949 1252 3001 1305 te
3058 1247 3274 1314 dicunt,
3333 1249 3436 1319 ipsi

1865 1350 1919 1397 te
1968 1341 2368 1412 decipiunt:et
2416 1343 2555 1396 viam
2603 1352 2883 1414 gressuum
2912 1340 3124 1398 tuarum
3175 1340 3437 1412 dissipant

1863 1433 1998 1503 (Isa.
2030 1435 2139 1505 ιιι),
2200 1454 2219 1488 ι
2277 1437 2390 1490 sive
2420 1436 2765 1490 conturbant.
2818 1433 3022 1489 Scriba:
3062 1430 3117 1488 et
3155 1432 3433 1499 Pharisaei,

1846 1524 1998 1595 quos
2023 1535 2147 1582 ante
2174 1527 2313 1581 idem
2331 1526 2595 1597 PrOpheta
2622 1528 2902 1583 exactores
2926 1524 3307 1597 appellaverat,
3336 1536 3442 1581 non

1863 1617 2172 1686 magistros,
2199 1625 2253 1671 et
2303 1622 2466 1689 supra
2508 1618 2775 1681 illusores,
2798 1620 2887 1687 qui
2928 1622 3146 1688 propter
3192 1632 3440 1684 munera,

1867 1725 1987 1778 quae
2005 1718 2282 1765 excaecant
2311 1712 2497 1766 oculos
2543 1712 2707 1766 etiam
2740 1708 3065 1781 sapientium
3093 1699 3269 1781 (Deut.
3301 1712 3436 1781 xvi),

164 1802 639 1858 conversationem
685 1802 862 1873 potuit
903 1800 1224 1870 sibimetipsi
1280 1798 1587 1854 subvenire.
1639 1796 1757 1853 Non
1787 1787 1837 1850 Β
1866 1817 1971 1855 non
2004 1801 2176 1856 solum
2229 1811 2543 1871 peccatores
2591 1806 2644 1857 in
2674 1803 2871 1873 popqu
2898 1819 3002 1858 non
3055 1799 3439 1873 corripiebant,

164 1888 345 1943 solum
371 1890 513 1943 enim
537 1903 659 1942 cum
686 1886 887 1943 sanctis
942 1887 1146 1959 angelis
1174 1888 1228 1941 in
1259 1887 1369 1941 vita
1406 1894 1608 1941 aeterna
1653 1901 1759 1940 non

163 1981 429 2047 exsultat,
456 1982 550 2037 sed
588 1980 644 2035 in
672 1981 883 2036 inferno
916 1997 1040 2037 cum
1064 1981 1293 2036 deemoni
1323 1980 1562 2037 cruciata
1588 1977 1759 2034 infru-

161 2083 358 2130 ctuose
393 2076 671 2144 praeterita
698 2083 929 2146 peccata
958 2076 1223 2145 deplorat,
1252 2076 1407 2145 juxta
1436 2073 1585 2137 illud,
1614 2062 1759 2143 quod

165 2165 454 2235 Scriptura
478 2172 611 2221 teste
642 2167 793 2236 impii
818 2166 873 2221 in
905 2165 1120 2222 inferno
1146 2163 1338 2221 dicturi
1376 2173 1501 2221 sunt
1529 2184 1541 2219 :
1571 2184 1589 2217 ι
1618 2165 1760 2235 Ergo

163 2257 474 2314 erravimus
506 2274 537 2313 a
576 2258 664 2312 via
720 2258 983 2322 veritatis,
1043 2266 1098 2312 et
1145 2258 1369 2329 justitiae
1426 2258 1607 2313 lumen
1652 2272 1759 2313 non

162 2346 311 2402 luxit
358 2348 532 2414 nobis,
561 2356 617 2402 et
646 2346 726 2403 sol
754 2363 861 2403 non
912 2355 997 2402 est
1023 2355 1175 2401 ortus
1211 2348 1369 2403 nobis
1408 2365 1420 2400 :
1457 2347 1644 2402 lassati
1672 2362 1762 2402 su-

163 2453 295 2494 mus
335 2439 390 2493 in
438 2438 525 2493 via
551 2438 858 2510 iniquitatis
903 2445 959 2494 et
995 2438 1336 2509 perditionis,
1364 2447 1421 2495 et
1455 2438 1760 2494 ambulavi—

163 2547 295 2588 mus
324 2533 441 2586 vias
499 2529 745 2586 difﬁciles
774 2550 785 2584 :
810 2532 954 2586 viam
984 2538 1166 2587 autem
1218 2530 1433 2587 Domini
1487 2531 1759 2603 ignoravi-

164 2638 313 2678 mus.
360 2622 499 2689 Quid
523 2622 680 2677 nobis
721 2619 924 2691 profuit
953 2623 1227 2693 superbia,
1254 2630 1347 2678 aut
1376 2623 1505 2693 quid
1548 2623 1762 2679 divitia-

168 2730 294 2769 rum
336 2712 611 2782 opuiéntia
650 2712 879 2768 contulit
928 2714 1119 2769 nobis?
1171 2713 1530 2769 Transierunt
1578 2713 1761 2769 omnia

164 2804 262 2860 illa
302 2812 559 2873 tanquam
585 2805 777 2859 umbra
818 2804 1032 2870 mortis,
1083 2806 1138 2860 in
1193 2805 1529 2876 malignitate
1579 2816 1781 2871 autem

166 2905 361 2967 nostra
413 2896 721 2966 consumpti
768 2906 955 2953 Sumus
1008 2896 1161 2968 (Sap.
1187 2897 1264 2969 v).
1304 2916 1324 2949 ι
1392 2897 1543 2951 Tunc
1570 2905 1623 2951 et
1659 2896 1761 2965 ipsi

164 2989 391 3061 maligni
437 2988 661 3058 spiritus
712 2988 960 3045 derident
998 2989 1193 3054 otium,
1247 2987 1392 3059 quod
1424 2988 1761 3059 negligentes

164 3081 433 3137 inutiliter
491 3082 764 3137 duxerunt
826 3097 923 3151 per
973 3083 1258 3153 praesentis
1328 3084 1455 3137 vitae
1500 3084 1754 3151 spatium.

1864 1890 1959 1945 sed
1987 1906 2086 1961 pro
2114 1891 2317 1947 divitiis
2349 1900 2511 1962 atque
2551 1893 2881 1962 compendiis
2919 1889 3214 1949 e‘ﬂ‘erehant
3271 1893 3444 1949 laudi~

1862 1981 1983 2046 bus,
2024 1990 2079 2037 et
2117 1983 2219 2053 ipsi
2243 1984 2548 2041 econtrario
2576 1985 2760 2040 beatos
2804 1976 3071 2040 Vocabant
3100 1984 3212 2051 eos,
3254 1994 3311 2039 et
3344 1991 3437 2041 eo-

1862 2072 2077 2129 lumnas
2108 2075 2299 2128 domus
2319 2075 2435 2141 Dei,
2490 2084 2545 2129 et
2573 2085 2767 2130 caetera
2791 2080 2909 2145 quae
2948 2076 3120 2132 solent
3170 2076 3439 2134 adulteros

1864 2166 2063 2222 dicere.
2119 2166 2227 2223 Sed
2267 2168 2401 2224 tales
2447 2168 2684 2224 fautores
2713 2170 2912 2225 nullam
2943 2172 2997 2225 in
3028 2170 3441 2228 dietrihulatio-

1863 2258 1949 2314 nis
1980 2258 2364 2316 tribulantibus
2389 2260 2808 2317 consolationem
2835 2257 3161 2332 praebebant,
3186 2263 3293 2320 imo
3315 2280 3443 2320 con-

1864 2349 2129 2406 fusionem
2188 2350 2452 2407 scelerum
2506 2368 2697 2409 eorum
2752 2350 3115 2421 denudabant,
3167 2364 3221 2410 et
3264 2355 3442 2410 cordis

1865 2445 2215 2515 ignominiam
2247 2446 2687 2502 manifestabant.
2731 2446 2837 2501 Iste
2860 2432 2954 2502 (est
2980 2463 3109 2517 ergo
3137 2449 3324 2503 doctor
3351 2463 3441 2502 ec-

1864 2537 2192 2605 clesiaticus,
2247 2540 2337 2608 qui
2392 2538 2683 2611 lacrymas,
2732 2552 2838 2593 non
2878 2539 3045 2593 risum
3106 2545 3304 2603 movet,
3351 2538 3444 2608 qui

1863 2632 2089 2702 corripit
2130 2641 2466 2703 peccatores,
2509 2633 2601 2703 qui
2638 2632 2841 2687 nullum
2867 2633 3108 2698 beatum,
3140 2622 3342 2685 nullum
3364 2629 3447 2685 di-

1863 2722 1939 2777 cit
1992 2736 2115 2778 esse
2152 2721 2385 2788 felicem,
2434 2738 2534 2779 nec
2568 2724 2830 2794 pervertit
2882 2722 3204 2780 sententiam
3247 2719 3446 2789 judicis

1863 2814 1968 2878 sui,
2015 2802 2229 2869 dicente
2249 2814 2548 2886 Scriptura
2566 2824 2753 2871 saneta
2791 2834 2805 2870 :
2842 2835 2862 2868 ι
2890 2804 2969 2869 Ne
3006 2815 3220 2869 beatum
3238 2810 3447 2880 judiccs

1864 2923 2190 2979 quemquam
2229 2910 2503 2965 hominem
2556 2920 2689 2966 ante
2749 2919 2983 2965 mortem
3012 2905 3202 2979 (Eccli.
3260 2902 3358 2976 ιι).
3415 2922 3432 2955 ι

1865 2998 1973 3055 Sed
2017 3008 2070 3053 et
2100 3016 2159 3055 in
2189 3000 2294 3054 alio
2321 3000 2440 3055 loco
2462 3000 2690 3072 legimus
2722 3019 2734 3056 :
2776 3019 2792 3051 ι
2823 2999 2925 3067 Qui
2948 2996 3221 3054 benedixit
3272 2994 3447 3077 amico

1866 3077 2028 3141 inane
2063 3089 2259 3160 grandi
2298 3104 2447 3155 voce,
2498 3105 2528 3142 a
2579 3088 2917 3144 maledicenti
2944 3086 3031 3139 nil
3060 3083 3234 3140 dill‘ert
3261 3081 3443 3155 (Prov.

166 3170 327 3228 Unde
374 3180 431 3227 et
477 3182 622 3229 unnc
668 3188 767 3243 per
807 3142 1128 3244 prophetam
1161 3170 1401 3229 dicitur:
1442 3191 1460 3225 ι
1502 3173 1762 3229 Viderum
1789 3142 1832 3204 C
1864 3142 2111 3250 xxvn)?»
2179 3178 2333 3234 Unde
2385 3142 2703 3248 spernentes
2754 3175 3033 3230 hominum
3080 3142 3305 3242 judicia,
3348 3186 3449 3251 nec

161 3279 289 3319 eam
334 3265 519 3319 hostes
564 3274 619 3321 et
642 3264 949 3320 deriserunt
984 3266 1206 3320 sabbata
1251 3264 1387 3335 ejus.
1428 3286 1445 3319 ι
1478 3265 1759 3337 Praecepto

164 3358 317 3413 enim
362 3358 497 3435 legis
540 3360 608 3415 ab
647 3359 920 3415 exteriore
944 3374 1106 3429 Opere
1135 3359 1191 3413 in
1224 3358 1450 3414 sabbato
1492 3368 1755 3415 cessatur.

164 3450 369 3508 Hostes
394 3452 538 3507 enim
570 3450 791 3507 sabbata
816 3452 1061 3507 videntes
1090 3451 1341 3517 irrident,
1377 3466 1501 3507 cum
1537 3450 1760 3521 maligni

166 3543 394 3613 spiritus
428 3544 545 3613 ipsa
580 3542 879 3598 vacationis
914 3542 1044 3607 otia,
1072 3542 1142 3597 ad
1167 3541 1758 3613 cogitationesillicitas

161 3635 511 3705 pertrahunt.
566 3633 913 3704 UnaQuaeque
970 3632 1191 3699 anima,
1262 3634 1369 3703 q'uo
1424 3641 1632 3687 remota
1694 3632 1762 3687 ab

163 3724 415 3779 externis
449 3724 760 3780 actionibus
816 3726 1021 3781 servire
1068 3719 1326 3788 creditur,
1360 3727 1426 3778 eo
1453 3723 1625 3793 magis
1661 3739 1758 3777 eo-

162 3829 292 3869 rum
346 3814 613 3884 tyrannidi
643 3805 826 3867 illicita
885 3815 1170 3884 cogitando
1206 3812 1523 3867 famulatur.
1573 3812 1759 3867 Sancti

164 3914 350 3961 autem
379 3907 501 3972 viri,
558 3906 684 3977 quia
712 3906 897 3961 mundi
945 3906 1198 3976 operibus
1223 3923 1330 3961 non
1376 3922 1623 3977 corpore,
1667 3908 1797 3963 sed-

165 4002 370 4057 virtute
401 4001 706 4072 sopiuntur,
743 4000 1065 4058 laboriosius
1108 4004 1400 4069 dormiunt,
1460 4020 1621 4074 quam
1677 4004 1759 4058 vi-

163 4093 337 4164 gilare
364 4102 674 4164 potuerunt,
726 4094 851 4162 quia
896 4095 950 4147 in
990 4109 1076 4159 eo,
1128 4096 1270 4164 quod
1314 4097 1557 4150 actiones
1602 4095 1760 4162 hujus

165 4183 351 4237 saeculi
383 4183 694 4237 deserentes
740 4190 1017 4252 superant,
1041 4182 1263 4245 robusto
1301 4183 1555 4239 conﬂictu
1577 4184 1757 4253 quoti-

165 4274 256 4329 die
283 4282 470 4329 contra
514 4274 830 4343 semetipsos
858 4283 1119 4345 pugnant,
1153 4290 1221 4329 ne
1272 4292 1426 4331 mens
1451 4291 1548 4345 per
1591 4275 1760 4344 negli-

166 4366 409 4436 gentiam
443 4373 671 4436 torpeat,
720 4374 796 4431 ut,
832 4367 1056 4421 subacto
1105 4367 1215 4423 ctio
1265 4367 1331 4421 ad
1366 4365 1627 4420 desideria
1661 4365 1760 4418 iut-

1864 3268 2112 3324 laudibus
2156 3284 2344 3325 eorum
2394 3252 2739 3334 extollamur,
2810 3280 2911 3321 nee
2964 3262 3444 3319 obtrectationibus

1862 3363 2249 3418 contristemur
2275 3380 2289 3417 :
2320 3344 2415 3418 sed
2442 3360 2811 3434 ingrediamur’
2832 3368 3039 3415 rectam
3069 3357 3230 3422 viam,
3262 3363 3316 3410 et
3344 3354 3410 3409 tri
3429 3384 3443 3395 -

1864 3458 1946 3507 tas
1971 3468 2003 3507 a
2035 3454 2237 3507 sanctis
2259 3452 2546 3521 Prophetis
2571 3451 2808 3507 semitas.
2837 3448 3133 3503 Audiamus
3161 3448 3307 3500 hunc
3319 3461 3444 3515 pro-

1859 3544 2077 3614 phetam
2105 3544 2210 3599 alio
2233 3544 2351 3600 loco
2379 3544 2649 3601 dicentem
2676 3563 2687 3597 :
2714 3562 2733 3594 ι
2772 3541 2992 3598 Statein
3018 3540 3142 3605 viis,
3166 3548 3221 3594 et
3240 3538 3437 3603 videte,

1863 3645 1917 3691 et
1946 3637 2276 3705 interrogate
2302 3638 2526 3691 semitas
2551 3634 2764 3691 Domini
2791 3634 3151 3704 sempiternas
3182 3648 3195 3686 ;
3225 3646 3344 3702 quae
3369 3631 3441 3685 sit

1862 3728 1947 3782 via
1977 3726 2118 3783 bona
2154 3728 2491 3783 etambulate
2526 3729 2579 3782 in
2608 3742 2671 3782 ea
2694 3725 2855 3799 (Sup.
2888 3724 2985 3794 vr).
3023 3745 3041 3777 ι

1936 3815 2118 3870 ΤΙιειΙι.
2147 3836 2165 3867 ι
2196 3816 2396 3871 Sordes
2419 3819 2534 3886 ejus
2558 3818 2610 3870 in
2633 3816 2859 3886 pedibus
2884 3814 3022 3884 ejus,
3045 3829 3144 3870 nec
3165 3814 3447 3871 recordata

1866 3927 1884 3960 ι
1920 3916 2004 3963 est
2035 3906 2158 3964 finis
2190 3908 2293 3963 sui.
2325 3908 2577 3979 Deposita
2603 3916 2687 3962 est
2707 3907 3084 3971 vehementer,
3110 3921 3214 3961 non
3243 3905 3446 3959 habens

1866 4018 1886 4051 ι
1922 4001 2337 4055 consolatorem.
2371 4020 2387 4051 ι
2415 4000 2612 4055 Sordes
2642 4008 2817 4071 gestat
2840 4000 2893 4054 in
2916 4000 3161 4069 pedibus,
3185 3990 3273 4069 qui
3298 4015 3451 4069 gres-

1862 4107 1981 4165 sum
2021 4093 2444 4147 conversationis
2474 4108 2601 4165 sum,
2620 4091 2776 4144 malis
2805 4073 2994 4161 polluit
3022 4090 3274 4161 operibus
3304 4109 3315 4142 :
3346 4105 3445 4144 nec

1861 4164 2179 4235 recordatur
2208 4181 2329 4235 linis
2375 4182 2495 4245 sui,
2546 4164 2601 4235 et
2642 4182 2899 4251 temporis
2937 4179 3070 4248 justi
3107 4181 3295 4250 judicii
3327 4180 3445 4234 Dei.

1863 4272 2015 4327 Unde
2042 4273 2283 4343 deposita
2314 4274 2689 4338 vehementer,
2720 4282 2775 4329 et
2801 4274 3038 4329 hostium
3066 4273 3312 4327 manibus
3338 4281 3451 4326 tra-

1862 4365 1973 4420 dita
1996 4405 2011 4430 ,
2051 4364 2256 4419 nullum
2284 4354 2446 4419 habet
2482 4356 2893 4427 consolatorem,
2917 4364 3044 4434 quia
3084 4372 3321 4435 tempore
3348 4380 3446 4435 op-

166 4459 369 4512 munda
404 4457 679 4525 frigescat,
710 4472 777 4511 ne
812 4458 945 4527 ipsis
979 4458 1263 4512 desideriis
1294 4458 1450 4513 bouis
1471 4456 1589 4525 plus
1610 4456 1759 4527 justo
1785 4493 1837 4553 D
1864 4463 2129 4524 portnno,
2162 4454 2306 4509 cultu
2338 4455 2552 4525 pietatis
2584 4456 2848 4510 honorare
2885 4454 3054 4509 noluit
3083 4470 3237 4509 suum
3265 4462 3447 4508 aucto—

166 4548 455 4613 inserviat,
481 4564 549 4603 ne
579 4549 678 4603 sub
699 4550 1047 4616 discretionis
1072 4550 1250 4619 specie
1285 4550 1499 4605 sibimet
1534 4565 1757 4618 parcen-

168 4641 241 4697 do
301 4657 331 4694 a
354 4640 683 4711 perfectione
712 4640 1045 4709 languescat.
1098 4642 1224 4711 Agit
1265 4641 1402 4704 haec,
1429 4647 1483 4692 et
1504 4656 1533 4692 a
1575 4639 1759 4693 mundi

169 4732 330 4801 hujus
373 4733 611 4802 inquieta
662 4732 1097 4801 concupiscentia
1140 4747 1197 4785 se
1229 4732 1442 4800 penitus
1471 4728 1758 4793 subtrahit,

169 4842 235 4881 ac
277 4834 616 4880 terrenarum
665 4820 939 4880 actionum
974 4825 1261 4893 strepitum
1311 4823 1533 4887 deserit,
1564 4830 1619 4876 et
1663 4836 1760 4890 per

169 4917 371 4988 quietis
427 4915 664 4971 studium
694 4918 986 4971 virtutibus
1037 4917 1242 4971 intenta
1274 4916 1501 4986 vigilans
1532 4913 1755 4968 dormit.

171 5009 359 5081 Neque
398 5008 542 5065 enim
596 5008 663 5063 ad
694 5009 1103 5079 contemplanda
1161 5010 1368 5062 interna
1422 5008 1755 5077 perducitur,

171 5101 279 5156 nisi
324 5101 393 5155 ab
440 5101 524 5154 his
568 5116 686 5170 quae
740 5101 977 5155 exterius
1024 5100 1303 5170 implicant
1350 5100 1592 5163 studiose
1633 5100 1759 5153 sub—

173 5193 440 5267 trahatur.
479 5189 615 5245 Hinc
644 5198 726 5245 est
758 5190 921 5254 enim,
961 5191 1102 5261 quod
1142 5206 1238 5261 per
1267 5191 1613 5259 semetipsam
1656 5189 1759 5244 Ve-

172 5284 309 5337 ritas
354 5283 520 5336 dicit:
552 5302 571 5333 (
608 5281 775 5337 Nemo
822 5290 999 5351 potest
1027 5283 1232 5336 servire
1278 5282 1485 5336 duobus
1526 5280 1759 5334 dominis

172 5373 390 5446 (Matth.
416 5374 511 5444 vi).
550 5394 567 5425 ι
600 5371 735 5428 Hinc
754 5372 951 5427 Paulus
981 5374 1057 5427 ait
1092 5392 1102 5426 :
1142 5394 1159 5425 ι
1188 5370 1357 5429 Nemo
1382 5373 1617 5427 militans
1649 5373 1757 5427 Deo

172 5465 415 5535 implicat
444 5481 500 5521 se
525 5464 755 5535 negotiis
780 5465 1129 5521 saacularibus
1156 5481 1170 5520 :
1199 5474 1258 5521 ut
1283 5467 1333 5522 ei
1355 5466 1560 5537 placeat
1585 5466 1671 5520 cui
1699 5480 1758 5521 se

169 5557 421 5629 probavit
445 5556 527 5629 (II
562 5556 694 5610 Tim.
724 5560 805 5629 ιι).
840 5578 857 5609 ι

242 5646 404 5703 Helia.
452 5666 469 5698 ι
503 5647 791 5702 Peccatum
816 5647 1059 5717 peccavit
1081 5647 1437 5713 Hierusalem,
1466 5659 1752 5718 propterea

176 5757 195 5791 ι
239 5738 509 5796 instabilis
530 5736 673 5794 facta
706 5747 808 5795 est.
852 5737 1052 5795 Omnes
1102 5740 1195 5810 qui
1236 5740 1751 5812 glorificabantcaut

1864 4563 1998 4602 rem.
2046 4545 2204 4601 Solus
2247 4547 2301 4601 in
2345 4560 2407 4600 ea
2440 4546 2802 4599 dominabitur
2851 4545 3096 4599 inimicus
3122 4585 3135 4610 ,
3190 4543 3444 4614 quoniam

1863 4640 2004 4694 Deus
2025 4654 2187 4694 verus
2213 4654 2332 4692 eam
2364 4638 2603 4692 deseruit
2633 4639 2854 4692 amicus.
2886 4636 3039 4692 Unde
3082 4635 3318 4692 maximo
3352 4636 3444 4689 do-

1862 4730 1976 4785 lore
2004 4730 2257 4793 contrita,
2288 4730 2671 4785 miserabiliter
2697 4729 2765 4783 ad
2790 4729 2957 4782 Deum
2984 4727 3199 4782 clamat.
3236 4745 3255 4777 ι
3289 4725 3443 4803 Vide,

1866 4824 2108 4888 Domine,
2140 4821 2480 4877 amictionem
2512 4836 2707 4884 meam,
2730 4820 2983 4889 quoniam
3005 4828 3218 4873 erectus
3241 4826 3325 4872 est
3348 4818 3447 4871 ini~

1866 4918 2058 4972 micus.
2092 4936 2109 4967 ι
2138 4914 2293 4970 Nullo
2320 4916 2462 4969 enim
2483 4914 2583 4969 sibi
2613 4914 2915 4977 resistente,
2942 4914 3112 4968 hostis
3135 4912 3200 4965 de
3221 4910 3445 4965 victoria

1865 5007 2061 5080 gaudet
2088 5007 2323 5076 iniquus,
2365 5015 2419 5060 et
2444 5006 2510 5059 de
2540 5005 2778 5074 potentia
2810 5020 2903 5059 sua
2933 5011 3123 5063 contra
3160 5002 3446 5056 Dominum

1864 5102 2089 5171 erigitur
2117 5088 2657 5169 superbus,‘propriis
2678 5098 2780 5153 hoc
2804 5098 3067 5167 deputans
3088 5094 3316 5157 viribus,
3340 5108 3445 5147 non

1856 5191 2004 5260 justo
2026 5191 2231 5260 judicio
2260 5191 2383 5254 Dei,
2412 5191 2666 5259 quoniam
2688 5188 2844 5259 juxta
2868 5186 3206 5243 Psaltnistam
3234 5203 3246 5237 :
3277 5204 3294 5235 ι
3328 5181 3446 5238 Non

1862 5290 1945 5335 est
1984 5282 2123 5336 Deus
2154 5282 2206 5335 in
2241 5286 2531 5349 conspectu
2565 5276 2702 5345 ejus.
2734 5276 3053 5333 Polluuntur
3092 5273 3192 5327 viae
3228 5270 3345 5340 ejus
3392 5271 3447 5326 in

1862 5372 2009 5425 omni
2052 5366 2332 5440 tempore:
2366 5365 2683 5423 auferuntur
2714 5364 2919 5436 judicia
2960 5362 3055 5418 Dei
3094 5377 3124 5416 a
3162 5360 3300 5417 facie
3333 5358 3448 5427 ejus

1862 5461 2040 5535 (Psal.
2074 5464 2174 5537 ιιι).
2214 5484 2231 5517 ι
2414 5540 2420 5542 Ἴ

1929 5554 2049 5608 Iod.
2098 5574 2115 5604 ι
2152 5552 2367 5608 Manum
2410 5568 2558 5608 suam
2600 5551 2749 5607 misit
2776 5550 2949 5606 hostis
2987 5549 3055 5604 ad
3093 5547 3273 5602 omnia
3303 5545 3446 5603 desi-

1863 5667 1880 5699 ι
1920 5647 2175 5702 derabilia
2205 5645 2320 5715 ejus
2349 5664 2359 5698 :
2386 5646 2512 5714 quia
2533 5643 2666 5696 vidit
2690 5652 2877 5710 gentes
2900 5642 3172 5711 ingressas
3196 5645 3445 5693 sanctua-

1864 5756 1882 5790 ι
1922 5738 2061 5793 rium
2088 5752 2266 5804 suum,
2292 5736 2358 5792 dc
2380 5735 2572 5805 quibus
2605 5746 2943 5805 praeceperas
2976 5744 3044 5788 ne
3080 5732 3348 5787 intrarent
3391 5726 3448 5783 iu
