3952 6332
231 367 381 424 1195

1099 358 1465 417 EXPOSITIO
1504 357 1731 414 SUPER
1769 355 2133 410 JEREMIAM.
2173 387 2242 397 —
2279 357 2407 412 LIB.
2441 355 2624 413 XVIII.

3351 357 3491 417 1194

225 481 358 540 dum
415 477 773 552 sempiternas
827 490 1018 545 poenas
1066 485 1405 530 terrenorum
1462 479 1809 542 peccatorum
1838 471 1889 529 Α
1914 481 2105 538 poenas
2134 467 2415 551 condigna:
2444 467 2693 524 vindicta:
2718 468 2868 524 luere
2893 467 3040 525 facit.
3058 469 3212 526 Unde
3241 478 3296 526 et
3324 474 3498 542 sequi-

226 571 350 629 luit.

303 666 547 724 Samech.
577 683 596 717 ‹
629 663 866 720 Abstulit
892 677 1081 719 omnes
1106 660 1420 732 magniﬁcos
1449 673 1599 714 meos
1629 656 1815 711 Domi-

232 776 252 811 ι
291 773 395 814 nus
421 757 487 812 de
523 757 699 812 medio
720 756 847 822 mei,
876 754 1088 809 vocavit
1127 753 1414 806 adversum
1456 765 1543 804 me
1583 759 1812 818 tempus,

231 869 252 902 ι
289 859 351 904 ιιι
382 857 699 904 contereret
743 848 945 902 electos
986 858 1156 900 meos.
1200 862 1222 897 ι
1269 841 1507 896 Abstulit
1555 841 1816 902 Dominus

226 941 547 1012 magniﬁcos
586 940 756 1010 plebis
802 937 1038 993 Judaica:
1088 937 1144 991 in
1191 943 1431 1005 tempore
1485 933 1815 1004 captivitatis

225 1048 363 1100 suae,
388 1033 604 1103 quando
629 1031 919 1102 prophetas
946 1040 1002 1085 et
1031 1029 1361 1091 sacerdotes,
1385 1041 1612 1096 quorum
1640 1042 1741 1096 ope
1763 1035 1818 1081 et

225 1122 478 1178 doctrina
514 1122 749 1177 maxime
782 1121 1068 1177 sustentati
1108 1127 1262 1184 sunt,
1294 1125 1518 1188 propter
1555 1115 1817 1170 malitiam

223 1232 418 1272 eorum
448 1226 504 1270 et
533 1215 798 1272 scelerum
827 1213 1223 1268 multitudinem
1242 1252 1255 1274 ,
1295 1209 1436 1280 apud
1468 1209 1587 1263 illos
1618 1208 1818 1263 habere

225 1321 339 1361 non
372 1307 649 1376 permisit,
678 1306 820 1361 sicut
857 1303 1122 1373 propheta
1147 1301 1335 1356 Daniel
1365 1301 1423 1354 iri
1446 1299 1692 1355 oratione
1722 1312 1818 1352 sua

227 1405 485 1463 testatur,
513 1396 698 1452 dicens
723 1412 736 1448 :
771 1412 791 1445 ‹
827 1394 1076 1460 Domine,
1107 1407 1214 1448 non
1244 1399 1328 1448 est
1355 1391 1411 1446 in
1441 1401 1684 1460 tempore
1714 1389 1818 1444 hoc

224 1487 500 1558 princeps,
527 1500 629 1540 nec
653 1485 912 1557 prOpheta
946 1492 1001 1540 et
1042 1483 1170 1550 dux,
1215 1499 1389 1554 neque
1419 1482 1816 1546 holocaustum,

225 1590 411 1647 neque
433 1575 783 1641 sacriﬁcium,
809 1589 981 1645 neque
1010 1574 1314 1638 incensum,
1340 1587 1515 1644 neque
1534 1570 1688 1627 locus
1709 1571 1820 1639 pri-

226 1667 510 1723 mitiarum
540 1680 726 1721 coram
758 1674 828 1730 te,
855 1672 915 1719 ut
942 1664 1215 1735 possimus
1243 1656 1820 1717 invenire-misericor-

227 1754 378 1812 diam
410 1753 572 1825 (Dan.
599 1754 705 1825 ιιι).
738 1773 756 1806 ι
786 1753 879 1809 Sic
914 1763 970 1808 et
1016 1754 1104 1808 ab-
1125 1751 1306 1806 anima
1343 1749 1607 1805 diabolica
1633 1748 1820 1803 fraude

1922 568 2028 614 tur.
2067 579 2085 610 α
2113 560 2180 614 Ει
2207 559 2393 614 oculus
2418 575 2571 615 meus
2599 561 2870 616 deducens
2909 575 3104 630 aquam
3130 580 3142 615 :
3171 564 3297 630 quia
3337 563 3498 632 longe

1918 651 2090 708 factus
2141 661 2225 707 cst
2275 668 2305 707 a
2360 666 2448 707 me
2499 653 2831 720 consolator,
2889 663 3211 710 convertens
3261 656 3498 710 animam

1918 760 2112 799 meam.
2145 745 2295 799 Facti
2324 753 2448 799 sunt
2477 745 2571 798 ﬁlii
2601 746 2705 800 mei
2735 746 2950 816 perditi,
2982 748 3237 817 quoniam
3273 746 3500 804 invaluit

1918 834 2187 891 inimicus.
2239 855 2257 888 ι
2302 834 2427 890 Ideo
2472 849 2682 904 quoque
2728 833 2883 889 ﬂetus
2926 835 3112 907 ingens
3159 837 3353 891 animae
3398 837 3497 892 (lu-

1919 927 2079 983 lentis
2109 929 2453 994 describitur,
2489 928 2613 998 quia
2657 937 2779 997 post
2822 943 3014 982 vanam
3058 929 3297 984 laztitiaiu
3338 929 3499 998 hujus

1919 1018 2102 1072 mundi
2134 1019 2310 1073 omnis
2347 1018 2646 1073 consolatio
2671 1019 2950 1088 praesentis
2977 1020 3097 1074 vitae
3125 1021 3198 1074 illi
3232 1021 3496 1084 aufertur,

1920 1107 2127 1168 fructus
2156 1100 2420 1163 malorum
2457 1124 2682 1178 operum
2723 1111 3102 1180 dissipabitur,
3134 1120 3187 1164 et
3225 1112 3369 1167 solus
3398 1113 3500 1165 ini-

1919 1198 2091 1253 micus
2120 1199 2260 1254 inter
2291 1208 2559 1255 tormenta
2583 1201 2734 1254 varia
2767 1201 2911 1255 illius
2935 1201 3264 1257 dominatur.

1993 1287 2125 1343 Phe.
2164 1309 2182 1342 ‹
2214 1290 2486 1359 Expandit
2516 1289 2645 1346 Sion
2691 1307 2886 1347 manus
2928 1307 3082 1357 suas,
3131 1307 3239 1346 non
3278 1302 3361 1346 est
3410 1291 3501 1360 qui

1927 1401 1944 1434 ‹
1980 1380 2286 1436 consoletur
2325 1395 2464 1435 eam.
2503 1379 2777 1436 M-andavit
2804 1383 3063 1436 Dominus
3100 1382 3385 1436 adversum
3414 1380 3504 1434 Ja—

1927 1490 1946 1524 c
1981 1472 2114 1536 cob,
2147 1471 2202 1525 in
2231 1471 2461 1526 circuitu
2487 1469 2606 1540 ejus
2630 1471 2814 1525 hostes
2843 1473 2975 1542 ejus.
3008 1473 3169 1527 Facta
3199 1479 3279 1527 est
3308 1472 3503 1525 Hieru-

1927 1578 1944 1611 ί
1981 1554 2163 1622 salem'
2187 1562 2344 1631 quasi
2382 1560 2582 1631 polluta
2636 1565 2930 1617 menstruis
2971 1563 3112 1618 inter
3161 1578 3271 1618 cos.
3321 1583 3338 1614 ι
3388 1563 3505 1617 Cir-

1921 1652 2172 1707 cumdata
2216 1651 2346 1707 Sion
2377 1652 2693 1723 captivitate
2732 1653 3136 1719 Chaldmorum,
3165 1655 3412 1724 quaesivit
3449 1669 3506 1709 se

1921 1742 2292 1798 consolantem
2320 1749 2375 1797 et
2404 1756 2511 1796 non
2536 1743 2773 1810 invenit,
2802 1759 2866 1799 eo
2890 1745 3032 1813 quod
3062 1746 3346 1800 Dominum
3385 1759 3506 1812 pec-

229 1822 459 1916 decepl'a
485 1886 500 1912 ν
545 1822 833 1916 post'quam
862 1858 981 1898 eam
1014 1843 1268 1898 inimicus
1309 1840 1455 1895 imus
1483 1838 1752 1908 captivam
1788 1851 1819 1891 δ
1847 1822 1895 1880 Β
1923 1831 2058 1885 catis
2086 1830 2425 1901 exigentibus
2454 1846 2640 1886 verum
2668 1848 2774 1887 non
2803 1836 3001 1888 meruit
3027 1835 3227 1890 habere
3253 1835 3507 1891 consola-

230 1945 378 1994 statu
406 1945 568 1993 rectae
597 1937 746 2001 ﬁdei,
771 1943 828 1990 et
848 1942 1012 1990 recta:
1048 1942 1104 1988 et
1133 1933 1288 1987 bonae
1314 1930 1744 1987 conversationis
1765 1929 1822 1985 in

229 2024 608 2083 confusionem
636 2025 838 2083 erroris
866 2024 1183 2089 abduxerit,
1229 2031 1540 2078 sanctorum
1564 2021 1823 2092 praedica-

230 2127 413 2174 torum
441 2117 744 2174 doctrinam
768 2123 824 2171 et
849 2116 1095 2186 exempla
1120 2129 1151 2169 a
1176 2123 1470 2183 conspectu
1495 2112 1674 2168 cordis
1706 2110 1823 2179 ejus

229 2224 333 2281 per
353 2210 676 2266 oblivionem
703 2207 881 2263 aufert
913 2226 925 2261 :
953 2223 1148 2278 nempe
1172 2214 1232 2261 ut
1257 2221 1378 2262 eam
1401 2205 1684 2276 spoliatam
1713 2205 1823 2259 vir-

229 2300 462 2364 tutibus,
493 2298 705 2354 facilius
730 2298 786 2353 in
808 2306 958 2354 terra
986 2298 1162 2354 aliena
1182 2297 1476 2368 possideat,
1509 2311 1576 2351 ne
1609 2309 1707 2367 per
1739 2310 1824 2352 re~-

231 2390 605 2447 cordationem
657 2389 777 2445 sani
814 2389 1080 2460 dogmatis
1123 2396 1176 2443 et
1221 2387 1654 2444 melioratiouem
1699 2388 1825 2442 vita:

232 2480 305 2538 ad
330 2488 529 2537 statum
553 2480 842 2551 pristinum
869 2489 1193 2537 revertatur.

308 2573 430 2628 Ain.
489 2593 508 2624 ‹
556 2572 818 2630 Torcular
863 2572 1092 2628 calcavit
1145 2571 1406 2626 Dominus
1455 2569 1648 2642 virgini
1701 2568 1826 2624 ﬁliae

242 2680 262 2715 ι
301 2660 438 2717 Juda
458 2702 473 2728 ,
507 2662 710 2718 idcirco
739 2678 840 2732 ego
868 2662 1103 2732 plorans.
1144 2681 1161 2713 ι
1203 2661 1423 2733 Legitur
1450 2676 1582 2733 ergo
1610 2661 1676 2717 de
1709 2670 1822 2716 tor-

234 2750 411 2808 culari
438 2752 494 2806 in
518 2751 655 2806 Isaia
679 2753 939 2821 propheta
967 2751 1255 2806 Dominum
1285 2751 1487 2806 dixisse
1523 2765 1538 2804 :
1576 2770 1594 2802 ‹
1627 2749 1826 2805 Torcu-

234 2837 326 2895 lar
348 2839 550 2896 calcavi
577 2840 744 2906 solus,
774 2848 828 2896 et
856 2842 922 2896 de
949 2841 1198 2912 gentibus
1226 2856 1332 2895 non
1361 2851 1443 2897 est
1471 2842 1557 2896 vir
1587 2857 1820 2906 mecum,

237 2931 444 2988 calcavi
472 2946 565 2987 eos
593 2931 648 2987 in
676 2931 856 2986 furore
883 2947 1035 2997 meo,
1077 2941 1134 2987 et
1173 2931 1486 2986 conculcavi
1518 2945 1613 2986 eos
1649 2931 1706 2985 in
1746 2931 1828 2985 ira

237 3037 383 3078 mea.
409 3022 477 3077 Et
498 3037 746 3092 aspersus
765 3030 848 3077 est
865 3023 1085 3092 sanguis
1107 3038 1295 3080 eorum
1324 3038 1486 3092 super
1507 3022 1828 3077 vestimenta

237 3128 381 3177 mea,
410 3121 463 3168 et
487 3114 668 3168 omnia
706 3113 1019 3169 indumenta
1047 3128 1166 3168 mea
1191 3114 1491 3182 inquinavi.
1528 3113 1652 3168 Dies
1681 3113 1827 3168 enim

237 3202 463 3259 ultionis
496 3205 551 3259 in
579 3205 742 3261 corde
776 3220 898 3260 meo
917 3245 930 3270 ,
969 3221 1145 3260 annus
1173 3205 1549 3260 retributionis
1575 3220 1709 3260 meae
1736 3219 1826 3261 ve-

238 3293 326 3349 nit
363 3292 497 3364 (Isa.
530 3295 706 3366 Lxm‘).
748 3315 767 3347 ι
805 3295 1098 3350 Dicendum
1128 3304 1212 3350 est
1242 3296 1423 3366 itaque
1450 3298 1515 3352 de
1548 3297 1825 3365 torculari,

238 3382 386 3452 quod
410 3381 565 3452 juxta
595 3382 890 3454 Scripturae
919 3392 1122 3439 sancta:
1168 3386 1615 3441 consuetudinem
1660 3386 1831 3441 inter-

240 3475 371 3530 dum
391 3491 491 3545 pro
510 3476 714 3531 ultione
734 3483 895 3543 atque
927 3474 1204 3544 suppliciis
1223 3477 1441 3544 ponitur
1459 3487 1828 3545 peccatorum,

241 3565 514 3621 interdum
539 3566 596 3620 in
637 3566 1050 3637 congregatione
1082 3581 1346 3621 novorum
1391 3566 1682 3622 fructuum.
1724 3568 1830 3623 Pro

241 3659 423 3730 pomis
453 3659 673 3730 ponitur
707 3668 868 3728 atque
901 3659 1208 3723 tormentis,
1230 3667 1291 3712 ut
1328 3657 1593 3714 Jeremias
1616 3661 1667 3713 in
1695 3675 1832 3730 prte-

242 3748 386 3804 senti
414 3748 796 3804 lamentatione
817 3748 1078 3819 plangens
1103 3748 1443 3803 eversionem
1469 3749 1828 3817 Hierusalem,

243 3840 519 3911 loquitur:
550 3857 570 3890 ‹
609 3838 870 3895 Torcular
897 3840 1126 3894 calcavit
1155 3841 1414 3895 Dominus
1466 3842 1659 3911 virgini
1706 3842 1831 3896 ﬁlia:

244 3929 385 3986 Juda
413 3949 425 3983 :
453 3930 574 3985 ideo
596 3942 698 4000 ego
717 3929 890 3999 ploro.
922 3949 940 3981 ι
973 3928 1032 3983 ln
1061 3929 1256 3984 bonam
1284 3939 1488 4000 partem
1521 3931 1830 3986 scribuntur

244 4022 447 4078 Psalmi
472 4036 571 4092 pro
612 4021 971 4076 torcularibus
1004 4030 1228 4077 octavus
1257 4031 1310 4075 et
1340 4024 1697 4092 octogesimus
1724 4033 1831 4078 ter-

245 4114 397 4167 tius:
431 4113 486 4167 in
524 4128 630 4182 quo
667 4112 919 4166 torculari
955 4121 1010 4168 et
1048 4113 1203 4167 malis
1238 4114 1527 4183 supplicia,
1577 4123 1630 4168 et
1673 4115 1829 4171 bonis

245 4202 470 4272 praemia
509 4216 540 4255 a
579 4200 860 4256 Salvatore
887 4202 1181 4257 calcantur.
1231 4201 1386 4256 Solus
1424 4203 1536 4271 ipse
1578 4205 1824 4271 calcavit,

246 4291 562 4361 nullumque
604 4292 794 4347 habuit
831 4291 1152 4360 adjutorem.
1205 4291 1390 4362 Neque
1439 4294 1582 4348 enim
1633 4295 1824 4366 angeli,

247 4391 344 4436 aut
368 4382 696 4452 archangeli,
725 4383 922 4448 throni,
950 4382 1375 4448 dominationes,
1408 4393 1502 4439 aut
1526 4384 1632 4439 ulla
1671 4385 1829 4441 caele-

247 4473 413 4528 stium
443 4481 772 4542 potestatum
800 4474 1095 4528 humanum
1128 4489 1323 4545 corpus
1351 4476 1607 4542 assumit,
1645 4486 1698 4533 et
1726 4492 1826 4547 pro
1852 4503 1905 4562 Ι)

246 4564 407 4620 nobis
434 4579 591 4634 passa
617 4573 722 4630 est,
750 4573 806 4620 et
829 4566 1165 4621 conculcavit
1189 4567 1529 4622 adversarias
1557 4568 1829 4624 fortitudi-

248 4669 348 4710 nes
372 4665 534 4724 atque
562 4656 851 4722 contrivit,
896 4657 991 4712 sed
1033 4657 1123 4712 ille
1167 4657 1312 4713 solus
1355 4659 1448 4728 qui
1493 4659 1732 4728 loquitur
1772 4660 1826 4714 in

249 4746 460 4817 psalmo
486 4764 501 4803 :
535 4764 552 4796 ι
579 4745 796 4801 Salvum
827 4760 914 4800 me
938 4745 1043 4812 fac,
1072 4745 1319 4811 Domine,
1350 4747 1602 4816 quoniam
1632 4747 1828 4803 defecit

250 4845 472 4893 sanctus
505 4823 678 4909 (Paul.
714 4837 824 4907 x1);
859 4855 877 4886 ι
911 4836 966 4889 in
994 4843 1217 4903 ;tantum
1260 4845 1319 4891 ut
1360 4839 1523 4892 etiam
1553 4838 1830 4894 conﬁden-

251 4930 493 4984 tissimus
521 4928 660 4982 etin
699 4927 804 4982 ﬁde
830 4927 1168 4982 ﬁrmissimus
1205 4928 1478 4996 apostolus
1521 4929 1715 4983 Petrus
1757 4931 1828 4984 ti-

250 5033 406 5076 more
432 5001 751 5088 perterritus
781 5017 1016 5088 fugeret,
1049 5018 1154 5072 imo
1188 5018 1469 5072 Dominum
1498 5027 1581 5073 ter
1608 5028 1827 5091 negaret

254 5110 473 5182 (Matth.
501 5109 674 5181 xxvr).
707 5108 965 5164 Torcular
999 5123 1126 5178 ergo
1168 5107 1394 5163 calcavit
1422 5109 1680 5164 Dominus
1721 5110 1830 5163 vir-

254 5201 368 5275 gini
397 5199 518 5256 ﬁliae
541 5197 678 5255 Juda
708 5199 920 5270 quando
945 5198 1042 5252 viti
1077 5197 1418 5253 infructuosa:
1443 5197 1747 5253 Judaeorum
1775 5207 1831 5253 et

255 5294 346 5349 diu
372 5291 542 5345 sterili
564 5289 930 5359 permanenti,
956 5289 1041 5343 cui
1063 5303 1161 5358 per
1182 5289 1373 5344 Isaiam
1405 5289 1598 5344 dicitur
1628 5307 1640 5343 :
1673 5308 1692 5340 ‹
1719 5290 1827 5344 Ex—

256 5385 497 5457 spectavi
527 5391 589 5438 ut
615 5382 818 5439 faceret
844 5399 994 5448 uvas,
1028 5393 1084 5438 et
1108 5386 1234 5440 fecit
1255 5385 1530 5440 labruscas
1555 5383 1773 5456 (lsa.v),
1803 5405 1822 5440 ι

255 5474 588 5548 captivitatis
604 5475 1006 5544 oppressionem
1033 5476 1373 5545 praeparavit.
1399 5476 1620 5547 Mystice
1649 5486 1826 5533 autem

256 5569 454 5623 animae
473 5565 758 5621 virtutibus
779 5564 1076 5620 infecunda:
1096 5576 1149 5621 et
1166 5569 1322 5623 bonis
1346 5568 1596 5638 operibus
1624 5584 1827 5636 vacum,

257 5673 363 5714 nec
384 5657 510 5714 ﬁdei
534 5655 768 5714 fructum
792 5657 1047 5728 gignenti,
1073 5657 1332 5714 Dominus
1355 5659 1589 5714 torcular
1615 5659 1788 5714 calcat
1812 5678 1824 5713 :

260 5748 478 5818 quando
505 5762 623 5804 eam
654 5762 753 5817 pro
783 5747 1062 5802 sterilitate
1087 5762 1205 5813 sua,
1238 5759 1294 5806 et
1315 5751 1584 5807 otiositate
1612 5751 1828 5808 inimica

736 5838 1006 5897 PATROL.
1052 5837 1214 5899 CXI.

1930 1929 2126 1985 torem,
2158 1920 2250 1991 qui
2275 1936 2394 1976 eam
2418 1921 2643 1978 tradidit
2663 1922 2906 1979 hostibus
2926 1925 3039 1980 suis
3060 1928 3127 1980 ad
3153 1927 3502 1996 puniendum,

1927 2012 2182 2081 quoniam
2212 2012 2314 2067 sibi
2347 2010 2588 2079 subjecta
2627 2027 2748 2074 esse
2791 2013 2962 2068 noluit
3000 2015 3065 2070 ad
3103 2015 3457 2072 obediendum
3491 2035 3503 2070 :

1926 2103 1999 2157 ita
2029 2112 2084 2158 et
2112 2104 2293 2158 anima
2326 2104 2593 2159 credentis
2629 2101 2892 2169 hominis,
2931 2121 3050 2174 quae
3084 2107 3354 2174 quondam
3396 2117 3510 2161 erat

1926 2194 2202 2264 speculum
2245 2194 2374 2261 Dei,
2406 2203 2462 2249 et
2503 2195 2893 2266 supplantatrix
2928 2197 3206 2262 vitiorum,
3248 2213 3370 2252 cum
3410 2214 3508 2266 pro

1927 2284 2081 2340 malis
2111 2284 2325 2340 meritis
2351 2285 2584 2340 traditur
2612 2286 2944 2356 spiritalibus
2986 2288 3273 2358 nequitiis,
3303 2287 3507 2342 frustra

1926 2377 2229 2437 forinsecus
2257 2377 2452 2447 quzerit
2480 2377 2875 2432 consolatorem
2895 2418 2911 2445 ,
2939 2394 3067 2449 quae
3087 2379 3390 2457 .spiritalem
3421 2381 3503 2434 inv

1929 2469 2095 2524 terius
2139 2469 2370 2537 perdidit
2411 2468 2853 2524 consolationem.
2889 2488 2908 2521 ‹
2945 2471 3108 2526 Facta
3151 2481 3264 2538 est,
3311 2475 3506 2542 inquit,

1929 2558 2268 2614 Hierusalem
2294 2560 2450 2628 quasi
2479 2559 2682 2630 polluta
2711 2562 3002 2616 menstruis
3028 2562 3169 2616 inter
3192 2578 3301 2618 eos.
3331 2582 3356 2614 η»
3383 2563 3507 2618 Pol-

1928 2649 2041 2704 luta
2083 2649 2419 2704 Hierusalem
2465 2650 2664 2705 dicitur
2711 2660 2986 2707 menstrua
3050 2651 3293 2708 foeditate
3339 2656 3508 2724 :quia

1927 2741 2341 2811 sanguinolenta
2370 2756 2531 2812 opera
2573 2751 2628 2797 et
2661 2743 2897 2798 carnalia
2930 2743 3193 2800 desideria
3229 2744 3400 2800 noluit
3428 2747 3506 2799 vi-

1928 2841 2045 2887 tare
2068 2833 2123 2886 in
2153 2848 2319 2904 prava
2347 2831 2772 2889 conversatione.
2801 2834 3075 2891 Menstrua
3111 2837 3255 2891 enim
3292 2836 3508 2893 foeditas

1929 2932 2031 2989 est,
2059 2938 2182 2977 cum
2216 2939 2312 2993 per
2342 2923 2579 2995 singulos
2603 2938 2815 2980 menses
2841 2926 3023 2996 gravia
3055 2918 3219 2996 atque"
3247 2929 3511 2997 torpentia

1931 3013 2217 3068 mulierum
2253 3027 2480 3082 corpora
2520 3016 2781 3070 immundi
2811 3018 3089 3086 sanguinis
3127 3017 3389 3074 effusione
3422 3035 3510 3073 rc-

1934 3105 2216 3160 levantur:
2246 3122 2352 3175 quo
2371 3115 2611 3177 tempore
2635 3107 2680 3163 si
2695 3109 2778 3162 vir
2803 3108 2992 3164 coierit
3010 3125 3132 3164 cum
3154 3111 3402 3177 muliere,
3428 3112 3510 3165 di-

1936 3202 2131 3250 cuntur
2159 3197 2403 3264 concepti
2426 3196 2566 3250 fetus
2595 3197 2786 3250 vitium
2815 3198 3034 3251 seminis
3063 3199 3297 3263 trahere,
3331 3200 3404 3251 ita
3451 3210 3509 3253 ut

1932 3285 2134 3355 leprosi
2166 3293 2218 3339 et
2255 3285 2610 3355 elephantiaci
2651 3301 2717 3340 ex
2764 3286 2868 3340 hac
2903 3286 3252 3355 conceptione
3286 3303 3511 3365 nascan-

1933 3387 2044 3443 tur,
2080 3386 2135 3432 et
2170 3377 2311 3432 foeda
2343 3378 2398 3432 in
2428 3387 2657 3448 utroque
2692 3394 2825 3434 sexu
2855 3395 3112 3450 corporea
3141 3383 3404 3451 pravitate
3429 3385 3514 3438 vel

1932 3470 2252 3524 enormitate
2297 3471 2660 3524 membrorum
2696 3471 2874 3525 sanies
2914 3481 3163 3542 corrupta
3204 3475 3509 3544 degeneret.

1931 3557 2252 3627 Praecipitur
2284 3573 2411 3628 ergo
2443 3558 2496 3612 in
2529 3558 2645 3628 lege
2673 3559 2885 3613 Domini
2927 3559 3108 3630 (Leuit.
3146 3562 3239 3633 xv)
3295 3564 3424 3618 viris
3455 3576 3512 3619 ut

1932 3665 2038 3704 non
2069 3648 2239 3704 solum
2274 3649 2327 3703 in
2355 3650 2544 3704 alienis
2568 3650 2901 3717 mulieribus,
2931 3652 3026 3706 sed
3061 3653 3113 3706 in
3156 3654 3268 3708 suis
3297 3671 3512 3724 quoquc

1933 3740 2128 3808 quibus
2178 3739 2428 3793 videntur
2473 3739 2715 3810 legaliter
2754 3741 3046 3812 conjungi,
3096 3742 3375 3814 Scriptura
3433 3747 3513 3800 di-

1932 3838 2088 3885 cente
2121 3848 2133 3884 :
2174 3847 2192 3880 ‹
2228 3829 2464 3885 Crescite
2489 3841 2544 3884 et
2577 3831 3036 3901 multiplicamini,
3069 3844 3121 3888 et
3163 3838 3366 3906 replete
3405 3848 3513 3893 ter-

1933 3938 2070 3988 ram,
2093 3943 2110 3973 ι
2133 3923 2364 3977 discrete
2389 3924 2707 3978 concubitus
2730 3926 2978 3979 noverint
3007 3936 3267 3997 tempore,
3297 3933 3510 3997 quando

1931 4013 2259 4077 coeundum,
2292 4013 2574 4081 quandove
2614 4015 2682 4082 ab
2723 4015 2982 4069 uxoribus
3012 4016 3387 4071 abstinendum
3419 4020 3506 4074 sit.

1933 4106 2083 4172 Quod
2124 4106 2339 4175 quidem
2381 4114 2436 4158 et
2469 4106 2755 4176 Apostolus
2794 4116 2848 4160 et
2885 4107 3236 4164 Ecclesiastes
3273 4121 3506 4166 sonant:

1939 4217 1956 4250 ‹
1995 4197 2228 4268 Tempus
2255 4199 2620 4266 amplexandi,
2657 4204 2709 4252 et
2735 4207 2945 4270 tempus
2972 4200 3125 4271 longe
3151 4202 3267 4256 ﬁeri
3297 4205 3366 4258 ab
3395 4220 3510 4257 am-

1931 4288 2173 4356 plexibus
2207 4288 2258 4356 (1
2305 4287 2424 4340 Cor.
2472 4303 2578 4354 vn;
2622 4288 2798 4343 Eccle.
2832 4292 2936 4361 ιιι).
2987 4311 3004 4342 ι
3045 4291 3242 4346 Caveat
3285 4309 3412 4365 ergo
3454 4305 3512 4351 et

1929 4394 2066 4432 uxor
2094 4393 2162 4431 ne
2198 4377 2336 4433 forte
2365 4380 2508 4434 victa
2532 4379 2798 4434 desiderio
2826 4381 3051 4435 coeundi
3089 4382 3274 4437 illiciat
3309 4387 3505 4452 virum,

1930 4478 1987 4522 et
2005 4470 2229 4523 maritus
2251 4484 2317 4522 ne
2338 4468 2446 4522 vim
2477 4467 2639 4523 faciat
2662 4470 2840 4536 uxori,
2870 4479 3064 4541 putans
3095 4473 3238 4526 omni
3269 4483 3508 4543 tempore

1933 4559 2230 4629 subjectam
2250 4559 2350 4614 sibi
2374 4573 2493 4632 esse
2514 4559 2707 4613 debere
2728 4561 2957 4631 conjugii
2981 4561 3326 4632 voluptatem.
3356 4565 3506 4621 Unde

1931 4659 1987 4707 et
2032 4650 2228 4705 Paulus
2275 4651 2387 4704 ait:
2432 4667 2450 4700 ‹
2495 4649 2566 4705 Ut
2608 4651 2818 4706 noverit
2857 4654 3223 4723 unusquisque
3272 4666 3506 4710 vestrum

1931 4742 2204 4810 possidere
2223 4755 2317 4794 vas
2340 4756 2494 4794 suum
2519 4740 2572 4794 in
2594 4743 2877 4796 sanctitate
2899 4751 2950 4798 et
2970 4745 3221 4813 pudicitia
3247 4746 3299 4816 (Ι
3323 4746 3501 4802 Thess.

1933 4833 2028 4904 ιν).
2071 4852 2089 4883 ›
2124 4831 2351 4886 Pulchre
2377 4832 2431 4886 in
2465 4831 2605 4885 Sixti
2630 4832 2969 4902 Pythagorici
2998 4837 3334 4892 sententiolis
3368 4839 3503 4894 dici-

1932 4932 2021 4976 tur
2051 4939 2063 4974 :
2094 4921 2317 4976 Adulter
2357 4931 2439 4976 est
2468 4923 2651 4976 uxoris
2688 4924 2921 4991 propriae
2947 4933 3170 4991 amator
3209 4913 3501 4985 ardentior.

1934 5012 2106 5078 Quem
2142 5011 2336 5064 librum
2378 5011 2595 5078 quidam
2636 5011 2689 5063 in
2731 5009 2981 5066 Latinam
3012 5013 3244 5084 linguam
3275 5019 3502 5074 transfe-

1933 5119 2086 5165 rens,
2135 5103 2390 5173 martyris
2433 5101 2574 5157 Sixti
2613 5104 2830 5159 nomine
2860 5103 3026 5159 voluit
3056 5105 3355 5174 illustrare,
3397 5126 3503 5165 non

1934 5196 2286 5252 considerans
2332 5197 2385 5250 in
2429 5205 2541 5251 toto
2587 5197 2892 5263 volumine,
2935 5197 3080 5266 quod
3109 5197 3162 5251 in
3209 5199 3338 5254 duas
3378 5217 3504 5270 par-

1934 5296 2016 5343 tes
2063 5287 2263 5343 frustra
2317 5288 2583 5352 diviserit,
2637 5287 2837 5342 Christi
2889 5303 3082 5342 nomen
3133 5296 3188 5342 et
3236 5291 3504 5357 apostolo-

1933 5397 2053 5435 rum
2101 5382 2319 5436 omnino
2374 5380 2610 5434 reticcri.
2657 5378 2766 5435 Nec
2820 5380 3014 5434 minim
3066 5380 3206 5448 quod
3251 5383 3504 5451 gentilcm

1931 5473 2306 5543 phi1050phum
2343 5471 2397 5526 in
2424 5481 2718 5543 martyrem
2749 5481 2803 5526 et
2838 5472 3092 5526 Romanae
3123 5473 3270 5528 urbis
3300 5477 3505 5543 episco-

1933 5584 2061 5638 pum
2106 5566 2475 5631 transtulerit,
2531 5582 2648 5619 cum
2699 5564 2916 5618 Eusebii
2955 5579 3165 5634 quoque
3207 5564 3504 5622 Caesarien-

1933 5660 2008 5713 sis
2059 5658 2287 5727 primum
2338 5672 2437 5726 pro
2482 5656 2710 5724 Origene
2755 5655 2948 5709 librum
2995 5654 3257 5725 Pamphili
3305 5668 3505 5729 marty-

1933 5751 2010 5806 ris
2047 5749 2306 5806 vocabulo
2334 5750 2577 5814 .notarit,
2618 5757 2676 5802 ut
2726 5747 2932 5803 facilius
2979 5749 3071 5802 tali
3111 5749 3385 5806 laudatore
3434 5752 3503 5807 li-

2993 5841 3070 5902 38
