3952 6344
452 312 593 375 H95

1056 312 1133 371 Βν
1167 310 1420 369 RABANI
1460 310 1684 369 MAURI
1717 308 2035 365 ARCHIEP.
2078 308 2387 369 MOGUNT.
2419 302 2707 376 OPERUM
2757 318 2937 378 PARS
2972 323 3059 379 ill.

3591 325 3727 382 H96

448 431 577 487 bros
600 427 946 501 impiissimos
968 430 1087 505 Περὶ
1112 429 1293 504 ἀρχῶν
1314 424 1575 481 Romanis
1601 424 1916 481 conciliaret
1939 440 2034 480 au-
2060 427 2111 489 Α
2137 427 2235 483 Est
2272 428 2417 485 eniin
2467 434 2725 501 amicitia,
2771 443 2829 489 ut
2878 436 3099 506 quidam
3146 439 3241 505 ait,
3274 439 3410 495 nihil
3439 439 3587 495 aliud
3628 442 3728 498 nisi

448 520 620 576 ribus.

519 609 677 665 Sade.
712 627 732 661 ε
765 607 951 666 Justus
975 617 1059 665 est
1083 609 1344 668 Dominus
1360 611 1491 681 quia
1509 626 1571 666 os
1594 608 1710 678 ejus
1732 610 1800 667 ad
1823 610 2037 667 iracun-
2071 606 2075 610 ’

455 719 474 752 ι
510 699 653 755 diam
674 699 982 769 provocavi.
1000 697 1217 767 Audite,
1234 700 1484 767 obsecro,
1506 701 1737 756 universi
1759 700 1963 771 populi,
1984 709 2040 757 et
2098 695 2103 699 ’

454 809 475 844 ε
506 790 686 845 videte
721 787 961 857 dolorem
1007 803 1208 857 meum.
1247 787 1499 863 Virgines
1537 805 1670 845 meae
1718 798 1773 845 et
1807 789 2038 859 juvenes

454 900 473 935 ι
510 881 615 936 mei
646 882 896 937 abierunt
921 880 975 936 in
1000 881 1388 969 captivitatem.
1419 901 1438 934 ι
1474 881 1818 949 Querimonia
1846 880 2037 938 ﬂebilis

446 972 760 1045 perducitur
807 972 877 1039 ad
922 972 1253 1045 agnitionem
1306 971 1587 1029 sententia:
1630 972 1772 1043 justi
1814 971 2032 1041 judicis.

445 1059 740 1137 Postquam
780 1063 925 1119 enim
961 1064 1078 1120 haec
1110 1059 1467 1124 lamentatrix'
1486 1062 1855 1119 calamitatem
1881 1077 2035 1118 suam

446 1155 820 1222 cunmeravit,
865 1155 1060 1219 merito
1107 1168 1167 1209 se
1214 1146 1355 1209 hanc
1396 1153 1509 1225 pati
1549 1153 2030 1210 commemoravit:

444 1248 571 1319 quia
609 1247 789 1317 justus
828 1237 993 1316 judex
1039 1261 1145 1300 non
1192 1244 1356 1301 aliam
1403 1245 1547 1302 ferre
1594 1254 1813 1317 potest,
1869 1261 2034 1317 quam

440 1334 644 1406 justam
700 1334 1045 1415 sententiam.
1087 1352 1105 1387 ι
1137 1332 1323 1391 Justus
1367 1343 1480 1401 est,
1514 1336 1720 1415 inquit,
1752 1336 2032 1401 Dominus,

444 1427 570 1497 quia
619 1440 681 1482 os
721 1427 839 1498 ejus
876 1425 942 1481 ad
981 1412 1316 1485 iracundiam
1352 1412 1640 1496 provocavi
1665 1468 1679 1493 ,
1717 1447 1735 1479 ι
1777 1427 1881 1483 hoc
1928 1435 2030 1493 est,

439 1513 644 1585 justum
665 1511 935 1585 iudicem,
970 1523 1038 1571 et
1082 1523 1273 1570 natura
1300 1515 1643 1595 clementem,
1689 1516 1824 1581 meis
1850 1516 2034 1586 pravis

446 1608 657 1665 meritis
689 1605 928 1680 compuli
958 1607 1148 1662 duram
1180 1612 1367 1662 contra
1395 1620 1481 1659 me
1509 1604 1651 1660 ferre
1681 1605 2029 1661 sententiam.

444 1699 686 1755 Membra
708 1698 854 1754 enim
881 1695 1135 1763 hominis,
1162 1696 1302 1752 sicut
1323 1692 1623 1751 etall'ectus
1650 1694 1895 1761 humani,
1921 1703 2033 1750 tro-

2139 519 2380 573 omnium
2405 521 3191 595 divinarumhumanarumque
3207 543 3390 582 rerum
3414 545 3542 585 cum
3568 529 3731 585 bene-

2138 610 2373 666 volentia
2404 618 2461 667 et
2503 612 2769 670 charitate
2797 615 3101 671 consensio.
3134 616 3285 672 Unde
3310 628 3367 673 et
3396 628 3547 674 recte
3598 621 3734 675 scri-

2137 700 2287 772 ptum
2316 713 2442 760 est:
2484 723 2504 757 ε
2543 703 2733 763 Amico
2765 706 2907 763 fideli
2957 709 3102 771 nulla
3148 717 3233 764 est
3279 714 3639 783 comparatio,
3680 722 3733 769 et

2138 808 2247 848 non
2276 802 2364 851 est
2386 794 2545 865 digna
2565 797 2882 866 ponderatio
2905 800 3022 855 auri
3044 808 3100 854 et
3125 803 3335 870 argenti
3358 812 3552 858 contra
3580 803 3733 857 boni-

2141 891 2309 940 tatem
2339 883 2465 939 fidei
2488 882 2631 941 illius
2661 884 2858 959 (Exod.
2885 888 2984 958 γι).
3025 875 3225 956 {Quod
3252 902 3434 946 autem
3464 893 3622 957 dicit,
3646 907 3732 947 sa-

2136 977 2387 1033 cerdotes
2411 986 2466 1032 et
2491 992 2647 1035 senes
2678 977 2733 1032 in
2777 980 2910 1034 urbe
2943 991 3311 1052 consumptos,
3341 985 3585 1040 ostendit
3607 985 3732 1054 quia

2136 1066 2207 1122 ob
2232 1067 2553 1122 tenuitatem
2597 1068 2792 1133 victus,
2823 1067 2966 1123 fame
3008 1079 3063 1124 et
3097 1070 3185 1125 siti
3232 1074 3539 1141 perierunt,
3586 1075 3733 1132 sicut

2135 1155 2193 1212 in
2217 1156 2499 1213 obsidione
2522 1158 2756 1213 hostium
2790 1152 3201 1230 Jerosolymitae,
3239 1170 3299 1216 ut
3345 1164 3592 1220 historiae
3618 1174 3730 1220 tra-

2138 1244 2302 1314 dunt,
2346 1248 2544 1317 saepius
2575 1249 2819 1321 cantigit.
2861 1247 3094 1323 Mystice‘
3129 1260 3345 1319 autem,
3388 1256 3570 1308 anima
3611 1270 3731 1324 quae

2135 1336 2501 1408 voluptatibus
2525 1347 2581 1393 et
2605 1334 2889 1395 desideriis
2931 1341 3113 1397 carnis
3139 1342 3407 1407 innititur,
3436 1343 3731 1399 sacerdotii

2137 1428 2453 1500 dignitatem
2483 1437 2544 1484 et
2567 1430 2935 1485 maturitatem
2964 1430 3198 1497 consilii,
3229 1441 3452 1503 prepter
3477 1433 3729 1504 indigen-

2138 1520 2267 1573 tiam
2294 1508 2595 1589 sapientiae,
2619 1528 2676 1576 et
2696 1520 2933 1591 inopiam
2960 1520 3221 1575 virtutum
3246 1523 3424 1591 perdit
3463 1542 3476 1577 :
3529 1541 3549 1573 ι
3576 1523 3730 1577 Mun-

2137 1612 2238 1667 dus
2266 1612 2412 1669 enim
2439 1612 2633 1669 transit
2676 1622 2731 1668 et
2758 1612 3228 1691 concupiscientia
3259 1612 3313 1685 (Ι
3368 1613 3534 1669 Joan.
3564 1614 3649 1684 ιι).
3701 1635 3721 1668 ι

2135 1700 2402 1775 .‘Egyptus
2427 1718 2564 1772 vane
2607 1689 2976 1766 auxiliabitur,
3025 1711 3082 1758 et
3125 1703 3348 1759 baculus
3396 1704 3729 1771 arundinetis

445 1790 566 1862 pice
614 1790 725 1873 Deo
775 1786 1176 1852 adscribuntur,
1227 1801 1335 1841 non
1387 1784 1647 1857 proprie:
1699 1785 1826 1856 quia
1869 1785 2033 1840 incir-

2148 1806 2300 1880 atque
2362 1792 2670 1855 confractus
2724 1792 2905 1866 super
2936 1810 2993 1852 se
3036 1797 3326 1855 innitentes
3370 1796 3608 1864 lacerat,
3666 1812 3729 1852 ac

444 1868 829 1949 cumscriptum
842 1875 1023 1936 lumen
1048 1884 1103 1931 et
1129 1875 1392 1931 immensa
1406 1868 1672 1944 ‘majestas
1691 1869 2035 1931 lineamentis

443 1968 722 2041 corporeis
746 1964 1119 2023 circumscribi
1150 1980 1257 2021 non
1283 1965 1454 2021 novit.
1489 1982 1507 2015 ι
1543 1963 1760 2031 Audite,
1792 1965 1889 2030 ait,
1914 1966 2036 2019 uni-

444 2059 588 2114 versi
626 2057 832 2129 populi,
862 2064 918 2112 et
944 2056 1122 2112 videte
1138 2054 1388 2112 dolorem
1418 2070 1618 2120 meum,
1642 2055 1767 2124 quia
1798 2055 2037 2129 virgines

446 2163 579 2204 meae
626 2156 681 2203 et
720 2146 946 2216 juvenes
1001 2145 1106 2201 mei
1152 2145 1402 2201 abierunt
1460 2144 1515 2199 in
1570 2145 1955 2220 captivitatem.
2008 2164 2029 2198 ι

442 2237 713 2318 Plurimos
756 2234 823 2291 ad
864 2236 1155 2291 videndum
1183 2235 1423 2291 dolorem
1455 2249 1611 2290 suum
1645 2232 1839 2291 invitat
1868 2254 1879 2289 :
1910 2236 2036 2305 quia

442 2322 811 2383 calamitatem
841 2340 997 2381 suam
1026 2325 1168 2381 ultra
1206 2326 1426 2383 modum
1455 2326 1715 2395 grandem
1744 2342 1865 2382 esse
1893 2326 2037 2382 msti-

445 2424 580 2485 r'nat,
611 2427 671 2475 ut
703 2419 934 2475 aliorum
964 2418 1339 2488 wmpassione
1362 2417 1695 2473 anxietatem
1731 2434 1884 2473 suam
1910 2435 2039 2488 quo-

444 2508 732 2583 dammodo
752 2506 970 2579 leviget,
1004 2507 1133 2563 dum
1162 2507 1530 2564 consolatores
1563 2518 1619 2563 et
1668 2507 2038 2565 sublevatores

446 2600 708 2671 angustiae
735 2614 846 2655 suae
877 2598 978 2654 sibi
1012 2598 1249 2655 adhibet.
1279 2594 1427 2652 Tali's
1464 2608 1547 2653 est
1584 2599 1729 2653 enim
1772 2607 1901 2669 usus
1940 2599 2040 2653 hu-

444 2692 589 2745 mani
616 2688 860 2755 aii‘ectus,
877 2686 939 2743 ut
962 2688 1163 2744 doloris
1184 2689 1288 2754 sui,
1312 2688 1425 2744 sive
1445 2689 1648 2764 gaudii,
1677 2689 1810 2745 alios
1833 2700 2041 2761 quaerat

443 2796 563 2837 esse
591 2779 908 2849 participes,
937 2786 1205 2853 quatenus
1232 2793 1420 2833 eorum
1444 2778 1638 2834 solatio
1666 2778 1877 2834 illatum
1901 2794 2040 2835 onus

446 2872 679 2929 tristitiae
720 2871 835 2926 sive
861 2859 1062 2925 laetitia)
1094 2867 1307 2925 facilius
1332 2878 1512 2939 portet
1549 2870 1699 2943 (Luc.
1739 2873 1850 2943 ιν).
1886 2870 2041 2927 Unde

446 2964 500 3018 in
537 2959 827 3031 Evangelio
858 2959 948 3014 ille
977 2960 1067 3029 qui
1097 2974 1253 3015 ovem
1282 2959 1552 3029 perditam
1594 2958 1911 3043 requisi‘vit,
1944 2976 2042 3016 seu

445 3052 639 3109 mulier
673 3040 793 3120 qum
818 3050 1134 3105 drachmam
1176 3049 1444 3118 perditam
1474 3049 1710 3114 invenit,
1738 3040 2041 3104 co'nvocant

2138 1902 2359 1943 manum
2406 1902 2597 1943 eorum
2647 1886 2931 1958 perforat,
2984 1902 3087 1943 nec
3139 1902 3376 1958 unquam
3430 1888 3727 1959 perfectam

2136 1977 2551 2049 prosperitatem
2575 1977 2687 2036 suis
2709 1977 3043 2035 amatoribus
3071 1977 3322 2035 conferre
3363 1986 3567 2049 potest.

2210 2067 2334 2123 Res.
2394 2086 2413 2119 ‹
2465 2066 2619 2133 Vide,
2664 2067 2915 2134 Domine,
2958 2068 3215 2138 quoniam
3262 2067 3510 2134 tribulor,
3542 2076 3730 2124 venta

2144 2178 2163 2211 ‹
2203 2174 2361 2214 meus
2396 2156 2753 2214 conturbatus
2780 2166 2882 2212 est.
2934 2157 3266 2213 Subversum
3315 2168 3399 2215 est
3424 2173 3523 2213 cor
3550 2173 3729 2215 meum

2145 2271 2163 2304 ι
2206 2253 2259 2306 in
2298 2250 2642 2320 memetipsa,
2669 2250 2927 2320 quoniam
2970 2250 3332 2306 amaritudine
3375 2251 3533 2323 plena
3587 2269 3727 2308 sum.

2145 2360 2163 2392 ι
2208 2334 2366 2397 Foris
2388 2341 2645 2397 interﬁcit
2669 2341 2899 2412 gladius,
2920 2349 2974 2396 et
3000 2342 3143 2416 domi
3170 2357 3317 2397 mors
3350 2343 3546 2398 similis
3573 2353 3675 2399 est.
3706 2364 3725 2397 ι

2141 2433 2281 2502 Quid
2305 2442 2388 2488 est
2422 2434 2565 2502 quod
2602 2434 2863 2504 propheta
2905 2449 2971 2489 ex
3020 2447 3252 2504 persona
3280 2433 3455 2504 plebis
3502 2434 3729 2505 loquens

2143 2526 2211 2581 ad
2239 2525 2532 2584 videndum
2559 2524 2963 2580 tribulationem
2992 2538 3142 2578 suam
3194 2525 3478 2580 Dominum
3518 2526 3729 2590 invitat,

2143 2616 2246 2671 nisi
2270 2617 2415 2685 quod
2470 2616 2797 2671 anxietatem
2852 2630 3005 2685 suam
3034 2614 3254 2668 nimiam
3302 2624 3358 2670 et
3409 2617 3731 2678 immensam

2143 2722 2465 2779 agroscens,
2497 2708 2666 2777 ipsius
2683 2706 3022 2762 solummodo
3041 2708 3196 2777 Opem
3220 2715 3273 2763 et
3302 2708 3731 2769 misericortiam

2144 2798 2248 2853 sibi
2272 2798 2558 2854 subvenire
2592 2798 2850 2869 exoptat?
2876 2798 2943 2852 Et
2965 2798 3218 2868 quoniam
3242 2808 3491 2855 ventrem
3513 2812 3732 2857 contur-

2143 2889 2327 2947 batum
2358 2898 2413 2966 et
2459 2905 2554 2946 cor
2590 2906 2745 2945 suum
2795 2890 2850 2944 in
2898 2889 3189 2961 semetipso
3233 2892 3555 2948 subversum
3609 2911 3731 2950 esse

2147 2989 2410 3047 testatur,
2469 2982 2595 3037 hinc
2664 2983 2827 3037 etiam
2886 2996 2993 3036 non
3054 2982 3412 3037 amaritudine
3462 2999 3529 3039 ex
3580 2994 3733 3055 parte

2147 3079 2366 3136 tactam,
2404 3073 2498 3127 sed
2550 3073 2811 3155 repletam
2860 3088 2918 3128 se
2974 3087 3248 3139 asserens,
3304 3074 3449 3129 intus
3492 3074 3732 3146 forisque
3789 3098 3793 3103 λ

447 3145 652 3200 amicas
704 3150 758 3197 et
794 3142 1037 3206 vicinas,
1066 3148 1124 3195 ut
1151 3147 1322 3196 testes
1358 3141 1615 3196 assistant
1643 3150 1697 3196 et
1731 3140 1915 3211 gaudii
1945 3147 2040 3194 eo-‘

2148 3163 2306 3218 simili
2338 3140 2646 3221 calamitate
2668 3152 2726 3219 se
2753 3162 3032 3237 fatigatam
3056 3164 3340 3222 exclamat.
3368 3163 3505 3220 Huic
3532 3140 3730 3221 similia

446 3253 565 3310 rum
590 3235 884 3307 participes
928 3234 1079 3289 ﬁant.
1121 3233 1275 3301 Quod
1314 3234 1692 3305 ergojuvenes
1719 3245 1775 3290 et
1802 3236 2040 3306 virgines

446 3328 599 3385 abire
649 3328 705 3382 in
766 3325 1135 3397 captivitatem
1188 3324 1476 3394 deplorat,
1514 3325 1752 3380 ostendit
1805 3340 1864 3380 se
1917 3327 2042 3382 inde

447 3406 901 3481 maxime'dolere
924 3462 938 3486 ,
979 3420 1124 3490 quod
1156 3418 1315 3489 'spem
1360 3426 1533 3474 status
1574 3418 1657 3474 sui
1690 3418 1825 3474 vidit
1864 3414 2041 3475 subito

449 3514 742 3571 corruisse.
777 3512 1005 3587 Quando
1034 3510 1180 3565 enim
1210 3509 1451 3565 sobolem
1480 3524 1635 3564 suam
1666 3509 1846 3565 subito
1877 3510 2043 3564 inter-

448 3608 531 3664 ire
566 3605 868 3691 conspexit,
908 3617 1060 3673 spem
1089 3601 1285 3657 futurae
1310 3601 1679 3672 generationis
1705 3602 1907 3657 amisit.

521 3720 688 3793 Coph.
734 3740 751 3771 ι
798 3716 1241 3774 Vocavi-amicos
1282 3718 1433 3771 meos
1470 3722 1527 3769 et
1566 3715 1665 3785 ipsi
1716 3714 2045 3794 deceperunt

456 3834 475 3869 ι
520 3830 625 3869 me.
668 3811 990 3869 Sacerdotes
1013 3808 1139 3873 mei,
1163 3816 1218 3862 et
1238 3821 1395 3863 senes
1419 3807 1526 3862 mei
1558 3807 1611 3862 in
1636 3806 1771 3861 urbe
1795 3820 2045 3861 consum-

458 3922 477 3957 ι
522 3904 599 3975 pti
625 3908 783 3967 sunt,
808 3900 931 3969 quia
976 3897 1307 3979 quaesierunt
1324 3896 1502 3950 cibum
1529 3894 1653 3959 sibi,
1680 3902 1739 3948 ut
1774 3892 2042 3948 refocilla-

459 4014 478 4047 ε
522 4001 643 4048 rent
686 3992 921 4046 animam
945 4002 1116 4043 suam.
1172 4006 1193 4040 ι
1238 3985 1596 4052 Quaerendum
1648 3991 1733 4039 est
1777 3982 2046 4053 quomodo

454 4084 616 4140 amici
653 4081 757 4137 dici
794 4079 1033 4149 possint,
1087 4077 1179 4147 qui
1216 4076 1547 4130 amatoribus
1590 4074 1702 4129 suis
1747 4072 2046 4142 decipulam

453 4172 784 4247 paraverint.
804 4168 979 4223 Verus
1002 4167 1145 4223 enim
1167 4157 1374 4221 amicus
1393 4172 1449 4219 et
1471 4164 1663 4229 fidelis,
1688 4172 1745 4218 ut
1769 4163 2049 4233 Scriptura

457 4273 706 4326 testatur,
746 4258 1009 4331 protectio
1033 4265 1116 4313 est
1157 4256 1343 4324 fortis,‘
1366 4256 1819 4310 medicamentum
1847 4254 1972 4308 vita).
1995 4261 2051 4308 et

457 4352 902 4413 immortalitatis.
960 4349 1112 4405 Unde
1157 4354 1307 4417 patet
1338 4347 1483 4417 quod
1526 4361 1623 4417 per
1665 4344 2049 4414 antiphrasim,

457 4446 677 4517 injuste,
709 4441 917 4519 amicus
943 4438 1177 4503 dicatur,
1220 4436 1313 4506 qui
1342 4436 1598 4505 deceptor
1622 4448 1744 4489 esse
1767 4433 2049 4503 probatur.

2145 3254 2346 3308 Paulus
2372 3240 2645 3324 apostolus
2665 3255 2730 3311 ad
2745 3254 3051 3324 Corinthios
3065 3256 3296 3325 scripsit,
3316 3257 3502 3312 dicens
3526 3277 3539 3312 :
3578 3278 3595 3309 ι
3618 3257 3731 3314 Non

2145 3346 2291 3401 enim
2328 3344 2576 3399 volumus
2606 3346 2854 3415 ignorare
2891 3360 3006 3411 vos,
3042 3344 3257 3411 fratres,
3292 3347 3361 3403 de
3386 3344 3731 3404 tribulatione

2147 3420 2365 3500 nostra,
2378 3451 2496 3505 quae
2520 3434 2657 3509 facta
2684 3444 2769 3490 est
2792 3436 2844 3489 in
2872 3435 3023 3501 Asia,
3049 3437 3303 3505 quoniam
3326 3454 3492 3509 supra
3514 3442 3730 3495 modum

2147 3527 2358 3598 gravati
2384 3541 2571 3581 sumus
2584 3542 2745 3597 supra
2759 3527 3029 3590 virtutem,
3048 3526 3123 3581 ita
3136 3535 3197 3582 ut
3214 3528 3435 3583 underet
3448 3545 3549 3585 nos
3572 3534 3732 3586 etiam

2146 3617 2329 3671 vivere
2355 3615 2438 3687 (II
2474 3615 2597 3671 Cor.
2628 3616 2748 3690 vn).
2788 3635 2808 3669 ι
2842 3616 2911 3671 Et
2934 3616 3102 3671 item:
3149 3634 3169 3667 ‹
3212 3615 3348 3672 Cum
3373 3620 3731 3687 venissemus,

2147 3706 2362 3777 inquit,
2399 3705 2801 3772 Macedoniam,
2839 3706 3042 3760 nullam
3092 3707 3330 3776 requiem
3371 3709 3562 3765 habuit
3608 3726 3733 3767 caro

2148 3804 2354 3859 nostra,
2386 3796 2479 3852 sed
2518 3811 2738 3851 omnem
2778 3796 3181 3852 tribulationem
3222 3798 3371 3867 passi
3412 3813 3429 3852 :
3470 3799 3603 3855 foris
3637 3816 3735 3871 puo

2148 3903 2284 3960 gnae,
2318 3887 2463 3942 intus
2508 3887 2729 3942 timores
2769 3886 2980 3958 (Ibid.).
3026 3906 3045 3939 ι
3090 3886 3381 3943 Sciendum
3409 3904 3540 3944 vero
3592 3890 3733 3961 quod

2151 3974 2205 4038 in
2238 3998 2396 4037 sacro
2421 3981 2633 4052 eloquio
2657 3980 2861 4036 ventris
2888 3979 2973 4035 vel
3002 3981 3143 4035 uteri
3171 3981 3389 4036 nomine
3410 3998 3566 4038 mens
3600 3984 3734 4038 solet

2150 4074 2394 4146 intelligi.
2418 4072 2553 4127 Hinc
2570 4081 2653 4128 est
2679 4073 2822 4127 enim
2846 4058 2989 4141 ίιῗιοςΔ
3005 4088 3100 4141 per
3125 4068 3471 4127 Salomonem
3497 4074 3729 4128 dicitur:

2158 4183 2176 4216 ι
2214 4165 2458 4219 Lucerna
2492 4164 2703 4219 Domini
2733 4163 3056 4233 spiraculum
3087 4163 3339 4231 hominis,
3364 4181 3487 4235 qua:
3510 4166 3731 4220 investi-

2153 4265 2243 4330 gat
2270 4256 2451 4311 omnia
2492 4262 2704 4310 secreta
2743 4254 2950 4308 ventris
2979 4253 3163 4325 (Prov.
3209 4254 3321 4323 xx).
3372 4273 3392 4307 ›
3433 4254 3550 4310 Lux
3587 4256 3731 4310 enim

2155 4350 2360 4422 mtiae,
2386 4363 2505 4418 qua:
2532 4349 2761 4417 desuper
2788 4346 2956 4410 venit,
2982 4346 3307 4418 spiraculum
3334 4346 3575 4403 hominis
3599 4363 3733 4419 prato

2156 4446 2262 4494 stat
2291 4439 2359 4492 ad
2384 4438 2570 4492 vitam.
2593 4436 2722 4513 Qure
2747 4437 2997 4503 videlicet
3025 4436 3113 4491 lux
3142 4437 3320 4492 omnia
3352 4447 3562 4492 secreta
3590 4440 3733 4494 iuve-

459 4536 597 4592 Sunt
619 4534 764 4589 enim
785 4518 879 4602 qui
906 4530 1159 4584 dicuntur
1181 4526 1471 4591 amici,sed
1497 4526 1669 4597 magis
1689 4524 2049 4581 ostenduntur
2071 4518 2125 4576 D
2152 4529 2352 4599 stigare
2383 4526 2601 4591 dicitur,
2626 4526 2751 4595 quia
2781 4525 2990 4580 occulta
3022 4527 3217 4601 mentis
3246 4535 3555 4596 penetrant,
3584 4539 3642 4582 ut
3668 4543 3730 4583 ea

458 4644 579 4685 esse
600 4625 825 4690 inimici,
852 4622 979 4694 quia
998 4620 1348 4691 egrediuntur
1367 4618 1437 4673 ad
1453 4617 1817 4682 inimicitiam,
1838 4616 2044 4681 odium,

460 4727 515 4773 et
559 4717 767 4781 rixam;
812 4722 870 4769 et
914 4711 1157 4767 cenvicia
1194 4709 1501 4763 denudent:
1535 4706 1775 4762 conviva:
1823 4696 1957 4758 fiunt
1994 4712 2048 4758 et

460 4809 592 4865 socii
615 4821 833 4875 mensae,
858 4804 955 4860 sed
978 4818 1085 4858 non
1122 4810 1443 4873 permanent
1472 4800 1526 4852 in
1566 4799 1652 4854 die
1687 4797 2045 4853 necessitatis.

464 4900 621 4954 Tales
649 4905 774 4953 sunt
812 4896 1153 4960 hodietenus,
1181 4892 1275 4963 qui
1320 4888 1888 4961 carnaliterrviventes
1938 4888 2050 4943 suis

463 4987 872 5047 exsecutoribus
921 4985 1288 5048 blandiuntur,
1316 4994 1370 5038 et
1409 4981 1744 5052 voluptatum
1783 4987 2050 5034 amatores

466 5083 637 5152 magis
685 5090 811 5134 sunt
848 5092 1010 5148 quam
1058 5076 1153 5131 Dei
1186 5060 1207 5129 ε’
1238 5084 1293 5130 et
1334 5074 1460 5129 dum
1491 5074 1594 5127 hoc
1623 5070 1968 5130 consentiunt
1994 5072 2051 5126 in

466 5170 673 5241 peccati
703 5168 1012 5239 voraginem
1035 5181 1129 5222 eos
1167 5180 1350 5220 secum
1381 5164 1619 5226 trahunt,
1653 5163 1725 5217 ita
1748 5170 1806 5216 ut
1835 5162 2052 5217 sceleris

467 5266 550 5321 sui
586 5272 864 5319 consortes
884 5261 1151 5315 cruciatus
1178 5260 1364 5315 aeterni
1402 5258 1607 5312 faciant
1638 5251 1757 5311 illos
1786 5272 1905 5311 esse
1926 5272 2051 5326 par-

470 5358 681 5426 ticipes.
713 5353 925 5421 Quanta
949 5360 1129 5406 autem
1156 5351 1236 5405 vis
1267 5365 1409 5404 verae
1445 5348 1694 5403 amicitiae
1721 5348 1812 5411 sit,
1847 5361 1911 5401 ex
1952 5348 2056 5402 hoc

472 5446 712 5517 intelligi
743 5445 979 5499 maxime
1024 5451 1222 5516 potest,
1279 5442 1423 5511 quod
1451 5456 1519 5495 ex
1557 5439 1765 5495 infinita
1796 5439 2055 5495 societate

470 5538 684 5611 generis
727 5536 973 5600 humani,
1026 5550 1184 5604 quam
1231 5532 1543 5601 conciliavit
1573 5531 1688 5601 ipsa
1739 5533 1951 5595 natura,
1984 5530 2058 5583 ita

471 5635 750 5685 contracta
776 5640 863 5681 res
897 5632 981 5680 est
1006 5633 1062 5679 et
1108 5624 1336 5680 adducta
1366 5624 1419 5678 in
1456 5630 1760 5693 angustum,
1798 5630 1857 5676 ut
1880 5622 2056 5677 omnis

472 5719 712 5773 charitas
741 5724 833 5770 aut
856 5717 997 5770 inter
1021 5715 1172 5777 duos,
1202 5722 1293 5768 aut
1318 5715 1461 5769 inter
1485 5726 1687 5784 paucos
1708 5711 2050 5782 jungeretur.

2154 4634 2274 4690 quae
2305 4619 2479 4690 ipsam
2512 4617 2752 4673 latebant
2781 4606 3015 4671 animam
3036 4657 3051 4681 ,
3080 4626 3205 4672 ante
3241 4618 3357 4688 ejus
3385 4616 3559 4674 flenda
3602 4636 3730 4675 ocu-

2154 4716 2237 4769 los
2265 4698 2508 4767 reducat.
2546 4709 2681 4785 Hinc
2703 4725 2916 4781 quoque
2947 4710 3061 4780 ipse
3096 4708 3359 4785 Jeremias
3396 4711 3451 4771 in
3501 4714 3733 4767 anterio—

2159 4802 2307 4856 ribus
2356 4800 2432 4854 ait
2464 4817 2475 4853 :
2511 4818 2530 4851 ι
2559 4781 2821 4854 ’νέοιτθω
2860 4813 3036 4854 meum
3064 4781 3528 4876 doleo,ventrem
3558 4816 3730 4857 meum

2159 4893 2315 4949 doleo
2336 4892 2564 4964 (Jerem.
2588 4886 2686 4962 ιν).
2712 4911 2730 4944 ι
2754 4890 2856 4958 Qui
2883 4900 2943 4945 ut
2968 4899 3216 4945 ventrem
3242 4906 3400 4945 suum
3422 4893 3732 4961 quiddixis-

2159 4991 2242 5037 set
2266 4982 2599 5047 ostenderet,
2632 4979 2911 5049 adjunxit:
2956 4999 2975 5031 ι
3022 4979 3226 5035 Sensus
3255 4983 3440 5037 cordis
3464 4985 3571 5037 mei
3622 4992 3731 5037 tur-

2158 5075 2271 5132 bati
2310 5082 2437 5129 sunt
2467 5070 2678 5144 (Ibid.).
2712 5092 2732 5125 ›
2770 5070 2923 5127 Uteri
2952 5071 3375 5141 itaque‘nomine
3408 5083 3556 5128 recte
3584 5089 3731 5129 mens

2160 5165 2443 5234 accipitur,
2470 5164 2597 5236 quia
2626 5164 2767 5224 sicut
2792 5162 2973 5233 proles
3001 5163 3053 5217 in
3099 5172 3255 5218 utero
3296 5167 3616 5235 concipitur,
3657 5170 3729 5221 sic

2158 5255 2415 5325 cogitatio
2440 5256 2495 5308 in
2523 5262 2705 5309 mente
2726 5262 3011 5323 generatur
3035 5270 3048 5307 :
3068 5260 3123 5307 et
3144 5253 3285 5308 sicut
3306 5253 3359 5307 in
3388 5265 3576 5310 ventre
3605 5257 3727 5318 cibi,

2158 5346 2232 5400 ita
2270 5345 2618 5399 continentur
2644 5345 2700 5399 in
2740 5354 2920 5399 mente
2944 5344 3318 5416 cogitationes.
3351 5343 3553 5400 Fidelis
3588 5347 3727 5400 enim

2159 5438 2340 5492 anima
2370 5437 2757 5493 tentationibus
2801 5436 2965 5491 variis
3007 5436 3252 5507 fatigata,
3276 5436 3473 5490 merito
3498 5451 3557 5491 se
3589 5437 3730 5491 intus

2158 5529 2397 5599 forisque
2439 5537 2615 5583 morte
2654 5528 2815 5583 simili
2848 5530 3088 5584 attritam
3118 5528 3393 5598 deplorat,
3432 5528 3559 5597 quia
3604 5526 3729 5583 foris

2157 5618 2626 5690 persccutionibus
2658 5628 2713 5672 et
2745 5618 2890 5673 intus
2941 5617 3201 5687 angustiis
3253 5616 3481 5671 lacerari
3521 5632 3586 5691 “se
3627 5631 3728 5670 non

2157 5712 2388 5781 ignorat.
2418 5709 2572 5778 Saepe
2599 5709 2739 5764 enim
2763 5708 2895 5765 foris
2915 5707 3136 5778 ﬂagellis
3161 5708 3470 5776 atterimur,
3504 5712 3557 5762 et
3590 5707 3729 5761 intus
